4142 6412
425 311 590 364 ean

1815 298 2416 362 PROLEGOMENA.

431 430 548 494 silii
577 429 863 491 indicium
898 439 1011 500 est,
1048 431 1151 512 qui
1197 430 1456 494 similem
1509 434 1862 495 sententiam
1921 430 2078 512 apud
2100 445 2138 492 A
2165 431 2387 507 habita,
2417 434 2525 496 sed
2559 433 2773 496 eodem
2805 433 2903 496 die
2929 432 3262 509 Dominico,
3299 433 3402 512 qui
3448 434 3684 519 jejunis
3729 434 3803 496 ad

433 527 745 600 martyrem
770 520 1064 582 Justinum
1099 519 1327 582 viderat
1358 539 1476 582 non
1507 520 1681 598 longe
1734 539 1767 580 a
1794 521 1912 582 fine
1943 538 2070 580 ma-

422 609 580 690 joris
632 606 966 689 Apologia.
1023 607 1235 671 Notum
1296 611 1409 672 hoc
1463 629 1614 690 opus
1667 628 1785 670 non
1849 608 1957 669 fuit
2006 610 2067 670 S.

429 699 842 778 Hieronymo:
936 717 1132 778 neque
1190 699 1370 778 hujus
1441 699 1527 760 rei
1585 698 1840 759 obscura
1898 716 2074 757 causa

429 797 540 866 est,
570 806 704 848 cum
763 786 1083 849 verisimile
1132 789 1206 848 sit
1259 789 1332 849 ab
1400 789 1527 868 ipso
1582 786 1802 849 Basilio
1846 787 2069 847 editum

431 877 490 937 in
514 877 706 939 lucem
741 895 858 937 non
879 877 1084 938 fuisse.
1121 876 1387 939 Citantur
1409 877 1494 957 (α)
1532 877 1798 937 nonnulli
1832 877 2071 936 codices

432 984 573 1028 mss.
599 967 660 1026 in
691 967 902 1046 quibus
932 965 1346 1027 commentarii
1377 972 1443 1027 in
1478 965 1717 1026 Isaiam
1746 984 1780 1024 a
1811 967 2068 1046 quodam

430 1054 774 1135 presbytero
799 1054 1012 1132 vulgati
1047 1054 1325 1115 dicuntur
1348 1063 1479 1134 post
1527 1063 1778 1115 mortem
1831 1056 1894 1115 S.
1954 1054 2070 1114 Ba-

1004 1233 1252 1297 CAPUT
1297 1234 1497 1298 XLIII.

438 1369 479 1418 1.
537 1371 617 1418 De
672 1367 913 1416 homiliis
970 1365 1192 1415 secundi
1246 1368 1400 1414 tomi.
1443 1365 1681 1415 Humilia
1735 1368 1968 1416 secunda
2014 1367 2078 1415 de

484 1431 699 1492 jejunio
722 1443 832 1478 non
880 1428 1191 1540 uiget-endo
1253 1427 1479 1478 Basilio.
1515 1428 1585 1477 ΙΙ.
1635 1430 1716 1476 De
1755 1428 1987 1478 homiliis
2025 1430 2074 1487 5,

502 1492 750 1543 4.5.111.
804 1493 880 1540 De
971 1490 1171 1539 omiliis
1194 1490 1241 1543 6,
1293 1490 1340 1542 7.
1391 1491 1442 1543 8.
1485 1491 1534 1543 9.
1582 1502 1815 1543 auarum
1874 1496 2074 1543 tempus

533 1510 624 1552 ,ελ
655 1505 750 1541 111.
804 1505 880 1540 ue
934 1505 1171 1540 nomsms
1194 1505 1241 1547 0,
1301 1505 1340 1542 Ι.
1391 1505 1442 1548 δ,
1485 1505 1534 1549 υ,
1582 1505 1815 1552 quarum
1874 1505 2080 1551 tempus

502 1504 624 1552 4,0.
655 1504 750 1541 ιιι.
804 1504 880 1540 ue
934 1504 1171 1540 nomims
1194 1504 1241 1547 ο,
1301 1504 1340 1542 ι.
1391 1504 1442 1548 δ,
1485 1504 1534 1549 υ,
1582 1504 1815 1553 quarum
1874 1504 2077 1551 tempus

497 1558 873 1604 examinatur.
928 1555 1021 1604 ιν.
1087 1555 1167 1602 De
1230 1553 1467 1600 homiliis
1518 1553 1681 1602 10-20.
1729 1554 1788 1602 V'.
1841 1553 2077 1603 Homitia

494 1618 578 1676 21,
625 1619 688 1664 in
738 1618 1049 1677 episcopatu
1083 1617 1309 1677 scripta.
1352 1617 1430 1677 De
1483 1615 1658 1664 tribus
1699 1615 1826 1664 aliis
1871 1618 2078 1664 oratio—

500 1680 673 1729 nibus.
721 1676 802 1728 De
849 1678 1085 1727 Iiomiliis
1168 1676 1482 1738 deperditis.
1551 1677 1640 1726 V1.
1703 1680 1785 1727 De
1843 1677 2080 1726 homiliis

499 1746 557 1791 in
643 1741 994 1803 appendicem
1041 1800 1056 1803 _
1077 1740 1305 1803 rejectis.
1368 1740 1646 1788 Nonnulla
1685 1740 2079 1803 riemplicantur

491 1800 786 1866 perperam
830 1805 885 1851 in
923 1803 1008 1852 his
1033 1800 1271 1849 homiliis
1292 1803 1621 1866 vituperata
1652 1802 1900 1866 ,νιιηιὶρ
1925 1802 2079 1850 libris

497 1863 556 1915 in
578 1863 924 1924 Eunomiunt,
974 1866 1209 1914 Ascettco
1230 1877 1297 1913 ac
1337 1863 1540 1912 duobus
1603 1863 1756 1913 libris
1780 1864 1847 1913 de
1882 1867 2075 1926 Bapti-

493 1941 624 1978 smo.

514 2045 555 2105 Ι.
586 2041 754 2104 Nunc
781 2040 1041 2102 breviter
1088 2037 1262 2100 nobis
1313 2038 1704 2099 recensendae
1753 2046 1888 2099 sunt
1949 2038 2077 2099 aliae

433 2132 624 2196 sancti
658 2129 859 2192 Basilii
883 2127 1167 2201 homiliae,
1205 2144 1456 2206 quarum
1493 2126 1695 2206 viginti
1732 2135 1984 2204 quatuor
2016 2129 2074 2188 in

432 2232 592 2282 tomo
609 2218 874 2281 secundo
897 2215 1523 2296 disponuntureodem
1551 2216 1764 2278 ordine
1778 2236 1845 2277 ac
1863 2219 1918 2275 in
1945 2216 2076 2276 aliis

434 2307 968 2378 editionibus,octo
982 2303 1189 2366 alisein
1214 2303 1623 2383 Appendicem
1649 2306 1891 2384 rejectaa
1913 2314 2070 2366 sunt.

432 2403 666 2477 Agmen
689 2396 915 2456 ducunt
944 2393 1077 2455 dum
1104 2396 1178 2453 de
1194 2391 1427 2472 jejunio
1460 2392 1720 2454 homilim
1772 2393 1831 2453 in
1858 2392 2076 2475 quibus

434 2485 686 2548 Basilius
715 2502 832 2545 non
860 2482 918 2544 id
950 2481 1140 2544 solum
1186 2481 1474 2561 hortatur,
1516 2489 1578 2541 ut
1613 2483 1832 2542 indicta
1858 2483 1930 2543 ab
1959 2481 2074 2542 Ec-

436 2575 618 2640 clesia
633 2572 859 2654 jejunia
889 2570 1301 2650 observentur,
1331 2582 1392 2630 et
1430 2588 1498 2630 ea
1531 2571 1927 2646 ratione,quze
1956 2570 2076 2630 Deo

435 2666 678 2748 placere
738 2661 942 2743 possit,
999 2659 1388 2721 observentur
1453 2660 1558 2740 (li),
1624 2661 1726 2722 sed
1789 2661 1962 2721 etiam
2017 2669 2076 2720 ut

434 2775 509 2818 ne
540 2752 784 2834 crapula
813 2749 1176 2811 instantibus
1214 2748 1470 2828 jejuniis
1529 2749 1920 2829 praeminatur
1975 2753 2072 2825 (ι).

433 2845 591 2919 Quin
621 2842 800 2904 etiam
832 2839 1050 2901 fatetur
1071 2856 1188 2898 non
1224 2845 1448 2898 tantum
1480 2837 1595 2899 sibi
1650 2838 1871 2899 laboris
1903 2839 2072 2898 insu-

435 2934 716 2997 mendum
744 2947 900 3003 esse,
928 2937 990 2990 ut
1019 2927 1090 2988 ad
1116 2926 1413 3006 jejunium
1460 2927 1752 3001 hortetur,
1786 2945 1960 3007 quam
2018 2934 2078 2985 ut

431 3025 801 3089 dehortetur,
830 3036 906 3080 ne
931 3018 1067 3098 quis
1099 3016 1297 3096 hodie,
1335 3016 1527 3097 inquit
1562 3018 1649 3096 (ά)
1672 3018 1738 3077 in
1760 3016 2079 3077 ebrietatis

2155 522 2626 584 recordationem
2679 523 2997 586 salutiferae
3073 523 3365 604 passionis
3419 523 3808 603 perducentia

2155 611 2543 673 antecedebat
2575 611 2658 691 (p.
2695 611 2812 683 10).

2237 698 2432 760 Mirari
2457 707 2598 761 satis
2628 719 2744 762 non
2773 719 3013 781 possum
3034 700 3338 781 quomodo
3361 699 3576 763 Basilio
3599 719 3786 763 secun

2157 788 2232 848 da
2260 789 2447 851 oratio
2480 790 2553 850 de
2575 790 2811 870 jejunio
2836 789 3168 869 abjudicari
3204 796 3485 870 potuerit.
3548 790 3810 852 Levissi-

2155 896 2267 939 maa
2295 878 2626 941 afferuntur
2646 897 2857 940 causae:
2883 877 3181 940 Posterior
3207 878 3394 938 oratio
3422 885 3483 938 et
3511 878 3808 958 elegantia

2157 976 2212 1028 et
2233 967 2407 1047 copia
2438 968 2622 1028 multo
2652 967 2901 1030 inferior
2934 968 3012 1048 (g)
3050 985 3062 1030 :
3103 967 3284 1028 multa
3321 967 3381 1028 in
3413 967 3677 1029 secunda
3709 969 3800 1029 le-

2155 1066 2399 1135 guntur,
2433 1076 2683 1137 quorum
2736 1057 2852 1118 alia
2900 1076 2968 1118 ex
3012 1057 3203 1138 prima
3258 1067 3518 1136 sumpta,
3554 1057 3668 1118 alia
3726 1076 3796 1120 ex

2159 1146 2366 1206 eadem
2401 1164 2702 1227 expressa,
2737 1146 2894 1228 quod
2923 1163 3129 1226 parum
3155 1147 3373 1208 decere
3401 1146 3630 1207 videtur
3644 1146 3804 1227 cepi-

2159 1234 2497 1296 osissimum
2521 1235 2710 1296 virum
2745 1235 3050 1296 Basilium.
3089 1234 3427 1297 Secundam
3473 1236 3799 1297 orationem

2165 1323 2346 1384 multo
2371 1324 2714 1385 inferiorem
2738 1325 2935 1404 priore
2958 1343 3088 1385 esse
3103 1324 3396 1403 elegantia
3417 1334 3474 1386 et
3498 1327 3670 1404 copia
3693 1345 3805 1387 nec

2166 1431 2400 1491 possum
2428 1412 2783 1494 concedere,
2815 1432 2925 1475 uec
2957 1431 3352 1475 concessuros
3383 1413 3640 1475 arbitror
3669 1415 3805 1494 qui-

2165 1521 2396 1583 cunque
2425 1503 2710 1564 attentius
2741 1503 3014 1582 legerint.
3055 1503 3248 1564 Prima
3303 1503 3534 1582 longior
3595 1512 3708 1582 est,
3743 1521 3812 1565 ac

2163 1593 2488 1653 secundam
2518 1593 2626 1654 hac
2657 1611 2774 1653 una
2809 1611 2873 1653 re
2917 1601 3181 1672 superat.
3232 1592 3398 1665 Quod
3457 1601 3682 1672 spectat
3737 1591 3810 1652 ad

2161 1681 2406 1742 alteram
2439 1682 2858 1756 ratiunculam,
2893 1681 3033 1762 quid
3063 1681 3278 1742 mirum
3304 1682 3377 1750 si,
3409 1702 3542 1743 cum
3563 1681 3814 1743 Basilius

2105 1800 2138 1848 Β
2163 1769 2372 1830 eadem
2406 1771 2480 1831 de
2512 1789 2578 1832 re
2608 1770 2822 1831 iterum
2856 1771 3114 1831 disserat
3167 1789 3236 1832 ac
3267 1771 3474 1832 eadem
3509 1770 3645 1830 vitia
3677 1789 3808 1832 cas-

2164 1860 2565 1937 tiget,e:edem
2594 1859 2905 1922 sententiae
2935 1858 2997 1920 in
3032 1868 3283 1940 utraque
3311 1861 3579 1920 oratione
3612 1861 3806 1921 inter-

2161 1948 2300 2008 dum
2333 1948 2804 2011 occurrunt?Sed
2839 1958 3034 2010 tamen
3061 1955 3223 2009 tanta
3247 1967 3378 2009 cum
3403 1948 3686 2011 varietate
3706 1967 3807 2009 re-

2160 2044 2536 2114 petuntur,ut
2565 2039 2839 2100 novitatis
2869 2039 3053 2116 gratia
3074 2057 3191 2099 non
3214 2038 3642 2118 careantzquod
3668 2038 3769 2115 qui
3790 2072 3799 2081 -

2161 2126 2296 2188 dem
2324 2129 2516 2189 sancti
2550 2127 2756 2190 Basilii
2787 2127 3119 2189 ubertatem
3154 2127 3394 2189 dicendi
3421 2128 3672 2187 maxime
3701 2126 3799 2186 de-

2165 2225 2474 2278 monstrat.
2501 2220 2662 2280 Pene
2684 2216 3236 2288 omiseram,utrem
3260 2216 3482 2278 nullius
3498 2217 3803 2288 momenti,

2161 2305 2319 2386 quod
2349 2305 2655 2386 objiritur,
2691 2305 2921 2368 duabus
2964 2303 3167 2366 Basilii
3197 2306 3272 2366 de
3319 2307 3643 2384 gratiarum
3705 2323 3807 2365 ac-

2161 2395 2321 2456 tione
2355 2396 2745 2458 concionibus
2772 2405 2991 2457 tantam
3024 2394 3222 2456 inesse
3256 2395 3620 2467 varietatem,
3649 2402 3713 2456 ut
3740 2412 3808 2455 ex

2161 2485 2229 2546 iis
2262 2504 2396 2566 quae
2425 2487 2483 2546 in
2519 2486 2718 2565 priore
2749 2486 2908 2548 dicta
2942 2486 3197 2559 fuerant,
3224 2485 3372 2546 nihil
3397 2485 3454 2544 in
3481 2484 3812 2564 posteriore

2159 2583 2492 2656 repetatur.
2528 2575 2908 2638 Manifestum
2942 2583 3031 2635 est
3063 2593 3170 2634 sua
3202 2583 3412 2652 sponte
3463 2573 3782 2634 discrimen

2161 2664 2414 2726 Sanctus
2447 2665 2695 2726 Basilius
2729 2666 2787 2724 in
2819 2662 3080 2724 secanda
3111 2660 3496 2742 prosequitur
3524 2679 3656 2740 quae
3688 2661 3804 2739 pri-

2161 2754 2258 2816 die
2289 2753 2674 2816 disseruerat.
2707 2753 2781 2814 At
2814 2753 2947 2812 duae
2977 2750 3052 2812 de
3074 2748 3310 2828 jejunio
3359 2756 3658 2810 orationes
3688 2768 3804 2810 non

2162 2841 2373 2903 eodem
2404 2860 2561 2903 anno
2612 2841 3032 2921 pronuntiata.
3095 2836 3320 2898 Citatur
3361 2837 3485 2898 haec
3544 2839 3804 2898 secunda

2164 2931 2353 2991 oratio
2379 2950 2411 2991 a
2441 2941 2646 2991 sancto
2691 2931 2918 2990 Joanne
2946 2926 3340 3004 Damasceno,
3378 2925 3656 2988 Simeone
3693 2928 3805 2988 Lo-

2165 3021 2404 3098 gotheta
2436 3026 2495 3080 et
2526 3017 2868 3098 Eulhymio.
2904 3014 3153 3080 Basilius
3184 3015 3479 3090 promittit
3512 3015 3593 3096 (p.
3627 3016 3718 3079 ibi
3743 3035 3810 3076 ex

433 3112 604 3177 mala
631 3110 885 3173 incidat.
917 3109 1066 3169 Nam
1091 3124 1124 3166 a
1135 3104 1369 3185 jejunio
1423 3105 1700 3166 violando
1761 3106 2081 3184 plerosque
2110 3181 2136 3185 Α
2168 3127 2332 3170 more
2363 3127 2468 3169 suo
2499 3107 2846 3168 matutinam
2898 3115 2957 3166 et
3003 3103 3402 3184 vespertinam
3459 3104 3810 3167 concionem

435 3199 804 3265 consuetudo
827 3195 1096 3276 etpudor
1115 3181 1522 3256 deterrebant.
1556 3194 1731 3257 Nulla
1759 3181 1918 3255 enim
1953 3181 2078 3254 erat
2097 3181 2139 3231 C
2163 3197 2552 3276 sequentibus
2585 3195 2826 3257 diebus.

437 3290 632 3355 insula
657 3290 744 3369 (n.
769 3285 1024 3366 2),nulla
1045 3285 1356 3346 continens
1383 3292 1562 3362 terra,
1587 3302 1703 3345 non
1719 3283 2074 3362 civitas,non

428 3399 577 3462 gens
590 3379 861 3448 ulla.non
884 3382 1187 3462 extremus
1204 3373 1409 3434 mundi
1425 3370 1815 3452 angulus,ubi
1838 3391 1956 3462 non
1973 3391 2074 3433 au-

431 3461 663 3532 diretur
687 3465 902 3549 jejunii
929 3461 1348 3546 promulgatio,
1385 3479 1560 3542 quam
1608 3470 1664 3522 et
1695 3461 1995 3523 exercitus
2017 3472 2076 3522 et

437 3580 465 3617 ν
478 3559 784 3630 iatores,et
807 3563 996 3616 nautas
1009 3562 1068 3613 et
1091 3551 1488 3627 negotiatores
1504 3569 1632 3612 sum
1645 3569 1738 3611 mo
1753 3550 1965 3628 gaudio
1979 3570 2074 3610 ex-

433 3647 752 3729 cipiebant.
785 3644 958 3709 Unde
990 3661 1096 3704 nec
1129 3642 1342 3729 divites
1372 3659 1482 3701 nec
1538 3641 1934 3729 pauperesiab
1969 3641 2077 3701 hac

425 3727 641 3820 jejunii
673 3736 802 3815 lege
819 3731 1075 3796 eximios
1093 3728 1274 3820 habet
1297 3727 1940 3792 Basiliuszmulieribus
1958 3737 2073 3820 tam

433 3819 797 3890 conveniens
817 3842 886 3884 ac
908 3819 1236 3884 secundum
1271 3831 1545 3881 naturam
1591 3836 1722 3878 esse
1753 3828 1957 3879 censet
1974 3819 2070 3897 je—

427 3917 671 3996 junare,
717 3931 895 3993 quam
927 3909 1264 3990 respirare:
1332 3925 1563 3987 pueros,
1628 3906 1805 3968 veiuti
1855 3907 2076 3969 virides

433 4001 913 4088 plantas,jejunii
935 4017 1086 4080 aqua
1113 3996 1472 4088 irrigandos:
1496 3996 1741 4088 senibus
1757 3998 2075 4088 eol'acilius

426 4086 726 4177 jejunium
752 4108 910 4170 esse,
943 4107 1058 4169 quo
1089 4087 1390 4177 antiquior
1412 4103 1546 4177 cum
1578 4105 1648 4147 eo
1677 4086 2074 4177 familiaritas;

434 4175 758 4247 viatoribus
779 4177 1121 4259 expeditum
1144 4191 1279 4238 esse
1302 4175 1534 4236 itineris
1556 4175 1833 4237 comitem
1845 4175 2074 4256 jejuni-

433 4269 686 4337 um.Sed
707 4265 1074 4330 instantibus
1094 4262 1349 4344 jejuniis
1373 4263 1586 4343 praeire
1611 4265 1838 4326 solebat
1854 4266 2070 4326 immo~

2239 3286 2309 3348 Il.
2347 3287 2688 3350 Orationem
2720 3284 2957 3347 tertiam
2974 3285 3061 3364 (Ιι)
3089 3283 3560 3346 habuitBasilius
3587 3283 3643 3343 in
3667 3282 3811 3345 illud

2158 3375 2773 3456 Scripturae,Attende
2796 3373 2909 3436 tibi
2938 3376 3242 3456 ipsi,quod
3266 3382 3440 3433 antea
3464 3373 3686 3434 lectum
3716 3373 3812 3433 ςυ-

2159 3462 2397 3526 erat.Ex
2414 3464 2692 3526 brevibus
2722 3464 2840 3525 illis
2858 3462 3054 3525 verbis
3080 3463 3442 3524 uberrimam
3472 3471 3802 3541 pracepto—

2160 3573 2290 3614 rum
2313 3562 2571 3632 segetem
2605 3552 2872 3626 deducit,
2897 3571 2967 3614 ac
2990 3551 3695 3630 demonstrat,quomodo
3723 3552 3808 3611 vi-

2158 3643 2456 3722 gilandum
2518 3642 2802 3704 adversus
2859 3661 3067 3722 pravas
3096 3641 3517 3721 cogitationes,
3548 3660 3616 3702 ac
3648 3643 3804 3702 ratio

2159 3732 2230 3792 ad
2263 3733 2447 3793 nostri
2480 3732 2806 3792 custodiam
2831 3730 3193 3804 adhibenda,
3229 3729 3527 3810 quomodo
3553 3748 3672 3790 non
3704 3732 3798 3804 iis,

2160 3839 2291 3902 quae
2317 3829 2520 3882 nostra
2563 3820 2844 3883 dicuntur
2870 3828 2929 3882 et
2959 3818 3118 3880 circa
3164 3836 3270 3879 nos
3327 3826 3487 3890 sunt,
3524 3818 3630 3878 sed
3695 3837 3803 3878 no-

2161 3911 2526 3991 bismetipsis
2555 3909 2865 3971 attendere
2907 3909 3267 3972 debeamus.
3325 3907 3635 3980 Quomodo
3697 3925 3800 3968 sua

2158 4001 2412 4081 quisque
2446 4006 2689 4079 peccata
2722 4007 2780 4060 et
2811 3996 3168 4059 conditionis
3217 4016 3338 4059 sum
3393 3997 3587 4057 officia
3645 4015 3800 4057 con-

2159 4091 2425 4153 siderare
2453 4088 2689 4161 debeat,
2723 4088 3025 4165 quomodo
3072 4087 3156 4148 uti
3190 4087 3586 4169 prasentibus
3619 4096 3676 4150 et
3717 4088 3806 4148 fu-

2163 4181 2308 4241 turis
2349 4178 2682 4258 providere,
2716 4196 2826 4239 nec
2857 4178 2916 4238 in
2947 4177 3144 4238 aliena
3177 4175 3338 4250 vitia,
3372 4175 3477 4238 sed
3513 4176 3572 4236 in
3607 4194 3802 4238 seme-

2163 4270 2378 4350 tipsum
2410 4267 2740 4349 inquirere.
2773 4266 3080 4339 Quomodo
3112 4265 3205 4326 sui
3238 4266 3426 4346 ipsius
3458 4266 3717 4344 cognitio
3742 4266 3800 4328 id

437 4363 656 4424 derata
671 4353 1006 4420 lmtitia.Sic
1025 4354 1467 4415 enimnonnulli
1487 4354 1721 4433 apudse
1738 4353 2078 4433 cogitabant
2161 4361 2368 4422 aderat
2397 4358 2716 4430 commodi,
2748 4366 2812 4418 ut
2843 4375 2953 4418 nec
3001 4355 3343 4426 efferamur,
3383 4355 3442 4416 in
3477 4363 3802 4435 prosperis,

434 4450 540 4531 (ej:
576 4447 884 4526 Quoniam
904 4442 1078 4507 nobis
1107 4442 1954 4531 quinquedierumjejunium
1987 4446 2081 4504 in-
2165 4468 2274 4511 nec
2303 4449 2364 4509 in
2434 4446 2698 4509 adversis
2755 4446 3121 4522 frangamur,
3168 4444 3269 4504 sed
3332 4461 3400 4503 ex
3455 4443 3671 4505 animae
3726 4463 3795 4504 ac

434 4530 660 4604 dictum
701 4544 787 4599 est
833 4535 1053 4615 (neque
1083 4530 1243 4594 enim
1267 4531 1422 4611 apud
1450 4530 2077 4612 Gmcosjejuniumin
2165 4538 2348 4618 ipsius
2377 4537 2552 4598 etiam
2605 4535 2874 4614 corporis
2905 4533 3385 4594 consideratione
3443 4531 3518 4593 ad
3574 4532 3806 4612 opificis

434 4625 897 4706 Quadragesima
919 4620 1179 4687 Sabbato
1200 4620 1596 4701 servabatur),
1629 4621 1806 4684 hodie
1834 4625 2077 4701 nosipos
2102 4636 2144 4685 D
2163 4625 2728 4706 contemplationem
2761 4639 3164 4701 assurgamus.

433 4716 794 4781 temulentia
825 4713 1176 4777 οὸηιατηυε.
1199 4708 1447 4772 "nam
1480 4710 1632 4770 hanc
1690 4709 2079 4772 consuetudi-
2243 4717 2586 4794 Sequuntur
2605 4716 2736 4776 duae
2763 4713 2840 4774 de
2860 4713 3179 4790 gratiarum
3211 4709 3445 4772 actione
3471 4712 3804 4773 orationes.

435 4825 598 4888 nem,
623 4804 798 4869 veluti
831 4810 1137 4886 paternam
1167 4798 1573 4888 haereditatem
1596 4798 1694 4878 (f),
1720 4798 2080 4878 retinebant,

434 4904 494 4960 et
522 4887 682 4959 velut
710 4894 812 4977 qui
843 4891 1228 4972 longinquam
1281 4887 1711 4977 profectionem
1763 4888 2076 4977 adornant,

434 4985 532 5049 die
562 4976 878 5049 Dominica
901 4981 1194 5045 adversus
1224 4977 1362 5039 illos
1383 4976 1646 5060 quinque
1694 4977 1903 5056 jejunii
1952 4976 2082 5038 dies

433 5073 575 5138 vino
604 5072 1020 5154 indulgebant.
1048 5071 1214 5134 Hanc
1239 5066 1588 5148 pravitatem
1615 5065 1869 5129 Basilius
1905 5084 2081 5129 acer-

417 5162 590 5227 rime
644 5163 993 5224 insectatur.
1053 5157 1318 5240 Utraque
1367 5154 1559 5218 oratio
1613 5154 1868 5217 diversis
1907 5154 2084 5217 annis

2162 4810 2306 4870 Cum
2338 4803 2754 4885 explicandum
2779 4801 3141 4881 suscepisset
3158 4799 3412 4862 Basilius
3437 4801 3582 4863 illud
3615 4800 3801 4864 Pauli:

2163 4893 2377 4966 Semper
2391 4891 2631 4966 gaudete
2641 4892 2770 4957 ,sine
2785 4890 3186 4947 intermissione
3198 4890 3422 4950 orate.in
3435 4889 3676 4946 omnibus
3689 4905 3809 4961 gra-

2165 4978 2281 5038 tias
2301 4977 2463 5055 agite
2485 4971 2585 5016 ¹¹⁶¹
2625 5021 2641 5046 ,
2665 4991 2799 5050 quae
2816 4971 3029 5036 eodem
3054 4970 3150 5032 die
3170 4971 3318 5032 lecta
3335 4969 3594 5044 fuerant,
3623 4989 3801 5031 unam

2165 5061 2827 5141 orationeminsumpsit
2849 5060 2993 5122 iniis
3010 5059 3379 5131 refellendis,
3410 5059 3651 5140 quiﬁeri
3684 5078 3806 5120 non

2167 5171 2343 5234 posse
2375 5151 2911 5224 contendebanl,ut
2934 5166 3178 5229 semper
3200 5146 3810 5227 gaudeamus.PosIri-

511 5319 569 5366 ¹³
611 5312 633 5359 ¹
677 5321 703 5387 Ι
742 5319 960 5386 Thess.
1011 5336 1069 5382 ν.
1112 5319 1214 5386 36.

539 5483 604 5564 a)
635 5481 957 5564 Iillemon,
977 5485 1106 5549 not.
1134 5479 1237 5562 85,
1271 5479 1333 5542 in
1361 5475 1543 5541 Basil.

508 5561 594 5645 (ὁ)
625 5561 730 5629 0r.
768 5565 825 5626 t.
940 5561 951 5564 ⁷

507 5644 720 5738 1.019;.-
741 5644 804 5738 με
838 5662 903 5707 ιι-
935 5643 981 5738 ε
1005 5643 1150 5708 «7-

512 5722 604 5806 (ἀ)
632 5722 817 5809 lbid.,
849 5742 917 5790 n.
944 5725 1006 5788 τ.

2245 5476 2312 5553 (ε)
2346 5472 2530 5548 Ibid.,
2565 5491 2627 5535 ιι.
2663 5475 2726 5537 4.

2234 5556 2328 5796 EQ;
2811 5629 2888 5712 ΙΙ,
2912 5651 2975 5696 n.
3006 5631 3068 5696 ι.

2361 5713 2533 5778 Hom.
2572 5711 2629 5791 3,
2662 5719 2726 5794 ι,
2757 5714 2816 5778 5.

2361 5713 2533 5778 Hom.
2572 5711 2629 5791 3,
2662 5719 2726 5794 ι,
2757 5714 2816 5778 5.
