4142 6404
1726 284 1913 347 νῙΤΑ
1959 283 2017 345 S.

2107 284 2367 347 :AsILu.
3542 302 3732 365 αχιι

358 426 455 490 die
476 434 840 500 autem,cum
864 420 1272 484 celebraretur
1293 416 1421 479 dies
1439 416 1627 478 festus
1641 421 1860 477 sanctae
1873 414 1986 479 Ju-
2008 424 2048 473 Α
2071 416 2239 496 quasi
2271 436 2426 479 unus
2478 437 2551 481 ex
2608 418 2988 482 miserrimis.
3022 418 3186 481 Alias
3246 421 3404 483 illius
3453 440 3629 488 voces
3661 433 3729 488 et

361 516 506 579 littae
525 515 821 596 martyris,
846 529 1021 593 quem
1050 509 1179 588 ipse
1200 506 1459 571 Basilius
1475 512 1656 596 antea
1680 505 2000 596 anuiuutia-
2086 505 2265 596 latam
2284 507 2358 566 de
2390 507 2493 568 illo
2525 507 2881 570 sententiam
2909 507 3188 569 similiter
3217 512 3519 589 explanat.

361 614 546 686 verat,
583 593 803 665 sanctae
832 600 1109 679 martyris
1137 597 1471 679 passionem
1499 594 1757 686 breviter
1773 595 2003 656 descri-
2165 593 2336 655 Initio
2368 596 2639 676 septimm
2671 598 2955 658 orationis
2997 608 3425 661 commemorat
3453 596 3726 684 Basilius,

364 694 470 769 bit,
508 684 575 755 ac
607 694 948 754 hesternam
998 686 1309 749 materiam
1345 684 1818 764 reprehendens,
1852 701 2013 769 quo:
2090 702 2224 763 quae
2244 694 2414 746 antea
2433 687 2493 749 in
2509 687 2764 763 quadam
2790 687 3321 749 concionedixerat
3339 689 3414 750 de
3430 690 3730 756 diviteillo

365 784 540 844 modo
600 798 839 861 semper
895 796 1068 840 orare
1118 775 1418 857 possimus
1477 791 1544 833 ac
1603 772 1666 833 in
1727 772 2007 834 omnibus
2091 772 2491 853 adolescente,
2515 775 2616 855 qui
2639 774 2958 836 Dominum
2992 774 3066 835 de
3088 775 3206 837 vita
3229 777 3732 843 aeternainterro-

361 873 573 953 gratias
605 889 783 949 agere
807 869 1200 930 demonstrat.
1238 952 1243 953 γ
1640 952 1657 953 7
1708 950 1741 953 __
2090 862 2441 953 gavit.Nu_nc
2464 865 2839 925 demonstrat
2860 883 3037 941 quam
3058 864 3235 926 stulte
3255 865 3605 931 adolescens
3629 871 3735 938 ille

442 961 611 1034 Quod
646 966 876 1039 spectat
904 957 975 1018 ad
1009 952 1354 1036 martyrium
1381 960 1600 1013 sanctae
1630 950 1871 1039 Julius),
1895 968 2008 1011 cu-
2092 950 2321 1012 divitias
2347 951 2577 1014 Christo
2605 954 2965 1033 praetulerat,
2987 952 3264 1035 idemque
3286 973 3390 1016 eos
3412 956 3605 1022 facere
3629 962 3734 1024 de-

354 1050 452 1130 jus
475 1038 691 1112 festum
714 1049 808 1110 die
827 1046 971 1110 Julii
997 1044 1300 1105 tricesimo
1327 1040 1688 1130 celebratur,
1723 1038 1808 1099 sic
1828 1046 2005 1130 totam
2092 1041 2401 1121 clarat,qui
2428 1043 2544 1103 alia
2565 1042 2809 1123 quidem
2837 1050 3131 1124 praecepta
3148 1042 3480 1120 adimplere
3503 1049 3706 1114 volunt

363 1103 489 1200 i‘em
521 1158 549 1200 a
582 1146 785 1200 sancto
814 1134 1038 1198 Basilio
1088 1131 1399 1193 discimus.
1435 1128 1695 1209 Spoliata
1727 1127 2012 1188 omnibus
2091 1131 2197 1192 sed
2225 1103 2997 1212 eliemosynaeprmceptum
3020 1103 3547 1197 violant.Pluribus

366 1227 537 1291 bonis
568 1248 601 1290 a
634 1225 970 1309 potentiore
1001 1222 1260 1303 quodam
1295 1219 1459 1281 urbis
1486 1220 1633 1290 cive,
1674 1218 1731 1309 id
1763 1225 1854 1277 est
1879 1218 2012 1279 (ἓως
2093 1228 2191 1297 gat
2219 1222 2326 1281 hcc
2357 1223 2583 1301 vitium,
2610 1231 2667 1282 et
2693 1222 2904 1284 inanes
2927 1221 3145 1283 refellit
3170 1225 3624 1306 causas,quibus
3646 1232 3732 1292 uti

364 1336 572 1397 sarem,
599 1307 902 1378 hominem
930 1314 990 1373 in
1011 1314 1111 1391 jus
1132 1307 1769 1390 vocavit,etquomodo
1792 1324 1900 1397 sua
1921 1324 2012 1367 es-
2094 1310 2388 1383 solebant,
2415 1330 2548 1371 cum
2575 1311 2686 1371 sibi
2711 1310 2935 1372 liberos
2953 1330 3110 1393 esse,
3136 1330 3205 1372 ac
3228 1312 3341 1374 sibi
3367 1314 3440 1375 ad
3460 1335 3733 1383 necessa-

360 1417 496 1468 sent
521 1396 647 1468 haec
673 1407 849 1472 bona,
875 1400 1176 1483 quomodo
1202 1416 1308 1479 per
1335 1398 1452 1458 vim
1471 1405 1528 1458 et
1550 1396 2008 1486 impressionem
2094 1399 2212 1459 rios
2237 1418 2377 1459 usus
2400 1400 2669 1461 dicerent
2696 1400 3126 1482 providendum
3161 1420 3317 1479 esse,
3338 1422 3525 1486 seque
3549 1411 3734 1473 multa

363 1504 532 1574 rapta
555 1491 998 1556 ostendit.Tum
1023 1491 1123 1551 ille
1138 1495 1313 1567 negat
1335 1488 1518 1549 licere
1542 1485 1780 1547 mulieri
1795 1485 2014 1564 exlege
2096 1488 2459 1568 pauperibus
2492 1489 2791 1567 legatur-os
2824 1492 3260 1571 promitterent.

369 1603 572 1645 secum
623 1600 800 1663 agere
834 1604 847 1645 :
885 1599 1079 1661 neque
1111 1579 1268 1640 enim
1303 1577 1388 1638 fas
1419 1594 1553 1638 esse
1580 1585 1643 1636 ut
1672 1576 2013 1636 communis
2174 1580 2363 1657 Supra
2381 1578 3069 1661 conatisumusprobare
3090 1581 3421 1644 orationem
3442 1595 3703 1651 octavam

365 1673 528 1753 juris
557 1640 875 1751 perficipes
897 1640 1017 1731 sin't
1036 1669 1136 1751 qui
1158 1669 1582 1747 imperatorum
1606 1665 1750 1726 deos
1771 1683 1890 1725 non
1913 1684 2011 1726 co-
2094 1684 2228 1743 quae
2245 1640 2406 1727 estin
2433 1666 2646 1729 famem
2668 1640 3737 1744 etsiccitatem,habitam-fuiss'e-aniio

370 1764 644 1833 lunt,nec
664 1761 840 1823 fidem
866 1759 1259 1823 Christianam
1284 1759 1536 1846 e'jurant.
1558 1753 1636 1846 Eii
1663 1754 1880 1833 quibus
1900 1773 2008 1834 pa-
2035 1795 2071 1844 Β
2094 1756 2231 1821 368.
2260 1778 2279 1814 ‹
2299 1778 2394 1817 um
2432 1758 2733 1819 horrenda
2756 1760 2942 1821 fames
2966 1760 3399 1841 Cappadociam
3421 1765 3732 1846 affligeret.

372 1861 457 1913 tet
480 1852 606 1912 haec
638 1866 804 1930 gesta
834 1866 969 1910 esse
990 1847 1101 1908 sub
1138 1845 1505 1907 Diocletiano
1528 1843 1653 1924 qui,
1677 1851 1737 1903 ut
1764 1851 2012 1905 testatur
2038 1843 2050 1844 ί
2100 1847 2472 1908 Demonstrat
2496 1847 2671 1926 hujus
2693 1846 3043 1911 calamitatis
3065 1867 3302 1910 causam
3329 1869 3400 1912 ex
3422 1843 3732 1919 hominum

371 1940 828 2017 Lactantius(a),
846 1944 1103 1998 vetuerat
1117 1955 1192 1997 ne
1202 1937 1301 2014 jus
1324 1932 1671 1997 Christianis
1684 1933 2008 1995 diceretur.

368 2030 552 2094 Visus
585 2039 674 2091 est
692 2028 885 2110 judici
908 2028 1167 2089 nefarius
1195 2025 1297 2087 ille
1322 2030 1409 2085 vir
1439 2042 1610 2100 aequa
1641 2022 1867 2104 dicere,
1899 2032 1985 2085 sta

374 2120 604 2200 timque
632 2119 770 2179 thus
792 2127 848 2179 et
871 2118 1038 2179 focus
1062 2115 1295 2177 mulieri
1316 2113 1639 2195 proposita,
1667 2113 1715 2173 si
1736 2113 1906 2175 vellet
1933 2113 2013 2175 le-

369 2228 507 2288 gum
542 2207 839 2269 beneficio
871 2206 1118 2288 perfrui.
1146 2206 1220 2267 At
1248 2204 1514 2267 Julittam
1551 2202 1794 2263 minime
1824 2220 2018 2264 move-

371 2307 510 2361 runt
534 2297 885 2361 deliciarum
915 2295 1233 2365 illecebrae,
1262 2312 1444 2373 seque
1466 2291 1862 2354 Christianam
1887 2310 2019 2354 esse

375 2388 639 2468 professa
668 2395 782 2449 est.
816 2389 1089 2466 Cumque
1115 2402 1274 2463 saepe
1297 2384 1660 2461 interrogata
1682 2381 1841 2443 idem
1867 2400 2016 2442 con-

373 2485 599 2540 stanter
627 2476 1046 2557 responderet,
1079 2472 1151 2536 ab
1186 2473 1391 2553 iniquo
1434 2471 1640 2552 judice
1672 2490 1790 2532 non
1822 2470 2014 2531 solum

377 2565 571 2640 bonis,
598 2568 700 2627 sed
726 2565 903 2629 etiam
933 2566 1044 2626 vita
1077 2563 1393 2643 spoliatur,
1418 2580 1486 2622 ac
1522 2561 1642 2639 igni
1674 2560 2011 2621 damnatur.

372 2656 467 2719 Sic
487 2664 683 2717 autem
710 2656 783 2717 ad
812 2654 1171 2735 supplicium
1192 2668 1503 2733 progressa
1520 2649 2015 2723 est,utinternum

376 2744 557 2806 animi
585 2745 865 2824 gaudium
900 2744 1314 2807 elﬂorescente
1337 2740 1633 2802 hilaritate
1663 2737 2017 2810 declararet,

370 2853 437 2895 ac
470 2834 754 2895 mulieres
784 2843 1045 2896 astantes
1095 2832 1167 2894 ad
1212 2828 1601 2893 constantiam
1656 2829 2015 2890 hortaretur.

370 2926 524 2987 Tum
561 2924 796 3005 prosilit
824 2924 884 2984 in
919 2941 1153 3001 rogum,
1192 2923 1323 2999 πρὸς
1374 2922 1471 2988 τὴν
1521 2920 1686 2995 πυρὰν
1733 2916 1918 2990 ἥλατο,
1958 2915 2015 2976 id

370 3023 484 3086 est,
522 3024 585 3075 ut
616 3014 1044 3093 interpretatur
1076 3009 1495 3073 Tillemontius
1529 3008 1627 3083 (ὁ),
1654 3007 1783 3068 laeta
1808 3024 2015 3084 rogum

2098 1936 2357 2015 peccatis
2381 1936 2766 2017 repetendam
2792 1955 3162 2017 esse,eorum
3183 1938 3575 2018 maxime.qui
3596 1963 3734 2007 cum

2095 2021 2647 2103 abundarent,nihil
2665 2043 2733 2087 ex
2759 2024 3121 2087 suisacervis
3141 2024 3578 2091 emetiebantur
3598 2051 3739 2111 pau-

2098 2112 2360 2193 pen'bus.
2394 2113 2587 2175 Aliam
2624 2115 2792 2177 atl‘ert
2824 2127 3089 2190 causam,
3125 2134 3341 2197 nempe
3374 2127 3434 2180 ut
3463 2118 3738 2187 homines

2100 2203 2446 2284 probentur,
2476 2204 2601 2265 sive
2632 2203 2865 2278 divites,
2897 2206 3020 2267 sive
3050 2224 3362 2286 pauperes.
3396 2208 3738 2278 Postremos

2101 2294 2389 2367 hortatur,
2416 2302 2479 2353 ut
2510 2293 2629 2354 Deo
2651 2293 2975 2373 conﬁdant,
3000 2312 3068 2355 ac
3083 2294 3158 2356 de
3187 2313 3293 2357 sua
3321 2308 3577 2375 egestate
3600 2321 3740 2381 pau-

2100 2383 2438 2462 perioribus
2452 2382 3120 2445 succurrantOmnium
3148 2384 3310 2446 enim
3335 2386 3733 2454 calamitatum

2100 2472 2415 2533 maximam
2440 2490 2572 2535 esse
2595 2473 2811 2561 famem
2825 2491 2915 2551 ,ac
2929 2475 3274 2554 eorum,qui
3291 2475 3405 2538 hoc
3424 2478 3576 2540 malo
3596 2499 3737 2561 per—

2101 2568 2265 2633 eunt,
2296 2562 2445 2622 adeo
2470 2560 2872 2623 miserabilem
2898 2580 3032 2623 esse
3056 2571 3332 2646 mortem,
3359 2574 3423 2628 ut
3452 2566 3609 2631 inter
3629 2570 3737 2632 im-

2102 2651 2481 2713 manissimas
2512 2650 2741 2713 belluas
2767 2652 3175 2713 numerandus
3223 2654 3320 2726 sit,
3355 2656 3459 2732 qui
3504 2662 3742 2739 corpori

2102 2739 2260 2801 fame
2293 2741 2563 2820 pereunti
2589 2760 2706 2802 non
2742 2748 3070 2804 succurrat.
3099 2739 3389 2805 Omnibus
3409 2751 3737 2825 generatim

2105 2829 2385 2909 proponit
2416 2830 2692 2911 exempla
2742 2829 3103 2912 belluarum,
3139 2831 3538 2912 ethnicorum,
3570 2856 3640 2899 ac
3677 2838 3740 2901 in

2104 2918 2311 2999 primis
2346 2921 2669 2999 primorum
2716 2919 3219 2983 Christianorum.
3613 2920 3618 2925 ’

2180 3009 2476 3072 Videntur
2497 3009 2748 3090 publicae
2767 3009 3035 3090 quaedam
3057 3028 3266 3089 preces
3286 3023 3457 3075 extra
3475 3016 3749 3080 ordinem

375 3103 750 3179 conscendit,
776 3104 877 3183 qui
900 3102 1138 3183 quidem
1163 3099 1343 3160 veluti
1369 3099 1601 3178 fulgens
1626 3096 1873 3174 quidam
1898 3096 2080 3156 tba-C
2105 3098 2344 3160 indictae
2374 3099 2583 3175 fuisse,
2616 3109 2678 3161 ut
2714 3101 2800 3161 ira
2828 3098 3052 3175 divina,
3084 3102 3255 3181 cujus
3298 3102 3587 3165 indicium
3622 3117 3750 3170 erat

377 3195 591 3263 lamus,
620 3192 888 3253 mulieris
906 3199 1127 3253 sanctae
1144 3208 1362 3270 corpus
1379 3184 2013 3269 complexus,animam

374 3286 435 3346 in
464 3285 770 3363 regionem
798 3283 1105 3345 cmlestem
1128 3275 1894 3351 transmisit,venerandum
1918 3294 2015 3335 au-

374 3383 492 3437 tem
525 3391 746 3453 corpus
780 3369 1136 3452 propinquis
1166 3369 1460 3445 integrum
1490 3364 1931 3446 servavit,quod
1960 3363 2020 3423 in

373 3462 828 3544 praeclarissimo
844 3459 915 3521 ad
937 3460 1148 3521 urbem
1167 3457 1392 3539 templo
1416 3455 2024 3544 collocatumNarrat

374 3541 625 3614 Basilius
650 3560 879 3611 terram
907 3556 1125 3611 sanctas
1146 3548 1400 3609 adventu
1425 3544 1865 3617 benedictam,e
1887 3541 2024 3601 sinu

372 3663 483 3705 suo
522 3640 936 3704 suavissimam
991 3656 1159 3719 aeque
1211 3644 1481 3699 naturam
1518 3632 1815 3704 emisisse,
1850 3630 1931 3691 ita
1962 3638 2025 3691 ut

373 3740 577 3795 sancta
608 3732 706 3792 illa
750 3738 988 3810 martyr,
1027 3731 1213 3789 instar
1268 3725 1497 3801 matris,
1534 3742 1636 3784 eos
1667 3720 1765 3802 qui
1813 3720 2022 3810 urbem

376 3822 647 3883 incolunt
680 3817 861 3880 veluti
910 3809 1168 3899 quodam
1224 3813 1528 3877 communi
1558 3812 1713 3874 lacte
1745 3809 2021 3899 nutriret,

374 3929 532 3988 aqua
554 3908 855 3982 videlicet,
883 3898 1013 3987 qna:
1034 3914 1092 3967 et
1111 3907 1274 3967 sanis
1296 3903 1479 3966 tutela
1501 3908 1626 3963 erat
1647 3909 1703 3961 et
1727 3898 1898 3988 aegris
1919 3916 2021 3988 so-

374 3986 599 4063 latium.
637 3997 717 4060 Εο
752 3986 970 4077 gratias
998 3996 1111 4057 fuit
1144 3991 1614 4059 Caesariensibus
1645 3990 1759 4050 hoc
1795 3986 2023 4049 dulcis-

374 4090 510 4151 simi
537 4089 715 4151 fontis
737 4087 1120 4156 beneﬁcium,
1148 4083 1334 4164 quod,
1362 4091 1424 4143 ut
1446 4082 1527 4143 ait
1546 4077 1824 4151 Basilius,
1853 4094 2023 4137 com-

379 4180 539 4241 muni
563 4196 849 4260 aquarum
875 4177 1033 4238 circa
1048 4177 1209 4236 hunc
1232 4174 1424 4234 locum
1442 4168 1874 4232 naturminsitaa
1899 4181 2024 4233 erat

375 4254 635 4348 salsugo'.
669 4268 918 4328 Videtur
947 4268 1009 4328 S.
1035 4264 1244 4326 Julitta
1268 4280 1385 4323 non
1411 4262 1472 4322 in
1496 4258 1644 4322 urbe
1666 4254 2022 4348 Caesariensi

373 4344 607 4439 sepulta
638 4357 848 4432 fuisse,
883 4354 988 4415 sed
1025 4372 1140 4414 non
1175 4354 1349 4429 longe
1385 4350 1459 4411 ab
1501 4367 1572 4411 ea
1602 4349 1659 4408 in
1694 4348 1823 4408 loco
1855 4344 2023 4425 aquis

2101 3189 2314 3265 fames,
2351 3190 2707 3270 placaretur.
2743 3190 2842 3253 Ait
2872 3189 3323 3254 enimBasilius
3350 3192 3434 3273 (η.
3460 3195 3517 3263 3)
3535 3214 3753 3276 pueros

2103 3278 2330 3341 relictis
2358 3288 2414 3340 in
2450 3278 2735 3341 litterario
2756 3279 2897 3343 ludo
2922 3280 3137 3342 tabulis
3169 3281 3231 3343 in
3262 3282 3521 3346 ecclesia
3547 3285 3624 3347 ad
3646 3305 3748 3350 re-

2109 3369 2453 3430 missionem
2485 3368 2671 3430 animi
2692 3376 2749 3431 et
2772 3369 3279 3434 oblectamentum
3302 3372 3634 3447 vociferari.
3655 3357 3749 3439 fe;

2107 3466 2384 3537 stumque
2400 3459 2514 3519 illis
2527 3458 2963 3537 quodammodo
2978 3459 3137 3522 diem
3153 3479 3289 3523 esse
3302 3461 3601 3540 publicam
3616 3485 3755 3529 moe-

2106 3547 2496 3628 stitiam,quae
2522 3547 2638 3608 illis
2660 3547 2917 3627 aliquam
2941 3567 2973 3610 a
2994 3547 3325 3611 studiorum
3348 3551 3634 3615 molestiis
3653 3556 3751 3616 in-

2106 3637 2549 3697 termissionem
2585 3637 2883 3697 concedit.
2914 3636 3198 3708 Queritur
3217 3640 3376 3719 quod
3407 3640 3547 3702 dum
3582 3643 3750 3723 ejus-

2108 3726 2266 3787 modi
2294 3726 2459 3806 pueri
2475 3726 2533 3786 in
2555 3725 2868 3787 ecclesiam
2891 3727 3351 3801 ventitant,dum
3369 3729 3625 3794 infantes
3649 3733 3751 3814 qui

2110 3834 2220 3876 nec
2256 3815 2485 3895 precari
2520 3822 2810 3877 noverunt
2840 3834 2951 3877 nec
2996 3825 3265 3899 possunt,
3297 3818 3370 3879 ad
3421 3820 3747 3884 confession

2109 3924 2244 3966 nem
2309 3906 2571 3979 veniunt,
2605 3905 2664 3966 id
2721 3913 2812 3967 est
2866 3906 2938 3967 ad
2994 3924 3226 3986 preces,
3262 3907 3479 3988 quibus
3534 3929 3569 3971 a
3626 3911 3751 3975 Deo

2108 4005 2487 4075 peccatorum
2519 3993 2694 4057 venia
2752 3993 3154 4076 poscebatur;
3193 3994 3465 4078 plerique
3520 3998 3628 4060 viri
3683 4019 3753 4064 ac

2110 4084 2394 4146 mulieres
2425 4083 2661 4164 negotia
2692 4083 2970 4165 precibus
3019 4084 3338 4165 praeferant
3366 4104 3434 4148 ac
3467 4090 3749 4168 perpauci

2108 4193 2310 4237 secum
2351 4183 2695 4255 precentur,
2732 4172 2895 4253 iique
2927 4173 3250 4235 oscitantes
3304 4192 3373 4237 ac
3426 4195 3587 4239 nunc
3635 4178 3752 4241 huc

2108 4282 2264 4326 nunc
2287 4263 2426 4324 illuc
2442 4281 2575 4324 sese
2590 4262 3328 4341 convertentes,avideque
3343 4274 3755 4346 exspectantes

2107 4355 2247 4416 dum
2282 4363 2487 4414 cantor
2517 4352 2881 4433 psalmorum
2939 4352 3269 4414 versiculos
3319 4353 3668 4438 absolverit,
3692 4365 3757 4420 ut

375 4435 655 4523 scatenti,
684 4446 842 4507 unde
866 4452 1068 4505 sancta
1101 4451 1319 4522 martyr
1346 4458 1450 4501 eos
1485 4437 1586 4519 Qui
1607 4437 1668 4498 in
1688 4435 1837 4497 urbe
1855 4442 2025 4496 erant
2047 4501 2087 4523 η
2106 4462 2180 4505 ex
2216 4443 2472 4504 ecclesia
2500 4452 2773 4523 tanquam
2810 4460 2842 4503 e
2873 4459 3115 4503 carcere
3132 4441 3363 4504 dimissi
3394 4435 3756 4509 necessitate

371 4538 549 4601 "°'““
583 4501 840 4617 ί¹¹⁵⁰⁶¹³¹¹³
869 4536 1019 4598 “me
1052 4501 1381 4594 """“*"‘“-
1503 4501 1522 4519 ’
1860 4616 1865 4617 κ
2045 4501 2789 4614 υῥῑεεελέιιίε-ειίῖιςεῑιίίέέι.

455 4626 558 4690 lll.
583 4616 732 4687 Tres
757 4624 1022 4688 bomiliae
1043 4629 1614 4703 sequentes,nempe
1636 4618 1736 4690 6,7
1765 4625 1821 4678 et
1846 4616 1881 4678 8
1905 4634 2024 4678 ma-
2185 4620 2311 4685 Non
2333 4622 2567 4683 videtur
2588 4622 2743 4683 hanc
2768 4619 2843 4682 de
2868 4619 3022 4681 fame
3045 4627 3104 4680 et
3124 4618 3398 4683 siccitate
3418 4623 3751 4687 orationem

378 4717 542 4778 teriae
565 4714 962 4777 similitudine
984 4713 1321 4792 conjunctae
1341 4706 1837 4770 sunt.lnscctatur
1858 4705 2023 4768 Basi-
2105 4710 2371 4774 indicare
2425 4714 2750 4791 Gregorius
2777 4714 2875 4787 (cl,
2913 4727 3049 4771 cum
3101 4709 3346 4770 divitum
3382 4711 3618 4787 horrea,
3654 4715 3756 4795 qui

375 4807 489 4867 lius
529 4803 831 4865 avaritiam
885 4803 1156 4877 divitum,
1187 4809 1246 4861 el
1292 4799 1353 4861 in
1380 4796 1858 4860 commendando
1892 4794 2019 4856 ele-
2106 4820 2397 4864 summam
2419 4818 2670 4863 annonae
2687 4798 3037 4863 charitatem
3067 4798 3354 4876 aucupari
3377 4806 3437 4859 et
3460 4794 3755 4865 calamita-

376 4913 674 4977 emosynae
698 4901 994 4974 praecepto
1020 4909 1234 4953 omnes
1255 4888 1480 4970 ingenii
1506 4887 1663 4948 vires
1688 4885 2018 4977 profundit.
2106 4899 2228 4953 tum
2259 4909 2558 4967 caupones
2582 4907 2715 4951 esse
2735 4888 2953 4951 solent.
2984 4885 3264 4949 Basilium
3282 4887 3612 4950 hortatibus
3627 4891 3753 4955 suis

376 4974 757 5047 Demonstrat
781 4985 841 5044 in
869 4990 1033 5044 sexta
1063 4981 1281 5061 duplex
1309 4997 1443 5042 esse
1489 4976 1883 5040 tentationum
1911 4992 2020 5054 ge-
2104 4980 2411 5061 aperuisse
2449 4988 2667 5041 narrat.
2695 4977 2759 5040 In
2784 4978 2895 5040 bac
2926 4978 3085 5039 enim
3116 4974 3388 5037 oratione
3420 4995 3541 5040 non
3565 4981 3753 5058 magis

376 5094 512 5150 nus,
546 5093 646 5137 res
678 5074 959 5134 adversas
992 5080 1051 5132 et
1084 5086 1421 5151 prosperas.
1448 5064 1807 5130 Posterioris
1836 5072 2021 5125 tenta—
2104 5070 2317 5133 divites
2337 5072 2606 5130 hortatur
2626 5067 2905 5143 Basilius,
2931 5084 3109 5147 quam
3132 5067 3297 5146 ipsos
3317 5064 3493 5127 etiam
3526 5086 3754 5151 paupe-

376 5166 554 5227 tionis
583 5163 922 5241 exemplum
952 5161 1099 5242 petit
1128 5159 1202 5220 ab
1238 5158 1338 5220 illo
1372 5156 1576 5237 divite,
1610 5154 1712 5233 qui
1742 5153 2022 5216 omnibus
2107 5153 3756 5242 res,uta|iissuccurrant.Quarelibentiuscrederemin-

371 5253 553 5317 rebus
579 5241 1032 5326 circumfluens,
1053 5248 1291 5311 dicebat
1322 5255 1546 5318 tamen,
1583 5245 1747 5320 Quid
1766 5244 2017 5324 faciam,
2103 5250 2281 5309 dicari
2318 5267 2341 5304 a
2377 5248 2656 5318 Gregorio
2683 5248 3004 5306 orationem
3025 5246 3088 5303 in
3110 5241 3257 5303 illud
3273 5244 3455 5324 Lucae:
3479 5244 3757 5306 [utrm

481 5418 548 5496 a‘)
578 5414 741 5477 Lact.
775 5413 862 5496 _D_e
896 5419 1095 5496 morte
1109 5415 1407 5496 persecat.
1695 5426 1700 5430 '

2185 5403 2265 5484 (ο)
2293 5399 2429 5463 Naz.
2468 5418 2558 5461 or.
2593 5397 2697 5463 ‘20.

481 5491 537 5572 ω
563 5496 734 5559 Tom.
775 5492 847 5556 V.
881 5511 1014 5574 pag.
1065 5491 1207 5555 617.
