4142 6428
1703 316 1886 396 Vm
1927 331 1989 394 s.
2036 333 2342 396 BASILII.
2402 348 2408 351 ·

3502 346 3732 396 CLXIIII

351 478 724 540 saltationem
757 493 912 555 genu
934 470 1452 547 ﬁectendo.Rogat
1476 486 1577 529 eos
1599 466 1702 548 qui
1732 465 1984 555 lasciviae
2009 472 2044 520 A
2070 463 2187 525 37‘2
2219 467 2402 555 multa
2428 485 2546 528 non
2583 465 2741 528 belle
2770 465 2899 526 ﬁeri
2919 464 3093 555 solita
3119 464 3458 555 emendare
3476 471 3728 526 conatus

352 566 674 648 participes
698 552 815 626 non
846 564 1177 654 fuerunt,ut
1201 559 1261 620 in
1294 558 1512 639 quibus
1546 555 1771 636 peccati
1793 552 1990 654 paeni-

353 657 596 718 tentiam
649 650 1207 720 animadverterint,
1270 667 1372 710 eos
1424 655 1701 726 tanquam
1755 650 1994 724 propria

354 746 620 807 membra
649 741 998 823 aagrotantia
1029 740 1262 800 foveant
1295 755 1486 817 ;quos
1507 743 1702 796 autem
1735 731 1992 793 viderint

354 835 717 917 pervicaces,
752 832 824 892 ab
859 849 1064 892 eorum
1091 823 1861 917 consuetudinerel‘ugiant.

432 923 496 986 In
521 911 790 985 oratione
821 921 1057 981 decima
1087 917 1318 994 quinta,
1369 934 1501 996 quas
1534 913 1880 975 inscribitur
1911 911 1993 974 De

349 1013 489 1093 ﬁde,
526 1011 772 1073 disserit
796 1009 1051 1071 Basilius
1075 1008 1149 1067 de
1191 1005 1389 1066 divina
1415 1012 1648 1075 natura,
1676 1011 1733 1062 et
1761 999 1991 1093 degFil‘ii

349 1089 417 1163 ac
450 1102 707 1180 Spiritus
738 1099 928 1162 sancti
964 1097 1293 1158 divinitate.
1318 1095 1502 1156 Tanta
1533 1101 1702 1153 erant
1730 1089 1992 1151 Catholi-

351 1211 552 1254 corum
577 1191 716 1252 ﬁdei
738 1188 939 1251 studia
977 1191 1060 1266 (p.
1094 1187 1248 1261 131),
1279 1194 1343 1244 ut
1372 1183 1535 1243 auris
1567 1181 1762 1242 omnis
1790 1187 1996 1259 aperta

351 1289 507 1343 esset
524 1281 598 1341 ad
623 1277 978 1340 audiendam
1001 1275 1507 1352 theologiam,nec
1527 1272 1780 1334 ecclesia
1799 1270 1889 1329 his
1906 1287 1997 1329 re-

349 1369 461 1432 bus
486 1369 801 1430 audiendis
819 1366 1226 1427 satiaretur.ln
1250 1362 1524 1438 sequenti
1548 1359 1793 1421 homilia
1811 1358 1995 1437 expli-

346 1466 437 1517 cat
457 1457 689 1517 initium
714 1454 1020 1531 Evangelii
1039 1451 1367 1513 secundam
1385 1452 1900 1525 .lo.innem,usque
1919 1445 1991 1507 ad

346 1546 473 1605 haec
505 1543 703 1617 verba,
743 1544 863 1604 Hoc
904 1551 1038 1603 erat
1078 1543 1143 1602 in
1165 1541 1472 1620 principio
1511 1539 1676 1614 apud
1714 1538 1907 1597 Deum
1936 1536 1990 1596 ὅ.

348 1633 564 1697 Multos
596 1640 841 1693 noverat
889 1631 1144 1692 Basilius
1177 1649 1248 1690 ex
1291 1627 1680 1706 scriptoribus
1710 1625 1986 1698 ethnicis,

2074 561 2184 616 est.
2220 554 2283 616 Id
2316 557 2458 617 satis
2479 555 2759 617 convenit
2781 555 2855 615 iis
2875 573 3024 635 quos
3045 554 3386 633 alloquitur.
3412 552 3556 614 Nam
3591 573 3728 615 curn

2074 662 2178 706 eos
2207 645 2548 707 vehementi
2577 644 2843 705 oratione
2874 662 3031 722 saepe
3061 644 3409 720 castigasset
3439 650 3522 721 (p.
3550 642 3719 722 305),

2077 742 2491 814 metueretque
2544 754 2617 794 ne
2651 735 2774 795 haec
2816 732 3060 794 dicendi
3117 733 3363 793 libet-tas
3398 733 3458 791 in
3494 731 3726 809 hospite

2075 821 2458 901 displiceret;
2494 834 2701 884 contra
2732 841 2907 904 quam
2943 822 3242 884 metuebat
3266 818 3724 895 evenit,aclibe—

2073 913 2196 972 rior
2227 912 2618 993 reprehensio
2642 913 2800 973 illius
2833 911 3392 972 audiendistudium
3421 908 3723 970 accendit.

2078 999 2269 1071 Quare
2304 1011 2364 1061 ut
2399 1021 2501 1064 eos
2553 1023 2585 1062 a
2634 1001 2855 1063 diaboli
2911 1001 3142 1082 laqueis
3175 1001 3415 1081 penitus
3449 999 3725 1070 abducat,

2078 1089 2444 1151 demonstrat
2474 1092 2560 1152 eis
2622 1092 2812 1153 hostis
2868 1091 3142 1170 artiﬁcia,
3173 1109 3306 1166 qua)
3337 1090 3446 1149 hac
3473 1086 3727 1146 maxime

2077 1179 2304 1239 ratione
2327 1179 2495 1241 vitari
2519 1182 2716 1254 docet,
2744 1181 2790 1240 si
2813 1182 2965 1241 hanc
2991 1181 3159 1241 vitam
3189 1180 3339 1240 viam
3365 1196 3497 1239 esse
3521 1174 3728 1235 memi-

2080 1269 2364 1348 nerimus,
2397 1289 2510 1333 nec
2553 1270 2875 1350 quidquam
2929 1287 3085 1343 esse,
3117 1270 3273 1349 quod
3307 1277 3575 1331 nostrum
3611 1263 3729 1324 dici

2079 1357 2266 1435 possit
2293 1379 2304 1419 :
2343 1359 2446 1419 sed
2472 1359 2658 1420 solam
2705 1359 2964 1420 animam
2998 1368 3054 1419 et
3085 1377 3303 1438 corpus
3334 1366 3533 1418 nostra
3565 1372 3722 1415 esse.

2076 1445 2222 1507 Inde
2255 1448 2324 1507 ad
2361 1458 2721 1526 praeceptum
2743 1448 3572 1527 eieemosynaainculcandnm
3599 1447 3730 1508 fer-

2079 1535 2362 1614 tur,quod
2394 1537 2636 1616 quidem
2671 1537 2913 1597 omnino
2939 1537 3344 1597 necessarium
3373 1555 3506 1596 esse
3531 1537 3728 1606 docet,

2079 1642 2188 1684 nec
2239 1624 2371 1684 sine
2419 1627 2630 1687 aeterni
2688 1625 2840 1704 ignis
2914 1625 3298 1686 damnatione
3360 1625 3731 1704 praetermitti

347 1740 496 1801 quos
530 1729 688 1781 tanta
709 1718 866 1779 initii
897 1719 1142 1782 Joannis
1173 1715 1491 1778 admiratio
1523 1723 1784 1794 ceperat,
1823 1723 1882 1774 ut
1913 1713 1988 1773 il-
2017 1767 2052 1816 Β
2078 1729 2276 1792 posse.
2313 1717 2699 1773 Perorantem
2729 1714 3001 1775 nonnulli
3033 1713 3400 1774 admonuere
3431 1723 3493 1775 ut
3530 1715 3603 1776 de
3631 1715 3726 1774 in-

345 1808 444 1870 lud
481 1811 539 1869 in
573 1809 792 1887 scripta
816 1826 920 1868 sua
953 1810 1218 1870 inserere
1255 1825 1370 1867 non
1404 1804 1764 1864 dubitarent.

427 1901 511 1960 De
539 1896 808 1959 oratione
844 1896 1079 1958 decima
1111 1897 1528 1976 septima,quae
1559 1903 1647 1953 est
1671 1893 1728 1953 in
1754 1890 1816 1955 S.
1845 1892 1984 1953 Bar-

344 1987 493 2047 laam
555 1995 875 2064 martyrem
937 1985 1168 2046 consuli
1224 1991 1472 2064 possunt
1528 1982 1797 2043 Praefatio
1848 1981 1991 2042 tomi

344 2074 594 2137 secundi
623 2082 732 2134 art.
769 2076 828 2145 2,
863 2081 922 2137 et
973 2073 1137 2135 Notae
1178 2075 1258 2135 74
1290 2080 1346 2132 et
1400 2073 1472 2133 ’75
1518 2071 1879 2131 Tillemontii
1929 2070 1991 2130 in

344 2163 823 2244 persecutionem
842 2161 1209 2224 Diocletiani.
1225 2160 1382 2222 Nihil
1404 2159 1564 2221 enim
1589 2161 1733 2220 mihi
1762 2159 1993 2221 videtur

343 2269 412 2314 ea
435 2251 511 2312 de
537 2269 602 2311 re
627 2251 806 2312 statui
831 2269 1004 2331 posse
1027 2251 1185 2331 quod
1219 2268 1336 2310 non
1364 2249 1630 2309 incurrat
1656 2249 1716 2309 in
1749 2265 1990 2327 magnas

344 2339 747 2403 difﬁcultates.
785 2340 949 2401 Nihil
985 2340 1267 2400 disertius
1300 2351 1358 2399 et
1405 2338 1732 2415 elegantius
1763 2338 1992 2399 duabus

346 2428 740 2510 sequentibus
768 2428 966 2489 Basilii
1002 2429 1061 2488 in
1094 2431 1154 2489 S.
1194 2427 1479 2491 Gordium
1507 2435 1566 2488 et
1609 2427 1994 2507 quadraginta

344 2529 654 2597 martyres.
715 2516 775 2579 S.
812 2517 1098 2579 Gordium
1160 2515 1268 2576 sub
1323 2515 1550 2576 Licinio
1586 2533 1826 2595 passum
1860 2534 1992 2578 esse

345 2608 556 2669 merito
589 2605 801 2687 probat
831 2605 1248 2667 Tillemontius
1282 2624 1352 2665 ex
1377 2604 1584 2666 Basilii
1635 2604 1859 2675 verbis,
1891 2612 1993 2685 qui

344 2706 525 2758 testes
551 2696 716 2758 illius
764 2696 1024 2776 martyrii
1057 2696 1252 2757 adhuc
1302 2703 1538 2754 exstare
1575 2694 1844 2756 declarat
1879 2697 1986 2774 (α).

344 2786 749 2850 Celeberrima
770 2789 938 2849 estS.
967 2786 1168 2847 Basilii
1193 2786 1252 2845 in
1279 2785 1672 2864 quadraginta
1700 2793 1988 2864 martyres

345 2876 531 2937 oratio
560 2895 734 2957 quam
761 2885 820 2937 et
839 2874 1206 2939 Gaudentius
1239 2874 1314 2950 (b)
1345 2882 1402 2935 et
1422 2872 1744 2952 Gregorius
1771 2873 1989 2954 Nysse-

346 2984 458 3027 nus
480 2966 553 3046 (ο)
589 2967 852 3027 laudant.

2077 1801 2287 1862 cendio
2318 1804 2598 1864 hesterno
2626 1802 2804 1864 verba
2826 1805 3230 1866 faceret.Nam
3256 1803 3522 1864 incensis
3543 1803 3731 1882 priva-

2075 1897 2271 1953 torum
2300 1892 2547 1967 aedibus,
2589 1892 2743 1970 ignis
2775 1892 2883 1971 ipsi
2918 1891 3195 1952 ecclesia:
3232 1891 3590 1970 minabatur,
3625 1893 3732 1953 sed

2079 1980 2430 2042 mirabiliter
2492 1981 2818 2042 exstinctus
2878 1991 2988 2043 est.
3042 1980 3104 2041 Id
3164 1981 3270 2043 Dei
3305 1979 3734 2042 misericordiae

2075 2069 2341 2130 attribuit
2374 2071 2652 2150 Basilius,
2683 2071 2784 2151 qui
2807 2069 3027 2131 diaboli
3062 2079 3218 2130 artes
3249 2069 3309 2129 in
3342 2069 3526 2150 ipsius
3551 2079 3730 2148 caput

2073 2159 2306 2237 rejecit.
2341 2159 2622 2221 Hortatur
2654 2171 2716 2220 ut
2747 2161 2818 2220 iis
2871 2168 3276 2232 succurratur,
3328 2158 3428 2240 qui
3462 2158 3609 2219 nihil
3660 2178 3730 2220 ex

2073 2248 2377 2325 incendio,
2427 2260 2640 2330 praeter
2688 2267 2907 2329 corpus
2950 2257 3008 2309 et
3038 2249 3322 2328 animam,
3359 2256 3675 2310 servarunt
3712 2269 3725 2304 :

2075 2337 2188 2418 ipsi
2212 2357 2348 2399 vero
2376 2348 2684 2419 acceptum
2716 2339 3002 2420 damnum
3037 2339 3311 2419 exemplo
3333 2338 3466 2401 Jobi
3495 2357 3732 2399 coronas

2079 2428 2387 2488 materiam
2422 2429 2706 2490 efﬁciant.

2157 2517 2460 2579 Immerito
2516 2518 2676 2580 inter
2729 2518 3006 2579 homilias
3057 2518 3387 2580 collocatur
3419 2518 3608 2580 oratio
3639 2517 3732 2580 vel

2078 2613 2361 2668 tractatus
2384 2607 2445 2668 in
2468 2626 2584 2688 quo
2617 2607 2876 2670 Basilius
2920 2607 3337 2670 adolescentes
3369 2605 3731 2686 consangui-

2079 2715 2223 2757 neos
2245 2697 2630 2774 edocet,quid
2659 2697 3467 2776 habeantutilitatisprofanaa
3489 2697 3726 2772 litterae,

2073 2786 2215 2864 quid
2245 2788 2574 2848 cavendum
2602 2785 2660 2847 in
2690 2787 2902 2866 poetis,
2935 2797 3115 2862 atque
3147 2786 3208 2845 in
3243 2787 3386 2866 ipsis
3419 2786 3595 2847 etiam
3628 2785 3727 2846 hi-

2073 2875 2306 2935 storicis
2327 2885 2384 2937 et
2408 2876 2753 2938 rhetoribus
2779 2894 2794 2950 ;
2829 2874 3130 2955 quomodo
3164 2875 3447 2955 praeclare
3470 2874 3648 2936 dictis
3671 2883 3731 2937 et

2072 2966 2403 3046 factis,quae
2426 2966 2484 3026 in
2511 2965 2808 3045 ejusmodi
2840 2964 3178 3045 disciplinis
3211 2963 3727 3044 percipiuntur,ad

426 3054 748 3118 S.Basilius
770 3054 832 3114 in
853 3053 1121 3115 oratione
1158 3054 1464 3133 vicesima,
1490 3071 1621 3132 quas
1642 3053 1716 3114 de
1739 3053 1984 3114 humili-
2006 3075 2045 3125 ο
2074 3073 2304 3116 morum
2336 3053 2770 3115 institutionem
2800 3054 3084 3117 utendum
3120 3054 3214 3114 sit.
3252 3053 3571 3134 Presbyter
3602 3064 3731 3117 erat

343 3152 458 3206 tate
482 3142 1232 3218 inscribitur,demonstrat
1253 3143 1584 3223 hominem,
1616 3153 1924 3223 postquam
1959 3161 1991 3206 λ

341 3232 579 3294 diabolo
612 3232 800 3292 victus
828 3242 890 3293 et.
919 3231 1193 3310 dejectus
1239 3233 1555 3312 est,iuania
1586 3233 1699 3293 sibi
1749 3234 1992 3294 ﬁnxisse

341 3322 546 3402 gloria)
562 3321 1491 3396 ornamenta,divitias,bonores,
1517 3324 1720 3384 mundi
1747 3323 1988 3402 sapien-

342 3413 479 3474 tiam
510 3432 526 3481 ;
561 3409 668 3472 sed
700 3429 896 3472 veram
944 3411 1194 3488 gloriam
1247 3412 1307 3471 in
1335 3429 1403 3471 eo
1434 3413 1678 3491 positam
1706 3431 1863 3485 esse,
1930 3421 1991 3472 ut

344 3501 446 3561 Dei
477 3501 680 3580 gratim
721 3510 965 3581 accepta
1022 3502 1222 3562 omnia
1279 3501 1636 3573 referamus,
1691 3520 1990 3564 memores

342 3590 522 3656 Petri.
558 3591 658 3671 qui
692 3591 967 3652 humana;
1001 3590 1301 3652 timiditati
1351 3593 1600 3653 traditus
1646 3601 1757 3660 est,
1810 3611 1878 3652 ac
1929 3591 1989 3650 in

342 3680 550 3760 primis
573 3680 644 3740 ab
665 3680 793 3760 ipso
817 3681 1051 3742 Christo
1106 3682 1381 3750 exempla
1421 3681 1776 3743 humilitatis
1807 3699 1982 3760 repe-

342 3776 558 3829 tentes.
593 3769 817 3830 Edocet
841 3768 1097 3830 Basilius
1129 3771 1344 3848 quibus
1379 3770 1572 3829 modis
1615 3772 1739 3831 haec
1771 3770 1985 3831 eximia

341 3859 525 3917 virtus
558 3858 890 3937 comparari
925 3858 1136 3937 possit.
1171 3857 1601 3922 Observatione
1632 3860 1872 3936 dignum
1901 3867 1986 3920 est

341 3945 502 4026 quod
535 3947 614 4007 ait
644 3945 947 4007 diabolum
987 3966 1062 4027 ip.
1099 3949 1266 4028 158),
1310 3949 1450 4008 dum
1486 3949 1712 4008 homini
1742 3947 1988 4008 insidias

345 4035 904 4116 struit,sibimetipsi
925 4035 1278 4098 inscientem
1300 4037 1734 4106 struxissemec
1758 4047 1986 4099 tantum

342 4124 622 4186 nocuisse
652 4123 728 4199 ei,
782 4142 963 4202 quem
1020 4145 1052 4186 a
1108 4126 1231 4188 Deo
1283 4137 1340 4187 et
1372 4147 1404 4187 a
1436 4127 1552 4187 vita
1583 4137 1805 4188 aeterna
1835 4127 1986 4188 alie-

340 4222 615 4276 naturum
663 4232 726 4274 se
784 4225 1155 4294 speraverat,
1212 4228 1496 4297 quantum
1545 4236 1609 4278 se
1661 4217 1791 4297 ipse
1845 4235 1986 4296 pro-

340 4302 514 4383 didit,
548 4303 857 4381 transfuga
882 4321 914 4366 a
947 4303 1069 4366 Deo
1096 4306 1281 4367 factus
1318 4317 1376 4369 et
1409 4307 1581 4370 morti
1613 4317 1850 4369 aeternae
1877 4307 1987 4368 ad-

342 4395 557 4458 dictus.

421 4482 737 4548 V.Nullam
763 4486 1052 4548 hactenus
1066 4488 1484 4550 recensuimus
1506 4488 1774 4550 S.Basilii
1800 4488 1987 4549 homi-

341 4571 649 4653 liam,quaa
672 4585 841 4636 notas
860 4577 1245 4657 episcOpatus
1270 4595 1388 4657 prae
1404 4597 1469 4639 se
1487 4578 1826 4640 ferret.Sed
1846 4579 1992 4640 vice-

337 4663 490 4723 sima
513 4664 729 4742 prima,
767 4665 934 4738 Quod
967 4669 1141 4729 rebus
1195 4670 1522 4731 mundanis
1554 4668 1988 4730 adhm'enolum

340 4767 459 4813 non
480 4754 646 4826 θῆκε
667 4753 738 4815 de
759 4754 1042 4818 incendio
1063 4766 1245 4818 extra
1266 4757 1602 4820 Ecclesium
1626 4759 1813 4838 facta,
1852 4776 1986 4818 cum

338 4849 503 4903 extra
534 4841 971 4922 Cappadociam
1032 4848 1413 4926 pronuntiata
1445 4848 1543 4922 sit,
1581 4866 1695 4907 non
1731 4848 1881 4907 male
1913 4848 1984 4907 ad

339 4929 747 5011 episcopatum
784 4933 1316 4999 refertur.Nullum
1339 4936 1495 4997 enim
1522 4936 1724 4997 Basilii
1753 4935 1986 5017 presby-

341 5018 454 5080 teri
480 5019 596 5080 iter
625 5021 1146 5103 novimus,praater
1168 5025 1312 5086 illud
1344 5027 1502 5107 quod
1529 5024 1830 5088 Samosata
1851 5045 1984 5086 sus-

342 5108 497 5189 cepit
521 5127 678 5171 anno
704 5110 841 5174 369.
892 5114 1039 5176 Illuc
1071 5130 1280 5176 rursus
1313 5114 1456 5176 abiit
1486 5134 1642 5176 anno
1676 5117 1815 5178 372.
1871 5116 1984 5178 Sed

340 5197 534 5277 aptior
558 5199 743 5261 multo
766 5202 1112 5283 conjectura
1133 5202 1576 5279 Tillemontii,q
1589 5205 1646 5266 ui
1677 5207 1826 5266 hanc
1857 5223 1987 5266 ora-

340 5286 562 5349 tionem
597 5288 809 5354 Satalis
845 5291 1103 5354 habitam
1168 5303 1354 5374 putat,
1389 5293 1486 5356 ubi
1541 5294 1800 5356 Basilius
1831 5314 1986 5356 anno

415 5449 445 5497 3
471 5448 647 5513 Joan.
681 5471 717 5522 ι.
755 5456 815 5513 ‘2.

420 5612 499 5691 (a)
537 5610 607 5672 N.
642 5611 698 5691 3,
736 5633 796 5693 p.
841 5615 971 5676 Hb.

420 5690 501 5768 (ὸ)
529 5691 750 5756 Homil.
787 5694 885 5757 17.

2076 3145 2167 3206 vel
2200 3144 2523 3226 episcopus
2554 3163 2688 3205 cum
2727 3145 2853 3206 haec
2900 3144 3163 3225 scripsit.
3212 3144 3309 3208 Ait
3358 3145 3518 3205 enim
3572 3161 3637 3206 se
3668 3143 3728 3205 id

2075 3234 2268 3296 aetatis
2293 3253 2424 3294 esse
2455 3237 2542 3313 (p.
2574 3233 2731 3310 173),
2759 3243 2815 3294 et
2841 3253 2908 3296 ex
2937 3253 3139 3295 rerum
3164 3233 3224 3294 in
3256 3243 3565 3313 utramque
3595 3251 3728 3313 par-

2079 3334 2192 3385 tem
2225 3325 2581 3397 mutatione,
2611 3343 2787 3404 quam
2814 3333 3094 3403 expertus
3125 3333 3233 3397 est,
3270 3324 3412 3386 satis
3443 3341 3721 3402 magnum

2077 3432 2246 3473 usum
2272 3415 2665 3475 humanarum
2691 3433 2888 3476 rerum
2907 3428 3290 3475 consecutum
3317 3423 3542 3487 esse,ut
3572 3411 3718 3473 ado-

2072 3502 2368 3563 lescentes
2389 3504 2660 3566 edoceat.
2695 3503 2994 3582 Scriptum
3022 3520 3172 3582 opus
3189 3506 3500 3565 Caesareae:
3529 3521 3726 3583 neque

2073 3591 2232 3651 enim
2294 3591 2386 3651 his
2434 3592 2919 3654 adolescentibus
2969 3591 3238 3672 quotidie
3281 3592 3354 3652 ad
3409 3591 3724 3667 magistros

2072 3680 2496 3742 ventitantibus
2546 3681 2660 3741 alia
2721 3683 2781 3741 in
2817 3682 2967 3742 urbe
3001 3679 3256 3741 Basilius
3286 3679 3556 3760 polliceri
3610 3698 3723 3756 po-

2074 3769 2178 3828 tuit
2213 3769 2296 3850 (p.
2340 3771 2477 3850 17‘)
2506 3788 2568 3831 se
2603 3770 2899 3849 ejusmodi
2920 3770 3183 3831 consiliis
3220 3789 3320 3829 eos
3344 3769 3582 3831 erudire
3608 3787 3727 3829 non

2073 3859 2402 3919 desiturum
2463 3869 2546 3940 (p.
2590 3859 2745 3936 184),
2781 3877 2848 3919 ac
2897 3859 2947 3918 si
2992 3859 3051 3918 in
3084 3877 3147 3919 se
3179 3859 3382 3919 oculos
3409 3858 3728 3936 conjiciant

2078 3946 2160 4026 (p.
2200 3949 2359 4028 173),
2392 3948 2518 4009 fore
2552 3957 2611 4009 ut
2642 3948 2765 4008 suis
2791 3947 3134 4026 parentibus
3162 3966 3284 4008 non
3313 3947 3638 4024 indigeant.

2155 4035 2535 4099 SMamantis
2551 4037 2831 4115 martyris
2846 4037 3053 4099 laudes
3072 4036 3451 4117 persequitur
3472 4035 3727 4097 Basilius

2075 4127 2131 4187 in
2161 4127 2427 4189 oratione
2464 4127 2746 4189 vicesima
2799 4127 2996 4207 tertia,
3055 4134 3233 4207 atque
3265 4139 3328 4187 ut
3371 4129 3484 4188 hoc
3515 4143 3734 4187 munus

2075 4215 2788 4298 exsequatur,symbolam
2816 4223 2983 4292 rogat
3015 4216 3086 4276 ab
3119 4215 3437 4296 iis,quibus
3466 4214 3503 4277 S
3566 4234 3725 4278 mar-

2076 4314 2164 4383 tyr
2191 4312 2404 4385 praesto
2436 4305 2624 4365 adfuit
2649 4304 2892 4365 nomine
2912 4305 3240 4386 invocatus,
3267 4324 3416 4385 quos
3441 4323 3512 4366 ex
3546 4324 3723 4384 pere-

2074 4393 2413 4473 grinatione
2463 4395 2726 4474 reduxit,
2789 4412 2939 4472 quos
2987 4396 3176 4458 erexit
3226 4413 3295 4456 ex
3326 4395 3723 4455 inﬁrmitate:

2013 4458 2288 4564 Dquibus
2321 4484 2679 4564 liberosjam
2714 4458 2980 4544 inci-tuos
3015 4485 3296 4559 restituit,
3339 4484 3558 4565 quibus
3582 4503 3724 4564 pro-

2073 4574 2298 4653 rogavit
2329 4575 2459 4634 vitai
2483 4583 2745 4653 tempus.
2805 4573 2967 4634 Nihil
3024 4573 3186 4634 aliud
3232 4575 3304 4633 de
3329 4579 3439 4635 hoc
3474 4581 3725 4655 martyre

2072 4663 2360 4724 discimus
2384 4681 2453 4724 ex
2483 4663 2591 4726 hac
2610 4662 3025 4740 oratione,nisi
3052 4682 3185 4723 eum
3214 4670 3507 4742 pastorem
3528 4663 3718 4723 ovium

2073 4753 2278 4824 fuisse,
2307 4751 2466 4813 unde
2496 4762 2741 4833 accepta
2784 4755 3101 4813 occasione
3147 4751 3402 4814 Basilius
3436 4750 3510 4812 de
3551 4750 3721 4811 bonis

2073 4840 2356 4903 Ecclesia)
2389 4841 2727 4921 pastoribus
2757 4849 2816 4902 et
2844 4842 2919 4902 de
2957 4842 3340 4903 mercenariis
3372 4839 3635 4900 disserit.

2153 4931 2216 4992 In
2241 4932 2513 4992 oratione
2544 4932 2825 4993 vicesima
2861 4939 3067 5010 quarta
3117 4929 3476 4990 refelluntur
3506 4929 3720 4991 Sabel-

2073 5021 2214 5082 liani
2247 5032 2303 5081 et
2334 5021 2572 5101 Ariani,
2606 5039 2672 5081 ac
2733 5021 2909 5100 primi
2969 5039 3101 5081 cum
3154 5019 3395 5092 Judaeis,
3435 5021 3719 5098 postremi

2071 5128 2205 5174 Cum
2239 5110 2498 5172 ethnicis
2521 5111 3238 5192 comparanturﬂpponit
3259 5127 3467 5170 eorum
3494 5111 3720 5172 errori-

2072 5200 2184 5262 bus
2203 5201 2457 5264 Basilius
2480 5211 2815 5263 accurutam
2840 5202 3146 5263 catholicae
3172 5201 3459 5262 doctrinae
3477 5202 3720 5281 exposi-

2072 5291 2317 5356 tionem.
2346 5290 2461 5354 Sed
2488 5311 2620 5352 cum
2649 5294 2878 5354 videret
2900 5293 3200 5354 auditores
3217 5293 3390 5354 avide
3413 5302 3721 5372 expetere,

2151 5617 2221 5690 to}
2263 5615 2363 5676 Or.
2405 5614 2460 5689 '2,
2498 5613 2558 5674 in
2582 5612 2968 5692 quadraginta
2991 5624 3190 5686 mart.,
3223 5637 3280 5696 p.
3318 5617 3458 5678 206.
