4174 6394
1490 309 1556 370 Ι).
1605 307 1761 370 JUL.
1811 306 2191 370 GARNERlI
2240 309 2656 373 PREFATIO.
3501 335 3745 386 CLXXVII

351 447 754 526 reprehendat
776 444 936 525 quod
963 462 1121 523 saEpe
1143 443 1550 536 a'i‘illemontii
1571 443 1860 536 sententia
1885 442 2003 503 dis-
2028 458 2060 506 Α
2085 441 2228 536 bras
2251 445 2559 536 otl'undere
2587 466 2599 536 ς
2626 445 2729 536 sed
2754 447 2898 507 satis
2921 457 3049 508 erat
3072 448 3437 515 Tillemontii
3463 475 3739 536 premere

352 537 583 606 cedam,
623 547 868 595 caeteros
899 542 1094 594 autem
1130 534 1370 593 criticos
1396 535 1587 594 rarius
1615 533 1788 594 citem
1816 541 1871 593 et
1901 551 2000 592 re-
2088 534 2420 610 vestigia,et
2441 535 2489 594 si
2508 534 2646 614 quid
2673 553 2910 595 summo
2934 536 3019 598 illi
3044 540 3166 600 viro
3186 533 3740 627 excidisset,:.bser-

354 626 584 694 feliam;
625 625 800 702 hujus
825 622 909 683 rei
939 623 1143 700 paucis
1168 621 1472 682 reddenda
1495 623 2003 684 ratio.Tillemon-
2091 642 2225 682 vare
2248 632 2304 683 et
2326 623 2795 684 emendare.Nec
2814 624 3042 688 idcirco
3059 629 3432 696 eximiusille
3446 621 3738 719 secriptor

356 717 496 793 tius,
537 731 813 790 magnum
859 711 1000 771 illud
1035 711 1298 771 historiae
1329 711 1747 772 ecclesiasticae
1778 711 2004 780 lumen,
2093 711 2468 773 brevioribus
2501 713 2659 774 foliis
2704 716 3030 796 ornandus,
3063 720 3218 797 quod
3255 722 3312 783 in
3348 725 3475 804 ejus
3504 711 3738 810 scriptis

351 804 616 864 omnium
647 800 1100 890 accuratissime
1119 799 1193 860 de
1209 800 1386 860 rebus
1405 800 1585 878 gestis
1600 800 1800 890 Basilii
1825 800 2010 890 disse-
2095 802 2394 862 interdum
2422 803 2663 862 maculae
2684 814 3020 872 occurrant;
3048 808 3269 890 quippe
3294 799 3427 874 cuin
3454 835 3522 877 eo
3548 799 3736 881 fac-em

353 893 491 971 ruit,
520 911 586 952 ac
610 893 932 953 innumera
958 889 1209 948 aliorum
1237 898 1428 948 errata
1448 887 2010 960 emendavit.Quare
2097 891 2448 968 praeferente
2473 909 2666 952 naevos
2691 892 2988 969 ejusmodi
3014 887 3624 986 deprehendamus,et
3645 928 3741 970 ac-

354 1000 601 1042 necesse
624 999 739 1040 non
762 978 2008 1058 fuit.variisaliorumopinionibusreferen-
2092 979 2279 1058 ceptis
2328 978 2399 1040 ab
2447 999 2514 1040 eo
2566 981 2850 1060 praesidiis
2897 985 3003 1044 hos
3053 985 3112 1044 in
3165 990 3515 1071 antiquitate
3538 978 3735 1059 eccle-

354 1071 444 1130 dis
476 1079 532 1130 et
555 1068 903 1131 refellendis
929 1076 1166 1147 tempus
1193 1068 1605 1143 extrahere,ac
1628 1067 1808 1129 rebus
1831 1077 2007 1131 tene-
2091 1070 2327 1130 siastica
2359 1087 2710 1149 progressus
2741 1091 3202 1155 consequamur.

363 1245 3682 1292 mm

1573 1412 2544 1546 PRZEFATIO.

444 1859 494 1915 1.
523 1853 710 1913 Hodie
733 1855 929 1931 vigent
958 1852 1212 1911 maxime
1231 1852 1521 1911 editiones
1551 1868 1750 1929 novae;
1779 1868 1887 1910 nec
1917 1859 2004 1910 est
2027 1859 2065 1910 Β
2089 1853 2241 1923 nica,
2278 1855 2599 1932 scriptores
2634 1863 2692 1913 et
2724 1855 2914 1916 Grzeci
2970 1865 3028 1917 et
3069 1857 3260 1919 Latini
3285 1865 3508 1944 scripta
3541 1871 3738 1938 Basilii

356 1945 480 2004 fere
507 1952 706 2002 nostra
750 1949 918 2003 aetate
953 1942 1135 2001 ullum
1173 1941 1516 2003 litteraturae
1546 1958 1753 2018 genus.
1789 1941 1847 2000 in
1883 1959 1996 2019 quo
2081 1943 2246 2020 quasi
2266 1942 2540 2004 certatim
2557 1941 3728 2022 quantismaximislaudibusextulerint:

358 2032 487 2111 plus
508 2032 760 2110 positum
787 2039 860 2090 sit
883 2049 1078 2110 operae
1101 2049 1168 2090 ac
1192 2030 1370 2089 studii
1393 2031 1465 2090 ab
1490 2031 1757 2090 eruditis.
1787 2032 1911 2092 Nec
1943 2030 1996 2088 id
2085 2050 2336 2109 quorum
2393 2032 2733 2092 testimonia
2782 2035 3012 2094 notiora
3063 2045 3220 2116 sunt,
3252 2059 3425 2119 quam
3457 2054 3518 2104 ut
3562 2065 3629 2106 ea
3675 2050 3735 2110 in

361 2121 569 2180 mirum
598 2125 869 2200 cuiquam
896 2120 1083 2180 videri
1109 2120 1448 2198 debet,cum
1477 2120 1620 2179 nihil
1641 2120 1790 2180 forte
1813 2120 2004 2199 aptius

356 2219 454 2270 aut
487 2211 689 2270 utilius
721 2209 791 2269 atl
828 2208 981 2270 bona
1032 2210 1224 2270 studia
1257 2212 1658 2289 promovenda
1690 2208 2004 2285 excogitari

358 2299 559 2377 possit.
594 2299 906 2360 Hominem
944 2299 1116 2379 quiid
1156 2310 1347 2377 neget,
1371 2298 1628 2358 arbitror
1659 2299 1782 2359 fore
1820 2298 2006 2358 nemi-

357 2407 490 2448 nem
507 2387 577 2458 ,si
602 2405 802 2448 secum
833 2389 1004 2468 paulo
1027 2389 1304 2447 attentius
1328 2387 2002 2466 reputaverit,primum,

355 2487 570 2557 quanta
600 2478 822 2538 utilitas
854 2495 922 2537 ex
965 2477 1132 2539 novis
1181 2475 1543 2536 editionibus
1575 2477 1856 2537 arcedat:
1894 2476 2002 2536 de-

354 2567 516 2646 inde,
552 2586 725 2648 quam
755 2565 1086 2643 jucundum
1122 2567 1197 2627 sit
1229 2565 1288 2625 in
1333 2565 1516 2626 libros
1566 2577 1638 2626 ab
1674 2566 2004 2626 innumeris

358 2657 604 2717 maculis
660 2665 1010 2735 expurgatos
1083 2655 1370 2717 incidere.
1430 2654 1580 2716 Hinc
1640 2655 1884 2729 factum,
1945 2654 2002 2714 ni

353 2745 544 2825 fallor,
573 2755 634 2806 ut
656 2746 768 2807 hoc
787 2745 1128 2825 scriptionis
1151 2763 1338 2824 genus
1362 2755 1476 2804 tam
1507 2748 1773 2824 impense
1798 2742 2005 2804 laude-

356 2844 448 2895 tur
468 2835 540 2896 ab
573 2835 872 2909 omnibus,
904 2834 1068 2913 quasi
1095 2853 1262 2893 suum
1288 2834 1537 2914 quisque
1559 2835 1823 2896 laborem
1849 2833 2000 2894 alte-

352 2925 476 2984 rius
508 2924 711 2984 labore
746 2925 926 2983 minui
959 2923 1233 2999 gaudeat,
1273 2924 1529 3002 velitque
1562 2923 1859 2984 studiosos
1891 2923 2003 2983 hac

2090 2121 2350 2181 medium
2385 2122 2653 2200 proferre
2684 2138 2932 2183 necesse
2963 2124 3056 2183 sit.

2169 2210 2228 2270 4.
2253 2212 2458 2288 Neque
2491 2226 2628 2270 vero
2663 2212 2983 2288 putandum
3021 2222 3108 2274 est
3140 2233 3235 2277 res
3260 2220 3414 2282 solas
3448 2230 3504 2283 in
3538 2225 3735 2290 Basilii

2090 2299 2338 2388 scriptis
2364 2299 2634 2388 laudari:
2672 2299 2942 2360 laudatur
2963 2309 3022 2361 et
3043 2308 3167 2382 ipsa
3191 2325 3432 2388 quoque.
3449 2315 3738 2378 orationis

2089 2387 2407 2464 elegantia,
2456 2387 2736 2460 suavitas,
2775 2389 3185 2468 perspicuitas,
3224 2387 3596 2463 incredibilis
3651 2406 3736 2466 vis

2090 2477 2516 2555 persuadendi,
2553 2476 2841 2538 doctrinae
2872 2478 3200 2563 integritas,
3231 2503 3326 2546 ars
3361 2489 3606 2554 mirifica
3637 2495 3732 2556 di-

2089 2565 2262 2626 cendi
2290 2565 2419 2625 sine
2440 2566 2559 2625 ulla
2585 2566 2727 2626 artis
2759 2566 3208 2646 significatione,
3246 2595 3480 2640 summa
3511 2580 3568 2641 in
3603 2592 3723 2645 tra-

2087 2655 2322 2753 claudis
2342 2655 2664 2753 religionis
2684 2655 3042 2753 i‘Jh-ristianm
3066 2665 3356 2740 mysteriis
3387 2687 3526 2730 cura
3557 2683 3734 2753 atque

2087 2742 2414 2836 diligentia,
2448 2746 2532 2805 sic
2554 2754 2614 2804 ut
2641 2744 2789 2836 nihil
2817 2746 2904 2805 vel
2931 2765 2963 2806 a
2983 2747 3303 2813 fastidiosis
3327 2755 3386 2815 in
3411 2757 3540 2836 ejus
3561 2742 3732 2824 lib-ris

2087 2829 2414 2893 desiderari
2452 2852 2624 2913 posse
2661 2833 2943 2896 videatur.

2168 2922 2222 2981 5.
2257 2919 2406 2993 Quid
2445 2923 2631 2989 enim,
2667 2943 2891 3004 quaeso,
2925 2928 3125 3004 expeti
3158 2939 3348 3006 potest
3379 2934 3436 2995 in
3466 2937 3683 2999 Basilio
3707 2949 3734 3004 ?

354 3012 786 3074 benevolentiae
803 3012 1235 3088 signiﬁcatione
1259 3013 1442 3092 magis
1457 3031 1525 3074 ac
1543 3014 1727 3092 magis
1748 3012 1818 3073 ad
1844 3011 2000 3091 ejus-
2084 3007 2257 3084 Nam,
2293 3019 2352 3070 ut
2383 3011 2458 3074 de
2491 3013 2765 3074 facundia
2796 3014 3025 3087 sileam,
3063 3016 3120 3076 in
3150 3021 3343 3083 Basilii
3376 3028 3612 3106 scriptis
3635 3029 3733 3091 in-

357 3101 797 3163 modistudium
833 3101 1104 3163 incitare.
2021 3106 2060 3156 C
2086 3102 2285 3160 venias
2317 3120 2435 3161 non
2472 3119 2676 3180 pauca,
2716 3122 2846 3182 quae
2864 3104 2934 3164 ad
2958 3101 3514 3185 interpretationem
3531 3135 3735 3181 sacra-

434 3192 492 3254 2.
530 3193 670 3253 Hzec
704 3209 934 3287 mecum
964 3210 1095 3287 cum
1137 3201 1500 3287 reputarem,
1536 3191 1687 3287 ccepi
1735 3197 1797 3252 et
1845 3193 1990 3287 ipse,
2077 3207 2228 3287 rum.
2263 3188 2706 3287 scripturarum
2759 3202 3050 3271 spectant.
3090 3196 3316 3260 Dixisse
3367 3222 3572 3282 parum
3617 3218 3726 3287 est,

355 3281 673 3340 multorum
699 3279 995 3358 exemplo,
1021 3279 1095 3340 de
1123 3299 1269 3340 nova
1291 3280 1490 3360 aliqua
1521 3279 1786 3341 editione
1818 3280 1995 3339 ador-
2081 3278 2415 3340 traditionis
2461 3281 2828 3343 monimenta
2875 3292 2934 3344 et
2966 3285 3149 3345 multa
3182 3297 3238 3349 et
3265 3278 3522 3372 insignia
3574 3278 3730 3378 apud

354 3371 546 3431 nanda
577 3375 857 3446 cogitare.
895 3370 997 3430 Vix
1047 3375 1245 3432 autem
1285 3369 1456 3443 mihi,
1490 3387 1623 3429 cum
1684 3368 1870 3429 semel
1919 3368 1998 3428 ita
2082 3367 2364 3428 Basilium
2401 3379 2630 3431 exstare
2667 3391 2679 3431 :
2743 3373 2856 3432 dici
2909 3382 3099 3451 potest
3126 3378 3345 3455 verius,
3374 3367 3531 3446 hunc
3563 3367 3732 3449 Stim-

351 3461 617 3554 animum
642 3459 1002 3554 induxissem
1031 3459 1339 3554 meounde
1359 3477 1537 3554 opere
1561 3457 1994 3554 seligendqde-
2087 3475 2246 3554 mpm
2273 3457 2460 3517 virum
2483 3461 2818 3554 traditionis
2841 3466 3246 3528 auctoritatem
3283 3475 3580 3554 praecipue
3610 3487 3731 3540 sta-

353 3548 614 3610 liberare
649 3548 838 3608 licuit.
877 3549 958 3609 Ea
990 3556 1080 3610 est
1111 3548 1267 3609 enim
1301 3547 1502 3609 Basilii
1561 3565 1806 3626 operum
1846 3546 2002 3606 fama

351 3647 528 3718 atque
559 3637 932 3711 existimatio,
969 3645 1031 3697 ut
1057 3637 1282 3717 impetu
1312 3637 1568 3716 quodam
1616 3635 1796 3714 magis
1825 3653 1999 3715 quam

351 3728 584 3789 delectu
604 3725 673 3786 ad
704 3742 772 3788 ea
799 3743 1003 3786 rursus
1029 3725 1262 3786 edenda
1291 3727 1584 3806 impulsus
1608 3724 2001 3786 sim.Deside-

350 3817 502 3877 rium
537 3815 793 3893 augebat
824 3814 1110 3894 quidquid
1149 3814 1444 3895 legebam,
1479 3813 1762 3895 quidquid
1797 3813 2005 3874 audie-

351 3905 482 3965 bam
508 3904 583 3965 de
606 3903 820 3964 Basilio
856 3907 1084 3982 Magno.
1114 3903 1376 3966 Mirabar
1428 3923 1560 3965 eum
1594 3903 1685 3964 vel
1715 3912 2003 3982 praestan-

348 3994 594 4057 tissimis
617 3991 858 4056 Grzecize
880 3993 1216 4054 oratoribus
1230 3994 1508 4074 anteponi
1525 3991 1998 4070 ,Pericli,Lysiae,

348 4083 620 4157 Isocrati,
652 4081 966 4158 Phalereo,
1003 4083 1412 4145 Demostheni.
1469 4083 1541 4144 Et
1594 4090 1755 4143 certe
1785 4081 2002 4142 Basilio

349 4183 576 4247 nostro,
611 4191 748 4233 cum
783 4173 918 4252 ejus
947 4174 1167 4253 scripta
1199 4175 1272 4234 ad
1334 4183 1602 4253 posteros
1653 4171 2004 4232 transmissa

349 4272 507 4343 sunt,
543 4262 767 4342 optime
796 4261 1132 4323 consultum
1195 4263 1380 4323 fuisse
1426 4261 1705 4322 arbitror.
1733 4259 1814 4320 Ea
1843 4263 2000 4321 enim

350 4352 524 4412 tantis
559 4350 833 4412 laudibus
863 4351 1195 4413 extulerant
1229 4369 1301 4413 ex
1332 4351 1588 4430 antiquis
1613 4348 1905 4425 nonnulli,
1942 4358 2004 4410 ut

2085 3544 2368 3644 bilivisse,
2399 3566 2532 3608 cum
2568 3568 2697 3610 eam
2736 3551 3032 3614 haereticis
3060 3544 3337 3635 tanquam
3372 3544 3736 3644 inexpugna-

2087 3633 2266 3726 bilem
2297 3654 2529 3726 murum
2566 3657 2806 3718 semper
2829 3644 3129 3722 opposuit.
3153 3633 3334 3718 Quam
3373 3633 3553 3715 multa
3577 3633 3736 3726 svum,

2093 3741 2224 3802 quae
2255 3724 2562 3817 historiam
2603 3737 2935 3808 temporum
2960 3732 3196 3794 illorum
3225 3736 3556 3804 illustrant!
3585 3724 3737 3817 Quoi

2090 3821 2190 3873 aut
2219 3814 2652 3877 Catholicorum
2697 3829 2797 3878 aut
2830 3819 3246 3885 haereticorum
3292 3827 3441 3890 facta
3472 3814 3735 3897 tenebris

2091 3900 2304 3996 obruta
2336 3903 2655 3996 latitarent,
2693 3906 2740 3966 si
2779 3909 3027 3970 Basilius
3057 3929 3125 3971 ea
3157 3913 3366 3976 litteris
3387 3937 3502 3979 non
3524 3924 3731 3996 prodi-

2087 3991 2446 4088 disset-[Ille
2472 4003 2560 4054 est
2582 3996 2909 4057 acerrimus
2940 3999 3064 4060 veri
3096 4001 3394 4082 defensor,
3424 3991 3732 4088 qui'varios

2087 4079 2353 4177 Sabellii,
2410 4083 2551 4157 Arii,
2588 4084 2979 4177 Marcedonii,
3014 4087 3313 4169 Eunomii,
3348 4079 3727 4177 Apollinarii,

2086 4178 2146 4229 et
2171 4171 2420 4231 aliorum
2451 4182 2734 4252 quotquot
2758 4176 3046 4238 hactenus
3069 4171 3730 4252 fueranthze'reticorum

2087 4275 2324 4320 errores
2347 4269 2408 4320 ut
2426 4261 2809 4326 invictissime
2830 4266 3266 4345 confutavit,ita
3289 4273 3734 4344 evidentissime

2086 4346 2517 4443 catholicorum
2552 4351 2824 4431 dogmata
2853 4354 3157 4420 stabilivit.
3192 4359 3395 4443 Neque
3418 4384 3554 4428 vero
3589 4371 3733 4432 stri-

351 4441 510 4502 credi
549 4441 878 4522 potuissent
918 4441 1156 4502 modum
1190 4459 1428 4502 omnem
1451 4441 1767 4519 excedere,
1793 4448 1850 4499 et
1885 4439 2001 4499 ﬁde
2026 4437 2223 4527 octim
2256 4448 2356 4500 aut
2383 4440 2638 4502 obscure
2672 4444 2746 4502 de
2800 4443 2984 4506 rebus
3036 4437 3334 4527 loquitur}
3368 4456 3470 4515 sed
3521 4457 3651 4521 fuse
3677 4470 3736 4522 et

353 4532 578 4610 majora
610 4531 935 4611 praedicare
962 4552 975 4593 :
1010 4531 1112 4592 sed
1150 4530 1305 4611 quod
1336 4549 1371 4590 a
1396 4530 1514 4590 fide
1543 4529 1876 4591 abhorrere
1903 4528 1995 4588 vi-

351 4620 479 4681 deri
503 4629 756 4702 poterat,
785 4621 841 4680 id
867 4620 1207 4682 lectitandis
1231 4618 1421 4682 Patris
1440 4617 1770 4698 gravissimi
1802 4616 1994 4693 libris,

350 4716 406 4769 et
429 4709 802 4770 verissimum
826 4728 982 4789 esse,
1005 4710 1154 4771 etab
1179 4709 1342 4770 omni
1371 4708 1712 4769 adulatione
1744 4706 1993 4769 alienis-

351 4797 592 4879 simum,
626 4799 748 4860 suis
778 4800 1033 4880 quisque
1071 4799 1257 4860 oculis
1289 4799 1503 4862 cernit.

433 4887 573 4950 3.Et
594 4888 751 4948 aliud
775 4889 847 4950 ad
866 4891 1020 4950 hanc
1042 4888 1400 4969 provinciam
1437 4885 1881 4968 suscipiendam
1903 4904 2001 4948 me

353 4982 552 5050 movit,
578 4978 940 5057 exspectatio
960 4977 1361 5039 eruditorum.
1396 4975 1516 5038 Nec
1538 4976 1837 5038 immerito
1859 4994 2000 5038 sane

352 5086 501 5129 nova
532 5066 733 5130 Basilii
762 5085 1008 5149 operum
1052 5067 1233 5129 editio
1265 5072 1384 5130 tam
1419 5066 1590 5128 avide
1612 5086 1644 5128 a
1675 5067 1863 5128 doctis
1893 5085 2000 5128 ex-

351 5167 674 5237 spectatur.
723 5157 967 5220 Constat
1016 5164 1201 5237 enim,
1233 5175 1603 5237 quaecunque
1639 5156 1896 5218 maxime
1928 5156 2000 5217 ad

350 5264 649 5308 sacrarum
686 5246 1016 5308 litterarum
1063 5247 1321 5308 studium
1356 5247 1677 5327 pertinent,
1704 5247 1998 5325 dogmata,

349 5337 564 5415 ethica,
605 5337 866 5417 traditio,
904 5335 1172 5416 historia,
1206 5337 1543 5418 disciplina,
1576 5353 1779 5397 eorum
1812 5337 2002 5398 scien-

346 5425 482 5487 tiam
517 5444 632 5487 non
666 5427 904 5488 aliunde
939 5427 1134 5506 potius
1187 5445 1356 5507 quam
1390 5445 1423 5486 e
1473 5425 1675 5486 Basilii
1725 5426 1999 5504 scriptis-

345 5513 591 5575 hauriri.
617 5513 689 5574 Et
729 5517 882 5577 hanc
923 5515 1112 5595 ipsam
1159 5534 1291 5576 esse
1323 5532 1559 5576 causam
1592 5514 1872 5587 arbitror,
1895 5531 2000 5575 cur

343 5605 674 5681 gravissimi
707 5604 984 5666 Ecclesiae
1030 5609 1258 5682 l’atres,
1292 5606 1418 5683 ipsa
1447 5603 1702 5666 concilia
1726 5621 1996 5664 acume-

2086 4525 2361 4590 distincte
2394 4531 2450 4590 in
2483 4530 2607 4591 suis
2641 4531 2909 4611 epistolis
2966 4525 3276 4618 antiquum
3331 4542 3729 4611 Ecclesiarum

2082 4624 2295 4678 statum
2323 4621 2488 4714 quasi
2517 4622 2592 4681 ob
2623 4623 2832 4714 oculos
2864 4626 3046 4714 ponit,
3072 4629 3157 4688 sic
3188 4639 3252 4690 ut
3281 4650 3376 4693 res
3404 4633 3564 4714 ipsas
3594 4657 3730 4700 cer-

2082 4724 2375 4808 nere,non
2397 4709 2624 4808 legere,
2644 4712 2878 4808 credas.
2900 4712 3068 4776 Nunc
3092 4727 3292 4779 autem
3319 4721 3393 4782 de
3416 4709 3732 4808 disciplina

2083 4796 2489 4896 ecclesiastica
2519 4799 2660 4880 quid
2689 4802 2900 4863 attinet
2929 4803 3154 4896 dicere,
3179 4824 3310 4870 Cum
3346 4829 3520 4873 nemo
3553 4796 3729 4896 paulo

2083 4884 2398 4948 humanior
2425 4894 2658 4966 ignoret
2688 4902 2975 4968 quantum
3011 4893 3122 4956 ista
3140 4884 3420 4962 scientia:
3452 4884 3730 4967 ecclesia-

2085 4974 2246 5036 sticae
2279 4994 2414 5056 pars
2445 4978 2677 5071 debeat
2722 4980 2944 5041 Basilio
2969 4985 2996 5040 ?
3041 4985 3311 5066 Denique
3342 4989 3390 5048 si
3424 4999 3555 5071 quis
3588 4996 3731 5059 velit

2086 5082 2316 5125 morum
2374 5066 2681 5129 scientiam
2744 5088 3112 5151 comparare,
3150 5086 3249 5136 aut
3294 5066 3727 5149 vitae-asceticaa

2085 5159 2351 5254 instituta
2383 5155 2648 5254 discere,
2672 5163 2719 5218 is
2744 5160 3043 5223 volvendis
3076 5165 3220 5226 tanti
3246 5176 3508 5248 magistri
3529 5173 3722 5254 libris,

2087 5244 2239 5324 quod
2274 5252 2454 5325 cupit.
2487 5245 2650 5307 brevi
2674 5261 3094 5329 consequetur.

2165 5335 2224 5396 6.
2253 5333 2553 5427 Hactenus
2575 5336 2649 5427 de
2672 5337 2873 5399 Basilii
2905 5360 3149 5421 operum
3185 5353 3542 5427 praestantia:
3571 5375 3729 5418 nunc

2083 5423 2158 5484 de
2179 5425 2528 5523 eorumdem
2557 5426 2918 5489 editionibus
2950 5423 3337 5501 disseramus.
3370 5439 3727 5523 Editio,quai

2082 5520 2344 5611 omnium
2381 5514 2584 5611 prima
2603 5526 2857 5611 putatur,
2894 5539 3109 5584 excusa
3156 5535 3246 5587 est
3300 5529 3540 5592 Basileze
3566 5514 3725 5611 apud

2081 5603 2506 5681 Hieronymum
2542 5602 2777 5666 Froben
2811 5626 2968 5670 anno
3001 5613 3175 5678 1535.
3206 5614 3266 5675 In
3305 5620 3414 5679 hac
3464 5602 3726 5681 editi-one
