2087 3202
215 178 351 205 CLXXVII]

910 168 1112 201 PROLEGOM
1117 168 1204 201 ENA.

216 238 318 270 Greece
329 238 519 268 inveniuntur
530 244 622 277 opera
636 245 702 277 qua
713 241 894 275 sequuntur,
904 237 1036 268 homiliae
1048 242 1066 265 Α
1078 236 1102 268 Δ
1115 246 1173 277 quo
1185 237 1247 268 haec
1257 236 1394 277 accipere
1407 236 1535 277 potuerit
1560 236 1596 277 is,
1613 246 1703 277 quem
1728 236 1816 268 modo
1825 236 1899 274 dlxi,

216 284 248 314 in
262 284 468 314 Hexaemeron
479 286 508 312 et
518 282 550 313 in
563 281 710 318 Psalmos,
727 281 793 312 alia:
809 281 847 313 29
858 282 986 312 homilias
997 282 1036 312 de

216 327 339 358 diversis
350 327 544 365 argumentis,
563 326 638 357 liber
651 327 694 357 De
706 327 826 366 Spiritu
837 330 952 359 sancto.
968 336 1035 357 cum

216 372 350 412 epistolis
362 371 526 402 nonnullis.
542 370 630 402 Praait
658 370 705 400 his
732 370 871 401 omnibus
896 371 1037 411 praeclara

217 416 347 457 praefatio
362 415 492 447 Erasmi.
506 415 586 445 Hanc
609 415 780 451 editionem,
794 424 860 445 cum
877 425 966 455 opera
979 415 1034 446 Ba-

217 461 274 491 silii
287 464 578 500 interpretarensem
584 469 636 493 per
644 458 680 489 ob
688 460 789 490 oculos
795 459 933 499 habui,ex
942 469 1039 500 eaque

216 504 355 535 adnotavi
385 507 480 534 varias
509 503 654 534 lectiones
680 513 737 534 non
755 513 884 544 paucas:
912 514 985 543 quas
1007 504 1037 535 in

216 558 291 579 nova
303 549 406 579 videre
421 548 529 587 cuique
546 547 648 579 licebit
677 548 768 579 Paulo
785 553 850 588 post
874 548 930 579 alia
945 549 1036 579 editio

215 594 318 625 Graece
327 602 446 633 quoque
459 591 590 623 Venetiis
602 593 713 632 prodiit
723 602 757 624 ex
769 594 884 624 oﬂicina
895 592 1038 633 Stephani

216 636 485 669 Sabiiomio1535.
502 637 643 677 Reperias
657 637 686 667 in
700 637 754 669 hac
766 637 977 676 editione,quae
987 647 1035 668 se-

215 681 1038 722 quuntur2AsceticaEthicaqueJibrumDevirgmitate,

217 727 332 766 priores
340 727 440 757 tresin
449 726 634 757 Eunomium
643 725 870 763 libros,brevem
880 727 1037 767 quemdam

217 775 374 802 tractatum
382 775 489 802 contra
495 770 720 802 Sabellianosel
725 771 830 802 Arium
837 774 1037 803 etAnomagos.

218 815 252 847 Et
267 816 320 846 hac
336 824 453 856 quoque
479 815 609 846 editione
633 824 703 846 usus
719 826 783 846 sum
812 817 903 846 instar
926 815 1038 856 antiqui

217 860 369 899 cujusdam
388 859 454 889 libri
467 860 581 890 calamo
593 860 704 890 notati:
717 860 746 890 in
762 869 823 899 qua
835 861 980 901 quidquid
996 860 1040 891 di-

1077 280 1120 311 vir
1136 281 1319 312 clarissimus
1335 281 1474 322 idemque
1490 281 1798 319 dot-tissimus,nescio
1813 291 1900 318 ;cum

1078 335 1143 364 ego,
1162 329 1221 366 qui,
1239 327 1264 356 si
1282 328 1320 356 ita
1334 331 1426 363 esset,
1444 326 1472 357 id
1498 327 1635 366 ignorare
1651 327 1697 357 vix
1727 326 1903 366 potuissem,

1078 370 1152 400 nihil
1164 375 1263 401 tamen
1274 370 1312 401 de
1328 371 1382 401 hac
1398 370 1572 410 praefectura
1590 379 1722 408 unquam
1736 370 1882 401 audierim
1896 381 1904 400 :

1080 415 1133 446 sed
1150 419 1211 446 scio
1230 420 1391 455 testorque,
1420 425 1458 446 ne
1469 424 1559 446 unam
1576 415 1697 456 quidem
1716 416 1877 447 litterulam
1888 425 1905 447 e

1079 460 1200 490 scliedis
1212 460 1314 500 Lopini
1328 463 1420 491 nostri
1429 461 1463 490 ad
1475 469 1522 491 me
1530 460 1903 500 pervenissejionebimus

1078 505 1164 542 quasi
1178 509 1403 544 prietereuntes,
1419 513 1521 535 rursus
1536 504 1669 535 edituros
1682 514 1736 535 nos
1750 505 1786 536 ad
1802 505 1902 545 operis

1078 549 1188 580 calcem
1203 549 1367 589 praecipuas
1378 550 1565 589 antiquarum
1578 548 1742 579 editionum
1752 550 1901 589 praefatio-

1080 603 1144 625 nes.
1159 593 1203 624 lta
1211 593 1292 624 enim
1309 593 1431 624 eruditis
1442 593 1562 634 placere
1572 593 1723 634 video,qui
1736 594 1900 634 priscarum

1080 639 1241 669 editionum
1261 638 1450 679 praefationes
1478 647 1582 678 magno
1606 638 1772 669 litterarum
1792 638 1901 669 damno

1080 683 1111 713 in
1128 683 1211 714 novis
1221 683 1327 714 deesse
1343 688 1578 723 conquerunlur.

1124 728 1151 758 7.
1169 727 1293 758 Lutetia;
1316 727 1495 758 Parisiorum
1522 727 1598 758 intra
1618 736 1727 767 paucos
1748 737 1842 758 annos
1858 727 1903 758 bis

1081 772 1159 803 edita
1174 777 1243 802 sunt
1257 772 1354 812 Opera
1369 771 1482 812 Basilii,
1496 780 1574 802 anno
1592 772 1681 808 1618,
1698 772 1777 811 apud
1793 771 1905 802 Micha-

1080 817 1155 848 elem
1173 818 1318 848 Sonnium
1332 827 1341 855 ς
1360 821 1389 848 et
1399 826 1478 847 anno
1494 816 1580 856 1638,
1593 817 1670 857 apud
1687 817 1835 856 Egidium
1846 816 1905 847 llo-

1079 861 1354 902 rellum.Quidquid
1366 862 1396 893 in
1408 862 1567 899 hac,omne
1578 861 1606 891 id
1619 862 1649 891 in
1661 861 1710 891 illa
1723 862 1903 898 continetur;

215 904 292 935 versi
307 906 416 943 reperi,
430 903 458 934 id
474 912 520 934 me
533 913 591 934 non
605 904 698 943 piguit
710 904 788 935 inter
803 904 876 935 alias
892 904 1038 935 variantes
1050 919 1067 943 Β
1079 916 1134 937 nec
1145 915 1203 936 una
1214 906 1306 937 altera
1322 911 1368 937 est
1379 906 1492 937 auctior
1503 910 1552 936 aut
1569 905 1723 936 minutior.
1734 905 1846 936 Eadem
1858 909 1905 935 est

216 948 358 979 lectiones
373 955 489 980 notare.
515 948 602 979 Anno
627 950 698 980 1551
723 949 835 988 vulgata
854 954 898 980 est
914 950 1036 980 Basileae

215 992 272 1024 alia
288 993 378 1023 editio
395 991 497 1024 Graeca
522 993 613 1023 multo
639 993 754 1024 auctior
770 1003 837 1024 cum
865 995 1037 1034 przefatione

216 1037 574 1068 GraeceJaniCornariiad
585 1036 697 1068 Julium
709 1036 964 1078 Numbergensem
977 1039 1038 1079 epi-

215 1091 352 1122 scopum.
369 1081 437 1112 lizec
451 1081 542 1112 editio
556 1082 765 1121 complectitur
781 1092 845 1122 quae
855 1082 1039 1123 subjungun-

216 1130 274 1166 tur,
291 1125 432 1156 undecim
446 1125 584 1156 homilias
601 1126 634 1156 in
655 1126 888 1157 Hexaemeron:
903 1128 1040 1159 homilias

218 1171 321 1201 decem
334 1174 362 1200 et
377 1173 490 1210 septem
507 1170 540 1200 in
557 1169 713 1202 Psalmas:
736 1170 872 1202 homilias
887 1170 926 1203 29
941 1172 978 1203 de
989 1172 1038 1204 di-

217 1215 309 1245 versis
321 1217 502 1254 argumentis
514 1225 521 1242 :
540 1214 646 1244 librum
659 1215 698 1245 De
708 1214 828 1255 Spiritu
839 1221 941 1247 sancto
954 1227 961 1247 :
973 1221 1038 1257 epi-

216 1259 305 1290 stolas
321 1258 422 1290 Basilii
443 1263 473 1289 et
488 1257 621 1298 Gregorii
646 1259 823 1290 Nazianzeni
847 1261 922 1292 180:
947 1262 1036 1296 ἀσκη-

215 1307 296 1331 «me»,
306 1302 401 1341 λόγους
417 1307 531 1343 septem
549 1304 687 1334 :brevem
700 1308 853 1335 tractatum
867 1306 911 1337 De
918 1306 1036 1345 judicio

219 1348 394 1378 Dm':a|ium
419 1348 462 1379 De
481 1349 558 1383 ﬁde:
584 1349 681 1382 ἠθικῶν
696 1349 771 1388 ὄρους
801 1350 860 1381 8οε
891 1351 1035 1391 ἐρωτημά-

215 1404 267 1421 των
294 1393 449 1427 ἆςκητιχῶν
476 1393 544 1422 κατὰ
572 1392 672 1425 πλάτος
699 1393 774 1433 ὅρους
803 1394 862 1425 55:
893 1396 1035 1435 ἐρωτημά-

216 1448 267 1465 των
294 1437 446 1471 dumutth
467 1437 526 1465 κιτ¹
556 1437 687 1472 ἐπιτομὴν
712 1438 787 1477 ὅρους
809 1438 891 1471 313;
918 1440 1037 1478 ἐπιτίμια

215 1481 598 1522 quaedam2Constitutiones
606 1483 747 1513 asceticas
754 1484 790 1513 3/1
805 1493 811 1512 :
827 1484 987 1523 Epistulam
1000 1485 1036 1514 ad

215 1525 473 1558 Chilonemzaliam
484 1526 520 1556 ad
533 1527 710 1556 monachum
723 1527 848 1567 lapsum:
860 1528 952 1558 libros
963 1529 1036 1558 duos

218 1571 262 1601 De
276 1571 440 1610 baptismo:
457 1570 588 1601 libellum
603 1573 663 1610 Περὶ
680 1577 724 1599 10')
741 1573 914 1610 αιῦτεξωσίου,
933 1574 975 1603 De
996 1572 1035 1603 li-

216 1615 285 1646 bero
296 1604 549 1646 a-rbitriozlibrum
562 1616 604 1646 De
616 1604 982 1656 virginitatezsermo'nem
996 1618 1036 1648 [)e
1046 1604 1065 1628 ο

213 1658 471 1700 paradisozlibros
482 1659 612 1700 quinque
620 1661 765 1691 adversus
780 1661 1037 1693 Eunomiumﬂe

216 1704 313 1744 perire
324 1709 368 1735 est
378 1703 408 1733 in
420 1703 607 1735 bibliothecis
618 1705 703 1743 longe
716 1706 815 1745 plures
826 1706 972 1737 editiones
983 1707 1033 1737 La-

218 1749 312 1779 tinas:
331 1757 405 1786 quas
419 1748 470 1779 abs
486 1758 519 1779 re
537 1759 596 1780 non
615 1750 703 1780 fuerit
730 1750 785 1781 hoc
802 1751 865 1781 loco
890 1751 1034 1783 indicare.

217 1793 309 1824 Paris.
324 1793 410 1831 1525,
427 1793 491 1831 fol.,
505 1794 580 1834 apud
594 1795 782 1825 Ascensium.
801 1796 930 1826 Coloniae
947 1798 1034 1835 1531,

216 1838 281 1876 fol.,
297 1840 373 1878 apud
394 1839 616 1870 Cervicornum.
630 1840 717 1871 Basil.
737 1841 906 1880 1540,apud
922 1840 1035 1872 Herva-

216 1884 308 1923 gium,
323 1893 389 1914 cum
422 1883 595 1924 praefatione
624 1884 791 1924 Wolfgangi
819 1886 957 1927 Musculi,
985 1887 1034 1921 fol,

215 1928 502 1968 Basil.1552,studio
514 1933 543 1959 et
554 1938 645 1969 opera
655 1929 719 1960 Jani
733 1930 933 1968 Cornarii,fol.
946 1932 1035 1964 Basil.

217 1973 306 2010 1565,
319 1973 384 2011 l’ol.,
403 1974 479 2014 apud
493 1974 577 2004 Joan.
593 1974 771 2013 Oporinum.
788 1974 881 2006 Paris.
900 1975 1038 2007 Godiridi

217 2018 472 2059 'l‘tlmanui,1566,
486 2019 551 2059 fol.,
564 2019 641 2058 apud
655 2019 831 2050 Michaelem
845 2020 1037 2060 Guillard,vi-

219 2063 306 2092 duam
318 2062 468 2094 Guillelmi
485 2062 626 2102 Uesboys.
638 2064 784 2103 Antuerp.
799 2064 1039 2105 1568,fol.,apud

219 2106 389 2145 Philippum
403 2105 532 2135 Nulium.
544 2107 638 2136 Paris.
655 2108 707 2136 157
716 2112 742 2147 1,
755 2108 821 2148 fol.,
833 2109 911 2148 apud
922 2108 1038 2140 Sebast.

220 2150 493 2190 Nivelliumzquam
513 2151 674 2181 editionem
693 2155 786 2182 secuti
807 2158 876 2184 sunt
888 2157 938 2194 qui
950 2163 1042 2194 opera

1079 951 1210 992 praefatio
1222 950 1559 992 bibliopolarum,iidem
1571 949 1816 981 commentariiin
1824 949 1904 981 Scri-

1079 1000 1206 1036 pturam,
1223 996 1358 1027 homilias
1372 997 1410 1027 de
1425 996 1549 1026 diversis
1576 995 1760 1034 argumentis
1776 994 1901 1034 eaedem,

1078 1041 1169 1071 iidem
1182 1040 1346 1080 libri,idem
1359 1049 1501 1071 numerus
1515 1040 1720 1080 epistolarum;
1729 1048 1787 1069 uno
1800 1038 1902 1078 Verbo,

1080 1086 1105 1115 si
1121 1085 1252 1125 excipias
1280 1085 1415 1116 ordinem
1440 1094 1499 1125 quo
1528 1094 1576 1115 res
1600 1083 1809 1124 disponuntur,
1825 1085 1906 1124 paris

1080 1130 1200 1161 omnia:
1215 1130 1294 1170 quod
1306 1139 1372 1161 cum
1386 1139 1445 1160 non
1457 1129 1654 1160 advertissent
1667 1128 1814 1168 nonnulli,
1831 1127 1906 1159 falso

1081 1180 1109 1205 et
1125 1174 1224 1215 inepte
1239 1176 1427 1205 al'iirmaruut
1443 1174 1585 1215 epistolas
1596 1174 1683 1212 longe
1694 1173 1794 1213 plures
1803 1173 1833 1203 in
1851 1182 1906 1213 po-

1079 1221 1197 1250 steriori
1213 1219 1345 1251 editione
1360 1219 1519 1250 contineri.
1532 1218 1669 1249 Editione
1679 1217 1769 1257 priori
1785 1225 1907 1258 semper

1080 1264 1124 1295 usi
1136 1273 1249 1304 sumus,
1265 1274 1330 1305 quae
1340 1265 1433 1296 altera
1442 1264 1611 1303 castigatior
1621 1263 1903 1293 eratetsccuratior:

1079 1314 1108 1339 et
1119 1310 1234 1348 quoties
1247 1309 1423 1348 simpliciter
1435 1310 1562 1339 citantur
1577 1308 1663 1346 editi,
1675 1306 1705 1335 id
1720 1311 1838 1345 oportet
1848 1314 1901 1336 ac-

1078 1353 1137 1393 cipi
1151 1354 1191 1383 de
1204 1355 1294 1392 priori
1307 1354 1449 1383 editione.
1461 1351 1666 1391 interpretatio
1677 1359 1743 1391 quae
1754 1359 1770 1380 e
1780 1350 1903 1389 regione

1078 1398 1255 1438 exemplaris
1267 1398 1361 1428 Graeci
1372 1398 1553 1436 legitur,n0n
1568 1396 1704 1425 uniusest
1716 1395 1900 1434 interpretis,

1078 1441 1132 1473 sed
1143 1443 1438 1479 multorum,.loannis
1451 1440 1635 1480 Argyropyli,
1646 1439 1806 1478 Raphaelis
1819 1439 1902 1470 Vols-

1080 1488 1201 1526 terrani,
1218 1486 1345 1522 Erasmi,
1361 1484 1495 1516 Godfridi
1511 1483 1660 1514 Tilmnnni
1676 1483 1727 1523 qui
1751 1493 1811 1513 non
1835 1492 1902 1514 raro

1079 1531 1207 1570 volgatas
1219 1531 1478 1570 interpretationes
1490 1529 1823 1569 recognovit,novasque
1834 1538 1904 1559 con-

1080 1576 1185 1613 texuit,
1202 1575 1351 1606 Ambrosii
1381 1573 1630 1609 Camaldulensis,
1648 1573 1769 1613 Georgii
1791 1574 1903 1613 Trape-

1078 1621 1179 1658 zuntii,
1199 1620 1335 1656 Fumani,
1354 1619 1526 1651 Montacutii
1548 1624 1576 1649 et
1592 1619 1732 1655 aliorum,
1748 1627 1823 1658 quos
1836 1618 1904 1648 lon-

1078 1674 1145 1705 gum
1163 1669 1243 1696 esset
1256 1673 1416 1695 recensere
1432 1674 1536 1695 omnes
1547 1664 1601 1704 (α).
1616 1665 1658 1695 De
1670 1662 1746 1694 Jano
1759 1662 1902 1694 Cornario

1079 1719 1146 1740 mox
1163 1709 1273 1740 dicam.
1291 1708 1430 1749 Vulg-atas
1444 1708 1509 1739 illas
1524 1712 1567 1738 tot
1582 1707 1739 1738 hominum
1748 1706 1901 1747 interpre-

1079 1754 1204 1785 tationes
1220 1752 1286 1794 plus
1302 1754 1400 1784 minus
1416 1762 1521 1783 omnes
1538 1752 1618 1784 vitiis
1632 1751 1849 1792 propemodum
1859 1751 1901 1781 in-

1080 1798 1212 1829 numeris
1237 1798 1383 1836 laborare,
1396 1798 1459 1837 jam
1484 1798 1533 1828 alii
1549 1801 1700 1827 notarunt.
1716 1796 1751 1826 Et
1765 1805 1834 1827 vero
1846 1804 1903 1827 saa-

1080 1844 1146 1884 pius
1156 1844 1297 1874 aberrant
1305 1853 1323 1874 a
1334 1843 1436 1874 Graeco
1447 1852 1456 1882 ;
1471 1841 1652 1881 etsiquando
1668 1840 1769 1872 Graeca
1778 1845 1903 1871 senten-

1079 1889 1118 1919 tia
1129 1887 1318 1928 exprimitur,
1330 1888 1430 1917 minus
1453 1886 1555 1917 Latina
1569 1890 1614 1915 est
1629 1885 1767 1916 elocatio.
1783 1885 1842 1915 Sed
1857 1888 1904 1915 ως

1079 1943 1148 1964 men
1160 1933 1276 1972 priscos
1291 1933 1345 1962 hos
1358 1932 1537 1971 interpretes
1553 1930 1639 1960 valde
1654 1934 1809 1960 excusatos
1825 1928 1902 1965 volo,

1079 1987 1145 2008 curn
1160 1978 1262 2009 Graeca
1270 1975 1437 2016 sazpissime
1448 1974 1488 2005 ita
1498 1978 1599 2005 essent
1609 1977 1760 2014 corrupta,
1773 1978 1803 2004 ut
1814 1982 1903 2004 nemo

1082 2021 1245 2061 quamlibet
1251 2020 1365 2061 peritus
1373 2022 1454 2049 recte
1462 2017 1650 2059 interpretari
1658 2017 1903 2056 potuisset.Quod

1081 2066 1107 2096 si
1121 2069 1272 2106 quaeratur
1286 2064 1357 2106 quid
1372 2064 1440 2102 quis
1466 2063 1551 2094 alteri
1566 2068 1697 2104 praestat,
1716 2063 1813 2093 dicam
1829 2062 1903 2093 Era-

1082 2120 1179 2142 smuin
1192 2111 1316 2151 reliquis
1323 2109 1492 2140 elocutione
1501 2109 1622 2149 quidem
1630 2109 1811 2140 antecellere
1821 2112 1851 2139 et
1858 2109 1909 2140 L8-

1083 2156 1198 2189 tinitate
1213 2166 1220 2187 :
1235 2158 1301 2196 sed,
1312 2163 1377 2195 quas
1385 2158 1448 2184 erat
1462 2154 1592 2184 hominis
1606 2153 1638 2184 in
1651 2153 1812 2184 scribendo
1822 2153 1905 2184 cele-

220 2194 321 2240 Basilit
333 2196 410 2234 apud
423 2195 567 2226 Sonnium
579 2204 681 2226 rursus
694 2197 769 2237 typis
778 2198 1040 2229 mandaruntanno
1053 2203 1074 2228 D
1083 2202 1164 2237 ritas,
1176 2209 1256 2240 saepe
1267 2194 1299 2230 et
1307 2194 1387 2230 ftede
1399 2199 1508 2229 labitur
1518 2203 1547 2229 et
1557 2198 1633 2238 ipse.
1648 2199 1744 2229 Pauca
1754 2198 1904 2237 interpre-

223 2238 596 2279 1603,Antuerp.ltilti,fol
614 2265 621 2278 ,
634 2247 757 2272 curante
769 2243 887 2274 Andrea
896 2242 1018 2274 Schotto
1032 2254 1039 2275 :

222 2293 286 2324 qua:
298 2285 387 2314 editio
400 2294 504 2315 recusa
520 2290 565 2316 est
577 2285 707 2317 Colonia;
720 2288 807 2327 1618,
819 2287 869 2318 fol.
881 2289 1041 2329 Postquam

222 2329 626 2361 vtreruditissimusJoannes
634 2330 771 2362 Albertus
778 2332 931 2364 Fabricius
938 2342 1042 2364 omnes

221 2374 275 2404 has
290 2375 439 2405 editiones
463 2374 620 2414 diligenter
635 2377 798 2417 recensuit,
816 2381 920 2408 monet
934 2387 1039 2409 novam

221 2420 321 2450 Basilii
337 2429 459 2460 operum
477 2420 637 2451 editionem
654 2420 804 2452 adornari.
815 2422 874 2453 Sed
885 2425 982 2463 ipsum
992 2432 1043 2453 au-

222 2464 285 2494 dire
304 2469 432 2504 praestat.
454 2476 467 2494 ι
479 2463 576 2504 Nunc,
589 2466 696 2507 inquit,
710 2475 814 2497 novam
826 2466 858 2498 S.
870 2468 971 2498 Basilii
982 2469 1044 2499 edi-

225 2511 332 2539 tionem
356 2510 464 2540 eruditi
493 2511 632 2542 monachi
656 2511 854 2552 Benedictini,
870 2513 978 2553 quibus
1002 2518 1044 2544 tot

223 2555 449 2593 praeclarissima
464 2559 655 2586 monumenta
671 2556 872 2587 ecclesiastica
886 2557 1043 2598 debemus,

220 2599 306 2636 jubet
318 2604 490 2638 exspectare
502 2599 539 2630 ab
550 2600 658 2640 insigni
668 2601 764 2631 Sodali
774 2609 828 2631 suo
843 2602 960 2633 .luliano
970 2602 1044 2634 Gar-

223 2644 477 2683 nerio,postquam
483 2644 558 2674 alter
564 2648 615 2683 qui
624 2654 660 2676 ex
673 2645 778 2675 eodem
789 2646 895 2677 ordine
906 2647 1048 2677 ornanda:

224 2688 272 2718 hic
292 2692 398 2728 spartae
414 2688 571 2728 praefectus
592 2695 680 2720 antea
694 2689 801 2728 fuerat,
812 2689 941 2722 Jacobus
955 2691 1047 2732 Lopi—

226 2741 296 2772 nus,
306 2734 368 2772 jam
384 2742 462 2764 anno
482 2733 569 2772 1693,
585 2734 624 2765 29
639 2734 850 2775 Decem.,iatis
864 2737 1043 2768 concessit»

1084 2251 1159 2276 tatus
1175 2251 1231 2282 est,
1249 2243 1387 2275 homilias
1401 2243 1475 2274 duas
1505 2245 1534 2274 in
1554 2243 1714 2283 jejunium,
1732 2242 1843 2273 librum
1865 2242 1906 2273 De

1083 2291 1207 2331 Spiritu
1223 2294 1337 2327 saneto,
1348 2292 1378 2319 et
1389 2288 1564 2328 protemium
1573 2288 1788 2318 Commentarii
1797 2288 1826 2317 in
1837 2288 1905 2318 Isa-

1084 2334 1356 2369 iam.Contra,.Ianus
1370 2333 1524 2362 Cornarius
1535 2332 1627 2361 Latini
1639 2333 1780 2361 sermonis
1788 2331 1906 2368 integri-

1084 2381 1175 2408 tatem
1183 2386 1217 2407 ac
1226 2375 1402 2415 elegantiam
1415 2374 1532 2405 videtur
1542 2373 1720 2413 neglexisse,
1733 2378 1762 2404 et
1773 2378 1803 2404 in
1813 2374 1843 2404 id
1856 2383 1906 2404 so-

1084 2422 1144 2453 lum
1170 2420 1354 2457 incubuisse,
1372 2424 1404 2450 ut
1430 2419 1561 2451 Grecam
1587 2419 1765 2450 sententiam
1787 2428 1907 2459 quoquo

1085 2467 1173 2497 modo
1185 2464 1419 2506 expriineret.Et
1429 2464 1551 2504 quidem
1564 2463 1665 2495 Graeca
1674 2463 1793 2495 ﬁdelius
1804 2463 1910 2495 reddi-

1085 2511 1129 2541 dit
1142 2520 1148 2541 :
1159 2510 1212 2541 sed
1228 2509 1334 2540 litterae
1348 2510 1414 2549 plus
1431 2509 1516 2548 justo
1532 2508 1690 2540 serviebat.
1706 2507 1825 2538 Etenim
1841 2516 1909 2538 ver-

1088 2556 1158 2588 bum
1174 2556 1211 2585 de
1225 2553 1315 2585 verbo
1329 2563 1449 2594 semper
1474 2553 1625 2594 exprimit,
1642 2559 1731 2593 atque
1747 2561 1786 2582 ne
1811 2558 1912 2583 trans-

1090 2609 1206 2632 versum
1224 2599 1344 2639 quidem
1362 2608 1489 2638 unguem
1507 2599 1544 2629 ab
1559 2598 1660 2638 inepta
1677 2600 1730 2628 hac
1755 2597 1913 2637 servilique

1088 2644 1304 2685 interpretandi
1320 2644 1434 2674 ratione
1457 2652 1588 2684 unquam
1603 2644 1741 2674 discedit.
1757 2640 1833 2673 Hinc
1848 2643 1914 2681 ejus

1088 2689 1292 2730 interpretatio
1305 2689 1345 2718 ita
1362 2697 1468 2728 aspera
1483 2694 1528 2719 est
1543 2693 1573 2719 et
1584 2688 1673 2729 dura,
1685 2692 1716 2718 ut
1731 2695 1790 2718 una
1804 2691 1854 2717 aut
1866 2686 1913 2718 al-

1089 2740 1153 2766 ters
1163 2736 1270 2775 pagina
1279 2743 1339 2775 pra:
1351 2734 1438 2764 taedio
1450 2733 1509 2773 legi
1520 2734 1565 2764 vix
1580 2733 1686 2774 possit.
1700 2732 1851 2771 Pleraque
1878 2732 1922 2763 Ba

267 2820 308 2856 (α)
324 2818 400 2850 Vide
417 2818 621 2849 Praefationem
639 2819 709 2849 lomi
722 2818 747 2850 ll
764 2819 843 2862 [ltI],
860 2822 874 2862 §
890 2822 967 2862 XIV,
981 2824 1031 2855 ubi
1048 2825 1109 2855 haec
1122 2821 1230 2853 iterum
1244 2820 1337 2858 tangit
1349 2818 1519 2851 Garnerius.
1537 2820 1621 2851 Eoir.
