  <div class='ocr_page' id='page_1' title='image "/cluster/home/n/w/nwhite01/storage/ocr_20150623/29:no.1/coo.31924054873108/195.png"; bbox 0 0 4174 6394; ppageno 0'>
   <div class='ocr_carea' id='block_1_1' title="bbox 466 323 2459 394">
    <p class='ocr_par' dir='ltr' id='par_1_1' title="bbox 466 323 2459 394">
     <span class='ocr_line' id='line_1_1' title="bbox 466 323 2459 394; baseline -0.004 -1"><span class='ocrx_word' id='word_1_1' title='bbox 466 345 670 394; x_wconf 73' lang='lat' dir='ltr'><strong>ccxxx</strong></span> <span class='ocrx_word' id='word_1_2' title='bbox 1867 323 2430 387; x_wconf 74' lang='lat' dir='ltr'><strong>PROLEGOMENA</strong></span> <span class='ocrx_word' id='word_1_3' title='bbox 2449 374 2459 385; x_wconf 94' lang='lat'><strong>.</strong></span> 
     </span>
    </p>
   </div>
   <div class='ocr_carea' id='block_1_2' title="bbox 468 456 3859 540">
    <p class='ocr_par' dir='ltr' id='par_1_2' title="bbox 468 456 3859 540">
     <span class='ocr_line' id='line_1_2' title="bbox 468 456 3859 540; baseline -0.001 -14"><span class='ocrx_word' id='word_1_4' title='bbox 468 474 660 526; x_wconf 92' lang='lat' dir='ltr'><strong>tomos</strong></span> <span class='ocrx_word' id='word_1_5' title='bbox 682 459 1058 538; x_wconf 83' lang='lat' dir='ltr'><strong>divisum,cui</strong></span> <span class='ocrx_word' id='word_1_6' title='bbox 1110 458 1343 519; x_wconf 92' lang='lat' dir='ltr'><strong>titulum</strong></span> <span class='ocrx_word' id='word_1_7' title='bbox 1377 459 1823 528; x_wconf 80' lang='lat' dir='ltr'><strong>fecit,Basilius</strong></span> <span class='ocrx_word' id='word_1_8' title='bbox 1851 458 2112 538; x_wconf 84' lang='lat' dir='ltr'><strong>Magnus</strong></span> <span class='ocrx_word' id='word_1_9' title='bbox 2135 464 2171 511; x_wconf 79' lang='grc' dir='ltr'><strong>Α</strong></span> <span class='ocrx_word' id='word_1_10' title='bbox 2197 456 2353 531; x_wconf 90' lang='lat' dir='ltr'><strong>quod</strong></span> <span class='ocrx_word' id='word_1_11' title='bbox 2377 456 2932 534; x_wconf 85' lang='lat' dir='ltr'><strong>sciam,compareat</strong></span> <span class='ocrx_word' id='word_1_12' title='bbox 2965 458 3262 538; x_wconf 83' lang='lat' dir='ltr'><strong>Equidem</strong></span> <span class='ocrx_word' id='word_1_13' title='bbox 3285 477 3404 520; x_wconf 89' lang='lat' dir='ltr'><strong>non</strong></span> <span class='ocrx_word' id='word_1_14' title='bbox 3423 457 3632 538; x_wconf 85' lang='lat' dir='ltr'><strong>ignoro</strong></span> <span class='ocrx_word' id='word_1_15' title='bbox 3653 479 3859 540; x_wconf 82' lang='lat' dir='ltr'><strong>quam-</strong></span> 
     </span>
    </p>
   </div>
   <div class='ocr_carea' id='block_1_3' title="bbox 465 544 3857 628">
    <p class='ocr_par' dir='ltr' id='par_1_3' title="bbox 465 544 3857 628">
     <span class='ocr_line' id='line_1_3' title="bbox 465 544 3857 628; baseline -0 -14"><span class='ocrx_word' id='word_1_16' title='bbox 465 572 539 615; x_wconf 77' lang='lat' dir='ltr'><strong>ea:</strong></span> <span class='ocrx_word' id='word_1_17' title='bbox 564 559 806 626; x_wconf 78' lang='lat' dir='ltr'><strong>integro</strong></span> <span class='ocrx_word' id='word_1_18' title='bbox 829 553 1188 624; x_wconf 83' lang='lat' dir='ltr'><strong>recensitus,</strong></span> <span class='ocrx_word' id='word_1_19' title='bbox 1221 546 1406 609; x_wconf 84' lang='lat' dir='ltr'><strong>Paris.</strong></span> <span class='ocrx_word' id='word_1_20' title='bbox 1452 549 1618 609; x_wconf 35' lang='lat'><strong>1679.</strong></span> <span class='ocrx_word' id='word_1_21' title='bbox 1649 550 1706 608; x_wconf 92' lang='lat' dir='ltr'><strong>in</strong></span> <span class='ocrx_word' id='word_1_22' title='bbox 1739 551 1803 610; x_wconf 73' lang='lat'><strong>8°</strong></span> <span class='ocrx_word' id='word_1_23' title='bbox 1835 567 1852 621; x_wconf 91' lang='lat'><strong><em>;</em></strong></span> <span class='ocrx_word' id='word_1_24' title='bbox 1883 567 2001 628; x_wconf 89' lang='lat' dir='ltr'><strong>quo</strong></span> <span class='ocrx_word' id='word_1_25' title='bbox 2034 547 2108 608; x_wconf 90' lang='lat' dir='ltr'><strong>de</strong></span> <span class='ocrx_word' id='word_1_26' title='bbox 2197 545 2328 604; x_wconf 90' lang='lat' dir='ltr'><strong>dam</strong></span> <span class='ocrx_word' id='word_1_27' title='bbox 2357 545 2554 606; x_wconf 82' lang='lat' dir='ltr'><strong>Basilii</strong></span> <span class='ocrx_word' id='word_1_28' title='bbox 2576 544 2936 626; x_wconf 72' lang='lat' dir='ltr'><strong>Vitam,quze</strong></span> <span class='ocrx_word' id='word_1_29' title='bbox 2955 546 3422 608; x_wconf 87' lang='lat' dir='ltr'><strong>celeberrimum</strong></span> <span class='ocrx_word' id='word_1_30' title='bbox 3445 549 3857 627; x_wconf 82' lang='lat' dir='ltr'><strong>Ainphilochii</strong></span> 
     </span>
    </p>
   </div>
   <div class='ocr_carea' id='block_1_4' title="bbox 466 635 3852 722">
    <p class='ocr_par' dir='ltr' id='par_1_4' title="bbox 466 635 3852 722">
     <span class='ocr_line' id='line_1_4' title="bbox 466 635 3852 722; baseline -0.002 -19"><span class='ocrx_word' id='word_1_31' title='bbox 466 660 647 722; x_wconf 88' lang='lat' dir='ltr'><strong>opere</strong></span> <span class='ocrx_word' id='word_1_32' title='bbox 664 641 784 719; x_wconf 88' lang='lat' dir='ltr'><strong>jam</strong></span> <span class='ocrx_word' id='word_1_33' title='bbox 802 637 1041 714; x_wconf 88' lang='lat' dir='ltr'><strong>quidem</strong></span> <span class='ocrx_word' id='word_1_34' title='bbox 1065 638 1575 712; x_wconf 87' lang='lat' dir='ltr'><strong>locutussum,sed</strong></span> <span class='ocrx_word' id='word_1_35' title='bbox 1601 638 1675 697; x_wconf 91' lang='lat' dir='ltr'><strong>de</strong></span> <span class='ocrx_word' id='word_1_36' title='bbox 1698 657 1768 698; x_wconf 91' lang='lat' dir='ltr'><strong>eo</strong></span> <span class='ocrx_word' id='word_1_37' title='bbox 1791 637 1886 698; x_wconf 85' lang='lat' dir='ltr'><strong>hic</strong></span> <span class='ocrx_word' id='word_1_38' title='bbox 1907 655 2111 696; x_wconf 85' lang='lat' dir='ltr'><strong>rursus</strong></span> <span class='ocrx_word' id='word_1_39' title='bbox 2200 653 2416 695; x_wconf 85' lang='lat' dir='ltr'><strong>nomen</strong></span> <span class='ocrx_word' id='word_1_40' title='bbox 2454 636 2708 714; x_wconf 61' lang='lat' dir='ltr'><strong>praefert,</strong></span> <span class='ocrx_word' id='word_1_41' title='bbox 2748 655 2863 694; x_wconf 91' lang='lat' dir='ltr'><strong>non</strong></span> <span class='ocrx_word' id='word_1_42' title='bbox 2891 640 2970 697; x_wconf 89' lang='lat' dir='ltr'><strong>ita</strong></span> <span class='ocrx_word' id='word_1_43' title='bbox 3002 636 3235 715; x_wconf 82' lang='lat' dir='ltr'><strong>pridem</strong></span> <span class='ocrx_word' id='word_1_44' title='bbox 3267 655 3300 696; x_wconf 88' lang='lat' dir='ltr'><strong>a</strong></span> <span class='ocrx_word' id='word_1_45' title='bbox 3335 635 3696 698; x_wconf 81' lang='lat' dir='ltr'><strong>Combeiisio</strong></span> <span class='ocrx_word' id='word_1_46' title='bbox 3721 639 3852 699; x_wconf 85' lang='lat' dir='ltr'><strong>edi-</strong></span> 
     </span>
    </p>
   </div>
   <div class='ocr_carea' id='block_1_5' title="bbox 465 723 3856 809">
    <p class='ocr_par' dir='ltr' id='par_1_5' title="bbox 465 723 3856 809">
     <span class='ocr_line' id='line_1_5' title="bbox 465 723 3856 809; baseline -0.001 -18"><span class='ocrx_word' id='word_1_47' title='bbox 465 731 621 809; x_wconf 91' lang='lat' dir='ltr'><strong>loqui</strong></span> <span class='ocrx_word' id='word_1_48' title='bbox 650 729 835 788; x_wconf 88' lang='lat' dir='ltr'><strong>visum</strong></span> <span class='ocrx_word' id='word_1_49' title='bbox 871 737 984 789; x_wconf 91' lang='lat' dir='ltr'><strong>est.</strong></span> <span class='ocrx_word' id='word_1_50' title='bbox 1013 727 1189 787; x_wconf 90' lang='lat' dir='ltr'><strong>Certe</strong></span> <span class='ocrx_word' id='word_1_51' title='bbox 1217 726 1419 786; x_wconf 85' lang='lat' dir='ltr'><strong>mirari</strong></span> <span class='ocrx_word' id='word_1_52' title='bbox 1465 725 1624 786; x_wconf 91' lang='lat' dir='ltr'><strong>subit</strong></span> <span class='ocrx_word' id='word_1_53' title='bbox 1647 726 1753 786; x_wconf 90' lang='lat' dir='ltr'><strong>viri</strong></span> <span class='ocrx_word' id='word_1_54' title='bbox 1787 727 2112 786; x_wconf 90' lang='lat' dir='ltr'><strong>doctissimi</strong></span> <span class='ocrx_word' id='word_1_55' title='bbox 2203 731 2318 782; x_wconf 90' lang='lat' dir='ltr'><strong>tam</strong></span> <span class='ocrx_word' id='word_1_56' title='bbox 2364 723 2548 784; x_wconf 88' lang='lat' dir='ltr'><strong>luisse</strong></span> <span class='ocrx_word' id='word_1_57' title='bbox 2584 745 2598 803; x_wconf 87' lang='lat'>;</span> <span class='ocrx_word' id='word_1_58' title='bbox 2636 724 2736 784; x_wconf 92' lang='lat' dir='ltr'><strong>sed</strong></span> <span class='ocrx_word' id='word_1_59' title='bbox 2770 725 2895 785; x_wconf 68' lang='lat' dir='ltr'><strong>haec</strong></span> <span class='ocrx_word' id='word_1_60' title='bbox 2931 725 3066 784; x_wconf 76' lang='lat' dir='ltr'><strong>Vita</strong></span> <span class='ocrx_word' id='word_1_61' title='bbox 3105 743 3210 802; x_wconf 89' lang='lat' dir='ltr'><strong>pro</strong></span> <span class='ocrx_word' id='word_1_62' title='bbox 3233 725 3438 804; x_wconf 89' lang='lat' dir='ltr'><strong>spuria</strong></span> <span class='ocrx_word' id='word_1_63' title='bbox 3457 734 3635 806; x_wconf 87' lang='lat' dir='ltr'><strong>atque</strong></span> <span class='ocrx_word' id='word_1_64' title='bbox 3656 727 3856 788; x_wconf 90' lang='lat' dir='ltr'><strong>subdi-</strong></span> 
     </span>
    </p>
   </div>
   <div class='ocr_carea' id='block_1_6' title="bbox 465 813 2116 897">
    <p class='ocr_par' dir='ltr' id='par_1_6' title="bbox 465 813 2116 897">
     <span class='ocr_line' id='line_1_6' title="bbox 465 813 2116 897; baseline -0.003 -18"><span class='ocrx_word' id='word_1_65' title='bbox 465 817 798 897; x_wconf 90' lang='lat' dir='ltr'><strong>.mprobum</strong></span> <span class='ocrx_word' id='word_1_66' title='bbox 836 816 1125 876; x_wconf 86' lang='lat' dir='ltr'><strong>laborem:</strong></span> <span class='ocrx_word' id='word_1_67' title='bbox 1155 816 1256 890; x_wconf 85' lang='lat' dir='ltr'><strong>qui</strong></span> <span class='ocrx_word' id='word_1_68' title='bbox 1284 817 1342 875; x_wconf 92' lang='lat' dir='ltr'><strong>in</strong></span> <span class='ocrx_word' id='word_1_69' title='bbox 1392 815 1482 874; x_wconf 83' lang='lat' dir='ltr'><strong>his</strong></span> <span class='ocrx_word' id='word_1_70' title='bbox 1531 813 1760 875; x_wconf 91' lang='lat' dir='ltr'><strong>duebus</strong></span> <span class='ocrx_word' id='word_1_71' title='bbox 1801 815 1974 873; x_wconf 90' lang='lat' dir='ltr'><strong>tomis</strong></span> <span class='ocrx_word' id='word_1_72' title='bbox 1999 833 2116 874; x_wconf 91' lang='lat' dir='ltr'><strong>non</strong></span> 
     </span>
    </p>
   </div>
   <div class='ocr_carea' id='block_1_7' title="bbox 463 903 2100 967">
    <p class='ocr_par' dir='ltr' id='par_1_7' title="bbox 463 903 2100 967">
     <span class='ocr_line' id='line_1_7' title="bbox 463 903 2100 967; baseline -0.003 0"><span class='ocrx_word' id='word_1_73' title='bbox 463 908 640 967; x_wconf 89' lang='lat' dir='ltr'><strong>modo</strong></span> <span class='ocrx_word' id='word_1_74' title='bbox 667 905 880 965; x_wconf 90' lang='lat' dir='ltr'><strong>multas</strong></span> <span class='ocrx_word' id='word_1_75' title='bbox 913 905 1103 964; x_wconf 85' lang='lat' dir='ltr'><strong>varias</strong></span> <span class='ocrx_word' id='word_1_76' title='bbox 1136 904 1424 965; x_wconf 79' lang='lat' dir='ltr'><strong>lectiones</strong></span> <span class='ocrx_word' id='word_1_77' title='bbox 1449 922 1482 963; x_wconf 91' lang='lat' dir='ltr'><strong>a</strong></span> <span class='ocrx_word' id='word_1_78' title='bbox 1506 922 1568 964; x_wconf 86' lang='lat' dir='ltr'><strong>se</strong></span> <span class='ocrx_word' id='word_1_79' title='bbox 1623 923 1655 963; x_wconf 89' lang='lat' dir='ltr'><strong>e</strong></span> <span class='ocrx_word' id='word_1_80' title='bbox 1687 904 1862 964; x_wconf 87' lang='lat' dir='ltr'><strong>variis</strong></span> <span class='ocrx_word' id='word_1_81' title='bbox 1890 903 2100 964; x_wconf 76' lang='lat' dir='ltr'><strong>codici</strong></span> 
     </span>
    </p>
   </div>
   <div class='ocr_carea' id='block_1_8' title="bbox 461 993 2111 1072">
    <p class='ocr_par' dir='ltr' id='par_1_8' title="bbox 461 993 2111 1072">
     <span class='ocr_line' id='line_1_8' title="bbox 461 993 2111 1072; baseline -0.002 -17"><span class='ocrx_word' id='word_1_82' title='bbox 461 994 571 1055; x_wconf 90' lang='lat' dir='ltr'><strong>bns</strong></span> <span class='ocrx_word' id='word_1_83' title='bbox 595 994 872 1055; x_wconf 86' lang='lat' dir='ltr'><strong>collectas</strong></span> <span class='ocrx_word' id='word_1_84' title='bbox 891 993 1100 1065; x_wconf 87' lang='lat' dir='ltr'><strong>edidit,</strong></span> <span class='ocrx_word' id='word_1_85' title='bbox 1123 993 1225 1052; x_wconf 93' lang='lat' dir='ltr'><strong>sed</strong></span> <span class='ocrx_word' id='word_1_86' title='bbox 1255 994 1414 1070; x_wconf 88' lang='lat' dir='ltr'><strong>ipsas</strong></span> <span class='ocrx_word' id='word_1_87' title='bbox 1439 993 1614 1052; x_wconf 89' lang='lat' dir='ltr'><strong>etiam</strong></span> <span class='ocrx_word' id='word_1_88' title='bbox 1639 996 1910 1072; x_wconf 84' lang='lat' dir='ltr'><strong>antiquas</strong></span> <span class='ocrx_word' id='word_1_89' title='bbox 1936 993 2111 1052; x_wconf 87' lang='lat' dir='ltr'><strong>inter-</strong></span> 
     </span>
    </p>
   </div>
   <div class='ocr_carea' id='block_1_9' title="bbox 499 1080 2109 1157">
    <p class='ocr_par' dir='ltr' id='par_1_9' title="bbox 499 1080 2109 1157">
     <span class='ocr_line' id='line_1_9' title="bbox 499 1080 2109 1157; baseline -0.002 -13"><span class='ocrx_word' id='word_1_90' title='bbox 499 1085 822 1146; x_wconf 86' lang='lat' dir='ltr'><strong>retationes</strong></span> <span class='ocrx_word' id='word_1_91' title='bbox 841 1081 1147 1143; x_wconf 82' lang='lat' dir='ltr'><strong>sexcentis</strong></span> <span class='ocrx_word' id='word_1_92' title='bbox 1171 1082 1318 1142; x_wconf 88' lang='lat' dir='ltr'><strong>locis</strong></span> <span class='ocrx_word' id='word_1_93' title='bbox 1345 1080 1782 1142; x_wconf 88' lang='lat' dir='ltr'><strong>emendavit.ld</strong></span> <span class='ocrx_word' id='word_1_94' title='bbox 1808 1098 1956 1157; x_wconf 93' lang='lat' dir='ltr'><strong>opus</strong></span> <span class='ocrx_word' id='word_1_95' title='bbox 1979 1100 2109 1141; x_wconf 86' lang='lat' dir='ltr'><strong>cum</strong></span> 
     </span>
    </p>
   </div>
   <div class='ocr_carea' id='block_1_10' title="bbox 459 1103 2114 1243">
    <p class='ocr_par' dir='ltr' id='par_1_10' title="bbox 459 1103 2114 1243">
     <span class='ocr_line' id='line_1_10' title="bbox 499 1103 2109 1157; baseline -0.002 -13"><span class='ocrx_word' id='word_1_96' title='bbox 499 1103 822 1146; x_wconf 80' lang='lat' dir='ltr'><strong>relationes</strong></span> <span class='ocrx_word' id='word_1_97' title='bbox 841 1103 1147 1143; x_wconf 69' lang='lat' dir='ltr'><strong>SCXCBHUS</strong></span> <span class='ocrx_word' id='word_1_98' title='bbox 1171 1103 1318 1142; x_wconf 85' lang='lat' dir='ltr'><strong>lOClS</strong></span> <span class='ocrx_word' id='word_1_99' title='bbox 1345 1103 1782 1142; x_wconf 55' lang='lat' dir='ltr'><strong>emennavunu</strong></span> <span class='ocrx_word' id='word_1_100' title='bbox 1808 1103 1956 1157; x_wconf 87' lang='lat' dir='ltr'><strong>opus</strong></span> <span class='ocrx_word' id='word_1_101' title='bbox 1979 1103 2109 1141; x_wconf 87' lang='lat' dir='ltr'><strong>cum</strong></span> 
     </span>
     <span class='ocr_line' id='line_1_11' title="bbox 459 1103 2114 1243; baseline -0.002 -18"><span class='ocrx_word' id='word_1_102' title='bbox 459 1103 746 1243; x_wconf 47' lang='lat' dir='ltr'><strong>llegerem,</strong></span> <span class='ocrx_word' id='word_1_103' title='bbox 782 1161 975 1222; x_wconf 89' lang='lat' dir='ltr'><strong>notavi</strong></span> <span class='ocrx_word' id='word_1_104' title='bbox 1008 1162 1164 1241; x_wconf 84' lang='lat' dir='ltr'><strong>quod</strong></span> <span class='ocrx_word' id='word_1_105' title='bbox 1213 1161 1457 1240; x_wconf 88' lang='lat' dir='ltr'><strong>aliijam</strong></span> <span class='ocrx_word' id='word_1_106' title='bbox 1495 1170 1792 1236; x_wconf 89' lang='lat' dir='ltr'><strong>notarant,</strong></span> <span class='ocrx_word' id='word_1_107' title='bbox 1825 1161 2114 1223; x_wconf 86' lang='lat' dir='ltr'><strong>Combeli-</strong></span> 
     </span>
    </p>
   </div>
   <div class='ocr_carea' id='block_1_11' title="bbox 460 1248 2104 1330">
    <p class='ocr_par' dir='ltr' id='par_1_11' title="bbox 460 1248 2104 1330">
     <span class='ocr_line' id='line_1_12' title="bbox 460 1248 2104 1330; baseline -0.002 -17"><span class='ocrx_word' id='word_1_108' title='bbox 460 1253 613 1313; x_wconf 90' lang='lat' dir='ltr'><strong>sium</strong></span> <span class='ocrx_word' id='word_1_109' title='bbox 632 1253 887 1330; x_wconf 78' lang='lat' dir='ltr'><strong>linguam</strong></span> <span class='ocrx_word' id='word_1_110' title='bbox 913 1250 1151 1330; x_wconf 79' lang='lat' dir='ltr'><strong>quidem</strong></span> <span class='ocrx_word' id='word_1_111' title='bbox 1174 1248 1437 1312; x_wconf 67' lang='lat' dir='ltr'><strong>Graecam</strong></span> <span class='ocrx_word' id='word_1_112' title='bbox 1463 1250 1920 1328; x_wconf 83' lang='lat' dir='ltr'><strong>diligentissime</strong></span> <span class='ocrx_word' id='word_1_113' title='bbox 1939 1267 2104 1311; x_wconf 79' lang='lat' dir='ltr'><strong>exco-</strong></span> 
     </span>
    </p>
   </div>
   <div class='ocr_carea' id='block_1_12' title="bbox 461 1338 2110 1419">
    <p class='ocr_par' dir='ltr' id='par_1_12' title="bbox 461 1338 2110 1419">
     <span class='ocr_line' id='line_1_13' title="bbox 461 1338 2110 1419; baseline -0.002 -16"><span class='ocrx_word' id='word_1_114' title='bbox 461 1342 669 1416; x_wconf 87' lang='lat' dir='ltr'><strong>luisse,</strong></span> <span class='ocrx_word' id='word_1_115' title='bbox 704 1350 762 1401; x_wconf 93' lang='lat' dir='ltr'><strong>et</strong></span> <span class='ocrx_word' id='word_1_116' title='bbox 793 1341 1017 1419; x_wconf 91' lang='lat' dir='ltr'><strong>optime</strong></span> <span class='ocrx_word' id='word_1_117' title='bbox 1043 1339 1310 1400; x_wconf 85' lang='lat' dir='ltr'><strong>scivisse:</strong></span> <span class='ocrx_word' id='word_1_118' title='bbox 1341 1340 1444 1399; x_wconf 89' lang='lat' dir='ltr'><strong>sed</strong></span> <span class='ocrx_word' id='word_1_119' title='bbox 1481 1338 1668 1400; x_wconf 75' lang='lat' dir='ltr'><strong>videri</strong></span> <span class='ocrx_word' id='word_1_120' title='bbox 1699 1338 1964 1400; x_wconf 90' lang='lat' dir='ltr'><strong>Latinam</strong></span> <span class='ocrx_word' id='word_1_121' title='bbox 1993 1358 2110 1399; x_wconf 91' lang='lat' dir='ltr'><strong>non</strong></span> 
     </span>
    </p>
   </div>
   <div class='ocr_carea' id='block_1_13' title="bbox 459 1426 2113 1508">
    <p class='ocr_par' dir='ltr' id='par_1_13' title="bbox 459 1426 2113 1508">
     <span class='ocr_line' id='line_1_14' title="bbox 459 1426 2113 1508; baseline -0.002 -16"><span class='ocrx_word' id='word_1_122' title='bbox 459 1433 538 1494; x_wconf 90' lang='lat' dir='ltr'><strong>ita</strong></span> <span class='ocrx_word' id='word_1_123' title='bbox 574 1429 825 1492; x_wconf 88' lang='lat' dir='ltr'><strong>multum</strong></span> <span class='ocrx_word' id='word_1_124' title='bbox 855 1428 928 1490; x_wconf 88' lang='lat' dir='ltr'><strong>ab</strong></span> <span class='ocrx_word' id='word_1_125' title='bbox 961 1447 1030 1489; x_wconf 92' lang='lat' dir='ltr'><strong>eo</strong></span> <span class='ocrx_word' id='word_1_126' title='bbox 1063 1428 1244 1489; x_wconf 89' lang='lat' dir='ltr'><strong>fuisse</strong></span> <span class='ocrx_word' id='word_1_127' title='bbox 1278 1428 1595 1490; x_wconf 86' lang='lat' dir='ltr'><strong>excultam.</strong></span> <span class='ocrx_word' id='word_1_128' title='bbox 1622 1426 1690 1488; x_wconf 87' lang='lat' dir='ltr'><strong>Et</strong></span> <span class='ocrx_word' id='word_1_129' title='bbox 1717 1427 1952 1508; x_wconf 84' lang='lat' dir='ltr'><strong>quidem</strong></span> <span class='ocrx_word' id='word_1_130' title='bbox 1980 1447 2113 1504; x_wconf 71' lang='lat' dir='ltr'><strong>quae</strong></span> 
     </span>
    </p>
   </div>
   <div class='ocr_carea' id='block_1_14' title="bbox 462 1515 2109 1598">
    <p class='ocr_par' dir='ltr' id='par_1_14' title="bbox 462 1515 2109 1598">
     <span class='ocr_line' id='line_1_15' title="bbox 462 1515 2109 1598; baseline -0.004 -16"><span class='ocrx_word' id='word_1_131' title='bbox 462 1520 666 1583; x_wconf 88' lang='lat' dir='ltr'><strong>Latine</strong></span> <span class='ocrx_word' id='word_1_132' title='bbox 697 1518 955 1598; x_wconf 86' lang='lat' dir='ltr'><strong>scripsit,</strong></span> <span class='ocrx_word' id='word_1_133' title='bbox 994 1535 1063 1576; x_wconf 90' lang='lat' dir='ltr'><strong>eo</strong></span> <span class='ocrx_word' id='word_1_134' title='bbox 1096 1525 1328 1577; x_wconf 84' lang='lat' dir='ltr'><strong>constat</strong></span> <span class='ocrx_word' id='word_1_135' title='bbox 1363 1525 1422 1578; x_wconf 90' lang='lat' dir='ltr'><strong>et</strong></span> <span class='ocrx_word' id='word_1_136' title='bbox 1470 1515 1724 1578; x_wconf 88' lang='lat' dir='ltr'><strong>obscura</strong></span> <span class='ocrx_word' id='word_1_137' title='bbox 1756 1535 1908 1590; x_wconf 84' lang='lat' dir='ltr'><strong>esse,</strong></span> <span class='ocrx_word' id='word_1_138' title='bbox 1947 1526 2004 1577; x_wconf 91' lang='lat' dir='ltr'><strong>et</strong></span> <span class='ocrx_word' id='word_1_139' title='bbox 2036 1517 2109 1576; x_wconf 89' lang='lat' dir='ltr'><strong>ab</strong></span> 
     </span>
    </p>
   </div>
   <div class='ocr_carea' id='block_1_15' title="bbox 463 1607 2110 1689">
    <p class='ocr_par' dir='ltr' id='par_1_15' title="bbox 463 1607 2110 1689">
     <span class='ocr_line' id='line_1_16' title="bbox 463 1607 2110 1689; baseline -0.002 -19"><span class='ocrx_word' id='word_1_140' title='bbox 463 1610 708 1689; x_wconf 88' lang='lat' dir='ltr'><strong>antiqua</strong></span> <span class='ocrx_word' id='word_1_141' title='bbox 738 1607 842 1668; x_wconf 89' lang='lat' dir='ltr'><strong>illa</strong></span> <span class='ocrx_word' id='word_1_142' title='bbox 872 1607 1127 1668; x_wconf 76' lang='lat' dir='ltr'><strong>Romani</strong></span> <span class='ocrx_word' id='word_1_143' title='bbox 1161 1609 1455 1668; x_wconf 88' lang='lat' dir='ltr'><strong>sermonis</strong></span> <span class='ocrx_word' id='word_1_144' title='bbox 1502 1607 1839 1685; x_wconf 88' lang='lat' dir='ltr'><strong>integritate</strong></span> <span class='ocrx_word' id='word_1_145' title='bbox 1869 1626 2110 1686; x_wconf 89' lang='lat' dir='ltr'><strong>prorsus</strong></span> 
     </span>
    </p>
   </div>
   <div class='ocr_carea' id='block_1_16' title="bbox 459 1695 2110 1776">
    <p class='ocr_par' dir='ltr' id='par_1_16' title="bbox 459 1695 2110 1776">
     <span class='ocr_line' id='line_1_17' title="bbox 459 1695 2110 1776; baseline -0.002 -17"><span class='ocrx_word' id='word_1_146' title='bbox 459 1699 674 1759; x_wconf 89' lang='lat' dir='ltr'><strong>aliena.</strong></span> <span class='ocrx_word' id='word_1_147' title='bbox 709 1696 907 1768; x_wconf 82' lang='lat' dir='ltr'><strong>Quare</strong></span> <span class='ocrx_word' id='word_1_148' title='bbox 945 1695 1048 1756; x_wconf 81' lang='lat' dir='ltr'><strong>ubi</strong></span> <span class='ocrx_word' id='word_1_149' title='bbox 1083 1695 1260 1758; x_wconf 85' lang='lat' dir='ltr'><strong>etiam</strong></span> <span class='ocrx_word' id='word_1_150' title='bbox 1330 1697 1558 1776; x_wconf 88' lang='lat' dir='ltr'><strong>priscas</strong></span> <span class='ocrx_word' id='word_1_151' title='bbox 1589 1696 2110 1776; x_wconf 77' lang='lat' dir='ltr'><strong>interpretationes</strong></span> 
     </span>
    </p>
   </div>
   <div class='ocr_carea' id='block_1_17' title="bbox 2201 811 3846 895">
    <p class='ocr_par' dir='ltr' id='par_1_17' title="bbox 2201 811 3846 895">
     <span class='ocr_line' id='line_1_18' title="bbox 2201 811 3846 895; baseline 0.006 -25"><span class='ocrx_word' id='word_1_152' title='bbox 2201 811 2384 871; x_wconf 77' lang='lat' dir='ltr'><strong>titiaa</strong></span> <span class='ocrx_word' id='word_1_153' title='bbox 2417 811 2761 873; x_wconf 90' lang='lat' dir='ltr'><strong>doctissimo</strong></span> <span class='ocrx_word' id='word_1_154' title='bbox 2799 831 3040 891; x_wconf 88' lang='lat' dir='ltr'><strong>quoque</strong></span> <span class='ocrx_word' id='word_1_155' title='bbox 3087 813 3368 881; x_wconf 90' lang='lat' dir='ltr'><strong>habetur.</strong></span> <span class='ocrx_word' id='word_1_156' title='bbox 3435 832 3545 876; x_wconf 88' lang='lat' dir='ltr'><strong>nec</strong></span> <span class='ocrx_word' id='word_1_157' title='bbox 3603 816 3846 895; x_wconf 78' lang='lat' dir='ltr'><strong>injuria.</strong></span> 
     </span>
    </p>
   </div>
   <div class='ocr_carea' id='block_1_18' title="bbox 2201 898 3844 982">
    <p class='ocr_par' dir='ltr' id='par_1_18' title="bbox 2201 898 3844 982">
     <span class='ocr_line' id='line_1_19' title="bbox 2201 898 3844 982; baseline 0.005 -23"><span class='ocrx_word' id='word_1_158' title='bbox 2201 898 2332 960; x_wconf 92' lang='lat' dir='ltr'><strong>Scio</strong></span> <span class='ocrx_word' id='word_1_159' title='bbox 2365 920 2602 980; x_wconf 91' lang='lat' dir='ltr'><strong>quoque</strong></span> <span class='ocrx_word' id='word_1_160' title='bbox 2636 902 2996 962; x_wconf 85' lang='lat' dir='ltr'><strong>mentionem</strong></span> <span class='ocrx_word' id='word_1_161' title='bbox 3045 901 3172 962; x_wconf 89' lang='lat' dir='ltr'><strong>lieri</strong></span> <span class='ocrx_word' id='word_1_162' title='bbox 3231 911 3290 962; x_wconf 92' lang='lat' dir='ltr'><strong>et</strong></span> <span class='ocrx_word' id='word_1_163' title='bbox 3339 904 3495 982; x_wconf 88' lang='lat' dir='ltr'><strong>apud</strong></span> <span class='ocrx_word' id='word_1_164' title='bbox 3558 905 3844 967; x_wconf 85' lang='lat' dir='ltr'><strong>Joannem</strong></span> 
     </span>
    </p>
   </div>
   <div class='ocr_carea' id='block_1_19' title="bbox 2199 987 3846 1072">
    <p class='ocr_par' dir='ltr' id='par_1_19' title="bbox 2199 987 3846 1072">
     <span class='ocr_line' id='line_1_20' title="bbox 2199 987 3846 1072; baseline 0.005 -24"><span class='ocrx_word' id='word_1_165' title='bbox 2199 987 2629 1050; x_wconf 86' lang='lat' dir='ltr'><strong>Damascenum</strong></span> <span class='ocrx_word' id='word_1_166' title='bbox 2649 993 2721 1052; x_wconf 90' lang='lat' dir='ltr'><strong>de</strong></span> <span class='ocrx_word' id='word_1_167' title='bbox 2748 991 2861 1051; x_wconf 90' lang='lat' dir='ltr'><strong>alia</strong></span> <span class='ocrx_word' id='word_1_168' title='bbox 2901 991 3032 1052; x_wconf 88' lang='lat' dir='ltr'><strong>Vita</strong></span> <span class='ocrx_word' id='word_1_169' title='bbox 3056 993 3277 1064; x_wconf 85' lang='lat' dir='ltr'><strong>Basilii,</strong></span> <span class='ocrx_word' id='word_1_170' title='bbox 3301 1011 3432 1072; x_wconf 77' lang='lat' dir='ltr'><strong>quae</strong></span> <span class='ocrx_word' id='word_1_171' title='bbox 3454 993 3846 1072; x_wconf 89' lang='lat' dir='ltr'><strong>ejussucces-</strong></span> 
     </span>
    </p>
   </div>
   <div class='ocr_carea' id='block_1_20' title="bbox 2199 1077 3847 1161">
    <p class='ocr_par' dir='ltr' id='par_1_20' title="bbox 2199 1077 3847 1161">
     <span class='ocr_line' id='line_1_21' title="bbox 2199 1077 3847 1161; baseline 0.004 -25"><span class='ocrx_word' id='word_1_172' title='bbox 2199 1080 2319 1138; x_wconf 90' lang='lat' dir='ltr'><strong>sori</strong></span> <span class='ocrx_word' id='word_1_173' title='bbox 2350 1077 2621 1139; x_wconf 82' lang='lat' dir='ltr'><strong>Helladio</strong></span> <span class='ocrx_word' id='word_1_174' title='bbox 2655 1079 2956 1142; x_wconf 87' lang='lat' dir='ltr'><strong>tribuitur:</strong></span> <span class='ocrx_word' id='word_1_175' title='bbox 2992 1081 3095 1141; x_wconf 92' lang='lat' dir='ltr'><strong>sed</strong></span> <span class='ocrx_word' id='word_1_176' title='bbox 3129 1092 3519 1161; x_wconf 72' lang='lat' dir='ltr'><strong>praeterquam</strong></span> <span class='ocrx_word' id='word_1_177' title='bbox 3553 1084 3710 1161; x_wconf 91' lang='lat' dir='ltr'><strong>quod</strong></span> <span class='ocrx_word' id='word_1_178' title='bbox 3727 1086 3847 1143; x_wconf 81' lang='lat' dir='ltr'><strong>du-</strong></span> 
     </span>
    </p>
   </div>
   <div class='ocr_carea' id='block_1_21' title="bbox 2198 1165 3845 1251">
    <p class='ocr_par' dir='ltr' id='par_1_21' title="bbox 2198 1165 3845 1251">
     <span class='ocr_line' id='line_1_22' title="bbox 2198 1165 3845 1251; baseline 0.005 -27"><span class='ocrx_word' id='word_1_179' title='bbox 2198 1165 2370 1226; x_wconf 87' lang='lat' dir='ltr'><strong>bitari</strong></span> <span class='ocrx_word' id='word_1_180' title='bbox 2409 1169 2616 1228; x_wconf 92' lang='lat' dir='ltr'><strong>merito</strong></span> <span class='ocrx_word' id='word_1_181' title='bbox 2644 1176 2836 1247; x_wconf 87' lang='lat' dir='ltr'><strong>potest</strong></span> <span class='ocrx_word' id='word_1_182' title='bbox 2870 1189 2943 1230; x_wconf 92' lang='lat' dir='ltr'><strong>an</strong></span> <span class='ocrx_word' id='word_1_183' title='bbox 2977 1188 3235 1249; x_wconf 89' lang='lat' dir='ltr'><strong>unquam</strong></span> <span class='ocrx_word' id='word_1_184' title='bbox 3251 1169 3701 1251; x_wconf 80' lang='lat' dir='ltr'><strong>exstiterit,ipsa</strong></span> <span class='ocrx_word' id='word_1_185' title='bbox 3730 1191 3845 1233; x_wconf 89' lang='lat' dir='ltr'><strong>non</strong></span> 
     </span>
    </p>
   </div>
   <div class='ocr_carea' id='block_1_22' title="bbox 2195 1255 3852 1333">
    <p class='ocr_par' dir='ltr' id='par_1_22' title="bbox 2195 1255 3852 1333">
     <span class='ocr_line' id='line_1_23' title="bbox 2195 1255 3852 1333; baseline 0.006 -19"><span class='ocrx_word' id='word_1_186' title='bbox 2195 1255 2450 1333; x_wconf 87' lang='lat' dir='ltr'><strong>amplius</strong></span> <span class='ocrx_word' id='word_1_187' title='bbox 2471 1257 2528 1316; x_wconf 92' lang='lat' dir='ltr'><strong>in</strong></span> <span class='ocrx_word' id='word_1_188' title='bbox 2553 1256 2884 1318; x_wconf 87' lang='lat' dir='ltr'><strong>litterarum</strong></span> <span class='ocrx_word' id='word_1_189' title='bbox 2906 1260 3309 1320; x_wconf 86' lang='lat' dir='ltr'><strong>monumentis</strong></span> <span class='ocrx_word' id='word_1_190' title='bbox 3327 1260 3852 1332; x_wconf 86' lang='lat' dir='ltr'><strong>invenitur.Quare</strong></span> 
     </span>
    </p>
   </div>
   <div class='ocr_carea' id='block_1_23' title="bbox 2195 1344 3845 1430">
    <p class='ocr_par' dir='ltr' id='par_1_23' title="bbox 2195 1344 3845 1430">
     <span class='ocr_line' id='line_1_24' title="bbox 2195 1344 3845 1430; baseline 0.005 -28"><span class='ocrx_word' id='word_1_191' title='bbox 2195 1352 2258 1402; x_wconf 91' lang='lat' dir='ltr'><strong>ut</strong></span> <span class='ocrx_word' id='word_1_192' title='bbox 2283 1345 2394 1404; x_wconf 92' lang='lat' dir='ltr'><strong>hoc</strong></span> <span class='ocrx_word' id='word_1_193' title='bbox 2428 1344 2710 1406; x_wconf 90' lang='lat' dir='ltr'><strong>damnum</strong></span> <span class='ocrx_word' id='word_1_194' title='bbox 2765 1347 3042 1408; x_wconf 86' lang='lat' dir='ltr'><strong>resarciri</strong></span> <span class='ocrx_word' id='word_1_195' title='bbox 3094 1349 3354 1424; x_wconf 91' lang='lat' dir='ltr'><strong>quodam</strong></span> <span class='ocrx_word' id='word_1_196' title='bbox 3407 1349 3586 1410; x_wconf 90' lang='lat' dir='ltr'><strong>modo</strong></span> <span class='ocrx_word' id='word_1_197' title='bbox 3633 1351 3845 1430; x_wconf 90' lang='lat' dir='ltr'><strong>possit,</strong></span> 
     </span>
    </p>
   </div>
   <div class='ocr_carea' id='block_1_24' title="bbox 2196 1434 3846 1519">
    <p class='ocr_par' dir='ltr' id='par_1_24' title="bbox 2196 1434 3846 1519">
     <span class='ocr_line' id='line_1_25' title="bbox 2196 1434 3846 1519; baseline 0.005 -29"><span class='ocrx_word' id='word_1_198' title='bbox 2196 1451 2404 1492; x_wconf 88' lang='lat' dir='ltr'><strong>novam</strong></span> <span class='ocrx_word' id='word_1_199' title='bbox 2436 1435 2635 1495; x_wconf 85' lang='lat' dir='ltr'><strong>Basilii</strong></span> <span class='ocrx_word' id='word_1_200' title='bbox 2677 1434 2876 1497; x_wconf 87' lang='lat' dir='ltr'><strong>Vitam</strong></span> <span class='ocrx_word' id='word_1_201' title='bbox 2918 1437 3247 1516; x_wconf 66' lang='lat' dir='ltr'><strong>praesertim</strong></span> <span class='ocrx_word' id='word_1_202' title='bbox 3293 1456 3364 1499; x_wconf 76' lang='lat' dir='ltr'><strong>ex</strong></span> <span class='ocrx_word' id='word_1_203' title='bbox 3425 1439 3556 1517; x_wconf 89' lang='lat' dir='ltr'><strong>ejus</strong></span> <span class='ocrx_word' id='word_1_204' title='bbox 3609 1440 3846 1519; x_wconf 87' lang='lat' dir='ltr'><strong>scriptis</strong></span> 
     </span>
    </p>
   </div>
   <div class='ocr_carea' id='block_1_25' title="bbox 2194 1520 3154 1586">
    <p class='ocr_par' dir='ltr' id='par_1_25' title="bbox 2194 1520 3154 1586">
     <span class='ocr_line' id='line_1_26' title="bbox 2194 1520 3154 1586; baseline 0.002 -4"><span class='ocrx_word' id='word_1_205' title='bbox 2194 1520 2503 1582; x_wconf 83' lang='lat' dir='ltr'><strong>collectam</strong></span> <span class='ocrx_word' id='word_1_206' title='bbox 2541 1524 2924 1585; x_wconf 87' lang='lat' dir='ltr'><strong>conscribere</strong></span> <span class='ocrx_word' id='word_1_207' title='bbox 2957 1526 3154 1586; x_wconf 88' lang='lat' dir='ltr'><strong>statui.</strong></span> 
     </span>
    </p>
   </div>
   <div class='ocr_carea' id='block_1_26' title="bbox 2279 1611 3846 1697">
    <p class='ocr_par' dir='ltr' id='par_1_26' title="bbox 2279 1611 3846 1697">
     <span class='ocr_line' id='line_1_27' title="bbox 2279 1611 3846 1697; baseline 0.008 -30"><span class='ocrx_word' id='word_1_208' title='bbox 2279 1617 2371 1671; x_wconf 81' lang='grc' dir='ltr'><strong>Η.</strong></span> <span class='ocrx_word' id='word_1_209' title='bbox 2411 1611 2571 1690; x_wconf 79' lang='lat' dir='ltr'><strong>Opus</strong></span> <span class='ocrx_word' id='word_1_210' title='bbox 2604 1620 2788 1673; x_wconf 89' lang='lat' dir='ltr'><strong>totum</strong></span> <span class='ocrx_word' id='word_1_211' title='bbox 2814 1615 2900 1674; x_wconf 92' lang='lat' dir='ltr'><strong>sic</strong></span> <span class='ocrx_word' id='word_1_212' title='bbox 2928 1614 3380 1678; x_wconf 75' lang='lat' dir='ltr'><strong>distribuamus.</strong></span> <span class='ocrx_word' id='word_1_213' title='bbox 3401 1615 3846 1697; x_wconf 88' lang='lat' dir='ltr'><strong>Complectetur</strong></span> 
     </span>
    </p>
   </div>
   <div class='ocr_carea' id='block_1_27' title="bbox 2195 1701 3844 1779">
    <p class='ocr_par' dir='ltr' id='par_1_27' title="bbox 2195 1701 3844 1779">
     <span class='ocr_line' id='line_1_28' title="bbox 2195 1701 3844 1779; baseline 0.007 -21"><span class='ocrx_word' id='word_1_214' title='bbox 2195 1707 2387 1761; x_wconf 92' lang='lat' dir='ltr'><strong>tomus</strong></span> <span class='ocrx_word' id='word_1_215' title='bbox 2420 1701 2947 1779; x_wconf 85' lang='lat' dir='ltr'><strong>primusllomilias</strong></span> <span class='ocrx_word' id='word_1_216' title='bbox 2969 1708 3036 1766; x_wconf 84' lang='lat' dir='ltr'><strong>in</strong></span> <span class='ocrx_word' id='word_1_217' title='bbox 3059 1704 3491 1768; x_wconf 70' lang='lat' dir='ltr'><strong>Hexaemeron</strong></span> <span class='ocrx_word' id='word_1_218' title='bbox 3515 1717 3573 1768; x_wconf 91' lang='lat' dir='ltr'><strong>et</strong></span> <span class='ocrx_word' id='word_1_219' title='bbox 3603 1709 3844 1769; x_wconf 79' lang='lat' dir='ltr'><strong>inPsal-</strong></span> 
     </span>
    </p>
   </div>
   <div class='ocr_carea' id='block_1_28' title="bbox 459 1784 3844 1868">
    <p class='ocr_par' dir='ltr' id='par_1_28' title="bbox 459 1784 3844 1868">
     <span class='ocr_line' id='line_1_29' title="bbox 459 1784 3844 1868; baseline 0.002 -19"><span class='ocrx_word' id='word_1_220' title='bbox 459 1787 738 1857; x_wconf 84' lang='lat' dir='ltr'><strong>correxit,</strong></span> <span class='ocrx_word' id='word_1_221' title='bbox 769 1784 850 1844; x_wconf 92' lang='lat' dir='ltr'><strong>ibi</strong></span> <span class='ocrx_word' id='word_1_222' title='bbox 881 1785 994 1844; x_wconf 90' lang='lat' dir='ltr'><strong>alia</strong></span> <span class='ocrx_word' id='word_1_223' title='bbox 1050 1786 1246 1864; x_wconf 90' lang='lat' dir='ltr'><strong>phrasi</strong></span> <span class='ocrx_word' id='word_1_224' title='bbox 1277 1788 1358 1847; x_wconf 92' lang='lat' dir='ltr'><strong>uti</strong></span> <span class='ocrx_word' id='word_1_225' title='bbox 1393 1797 1636 1847; x_wconf 88' lang='lat' dir='ltr'><strong>coactus</strong></span> <span class='ocrx_word' id='word_1_226' title='bbox 1666 1804 1795 1845; x_wconf 92' lang='lat' dir='ltr'><strong>sum</strong></span> <span class='ocrx_word' id='word_1_227' title='bbox 1829 1806 1842 1845; x_wconf 91' lang='lat'>:</span> <span class='ocrx_word' id='word_1_228' title='bbox 1878 1785 1980 1845; x_wconf 91' lang='lat' dir='ltr'><strong>sed</strong></span> <span class='ocrx_word' id='word_1_229' title='bbox 2017 1795 2104 1845; x_wconf 87' lang='lat' dir='ltr'><strong>ta-</strong></span> <span class='ocrx_word' id='word_1_230' title='bbox 2134 1787 2168 1835; x_wconf 86' lang='grc' dir='ltr'><strong><em>Β</em></strong></span> <span class='ocrx_word' id='word_1_231' title='bbox 2191 1806 2342 1868; x_wconf 85' lang='lat' dir='ltr'><strong>mos,</strong></span> <span class='ocrx_word' id='word_1_232' title='bbox 2369 1788 2554 1850; x_wconf 90' lang='lat' dir='ltr'><strong>libros</strong></span> <span class='ocrx_word' id='word_1_233' title='bbox 2582 1791 3580 1865; x_wconf 82' lang='lat' dir='ltr'><strong>inEunomium,Commentarium</strong></span> <span class='ocrx_word' id='word_1_234' title='bbox 3608 1799 3672 1858; x_wconf 87' lang='lat' dir='ltr'><strong>in</strong></span> <span class='ocrx_word' id='word_1_235' title='bbox 3700 1795 3844 1857; x_wconf 88' lang='lat' dir='ltr'><strong>Isai-</strong></span> 
     </span>
    </p>
   </div>
   <div class='ocr_carea' id='block_1_29' title="bbox 460 1874 2105 1954">
    <p class='ocr_par' dir='ltr' id='par_1_29' title="bbox 460 1874 2105 1954">
     <span class='ocr_line' id='line_1_30' title="bbox 460 1874 2105 1954; baseline -0.002 -17"><span class='ocrx_word' id='word_1_236' title='bbox 460 1895 596 1938; x_wconf 90' lang='lat' dir='ltr'><strong>men</strong></span> <span class='ocrx_word' id='word_1_237' title='bbox 632 1877 817 1934; x_wconf 90' lang='lat' dir='ltr'><strong>virum</strong></span> <span class='ocrx_word' id='word_1_238' title='bbox 851 1874 1319 1935; x_wconf 86' lang='lat' dir='ltr'><strong>eruditissimum</strong></span> <span class='ocrx_word' id='word_1_239' title='bbox 1356 1885 1494 1936; x_wconf 92' lang='lat' dir='ltr'><strong>tunc</strong></span> <span class='ocrx_word' id='word_1_240' title='bbox 1551 1895 1791 1954; x_wconf 87' lang='lat' dir='ltr'><strong>quoque</strong></span> <span class='ocrx_word' id='word_1_241' title='bbox 1853 1875 2105 1934; x_wconf 88' lang='lat' dir='ltr'><strong>maximo</strong></span> 
     </span>
    </p>
   </div>
   <div class='ocr_carea' id='block_1_30' title="bbox 459 1963 2105 2044">
    <p class='ocr_par' dir='ltr' id='par_1_30' title="bbox 459 1963 2105 2044">
     <span class='ocr_line' id='line_1_31' title="bbox 459 1963 2105 2044; baseline -0.003 -18"><span class='ocrx_word' id='word_1_242' title='bbox 459 1965 602 2026; x_wconf 91' lang='lat' dir='ltr'><strong>mihi</strong></span> <span class='ocrx_word' id='word_1_243' title='bbox 628 1964 970 2044; x_wconf 90' lang='lat' dir='ltr'><strong>adjumento</strong></span> <span class='ocrx_word' id='word_1_244' title='bbox 1003 1965 1185 2026; x_wconf 88' lang='lat' dir='ltr'><strong>fuisse</strong></span> <span class='ocrx_word' id='word_1_245' title='bbox 1219 1965 1478 2043; x_wconf 76' lang='lat' dir='ltr'><strong>ingenue</strong></span> <span class='ocrx_word' id='word_1_246' title='bbox 1508 1963 1762 2036; x_wconf 88' lang='lat' dir='ltr'><strong>fatebor,</strong></span> <span class='ocrx_word' id='word_1_247' title='bbox 1803 1983 1934 2024; x_wconf 92' lang='lat' dir='ltr'><strong>cum</strong></span> <span class='ocrx_word' id='word_1_248' title='bbox 1965 1964 2105 2022; x_wconf 89' lang='lat' dir='ltr'><strong>mihi</strong></span> 
     </span>
    </p>
   </div>
   <div class='ocr_carea' id='block_1_31' title="bbox 457 2052 2102 2133">
    <p class='ocr_par' dir='ltr' id='par_1_31' title="bbox 457 2052 2102 2133">
     <span class='ocr_line' id='line_1_32' title="bbox 457 2052 2102 2133; baseline -0.001 -19"><span class='ocrx_word' id='word_1_249' title='bbox 457 2054 548 2114; x_wconf 91' lang='lat' dir='ltr'><strong>his</strong></span> <span class='ocrx_word' id='word_1_250' title='bbox 579 2054 637 2113; x_wconf 93' lang='lat' dir='ltr'><strong>in</strong></span> <span class='ocrx_word' id='word_1_251' title='bbox 669 2053 819 2114; x_wconf 88' lang='lat' dir='ltr'><strong>locis</strong></span> <span class='ocrx_word' id='word_1_252' title='bbox 847 2052 1036 2113; x_wconf 84' lang='lat' dir='ltr'><strong>facem</strong></span> <span class='ocrx_word' id='word_1_253' title='bbox 1071 2054 1379 2133; x_wconf 71' lang='lat' dir='ltr'><strong>prteferret</strong></span> <span class='ocrx_word' id='word_1_254' title='bbox 1405 2054 1476 2113; x_wconf 87' lang='lat' dir='ltr'><strong>ad</strong></span> <span class='ocrx_word' id='word_1_255' title='bbox 1527 2056 1862 2115; x_wconf 67' lang='lat' dir='ltr'><strong>Griecarum</strong></span> <span class='ocrx_word' id='word_1_256' title='bbox 1899 2071 2102 2114; x_wconf 90' lang='lat' dir='ltr'><strong>vocem</strong></span> 
     </span>
    </p>
   </div>
   <div class='ocr_carea' id='block_1_32' title="bbox 457 2141 2101 2221">
    <p class='ocr_par' dir='ltr' id='par_1_32' title="bbox 457 2141 2101 2221">
     <span class='ocr_line' id='line_1_33' title="bbox 457 2141 2101 2221; baseline -0.001 -19"><span class='ocrx_word' id='word_1_257' title='bbox 457 2142 849 2221; x_wconf 86' lang='lat' dir='ltr'><strong>detegendam</strong></span> <span class='ocrx_word' id='word_1_258' title='bbox 902 2141 1284 2202; x_wconf 90' lang='lat' dir='ltr'><strong>sententiam.</strong></span> <span class='ocrx_word' id='word_1_259' title='bbox 1352 2141 1495 2204; x_wconf 86' lang='lat' dir='ltr'><strong>Cum</strong></span> <span class='ocrx_word' id='word_1_260' title='bbox 1530 2142 1889 2203; x_wconf 88' lang='lat' dir='ltr'><strong>audivissem</strong></span> <span class='ocrx_word' id='word_1_261' title='bbox 1942 2161 2101 2216; x_wconf 91' lang='lat' dir='ltr'><strong>eum,</strong></span> 
     </span>
    </p>
   </div>
   <div class='ocr_carea' id='block_1_33' title="bbox 454 2230 2108 2311">
    <p class='ocr_par' dir='ltr' id='par_1_33' title="bbox 454 2230 2108 2311">
     <span class='ocr_line' id='line_1_34' title="bbox 454 2230 2108 2311; baseline 0 -21"><span class='ocrx_word' id='word_1_262' title='bbox 454 2250 634 2311; x_wconf 90' lang='lat' dir='ltr'><strong>quem</strong></span> <span class='ocrx_word' id='word_1_263' title='bbox 665 2230 882 2310; x_wconf 66' lang='lat' dir='ltr'><strong>saepius</strong></span> <span class='ocrx_word' id='word_1_264' title='bbox 914 2230 1238 2300; x_wconf 83' lang='lat' dir='ltr'><strong>nominavi,</strong></span> <span class='ocrx_word' id='word_1_265' title='bbox 1265 2231 1452 2290; x_wconf 88' lang='lat' dir='ltr'><strong>virum</strong></span> <span class='ocrx_word' id='word_1_266' title='bbox 1485 2232 1898 2291; x_wconf 86' lang='lat' dir='ltr'><strong>doctissimum</strong></span> <span class='ocrx_word' id='word_1_267' title='bbox 1933 2232 2108 2292; x_wconf 89' lang='lat' dir='ltr'><strong>Com-</strong></span> 
     </span>
    </p>
   </div>
   <div class='ocr_carea' id='block_1_34' title="bbox 459 2319 2103 2400">
    <p class='ocr_par' dir='ltr' id='par_1_34' title="bbox 459 2319 2103 2400">
     <span class='ocr_line' id='line_1_35' title="bbox 459 2319 2103 2400; baseline -0.001 -19"><span class='ocrx_word' id='word_1_268' title='bbox 459 2320 732 2381; x_wconf 84' lang='lat' dir='ltr'><strong>beiisium</strong></span> <span class='ocrx_word' id='word_1_269' title='bbox 749 2338 816 2380; x_wconf 81' lang='lat' dir='ltr'><strong>ex</strong></span> <span class='ocrx_word' id='word_1_270' title='bbox 843 2337 985 2382; x_wconf 85' lang='lat' dir='ltr'><strong>mss.</strong></span> <span class='ocrx_word' id='word_1_271' title='bbox 1012 2319 1320 2380; x_wconf 89' lang='lat' dir='ltr'><strong>codicibus</strong></span> <span class='ocrx_word' id='word_1_272' title='bbox 1338 2338 1659 2399; x_wconf 83' lang='lat' dir='ltr'><strong>excerpere</strong></span> <span class='ocrx_word' id='word_1_273' title='bbox 1685 2321 1922 2380; x_wconf 90' lang='lat' dir='ltr'><strong>solitum</strong></span> <span class='ocrx_word' id='word_1_274' title='bbox 1947 2319 2103 2400; x_wconf 92' lang='lat' dir='ltr'><strong>quod</strong></span> 
     </span>
    </p>
   </div>
   <div class='ocr_carea' id='block_1_35' title="bbox 459 2409 2103 2488">
    <p class='ocr_par' dir='ltr' id='par_1_35' title="bbox 459 2409 2103 2488">
     <span class='ocr_line' id='line_1_36' title="bbox 459 2409 2103 2488; baseline -0.001 -19"><span class='ocrx_word' id='word_1_275' title='bbox 459 2409 691 2481; x_wconf 88' lang='lat' dir='ltr'><strong>liberet,</strong></span> <span class='ocrx_word' id='word_1_276' title='bbox 719 2409 1060 2488; x_wconf 90' lang='lat' dir='ltr'><strong>relinquere</strong></span> <span class='ocrx_word' id='word_1_277' title='bbox 1092 2409 1248 2488; x_wconf 90' lang='lat' dir='ltr'><strong>quod</strong></span> <span class='ocrx_word' id='word_1_278' title='bbox 1299 2409 1666 2488; x_wconf 78' lang='lat' dir='ltr'><strong>displiceret,</strong></span> <span class='ocrx_word' id='word_1_279' title='bbox 1732 2410 1976 2471; x_wconf 85' lang='lat' dir='ltr'><strong>collatos</strong></span> <span class='ocrx_word' id='word_1_280' title='bbox 2030 2415 2103 2468; x_wconf 87' lang='lat' dir='ltr'><strong>ab</strong></span> 
     </span>
    </p>
   </div>
   <div class='ocr_carea' id='block_1_36' title="bbox 455 2497 2102 2578">
    <p class='ocr_par' dir='ltr' id='par_1_36' title="bbox 455 2497 2102 2578">
     <span class='ocr_line' id='line_1_37' title="bbox 455 2497 2102 2578; baseline 0.001 -21"><span class='ocrx_word' id='word_1_281' title='bbox 455 2499 585 2576; x_wconf 89' lang='lat' dir='ltr'><strong>ipso</strong></span> <span class='ocrx_word' id='word_1_282' title='bbox 615 2507 842 2558; x_wconf 86' lang='lat' dir='ltr'><strong>veteres</strong></span> <span class='ocrx_word' id='word_1_283' title='bbox 885 2497 1066 2558; x_wconf 89' lang='lat' dir='ltr'><strong>libros</strong></span> <span class='ocrx_word' id='word_1_284' title='bbox 1115 2516 1320 2558; x_wconf 89' lang='lat' dir='ltr'><strong>rursus</strong></span> <span class='ocrx_word' id='word_1_285' title='bbox 1371 2507 1470 2559; x_wconf 90' lang='lat' dir='ltr'><strong>aut</strong></span> <span class='ocrx_word' id='word_1_286' title='bbox 1515 2499 1738 2559; x_wconf 90' lang='lat' dir='ltr'><strong>contuli</strong></span> <span class='ocrx_word' id='word_1_287' title='bbox 1789 2499 1940 2578; x_wconf 91' lang='lat' dir='ltr'><strong>ipse,</strong></span> <span class='ocrx_word' id='word_1_288' title='bbox 1999 2513 2102 2559; x_wconf 87' lang='lat' dir='ltr'><strong>aut</strong></span> 
     </span>
    </p>
   </div>
   <div class='ocr_carea' id='block_1_37' title="bbox 455 2585 2102 2668">
    <p class='ocr_par' dir='ltr' id='par_1_37' title="bbox 455 2585 2102 2668">
     <span class='ocr_line' id='line_1_38' title="bbox 455 2585 2102 2668; baseline -0.001 -20"><span class='ocrx_word' id='word_1_289' title='bbox 455 2585 850 2648; x_wconf 82' lang='lat' dir='ltr'><strong>conferendas</strong></span> <span class='ocrx_word' id='word_1_290' title='bbox 883 2587 1125 2660; x_wconf 86' lang='lat' dir='ltr'><strong>curavi;</strong></span> <span class='ocrx_word' id='word_1_291' title='bbox 1161 2604 1272 2647; x_wconf 91' lang='lat' dir='ltr'><strong>nec</strong></span> <span class='ocrx_word' id='word_1_292' title='bbox 1309 2604 1478 2662; x_wconf 85' lang='lat' dir='ltr'><strong>sane,</strong></span> <span class='ocrx_word' id='word_1_293' title='bbox 1541 2595 1604 2646; x_wconf 94' lang='lat' dir='ltr'><strong>ut</strong></span> <span class='ocrx_word' id='word_1_294' title='bbox 1663 2586 1806 2660; x_wconf 84' lang='lat' dir='ltr'><strong>dixi,</strong></span> <span class='ocrx_word' id='word_1_295' title='bbox 1869 2596 2102 2668; x_wconf 87' lang='lat' dir='ltr'><strong>tempus</strong></span> 
     </span>
    </p>
   </div>
   <div class='ocr_carea' id='block_1_38' title="bbox 455 2676 850 2757">
    <p class='ocr_par' dir='ltr' id='par_1_38' title="bbox 455 2676 850 2757">
     <span class='ocr_line' id='line_1_39' title="bbox 455 2676 850 2757; baseline -0.008 -20"><span class='ocrx_word' id='word_1_296' title='bbox 455 2676 850 2757; x_wconf 89' lang='lat' dir='ltr'><strong>perdidimus.</strong></span> 
     </span>
    </p>
   </div>
   <div class='ocr_carea' id='block_1_39' title="bbox 535 2763 2099 2845">
    <p class='ocr_par' dir='ltr' id='par_1_39' title="bbox 535 2763 2099 2845">
     <span class='ocr_line' id='line_1_40' title="bbox 535 2763 2099 2845; baseline -0.001 -19"><span class='ocrx_word' id='word_1_297' title='bbox 535 2767 594 2826; x_wconf 87' lang='lat'><strong>9.</strong></span> <span class='ocrx_word' id='word_1_298' title='bbox 631 2767 800 2826; x_wconf 90' lang='lat' dir='ltr'><strong>Nunc</strong></span> <span class='ocrx_word' id='word_1_299' title='bbox 830 2765 906 2825; x_wconf 87' lang='lat' dir='ltr'><strong>de</strong></span> <span class='ocrx_word' id='word_1_300' title='bbox 926 2763 1256 2845; x_wconf 86' lang='lat' dir='ltr'><strong>anecdotis,</strong></span> <span class='ocrx_word' id='word_1_301' title='bbox 1281 2765 1475 2844; x_wconf 88' lang='lat' dir='ltr'><strong>deque</strong></span> <span class='ocrx_word' id='word_1_302' title='bbox 1502 2763 1706 2825; x_wconf 91' lang='lat' dir='ltr'><strong>Basilii</strong></span> <span class='ocrx_word' id='word_1_303' title='bbox 1750 2763 1885 2825; x_wconf 86' lang='lat' dir='ltr'><strong>Vita</strong></span> <span class='ocrx_word' id='word_1_304' title='bbox 1927 2765 2099 2843; x_wconf 89' lang='lat' dir='ltr'><strong>paulo</strong></span> 
     </span>
    </p>
   </div>
   <div class='ocr_carea' id='block_1_40' title="bbox 452 2854 2098 2933">
    <p class='ocr_par' dir='ltr' id='par_1_40' title="bbox 452 2854 2098 2933">
     <span class='ocr_line' id='line_1_41' title="bbox 452 2854 2098 2933; baseline -0.003 -16"><span class='ocrx_word' id='word_1_305' title='bbox 452 2858 640 2917; x_wconf 82' lang='lat' dir='ltr'><strong>fusius</strong></span> <span class='ocrx_word' id='word_1_306' title='bbox 667 2854 1108 2916; x_wconf 86' lang='lat' dir='ltr'><strong>disserendum.</strong></span> <span class='ocrx_word' id='word_1_307' title='bbox 1137 2857 1222 2916; x_wconf 88' lang='lat' dir='ltr'><strong>lta</strong></span> <span class='ocrx_word' id='word_1_308' title='bbox 1238 2865 1648 2933; x_wconf 88' lang='lat' dir='ltr'><strong>comparatum</strong></span> <span class='ocrx_word' id='word_1_309' title='bbox 1672 2863 1760 2914; x_wconf 93' lang='lat' dir='ltr'><strong>est</strong></span> <span class='ocrx_word' id='word_1_310' title='bbox 1788 2854 2098 2914; x_wconf 90' lang='lat' dir='ltr'><strong>hominum</strong></span> 
     </span>
    </p>
   </div>
   <div class='ocr_carea' id='block_1_41' title="bbox 452 2942 2096 3025">
    <p class='ocr_par' dir='ltr' id='par_1_41' title="bbox 452 2942 2096 3025">
     <span class='ocr_line' id='line_1_42' title="bbox 452 2942 2096 3025; baseline -0.004 -18"><span class='ocrx_word' id='word_1_311' title='bbox 452 2964 663 3025; x_wconf 86' lang='lat' dir='ltr'><strong>genus,</strong></span> <span class='ocrx_word' id='word_1_312' title='bbox 701 2951 763 3004; x_wconf 92' lang='lat' dir='ltr'><strong>ut</strong></span> <span class='ocrx_word' id='word_1_313' title='bbox 813 2942 1153 3004; x_wconf 80' lang='lat' dir='ltr'><strong>existiment</strong></span> <span class='ocrx_word' id='word_1_314' title='bbox 1187 2961 1395 3003; x_wconf 89' lang='lat' dir='ltr'><strong>novam</strong></span> <span class='ocrx_word' id='word_1_315' title='bbox 1454 2943 1716 3019; x_wconf 84' lang='lat' dir='ltr'><strong>aliquam</strong></span> <span class='ocrx_word' id='word_1_316' title='bbox 1776 2942 2096 3003; x_wconf 89' lang='lat' dir='ltr'><strong>editionem</strong></span> 
     </span>
    </p>
   </div>
   <div class='ocr_carea' id='block_1_42' title="bbox 454 3031 2101 3114">
    <p class='ocr_par' dir='ltr' id='par_1_42' title="bbox 454 3031 2101 3114">
     <span class='ocr_line' id='line_1_43' title="bbox 454 3031 2101 3114; baseline -0.003 -19"><span class='ocrx_word' id='word_1_317' title='bbox 454 3035 775 3114; x_wconf 85' lang='lat' dir='ltr'><strong>plurimum</strong></span> <span class='ocrx_word' id='word_1_318' title='bbox 795 3032 1387 3111; x_wconf 85' lang='lat' dir='ltr'><strong>commendaricopia</strong></span> <span class='ocrx_word' id='word_1_319' title='bbox 1413 3031 2101 3108; x_wconf 81' lang='lat' dir='ltr'><strong>anecdotorutn.Aioigi-</strong></span> 
     </span>
    </p>
   </div>
   <div class='ocr_carea' id='block_1_43' title="bbox 2189 1878 3844 1963">
    <p class='ocr_par' dir='ltr' id='par_1_43' title="bbox 2189 1878 3844 1963">
     <span class='ocr_line' id='line_1_44' title="bbox 2189 1878 3844 1963; baseline 0.004 -27"><span class='ocrx_word' id='word_1_320' title='bbox 2189 1895 2312 1949; x_wconf 80' lang='lat' dir='ltr'><strong>am;</strong></span> <span class='ocrx_word' id='word_1_321' title='bbox 2348 1878 2671 1950; x_wconf 84' lang='lat' dir='ltr'><strong>secundus,</strong></span> <span class='ocrx_word' id='word_1_322' title='bbox 2717 1879 3004 1942; x_wconf 86' lang='lat' dir='ltr'><strong>Homilias</strong></span> <span class='ocrx_word' id='word_1_323' title='bbox 3033 1883 3108 1943; x_wconf 91' lang='lat' dir='ltr'><strong>de</strong></span> <span class='ocrx_word' id='word_1_324' title='bbox 3136 1882 3414 1956; x_wconf 88' lang='lat' dir='ltr'><strong>diversis,</strong></span> <span class='ocrx_word' id='word_1_325' title='bbox 3450 1883 3746 1963; x_wconf 85' lang='lat' dir='ltr'><strong>Ascetica,</strong></span> <span class='ocrx_word' id='word_1_326' title='bbox 3775 1885 3844 1944; x_wconf 84' lang='lat' dir='ltr'><strong>li-</strong></span> 
     </span>
    </p>
   </div>
   <div class='ocr_carea' id='block_1_44' title="bbox 2192 1966 3842 2053">
    <p class='ocr_par' dir='ltr' id='par_1_44' title="bbox 2192 1966 3842 2053">
     <span class='ocr_line' id='line_1_45' title="bbox 2192 1966 3842 2053; baseline 0.005 -29"><span class='ocrx_word' id='word_1_327' title='bbox 2192 1966 2361 2027; x_wconf 89' lang='lat' dir='ltr'><strong>brum</strong></span> <span class='ocrx_word' id='word_1_328' title='bbox 2392 1966 2476 2027; x_wconf 74' lang='lat' dir='ltr'><strong>De</strong></span> <span class='ocrx_word' id='word_1_329' title='bbox 2511 1969 2900 2048; x_wconf 78' lang='lat' dir='ltr'><strong>virginitate,</strong></span> <span class='ocrx_word' id='word_1_330' title='bbox 2926 1970 3110 2031; x_wconf 92' lang='lat' dir='ltr'><strong>libros</strong></span> <span class='ocrx_word' id='word_1_331' title='bbox 3143 1973 3226 2033; x_wconf 77' lang='lat' dir='ltr'><strong>De</strong></span> <span class='ocrx_word' id='word_1_332' title='bbox 3258 1972 3598 2053; x_wconf 82' lang='lat' dir='ltr'><strong>baptismo;</strong></span> <span class='ocrx_word' id='word_1_333' title='bbox 3633 1972 3842 2032; x_wconf 79' lang='lat' dir='ltr'><strong>tertius</strong></span> 
     </span>
    </p>
   </div>
   <div class='ocr_carea' id='block_1_45' title="bbox 2189 2053 3836 2140">
    <p class='ocr_par' dir='ltr' id='par_1_45' title="bbox 2189 2053 3836 2140">
     <span class='ocr_line' id='line_1_46' title="bbox 2189 2053 3836 2140; baseline 0.005 -26"><span class='ocrx_word' id='word_1_334' title='bbox 2189 2053 2405 2115; x_wconf 86' lang='lat' dir='ltr'><strong>librum</strong></span> <span class='ocrx_word' id='word_1_335' title='bbox 2442 2056 2525 2119; x_wconf 82' lang='lat' dir='ltr'><strong>De</strong></span> <span class='ocrx_word' id='word_1_336' title='bbox 2546 2060 2772 2136; x_wconf 78' lang='lat' dir='ltr'><strong>spiritu</strong></span> <span class='ocrx_word' id='word_1_337' title='bbox 2815 2067 3049 2133; x_wconf 82' lang='lat' dir='ltr'><strong>sancto,</strong></span> <span class='ocrx_word' id='word_1_338' title='bbox 3117 2059 3430 2138; x_wconf 85' lang='lat' dir='ltr'><strong>Epistolas,</strong></span> <span class='ocrx_word' id='word_1_339' title='bbox 3491 2061 3836 2140; x_wconf 87' lang='lat' dir='ltr'><strong>Liturgiam,</strong></span> 
     </span>
    </p>
   </div>
   <div class='ocr_carea' id='block_1_46' title="bbox 2195 2143 3842 2229">
    <p class='ocr_par' dir='ltr' id='par_1_46' title="bbox 2195 2143 3842 2229">
     <span class='ocr_line' id='line_1_47' title="bbox 2195 2143 3842 2229; baseline 0.007 -31"><span class='ocrx_word' id='word_1_340' title='bbox 2195 2143 2392 2222; x_wconf 79' lang='lat' dir='ltr'><strong>viginti</strong></span> <span class='ocrx_word' id='word_1_341' title='bbox 2427 2157 2677 2224; x_wconf 86' lang='lat' dir='ltr'><strong>quatuor</strong></span> <span class='ocrx_word' id='word_1_342' title='bbox 2734 2167 3044 2208; x_wconf 89' lang='lat' dir='ltr'><strong>sermones</strong></span> <span class='ocrx_word' id='word_1_343' title='bbox 3097 2150 3394 2211; x_wconf 90' lang='lat' dir='ltr'><strong>Simeonis</strong></span> <span class='ocrx_word' id='word_1_344' title='bbox 3452 2151 3714 2229; x_wconf 84' lang='lat' dir='ltr'><strong>magistri</strong></span> <span class='ocrx_word' id='word_1_345' title='bbox 3775 2168 3842 2210; x_wconf 89' lang='lat' dir='ltr'><strong>ac</strong></span> 
     </span>
    </p>
   </div>
   <div class='ocr_carea' id='block_1_47' title="bbox 2189 2233 3040 2309">
    <p class='ocr_par' dir='ltr' id='par_1_47' title="bbox 2189 2233 3040 2309">
     <span class='ocr_line' id='line_1_48' title="bbox 2189 2233 3040 2309; baseline 0.004 -15"><span class='ocrx_word' id='word_1_346' title='bbox 2189 2233 2555 2309; x_wconf 67' lang='lat' dir='ltr'><strong>Lugothetaa,</strong></span> <span class='ocrx_word' id='word_1_347' title='bbox 2592 2235 2782 2297; x_wconf 87' lang='lat' dir='ltr'><strong>Vitam</strong></span> <span class='ocrx_word' id='word_1_348' title='bbox 2817 2239 3040 2299; x_wconf 89' lang='lat' dir='ltr'><strong>Basilii.</strong></span> 
     </span>
    </p>
   </div>
   <div class='ocr_carea' id='block_1_48' title="bbox 2274 2323 3844 2405">
    <p class='ocr_par' dir='ltr' id='par_1_48' title="bbox 2274 2323 3844 2405">
     <span class='ocr_line' id='line_1_49' title="bbox 2274 2323 3844 2405; baseline 0.006 -27"><span class='ocrx_word' id='word_1_349' title='bbox 2274 2323 2369 2384; x_wconf 75' lang='grc'><strong>12.</strong></span> <span class='ocrx_word' id='word_1_350' title='bbox 2407 2325 2739 2385; x_wconf 89' lang='lat' dir='ltr'><strong>Commune</strong></span> <span class='ocrx_word' id='word_1_351' title='bbox 2766 2326 3005 2405; x_wconf 91' lang='lat' dir='ltr'><strong>quidem</strong></span> <span class='ocrx_word' id='word_1_352' title='bbox 3032 2327 3298 2387; x_wconf 88' lang='lat' dir='ltr'><strong>omnium</strong></span> <span class='ocrx_word' id='word_1_353' title='bbox 3325 2347 3540 2388; x_wconf 92' lang='lat' dir='ltr'><strong>munus</strong></span> <span class='ocrx_word' id='word_1_354' title='bbox 3572 2337 3660 2388; x_wconf 88' lang='lat' dir='ltr'><strong>est</strong></span> <span class='ocrx_word' id='word_1_355' title='bbox 3691 2326 3844 2388; x_wconf 91' lang='lat' dir='ltr'><strong>bene</strong></span> 
     </span>
    </p>
   </div>
   <div class='ocr_carea' id='block_1_49' title="bbox 2189 2412 3843 2498">
    <p class='ocr_par' dir='ltr' id='par_1_49' title="bbox 2189 2412 3843 2498">
     <span class='ocr_line' id='line_1_50' title="bbox 2189 2412 3843 2498; baseline 0.003 -27"><span class='ocrx_word' id='word_1_356' title='bbox 2189 2412 2263 2471; x_wconf 93' lang='lat' dir='ltr'><strong>de</strong></span> <span class='ocrx_word' id='word_1_357' title='bbox 2297 2430 2358 2471; x_wconf 92' lang='lat' dir='ltr'><strong>se</strong></span> <span class='ocrx_word' id='word_1_358' title='bbox 2385 2413 2611 2473; x_wconf 92' lang='lat' dir='ltr'><strong>meritis</strong></span> <span class='ocrx_word' id='word_1_359' title='bbox 2639 2414 2858 2492; x_wconf 87' lang='lat' dir='ltr'><strong>justam</strong></span> <span class='ocrx_word' id='word_1_360' title='bbox 2887 2414 3272 2497; x_wconf 89' lang='lat' dir='ltr'><strong>debitamque</strong></span> <span class='ocrx_word' id='word_1_361' title='bbox 3314 2417 3563 2494; x_wconf 86' lang='lat' dir='ltr'><strong>gratiam</strong></span> <span class='ocrx_word' id='word_1_362' title='bbox 3611 2415 3843 2498; x_wconf 90' lang='lat' dir='ltr'><strong>persol-</strong></span> 
     </span>
    </p>
   </div>
   <div class='ocr_carea' id='block_1_50' title="bbox 2187 2503 3839 2585">
    <p class='ocr_par' dir='ltr' id='par_1_50' title="bbox 2187 2503 3839 2585">
     <span class='ocr_line' id='line_1_51' title="bbox 2187 2503 3839 2585; baseline 0.004 -26"><span class='ocrx_word' id='word_1_363' title='bbox 2187 2517 2326 2561; x_wconf 89' lang='lat' dir='ltr'><strong>vere</strong></span> <span class='ocrx_word' id='word_1_364' title='bbox 2354 2521 2366 2558; x_wconf 79' lang='grc' dir='ltr'><em>τ</em></span> <span class='ocrx_word' id='word_1_365' title='bbox 2399 2503 2728 2564; x_wconf 89' lang='lat' dir='ltr'><strong>hoctameu</strong></span> <span class='ocrx_word' id='word_1_366' title='bbox 2760 2508 2959 2566; x_wconf 90' lang='lat' dir='ltr'><strong>nescio</strong></span> <span class='ocrx_word' id='word_1_367' title='bbox 2984 2508 3284 2585; x_wconf 88' lang='lat' dir='ltr'><strong>quomodo</strong></span> <span class='ocrx_word' id='word_1_368' title='bbox 3317 2508 3502 2582; x_wconf 88' lang='lat' dir='ltr'><strong>magis</strong></span> <span class='ocrx_word' id='word_1_369' title='bbox 3537 2507 3839 2585; x_wconf 89' lang='lat' dir='ltr'><strong>proprium</strong></span> 
     </span>
    </p>
   </div>
   <div class='ocr_carea' id='block_1_51' title="bbox 2183 2589 3840 2672">
    <p class='ocr_par' dir='ltr' id='par_1_51' title="bbox 2183 2589 3840 2672">
     <span class='ocr_line' id='line_1_52' title="bbox 2183 2589 3840 2672; baseline 0.003 -23"><span class='ocrx_word' id='word_1_370' title='bbox 2183 2589 2421 2651; x_wconf 79' lang='lat' dir='ltr'><strong>videtur</strong></span> <span class='ocrx_word' id='word_1_371' title='bbox 2437 2593 3065 2672; x_wconf 77' lang='lat' dir='ltr'><strong>scriptorum.Ergo.ut</strong></span> <span class='ocrx_word' id='word_1_372' title='bbox 3085 2596 3221 2656; x_wconf 88' lang='lat' dir='ltr'><strong>huic</strong></span> <span class='ocrx_word' id='word_1_373' title='bbox 3237 2594 3435 2655; x_wconf 79' lang='lat' dir='ltr'><strong>officio</strong></span> <span class='ocrx_word' id='word_1_374' title='bbox 3454 2593 3660 2654; x_wconf 87' lang='lat' dir='ltr'><strong>faciam</strong></span> <span class='ocrx_word' id='word_1_375' title='bbox 3677 2599 3840 2670; x_wconf 89' lang='lat' dir='ltr'><strong>satis,</strong></span> 
     </span>
    </p>
   </div>
   <div class='ocr_carea' id='block_1_52' title="bbox 2187 2678 3842 2760">
    <p class='ocr_par' dir='ltr' id='par_1_52' title="bbox 2187 2678 3842 2760">
     <span class='ocr_line' id='line_1_53' title="bbox 2187 2678 3842 2760; baseline 0.002 -22"><span class='ocrx_word' id='word_1_376' title='bbox 2187 2678 2442 2740; x_wconf 89' lang='lat' dir='ltr'><strong>libenter</strong></span> <span class='ocrx_word' id='word_1_377' title='bbox 2459 2682 2796 2758; x_wconf 66' lang='lat' dir='ltr'><strong>praedicabo</strong></span> <span class='ocrx_word' id='word_1_378' title='bbox 2824 2681 3116 2744; x_wconf 82' lang='lat' dir='ltr'><strong>beneficia</strong></span> <span class='ocrx_word' id='word_1_379' title='bbox 3137 2683 3473 2760; x_wconf 76' lang='lat' dir='ltr'><strong>eorum,qui</strong></span> <span class='ocrx_word' id='word_1_380' title='bbox 3495 2681 3714 2760; x_wconf 90' lang='lat' dir='ltr'><strong>aliquid</strong></span> <span class='ocrx_word' id='word_1_381' title='bbox 3735 2683 3842 2741; x_wconf 91' lang='lat' dir='ltr'><strong>mi-</strong></span> 
     </span>
    </p>
   </div>
   <div class='ocr_carea' id='block_1_53' title="bbox 2184 2768 3834 2850">
    <p class='ocr_par' dir='ltr' id='par_1_53' title="bbox 2184 2768 3834 2850">
     <span class='ocr_line' id='line_1_54' title="bbox 2184 2768 3834 2850; baseline 0.002 -23"><span class='ocrx_word' id='word_1_382' title='bbox 2184 2768 2242 2827; x_wconf 91' lang='lat' dir='ltr'><strong>hi</strong></span> <span class='ocrx_word' id='word_1_383' title='bbox 2271 2770 2397 2848; x_wconf 88' lang='lat' dir='ltr'><strong>opis</strong></span> <span class='ocrx_word' id='word_1_384' title='bbox 2417 2770 2490 2828; x_wconf 88' lang='lat' dir='ltr'><strong>ad</strong></span> <span class='ocrx_word' id='word_1_385' title='bbox 2527 2789 2736 2830; x_wconf 83' lang='lat' dir='ltr'><strong>novam</strong></span> <span class='ocrx_word' id='word_1_386' title='bbox 2769 2769 2969 2832; x_wconf 88' lang='lat' dir='ltr'><strong>Basilii</strong></span> <span class='ocrx_word' id='word_1_387' title='bbox 3024 2769 3349 2831; x_wconf 90' lang='lat' dir='ltr'><strong>editionem</strong></span> <span class='ocrx_word' id='word_1_388' title='bbox 3403 2771 3834 2850; x_wconf 80' lang='lat' dir='ltr'><strong>perficiendam</strong></span> 
     </span>
    </p>
   </div>
   <div class='ocr_carea' id='block_1_54' title="bbox 2183 2857 3840 2920">
    <p class='ocr_par' dir='ltr' id='par_1_54' title="bbox 2183 2857 3840 2920">
     <span class='ocr_line' id='line_1_55' title="bbox 2183 2857 3840 2920; baseline 0.001 -2"><span class='ocrx_word' id='word_1_389' title='bbox 2183 2858 2514 2920; x_wconf 84' lang='lat' dir='ltr'><strong>contulere.</strong></span> <span class='ocrx_word' id='word_1_390' title='bbox 2544 2859 2808 2920; x_wconf 88' lang='lat' dir='ltr'><strong>Primum</strong></span> <span class='ocrx_word' id='word_1_391' title='bbox 2834 2857 3644 2920; x_wconf 87' lang='lat' dir='ltr'><strong>laudandusDom.llenricus</strong></span> <span class='ocrx_word' id='word_1_392' title='bbox 3663 2863 3840 2920; x_wconf 85' lang='lat' dir='ltr'><strong>Caro-</strong></span> 
     </span>
    </p>
   </div>
   <div class='ocr_carea' id='block_1_55' title="bbox 2185 2945 3842 3025">
    <p class='ocr_par' dir='ltr' id='par_1_55' title="bbox 2185 2945 3842 3025">
     <span class='ocr_line' id='line_1_56' title="bbox 2185 2945 3842 3025; baseline 0.001 -20"><span class='ocrx_word' id='word_1_393' title='bbox 2185 2945 2276 3005; x_wconf 92' lang='lat' dir='ltr'><strong>lus</strong></span> <span class='ocrx_word' id='word_1_394' title='bbox 2299 2945 2378 3006; x_wconf 92' lang='lat' dir='ltr'><strong>du</strong></span> <span class='ocrx_word' id='word_1_395' title='bbox 2397 2945 2683 3008; x_wconf 91' lang='lat' dir='ltr'><strong>Cambout</strong></span> <span class='ocrx_word' id='word_1_396' title='bbox 2703 2945 3152 3019; x_wconf 84' lang='lat' dir='ltr'><strong>deCoislin,dux</strong></span> <span class='ocrx_word' id='word_1_397' title='bbox 3174 2955 3230 3008; x_wconf 91' lang='lat' dir='ltr'><strong>et</strong></span> <span class='ocrx_word' id='word_1_398' title='bbox 3256 2965 3360 3012; x_wconf 77' lang='lat' dir='ltr'><strong>nar</strong></span> <span class='ocrx_word' id='word_1_399' title='bbox 3381 2946 3842 3025; x_wconf 68' lang='lat' dir='ltr'><strong>Franciaa,epis-</strong></span> 
     </span>
    </p>
   </div>
   <div class='ocr_carea' id='block_1_56' title="bbox 2183 3032 3840 3114">
    <p class='ocr_par' dir='ltr' id='par_1_56' title="bbox 2183 3032 3840 3114">
     <span class='ocr_line' id='line_1_57' title="bbox 2183 3032 3840 3114; baseline 0.001 -21"><span class='ocrx_word' id='word_1_400' title='bbox 2183 3051 2367 3113; x_wconf 91' lang='lat' dir='ltr'><strong>copus</strong></span> <span class='ocrx_word' id='word_1_401' title='bbox 2396 3032 2700 3108; x_wconf 78' lang='lat' dir='ltr'><strong>Metensis,</strong></span> <span class='ocrx_word' id='word_1_402' title='bbox 2729 3034 2831 3114; x_wconf 92' lang='lat' dir='ltr'><strong>qui</strong></span> <span class='ocrx_word' id='word_1_403' title='bbox 2885 3033 3307 3096; x_wconf 84' lang='lat' dir='ltr'><strong>bibliothecam</strong></span> <span class='ocrx_word' id='word_1_404' title='bbox 3340 3053 3506 3096; x_wconf 91' lang='lat' dir='ltr'><strong>suam</strong></span> <span class='ocrx_word' id='word_1_405' title='bbox 3551 3053 3684 3096; x_wconf 91' lang='lat' dir='ltr'><strong>cum</strong></span> <span class='ocrx_word' id='word_1_406' title='bbox 3711 3035 3840 3096; x_wconf 88' lang='lat' dir='ltr'><strong>aliis</strong></span> 
     </span>
    </p>
   </div>
   <div class='ocr_carea' id='block_1_57' title="bbox 453 3119 3840 3204">
    <p class='ocr_par' dir='ltr' id='par_1_57' title="bbox 453 3119 3840 3204">
     <span class='ocr_line' id='line_1_58' title="bbox 453 3119 3840 3204; baseline -0.001 -18"><span class='ocrx_word' id='word_1_407' title='bbox 453 3133 548 3186; x_wconf 90' lang='lat' dir='ltr'><strong>tur</strong></span> <span class='ocrx_word' id='word_1_408' title='bbox 569 3124 628 3184; x_wconf 86' lang='lat' dir='ltr'><strong>id</strong></span> <span class='ocrx_word' id='word_1_409' title='bbox 663 3120 997 3182; x_wconf 90' lang='lat' dir='ltr'><strong>ornamenti</strong></span> <span class='ocrx_word' id='word_1_410' title='bbox 1031 3122 1088 3181; x_wconf 91' lang='lat' dir='ltr'><strong>in</strong></span> <span class='ocrx_word' id='word_1_411' title='bbox 1123 3141 1270 3181; x_wconf 87' lang='lat' dir='ltr'><strong>nova</strong></span> <span class='ocrx_word' id='word_1_412' title='bbox 1299 3121 1502 3181; x_wconf 87' lang='lat' dir='ltr'><strong>Basilii</strong></span> <span class='ocrx_word' id='word_1_413' title='bbox 1537 3141 1786 3200; x_wconf 88' lang='lat' dir='ltr'><strong>operum</strong></span> <span class='ocrx_word' id='word_1_414' title='bbox 1827 3119 2156 3195; x_wconf 80' lang='lat' dir='ltr'><strong>editionec</strong></span> <span class='ocrx_word' id='word_1_415' title='bbox 2184 3123 2611 3203; x_wconf 64' lang='lat' dir='ltr'><strong>manustriptis</strong></span> <span class='ocrx_word' id='word_1_416' title='bbox 2643 3131 2766 3184; x_wconf 88' lang='lat' dir='ltr'><strong>tum</strong></span> <span class='ocrx_word' id='word_1_417' title='bbox 2799 3121 3020 3185; x_wconf 58' lang='lat' dir='ltr'><strong>Gracis</strong></span> <span class='ocrx_word' id='word_1_418' title='bbox 3058 3124 3516 3186; x_wconf 84' lang='lat' dir='ltr'><strong>refertissimam</strong></span> <span class='ocrx_word' id='word_1_419' title='bbox 3550 3124 3703 3204; x_wconf 85' lang='lat' dir='ltr'><strong>apud</strong></span> <span class='ocrx_word' id='word_1_420' title='bbox 3731 3142 3840 3184; x_wconf 90' lang='lat' dir='ltr'><strong>nos</strong></span> 
     </span>
    </p>
   </div>
   <div class='ocr_carea' id='block_1_58' title="bbox 455 3209 3836 3292">
    <p class='ocr_par' dir='ltr' id='par_1_58' title="bbox 455 3209 3836 3292">
     <span class='ocr_line' id='line_1_59' title="bbox 455 3209 3836 3292; baseline 0 -19"><span class='ocrx_word' id='word_1_421' title='bbox 455 3219 697 3273; x_wconf 90' lang='lat' dir='ltr'><strong>minime</strong></span> <span class='ocrx_word' id='word_1_422' title='bbox 729 3209 1259 3271; x_wconf 89' lang='lat' dir='ltr'><strong>defuturum.Nova</strong></span> <span class='ocrx_word' id='word_1_423' title='bbox 1283 3211 1441 3272; x_wconf 90' lang='lat' dir='ltr'><strong>enim</strong></span> <span class='ocrx_word' id='word_1_424' title='bbox 1465 3209 2097 3287; x_wconf 85' lang='lat' dir='ltr'><strong>veteribusaddentur,</strong></span> <span class='ocrx_word' id='word_1_425' title='bbox 2189 3210 2564 3290; x_wconf 89' lang='lat' dir='ltr'><strong>deposuit,ut</strong></span> <span class='ocrx_word' id='word_1_426' title='bbox 2589 3231 2655 3272; x_wconf 92' lang='lat' dir='ltr'><strong>ea</strong></span> <span class='ocrx_word' id='word_1_427' title='bbox 2679 3211 2872 3286; x_wconf 92' lang='lat' dir='ltr'><strong>nobis,</strong></span> <span class='ocrx_word' id='word_1_428' title='bbox 2908 3232 3038 3292; x_wconf 68' lang='lat' dir='ltr'><strong>quae</strong></span> <span class='ocrx_word' id='word_1_429' title='bbox 3059 3213 3187 3292; x_wconf 92' lang='lat' dir='ltr'><strong>ejus</strong></span> <span class='ocrx_word' id='word_1_430' title='bbox 3211 3214 3271 3273; x_wconf 94' lang='lat' dir='ltr'><strong>in</strong></span> <span class='ocrx_word' id='word_1_431' title='bbox 3297 3225 3560 3274; x_wconf 82' lang='lat' dir='ltr'><strong>nostram</strong></span> <span class='ocrx_word' id='word_1_432' title='bbox 3585 3231 3836 3290; x_wconf 88' lang='lat' dir='ltr'><strong>congre—</strong></span> 
     </span>
    </p>
   </div>
   <div class='ocr_carea' id='block_1_59' title="bbox 453 3297 3835 3379">
    <p class='ocr_par' dir='ltr' id='par_1_59' title="bbox 453 3297 3835 3379">
     <span class='ocr_line' id='line_1_60' title="bbox 453 3297 3835 3379; baseline -0 -17"><span class='ocrx_word' id='word_1_433' title='bbox 453 3301 782 3379; x_wconf 84' lang='lat' dir='ltr'><strong>fragmenta</strong></span> <span class='ocrx_word' id='word_1_434' title='bbox 831 3298 1123 3378; x_wconf 67' lang='lat' dir='ltr'><strong>quaedam,</strong></span> <span class='ocrx_word' id='word_1_435' title='bbox 1178 3302 1479 3359; x_wconf 88' lang='lat' dir='ltr'><strong>orationes</strong></span> <span class='ocrx_word' id='word_1_436' title='bbox 1533 3299 1776 3377; x_wconf 90' lang='lat' dir='ltr'><strong>aliquot,</strong></span> <span class='ocrx_word' id='word_1_437' title='bbox 1842 3297 2106 3377; x_wconf 74' lang='lat' dir='ltr'><strong>epistulae</strong></span> <span class='ocrx_word' id='word_1_438' title='bbox 2187 3300 2486 3376; x_wconf 84' lang='lat' dir='ltr'><strong>gationem</strong></span> <span class='ocrx_word' id='word_1_439' title='bbox 2508 3298 2926 3362; x_wconf 85' lang='lat' dir='ltr'><strong>benevolentia</strong></span> <span class='ocrx_word' id='word_1_440' title='bbox 2955 3311 3066 3377; x_wconf 88' lang='lat' dir='ltr'><strong>est,</strong></span> <span class='ocrx_word' id='word_1_441' title='bbox 3103 3303 3330 3363; x_wconf 88' lang='lat' dir='ltr'><strong>facilius</strong></span> <span class='ocrx_word' id='word_1_442' title='bbox 3365 3321 3437 3364; x_wconf 89' lang='lat' dir='ltr'><strong>ac</strong></span> <span class='ocrx_word' id='word_1_443' title='bbox 3459 3302 3835 3362; x_wconf 84' lang='lat' dir='ltr'><strong>commodius</strong></span> 
     </span>
    </p>
   </div>
   <div class='ocr_carea' id='block_1_60' title="bbox 455 3387 3834 3467">
    <p class='ocr_par' dir='ltr' id='par_1_60' title="bbox 455 3387 3834 3467">
     <span class='ocr_line' id='line_1_61' title="bbox 455 3387 3834 3467; baseline -0 -16"><span class='ocrx_word' id='word_1_444' title='bbox 455 3388 779 3451; x_wconf 77' lang='lat' dir='ltr'><strong>nonnullae.</strong></span> <span class='ocrx_word' id='word_1_445' title='bbox 815 3387 968 3459; x_wconf 87' lang='lat' dir='ltr'><strong>Quin</strong></span> <span class='ocrx_word' id='word_1_446' title='bbox 1002 3388 1176 3448; x_wconf 88' lang='lat' dir='ltr'><strong>etiam</strong></span> <span class='ocrx_word' id='word_1_447' title='bbox 1212 3407 1282 3450; x_wconf 90' lang='lat' dir='ltr'><strong>ea</strong></span> <span class='ocrx_word' id='word_1_448' title='bbox 1304 3387 1506 3449; x_wconf 89' lang='lat' dir='ltr'><strong>Basilii</strong></span> <span class='ocrx_word' id='word_1_449' title='bbox 1539 3387 1826 3467; x_wconf 89' lang='lat' dir='ltr'><strong>opuscula</strong></span> <span class='ocrx_word' id='word_1_450' title='bbox 1855 3405 1984 3466; x_wconf 69' lang='lat' dir='ltr'><strong>quas</strong></span> <span class='ocrx_word' id='word_1_451' title='bbox 2008 3388 2104 3447; x_wconf 89' lang='lat' dir='ltr'><strong>hic</strong></span> <span class='ocrx_word' id='word_1_452' title='bbox 2187 3389 2271 3449; x_wconf 92' lang='lat' dir='ltr'><strong>uti</strong></span> <span class='ocrx_word' id='word_1_453' title='bbox 2299 3389 2807 3450; x_wconf 79' lang='lat' dir='ltr'><strong>liceret-Laudabo</strong></span> <span class='ocrx_word' id='word_1_454' title='bbox 2833 3389 3834 3452; x_wconf 71' lang='lat' dir='ltr'><strong>etillustrissimumabbatedee</strong></span> 
     </span>
    </p>
   </div>
   <div class='ocr_carea' id='block_1_61' title="bbox 454 3474 3836 3561">
    <p class='ocr_par' dir='ltr' id='par_1_61' title="bbox 454 3474 3836 3561">
     <span class='ocr_line' id='line_1_62' title="bbox 454 3474 3836 3561; baseline 0 -20"><span class='ocrx_word' id='word_1_455' title='bbox 454 3479 575 3541; x_wconf 92' lang='lat' dir='ltr'><strong>illic</strong></span> <span class='ocrx_word' id='word_1_456' title='bbox 606 3495 810 3558; x_wconf 89' lang='lat' dir='ltr'><strong>sparsa</strong></span> <span class='ocrx_word' id='word_1_457' title='bbox 840 3476 1250 3557; x_wconf 87' lang='lat' dir='ltr'><strong>inveniuntur,</strong></span> <span class='ocrx_word' id='word_1_458' title='bbox 1276 3478 1403 3556; x_wconf 89' lang='lat' dir='ltr'><strong>ipsa</strong></span> <span class='ocrx_word' id='word_1_459' title='bbox 1425 3493 1662 3556; x_wconf 89' lang='lat' dir='ltr'><strong>quoque</strong></span> <span class='ocrx_word' id='word_1_460' title='bbox 1689 3495 1796 3537; x_wconf 91' lang='lat' dir='ltr'><strong>suo</strong></span> <span class='ocrx_word' id='word_1_461' title='bbox 1816 3474 2026 3536; x_wconf 87' lang='lat' dir='ltr'><strong>ordine</strong></span> <span class='ocrx_word' id='word_1_462' title='bbox 2045 3483 2104 3536; x_wconf 93' lang='lat' dir='ltr'><strong>et</strong></span> <span class='ocrx_word' id='word_1_463' title='bbox 2187 3478 2458 3552; x_wconf 83' lang='lat' dir='ltr'><strong>Louvois,</strong></span> <span class='ocrx_word' id='word_1_464' title='bbox 2492 3478 2867 3541; x_wconf 71' lang='lat' dir='ltr'><strong>bibliotheca:</strong></span> <span class='ocrx_word' id='word_1_465' title='bbox 2892 3481 3094 3560; x_wconf 84' lang='lat' dir='ltr'><strong>Regiae</strong></span> <span class='ocrx_word' id='word_1_466' title='bbox 3118 3479 3602 3561; x_wconf 65' lang='lat' dir='ltr'><strong>praefectum,qui</strong></span> <span class='ocrx_word' id='word_1_467' title='bbox 3621 3498 3836 3557; x_wconf 78' lang='lat' dir='ltr'><strong>magno</strong></span> 
     </span>
    </p>
   </div>
   <div class='ocr_carea' id='block_1_62' title="bbox 453 3564 3838 3646">
    <p class='ocr_par' dir='ltr' id='par_1_62' title="bbox 453 3564 3838 3646">
     <span class='ocr_line' id='line_1_63' title="bbox 453 3564 3838 3646; baseline 0.001 -16"><span class='ocrx_word' id='word_1_468' title='bbox 453 3571 582 3630; x_wconf 92' lang='lat' dir='ltr'><strong>loco</strong></span> <span class='ocrx_word' id='word_1_469' title='bbox 613 3585 817 3628; x_wconf 88' lang='lat' dir='ltr'><strong>rursus</strong></span> <span class='ocrx_word' id='word_1_470' title='bbox 844 3566 1083 3645; x_wconf 85' lang='lat' dir='ltr'><strong>vulgare</strong></span> <span class='ocrx_word' id='word_1_471' title='bbox 1116 3585 1232 3626; x_wconf 91' lang='lat' dir='ltr'><strong>non</strong></span> <span class='ocrx_word' id='word_1_472' title='bbox 1263 3567 1670 3643; x_wconf 86' lang='lat' dir='ltr'><strong>gravabimnr.</strong></span> <span class='ocrx_word' id='word_1_473' title='bbox 1691 3564 1826 3626; x_wconf 92' lang='lat' dir='ltr'><strong>Scio</strong></span> <span class='ocrx_word' id='word_1_474' title='bbox 1859 3565 2096 3646; x_wconf 91' lang='lat' dir='ltr'><strong>quidem</strong></span> <span class='ocrx_word' id='word_1_475' title='bbox 2187 3567 2524 3628; x_wconf 85' lang='lat' dir='ltr'><strong>litterarum</strong></span> <span class='ocrx_word' id='word_1_476' title='bbox 2559 3575 2617 3628; x_wconf 92' lang='lat' dir='ltr'><strong>et</strong></span> <span class='ocrx_word' id='word_1_477' title='bbox 2644 3568 3040 3630; x_wconf 88' lang='lat' dir='ltr'><strong>litteratorum</strong></span> <span class='ocrx_word' id='word_1_478' title='bbox 3084 3571 3300 3631; x_wconf 89' lang='lat' dir='ltr'><strong>damno</strong></span> <span class='ocrx_word' id='word_1_479' title='bbox 3334 3570 3569 3630; x_wconf 91' lang='lat' dir='ltr'><strong>duobus</strong></span> <span class='ocrx_word' id='word_1_480' title='bbox 3619 3567 3838 3632; x_wconf 80' lang='lat' dir='ltr'><strong>abhinc</strong></span> 
     </span>
    </p>
   </div>
   <div class='ocr_carea' id='block_1_63' title="bbox 453 3654 3836 3739">
    <p class='ocr_par' dir='ltr' id='par_1_63' title="bbox 453 3654 3836 3739">
     <span class='ocr_line' id='line_1_64' title="bbox 453 3654 3836 3739; baseline -0.001 -18"><span class='ocrx_word' id='word_1_481' title='bbox 453 3676 601 3739; x_wconf 91' lang='lat' dir='ltr'><strong>opus</strong></span> <span class='ocrx_word' id='word_1_482' title='bbox 624 3656 895 3718; x_wconf 90' lang='lat' dir='ltr'><strong>Eunomii</strong></span> <span class='ocrx_word' id='word_1_483' title='bbox 919 3658 1164 3735; x_wconf 90' lang='lat' dir='ltr'><strong>dignum</strong></span> <span class='ocrx_word' id='word_1_484' title='bbox 1194 3674 1325 3716; x_wconf 90' lang='lat' dir='ltr'><strong>esse</strong></span> <span class='ocrx_word' id='word_1_485' title='bbox 1352 3654 1620 3716; x_wconf 88' lang='lat' dir='ltr'><strong>tenebris</strong></span> <span class='ocrx_word' id='word_1_486' title='bbox 1663 3661 1869 3734; x_wconf 86' lang='lat' dir='ltr'><strong>magis,</strong></span> <span class='ocrx_word' id='word_1_487' title='bbox 1923 3674 2099 3735; x_wconf 87' lang='lat' dir='ltr'><strong>quam</strong></span> <span class='ocrx_word' id='word_1_488' title='bbox 2183 3657 2377 3732; x_wconf 87' lang='lat' dir='ltr'><strong>annis,</strong></span> <span class='ocrx_word' id='word_1_489' title='bbox 2406 3669 2678 3719; x_wconf 88' lang='lat' dir='ltr'><strong>recusato</strong></span> <span class='ocrx_word' id='word_1_490' title='bbox 2723 3660 3065 3738; x_wconf 89' lang='lat' dir='ltr'><strong>episcopatu</strong></span> <span class='ocrx_word' id='word_1_491' title='bbox 3097 3661 3579 3732; x_wconf 88' lang='lat' dir='ltr'><strong>Claromontano,</strong></span> <span class='ocrx_word' id='word_1_492' title='bbox 3635 3676 3666 3718; x_wconf 92' lang='lat' dir='ltr'><strong>e</strong></span> <span class='ocrx_word' id='word_1_493' title='bbox 3720 3659 3836 3719; x_wconf 86' lang='lat' dir='ltr'><strong>vita</strong></span> 
     </span>
    </p>
   </div>
   <div class='ocr_carea' id='block_1_64' title="bbox 451 3744 3833 3826">
    <p class='ocr_par' dir='ltr' id='par_1_64' title="bbox 451 3744 3833 3826">
     <span class='ocr_line' id='line_1_65' title="bbox 451 3744 3833 3826; baseline -0.001 -17"><span class='ocrx_word' id='word_1_494' title='bbox 451 3749 584 3809; x_wconf 89' lang='lat' dir='ltr'><strong>luce</strong></span> <span class='ocrx_word' id='word_1_495' title='bbox 622 3769 634 3807; x_wconf 87' lang='lat'>:</span> <span class='ocrx_word' id='word_1_496' title='bbox 671 3750 953 3826; x_wconf 87' lang='lat' dir='ltr'><strong>quoniam</strong></span> <span class='ocrx_word' id='word_1_497' title='bbox 1002 3755 1193 3805; x_wconf 90' lang='lat' dir='ltr'><strong>tamen</strong></span> <span class='ocrx_word' id='word_1_498' title='bbox 1227 3744 1299 3806; x_wconf 88' lang='lat' dir='ltr'><strong>ad</strong></span> <span class='ocrx_word' id='word_1_499' title='bbox 1332 3744 1750 3805; x_wconf 88' lang='lat' dir='ltr'><strong>dilucidandos</strong></span> <span class='ocrx_word' id='word_1_500' title='bbox 1801 3744 2003 3806; x_wconf 89' lang='lat' dir='ltr'><strong>Basilii</strong></span> <span class='ocrx_word' id='word_1_501' title='bbox 2035 3747 2099 3807; x_wconf 74' lang='lat' dir='ltr'><strong>in.</strong></span> <span class='ocrx_word' id='word_1_502' title='bbox 2185 3746 2463 3806; x_wconf 81' lang='lat' dir='ltr'><strong>excessit.</strong></span> <span class='ocrx_word' id='word_1_503' title='bbox 2495 3745 2794 3807; x_wconf 87' lang='lat' dir='ltr'><strong>Faverunt</strong></span> <span class='ocrx_word' id='word_1_504' title='bbox 2822 3747 2996 3807; x_wconf 91' lang='lat' dir='ltr'><strong>nobis</strong></span> <span class='ocrx_word' id='word_1_505' title='bbox 3019 3763 3263 3826; x_wconf 90' lang='lat' dir='ltr'><strong>quoque</strong></span> <span class='ocrx_word' id='word_1_506' title='bbox 3299 3745 3575 3817; x_wconf 79' lang='lat' dir='ltr'><strong>maxime,</strong></span> <span class='ocrx_word' id='word_1_507' title='bbox 3624 3744 3833 3822; x_wconf 84' lang='lat' dir='ltr'><strong>Optimi</strong></span> 
     </span>
    </p>
   </div>
   <div class='ocr_carea' id='block_1_65' title="bbox 452 3831 2099 3913">
    <p class='ocr_par' dir='ltr' id='par_1_65' title="bbox 452 3831 2099 3913">
     <span class='ocr_line' id='line_1_66' title="bbox 452 3831 2099 3913; baseline -0.005 -13"><span class='ocrx_word' id='word_1_508' title='bbox 452 3837 826 3899; x_wconf 83' lang='lat' dir='ltr'><strong>Eunomium</strong></span> <span class='ocrx_word' id='word_1_509' title='bbox 849 3834 1034 3894; x_wconf 90' lang='lat' dir='ltr'><strong>libros</strong></span> <span class='ocrx_word' id='word_1_510' title='bbox 1058 3835 1188 3894; x_wconf 92' lang='lat' dir='ltr'><strong>usui</strong></span> <span class='ocrx_word' id='word_1_511' title='bbox 1219 3851 1351 3894; x_wconf 90' lang='lat' dir='ltr'><strong>esse</strong></span> <span class='ocrx_word' id='word_1_512' title='bbox 1381 3843 1595 3913; x_wconf 90' lang='lat' dir='ltr'><strong>potest,</strong></span> <span class='ocrx_word' id='word_1_513' title='bbox 1623 3831 1680 3893; x_wconf 95' lang='lat' dir='ltr'><strong>id</strong></span> <span class='ocrx_word' id='word_1_514' title='bbox 1713 3853 1949 3913; x_wconf 89' lang='lat' dir='ltr'><strong>quoque</strong></span> <span class='ocrx_word' id='word_1_515' title='bbox 1971 3851 2099 3893; x_wconf 89' lang='lat' dir='ltr'><strong>rur-</strong></span> 
     </span>
    </p>
   </div>
   <div class='ocr_carea' id='block_1_66' title="bbox 452 3921 2094 3988">
    <p class='ocr_par' dir='ltr' id='par_1_66' title="bbox 452 3921 2094 3988">
     <span class='ocr_line' id='line_1_67' title="bbox 452 3921 2094 3988; baseline -0.004 0"><span class='ocrx_word' id='word_1_516' title='bbox 452 3947 552 3988; x_wconf 89' lang='lat' dir='ltr'><strong>sus</strong></span> <span class='ocrx_word' id='word_1_517' title='bbox 585 3927 853 3987; x_wconf 84' lang='lat' dir='ltr'><strong>edemus.</strong></span> <span class='ocrx_word' id='word_1_518' title='bbox 879 3925 1101 3987; x_wconf 87' lang='lat' dir='ltr'><strong>Nutum</strong></span> <span class='ocrx_word' id='word_1_519' title='bbox 1136 3927 1232 3984; x_wconf 87' lang='lat' dir='ltr'><strong>est</strong></span> <span class='ocrx_word' id='word_1_520' title='bbox 1275 3921 1552 3982; x_wconf 78' lang='lat' dir='ltr'><strong>Rufinum</strong></span> <span class='ocrx_word' id='word_1_521' title='bbox 1607 3930 1663 3982; x_wconf 91' lang='lat' dir='ltr'><strong>et</strong></span> <span class='ocrx_word' id='word_1_522' title='bbox 1722 3921 2094 3984; x_wconf 80' lang='lat' dir='ltr'><strong>Eustathium</strong></span> 
     </span>
    </p>
   </div>
   <div class='ocr_carea' id='block_1_67' title="bbox 451 4011 2092 4098">
    <p class='ocr_par' dir='ltr' id='par_1_67' title="bbox 451 4011 2092 4098">
     <span class='ocr_line' id='line_1_68' title="bbox 451 4011 2092 4098; baseline -0.004 -20"><span class='ocrx_word' id='word_1_523' title='bbox 451 4018 717 4098; x_wconf 59' lang='lat' dir='ltr'><strong>quasdam</strong></span> <span class='ocrx_word' id='word_1_524' title='bbox 753 4013 1272 4092; x_wconf 88' lang='lat' dir='ltr'><strong>Basiliiscriptain</strong></span> <span class='ocrx_word' id='word_1_525' title='bbox 1317 4012 1576 4089; x_wconf 64' lang='lat' dir='ltr'><strong>linguam</strong></span> <span class='ocrx_word' id='word_1_526' title='bbox 1629 4011 1896 4072; x_wconf 89' lang='lat' dir='ltr'><strong>Latinam</strong></span> <span class='ocrx_word' id='word_1_527' title='bbox 1950 4011 2092 4072; x_wconf 92' lang='lat' dir='ltr'><strong>olim</strong></span> 
     </span>
    </p>
   </div>
   <div class='ocr_carea' id='block_1_68' title="bbox 452 4099 2092 4181">
    <p class='ocr_par' dir='ltr' id='par_1_68' title="bbox 452 4099 2092 4181">
     <span class='ocr_line' id='line_1_69' title="bbox 452 4099 2092 4181; baseline -0.005 -13"><span class='ocrx_word' id='word_1_528' title='bbox 452 4106 826 4168; x_wconf 82' lang='lat' dir='ltr'><strong>transtulisse</strong></span> <span class='ocrx_word' id='word_1_529' title='bbox 861 4123 875 4162; x_wconf 91' lang='lat'><strong>:</strong></span> <span class='ocrx_word' id='word_1_530' title='bbox 911 4117 1165 4181; x_wconf 89' lang='lat' dir='ltr'><strong>quorum</strong></span> <span class='ocrx_word' id='word_1_531' title='bbox 1209 4100 1761 4180; x_wconf 82' lang='lat' dir='ltr'><strong>interpretationem</strong></span> <span class='ocrx_word' id='word_1_532' title='bbox 1824 4099 1896 4159; x_wconf 88' lang='lat' dir='ltr'><strong>ad</strong></span> <span class='ocrx_word' id='word_1_533' title='bbox 1950 4117 2092 4160; x_wconf 83' lang='lat' dir='ltr'><strong>exa-</strong></span> 
     </span>
    </p>
   </div>
   <div class='ocr_carea' id='block_1_69' title="bbox 451 4188 2093 4268">
    <p class='ocr_par' dir='ltr' id='par_1_69' title="bbox 451 4188 2093 4268">
     <span class='ocr_line' id='line_1_70' title="bbox 451 4188 2093 4268; baseline -0.005 -11"><span class='ocrx_word' id='word_1_534' title='bbox 451 4205 613 4257; x_wconf 89' lang='lat' dir='ltr'><strong>ratos</strong></span> <span class='ocrx_word' id='word_1_535' title='bbox 637 4210 814 4253; x_wconf 85' lang='lat' dir='ltr'><strong>mann</strong></span> <span class='ocrx_word' id='word_1_536' title='bbox 845 4191 1027 4251; x_wconf 89' lang='lat' dir='ltr'><strong>libros</strong></span> <span class='ocrx_word' id='word_1_537' title='bbox 1058 4189 1419 4266; x_wconf 83' lang='lat' dir='ltr'><strong>recognitam</strong></span> <span class='ocrx_word' id='word_1_538' title='bbox 1454 4188 1604 4268; x_wconf 82' lang='lat' dir='ltr'><strong>typis</strong></span> <span class='ocrx_word' id='word_1_539' title='bbox 1635 4188 1876 4268; x_wconf 90' lang='lat' dir='ltr'><strong>quidem</strong></span> <span class='ocrx_word' id='word_1_540' title='bbox 1921 4208 2093 4249; x_wconf 92' lang='lat' dir='ltr'><strong>man-</strong></span> 
     </span>
    </p>
   </div>
   <div class='ocr_carea' id='block_1_70' title="bbox 451 4277 2095 4356">
    <p class='ocr_par' dir='ltr' id='par_1_70' title="bbox 451 4277 2095 4356">
     <span class='ocr_line' id='line_1_71' title="bbox 451 4277 2095 4356; baseline -0.005 -12"><span class='ocrx_word' id='word_1_541' title='bbox 451 4285 595 4344; x_wconf 81' lang='lat' dir='ltr'><strong>dare</strong></span> <span class='ocrx_word' id='word_1_542' title='bbox 625 4283 815 4342; x_wconf 87' lang='lat' dir='ltr'><strong>visum</strong></span> <span class='ocrx_word' id='word_1_543' title='bbox 847 4288 956 4353; x_wconf 86' lang='lat' dir='ltr'><strong>est,</strong></span> <span class='ocrx_word' id='word_1_544' title='bbox 994 4279 1096 4339; x_wconf 91' lang='lat' dir='ltr'><strong>sed</strong></span> <span class='ocrx_word' id='word_1_545' title='bbox 1125 4279 1235 4350; x_wconf 91' lang='lat' dir='ltr'><strong>sic,</strong></span> <span class='ocrx_word' id='word_1_546' title='bbox 1273 4285 1334 4337; x_wconf 91' lang='lat' dir='ltr'><strong>ut</strong></span> <span class='ocrx_word' id='word_1_547' title='bbox 1364 4277 1437 4337; x_wconf 89' lang='lat' dir='ltr'><strong>ad</strong></span> <span class='ocrx_word' id='word_1_548' title='bbox 1468 4278 1668 4356; x_wconf 89' lang='lat' dir='ltr'><strong>operis</strong></span> <span class='ocrx_word' id='word_1_549' title='bbox 1699 4279 1921 4338; x_wconf 88' lang='lat' dir='ltr'><strong>calcem</strong></span> <span class='ocrx_word' id='word_1_550' title='bbox 1948 4279 2095 4356; x_wconf 87' lang='lat' dir='ltr'><strong>reji-</strong></span> 
     </span>
    </p>
   </div>
   <div class='ocr_carea' id='block_1_71' title="bbox 451 4365 2095 4445">
    <p class='ocr_par' dir='ltr' id='par_1_71' title="bbox 451 4365 2095 4445">
     <span class='ocr_line' id='line_1_72' title="bbox 451 4365 2095 4445; baseline -0.003 -13"><span class='ocrx_word' id='word_1_551' title='bbox 451 4374 660 4433; x_wconf 87' lang='lat' dir='ltr'><strong>ciatur.</strong></span> <span class='ocrx_word' id='word_1_552' title='bbox 694 4371 850 4432; x_wconf 82' lang='lat' dir='ltr'><strong>Loco</strong></span> <span class='ocrx_word' id='word_1_553' title='bbox 882 4368 1091 4429; x_wconf 89' lang='lat' dir='ltr'><strong>eodem</strong></span> <span class='ocrx_word' id='word_1_554' title='bbox 1125 4365 1394 4445; x_wconf 89' lang='lat' dir='ltr'><strong>ejusdem</strong></span> <span class='ocrx_word' id='word_1_555' title='bbox 1425 4365 1620 4426; x_wconf 80' lang='lat' dir='ltr'><strong>Rufini</strong></span> <span class='ocrx_word' id='word_1_556' title='bbox 1678 4366 1961 4428; x_wconf 90' lang='lat' dir='ltr'><strong>ineditam</strong></span> <span class='ocrx_word' id='word_1_557' title='bbox 1998 4370 2095 4428; x_wconf 93' lang='lat' dir='ltr'><strong>in-</strong></span> 
     </span>
    </p>
   </div>
   <div class='ocr_carea' id='block_1_72' title="bbox 450 4456 2093 4540">
    <p class='ocr_par' dir='ltr' id='par_1_72' title="bbox 450 4456 2093 4540">
     <span class='ocr_line' id='line_1_73' title="bbox 450 4456 2093 4540; baseline -0.003 -20"><span class='ocrx_word' id='word_1_558' title='bbox 450 4459 935 4540; x_wconf 79' lang='lat' dir='ltr'><strong>terpretationem</strong></span> <span class='ocrx_word' id='word_1_559' title='bbox 965 4459 1364 4536; x_wconf 83' lang='lat' dir='ltr'><strong>quarumdam</strong></span> <span class='ocrx_word' id='word_1_560' title='bbox 1393 4456 1731 4515; x_wconf 89' lang='lat' dir='ltr'><strong>orationum</strong></span> <span class='ocrx_word' id='word_1_561' title='bbox 1771 4456 1971 4516; x_wconf 81' lang='lat' dir='ltr'><strong>licebit</strong></span> <span class='ocrx_word' id='word_1_562' title='bbox 1995 4457 2093 4515; x_wconf 91' lang='lat' dir='ltr'><strong>in-</strong></span> 
     </span>
    </p>
   </div>
   <div class='ocr_carea' id='block_1_73' title="bbox 452 4550 633 4611">
    <p class='ocr_par' dir='ltr' id='par_1_73' title="bbox 452 4550 633 4611">
     <span class='ocr_line' id='line_1_74' title="bbox 452 4550 633 4611; baseline 0.006 -1"><span class='ocrx_word' id='word_1_563' title='bbox 452 4550 633 4611; x_wconf 86' lang='lat' dir='ltr'><strong>tueri.</strong></span> 
     </span>
    </p>
   </div>
   <div class='ocr_carea' id='block_1_74' title="bbox 537 4632 2098 4714">
    <p class='ocr_par' dir='ltr' id='par_1_74' title="bbox 537 4632 2098 4714">
     <span class='ocr_line' id='line_1_75' title="bbox 537 4632 2098 4714; baseline -0.004 -11"><span class='ocrx_word' id='word_1_564' title='bbox 537 4639 634 4702; x_wconf 90' lang='grc'><strong>10.</strong></span> <span class='ocrx_word' id='word_1_565' title='bbox 657 4639 832 4701; x_wconf 86' lang='lat' dir='ltr'><strong>Certe</strong></span> <span class='ocrx_word' id='word_1_566' title='bbox 862 4635 912 4695; x_wconf 91' lang='lat' dir='ltr'><strong>si</strong></span> <span class='ocrx_word' id='word_1_567' title='bbox 933 4633 1066 4714; x_wconf 90' lang='lat' dir='ltr'><strong>quis</strong></span> <span class='ocrx_word' id='word_1_568' title='bbox 1089 4632 1342 4696; x_wconf 84' lang='lat' dir='ltr'><strong>idoneus</strong></span> <span class='ocrx_word' id='word_1_569' title='bbox 1371 4633 1627 4714; x_wconf 89' lang='lat' dir='ltr'><strong>scriptor</strong></span> <span class='ocrx_word' id='word_1_570' title='bbox 1657 4633 1859 4695; x_wconf 89' lang='lat' dir='ltr'><strong>Basilii</strong></span> <span class='ocrx_word' id='word_1_571' title='bbox 1902 4634 2098 4697; x_wconf 81' lang='lat' dir='ltr'><strong>Vitam</strong></span> 
     </span>
    </p>
   </div>
   <div class='ocr_carea' id='block_1_75' title="bbox 453 4721 2098 4811">
    <p class='ocr_par' dir='ltr' id='par_1_75' title="bbox 453 4721 2098 4811">
     <span class='ocr_line' id='line_1_76' title="bbox 453 4721 2098 4811; baseline -0.005 -19"><span class='ocrx_word' id='word_1_572' title='bbox 453 4730 718 4811; x_wconf 80' lang='lat' dir='ltr'><strong>proxime</strong></span> <span class='ocrx_word' id='word_1_573' title='bbox 742 4733 874 4809; x_wconf 91' lang='lat' dir='ltr'><strong>post</strong></span> <span class='ocrx_word' id='word_1_574' title='bbox 902 4724 1089 4804; x_wconf 89' lang='lat' dir='ltr'><strong>ipsius</strong></span> <span class='ocrx_word' id='word_1_575' title='bbox 1122 4733 1370 4783; x_wconf 88' lang='lat' dir='ltr'><strong>mortem</strong></span> <span class='ocrx_word' id='word_1_576' title='bbox 1433 4721 1649 4783; x_wconf 89' lang='lat' dir='ltr'><strong>litteris</strong></span> <span class='ocrx_word' id='word_1_577' title='bbox 1710 4722 2098 4804; x_wconf 84' lang='lat' dir='ltr'><strong>prodidisset,</strong></span> 
     </span>
    </p>
   </div>
   <div class='ocr_carea' id='block_1_76' title="bbox 455 4811 2103 4893">
    <p class='ocr_par' dir='ltr' id='par_1_76' title="bbox 455 4811 2103 4893">
     <span class='ocr_line' id='line_1_77' title="bbox 455 4811 2103 4893; baseline -0.005 -12"><span class='ocrx_word' id='word_1_578' title='bbox 455 4839 508 4882; x_wconf 90' lang='lat' dir='ltr'><strong>m</strong></span> <span class='ocrx_word' id='word_1_579' title='bbox 520 4821 632 4879; x_wconf 90' lang='lat' dir='ltr'><strong>odo</strong></span> <span class='ocrx_word' id='word_1_580' title='bbox 647 4817 719 4877; x_wconf 86' lang='lat' dir='ltr'><strong>ad</strong></span> <span class='ocrx_word' id='word_1_581' title='bbox 743 4833 851 4876; x_wconf 90' lang='lat' dir='ltr'><strong>nos</strong></span> <span class='ocrx_word' id='word_1_582' title='bbox 866 4830 1053 4893; x_wconf 91' lang='lat' dir='ltr'><strong>usque</strong></span> <span class='ocrx_word' id='word_1_583' title='bbox 1065 4811 1432 4892; x_wconf 86' lang='lat' dir='ltr'><strong>pervenisset</strong></span> <span class='ocrx_word' id='word_1_584' title='bbox 1456 4819 1574 4871; x_wconf 89' lang='lat' dir='ltr'><strong>tam</strong></span> <span class='ocrx_word' id='word_1_585' title='bbox 1599 4812 1954 4891; x_wconf 62' lang='lat' dir='ltr'><strong>praeclarum</strong></span> <span class='ocrx_word' id='word_1_586' title='bbox 1982 4831 2103 4873; x_wconf 91' lang='lat' dir='ltr'><strong>mo-</strong></span> 
     </span>
    </p>
   </div>
   <div class='ocr_carea' id='block_1_77' title="bbox 456 4901 2107 4985">
    <p class='ocr_par' dir='ltr' id='par_1_77' title="bbox 456 4901 2107 4985">
     <span class='ocr_line' id='line_1_78' title="bbox 456 4901 2107 4985; baseline -0.006 -14"><span class='ocrx_word' id='word_1_587' title='bbox 456 4915 964 4985; x_wconf 84' lang='lat' dir='ltr'><strong>numentum,rem</strong></span> <span class='ocrx_word' id='word_1_588' title='bbox 1001 4901 1244 4963; x_wconf 89' lang='lat' dir='ltr'><strong>fecisset</strong></span> <span class='ocrx_word' id='word_1_589' title='bbox 1266 4901 1540 4962; x_wconf 91' lang='lat' dir='ltr'><strong>etutilem</strong></span> <span class='ocrx_word' id='word_1_590' title='bbox 1578 4911 1636 4961; x_wconf 90' lang='lat' dir='ltr'><strong>et</strong></span> <span class='ocrx_word' id='word_1_591' title='bbox 1661 4909 1882 4978; x_wconf 84' lang='lat' dir='ltr'><strong>gratam</strong></span> <span class='ocrx_word' id='word_1_592' title='bbox 1908 4911 2107 4982; x_wconf 53' lang='lat' dir='ltr'><strong>poste-</strong></span> 
     </span>
    </p>
   </div>
   <div class='ocr_carea' id='block_1_78' title="bbox 452 4989 2094 5069">
    <p class='ocr_par' dir='ltr' id='par_1_78' title="bbox 452 4989 2094 5069">
     <span class='ocr_line' id='line_1_79' title="bbox 452 4989 2094 5069; baseline -0.006 -9"><span class='ocrx_word' id='word_1_593' title='bbox 452 4997 633 5060; x_wconf 87' lang='lat' dir='ltr'><strong>ritati.</strong></span> <span class='ocrx_word' id='word_1_594' title='bbox 668 4995 922 5056; x_wconf 87' lang='lat' dir='ltr'><strong>Basilius</strong></span> <span class='ocrx_word' id='word_1_595' title='bbox 944 4989 1274 5066; x_wconf 89' lang='lat' dir='ltr'><strong>enim,dum</strong></span> <span class='ocrx_word' id='word_1_596' title='bbox 1298 4989 1541 5069; x_wconf 89' lang='lat' dir='ltr'><strong>viveret,</strong></span> <span class='ocrx_word' id='word_1_597' title='bbox 1576 4989 1654 5050; x_wconf 86' lang='lat' dir='ltr'><strong>ita</strong></span> <span class='ocrx_word' id='word_1_598' title='bbox 1685 4991 1874 5051; x_wconf 91' lang='lat' dir='ltr'><strong>modis</strong></span> <span class='ocrx_word' id='word_1_599' title='bbox 1896 4990 2094 5051; x_wconf 89' lang='lat' dir='ltr'><strong>omni—</strong></span> 
     </span>
    </p>
   </div>
   <div class='ocr_carea' id='block_1_79' title="bbox 455 5079 2092 5162">
    <p class='ocr_par' dir='ltr' id='par_1_79' title="bbox 455 5079 2092 5162">
     <span class='ocr_line' id='line_1_80' title="bbox 455 5079 2092 5162; baseline -0.005 -12"><span class='ocrx_word' id='word_1_600' title='bbox 455 5091 564 5150; x_wconf 89' lang='lat' dir='ltr'><strong>bus</strong></span> <span class='ocrx_word' id='word_1_601' title='bbox 623 5083 860 5162; x_wconf 89' lang='lat' dir='ltr'><strong>claruit,</strong></span> <span class='ocrx_word' id='word_1_602' title='bbox 909 5082 1043 5142; x_wconf 65' lang='lat' dir='ltr'><strong>vitaa</strong></span> <span class='ocrx_word' id='word_1_603' title='bbox 1085 5079 1425 5159; x_wconf 87' lang='lat' dir='ltr'><strong>sanctitate,</strong></span> <span class='ocrx_word' id='word_1_604' title='bbox 1469 5097 1702 5140; x_wconf 89' lang='lat' dir='ltr'><strong>morum</strong></span> <span class='ocrx_word' id='word_1_605' title='bbox 1739 5081 2092 5158; x_wconf 87' lang='lat' dir='ltr'><strong>integritate,</strong></span> 
     </span>
    </p>
   </div>
   <div class='ocr_carea' id='block_1_80' title="bbox 2182 3832 3833 3912">
    <p class='ocr_par' dir='ltr' id='par_1_80' title="bbox 2182 3832 3833 3912">
     <span class='ocr_line' id='line_1_81' title="bbox 2182 3832 3833 3912; baseline -0.002 -18"><span class='ocrx_word' id='word_1_606' title='bbox 2182 3843 2241 3894; x_wconf 88' lang='lat' dir='ltr'><strong>et</strong></span> <span class='ocrx_word' id='word_1_607' title='bbox 2266 3835 2655 3896; x_wconf 81' lang='lat' dir='ltr'><strong>illustrissimi</strong></span> <span class='ocrx_word' id='word_1_608' title='bbox 2687 3835 2919 3894; x_wconf 88' lang='lat' dir='ltr'><strong>abbatis</strong></span> <span class='ocrx_word' id='word_1_609' title='bbox 2951 3835 3247 3912; x_wconf 76' lang='lat' dir='ltr'><strong>exemplo,</strong></span> <span class='ocrx_word' id='word_1_610' title='bbox 3277 3832 3384 3894; x_wconf 91' lang='lat' dir='ltr'><strong>viri</strong></span> <span class='ocrx_word' id='word_1_611' title='bbox 3410 3832 3833 3909; x_wconf 82' lang='lat' dir='ltr'><strong>Spectatissimi</strong></span> 
     </span>
    </p>
   </div>
   <div class='ocr_carea' id='block_1_81' title="bbox 2181 3919 3834 4002">
    <p class='ocr_par' dir='ltr' id='par_1_81' title="bbox 2181 3919 3834 4002">
     <span class='ocr_line' id='line_1_82' title="bbox 2181 3919 3834 4002; baseline -0.002 -18"><span class='ocrx_word' id='word_1_612' title='bbox 2181 3924 2450 4002; x_wconf 85' lang='lat' dir='ltr'><strong>ejusdem</strong></span> <span class='ocrx_word' id='word_1_613' title='bbox 2477 3923 2857 3984; x_wconf 80' lang='lat' dir='ltr'><strong>bibliothecae</strong></span> <span class='ocrx_word' id='word_1_614' title='bbox 2881 3922 3079 4000; x_wconf 62' lang='lat' dir='ltr'><strong>Regia;</strong></span> <span class='ocrx_word' id='word_1_615' title='bbox 3103 3920 3479 3988; x_wconf 90' lang='lat' dir='ltr'><strong>custodes,D.</strong></span> <span class='ocrx_word' id='word_1_616' title='bbox 3503 3919 3834 3982; x_wconf 89' lang='lat' dir='ltr'><strong>Ludovicus</strong></span> 
     </span>
    </p>
   </div>
   <div class='ocr_carea' id='block_1_82' title="bbox 2179 4009 3829 4093">
    <p class='ocr_par' dir='ltr' id='par_1_82' title="bbox 2179 4009 3829 4093">
     <span class='ocr_line' id='line_1_83' title="bbox 2179 4009 3829 4093; baseline -0.003 -19"><span class='ocrx_word' id='word_1_617' title='bbox 2179 4012 2255 4074; x_wconf 90' lang='lat' dir='ltr'><strong>de</strong></span> <span class='ocrx_word' id='word_1_618' title='bbox 2277 4011 2845 4093; x_wconf 73' lang='lat' dir='ltr'><strong>Targnis,Sorbonaa</strong></span> <span class='ocrx_word' id='word_1_619' title='bbox 2861 4013 3068 4073; x_wconf 88' lang='lat' dir='ltr'><strong>doctor</strong></span> <span class='ocrx_word' id='word_1_620' title='bbox 3089 4009 3829 4089; x_wconf 89' lang='lat' dir='ltr'><strong>celeberrimus,idemque</strong></span> 
     </span>
    </p>
   </div>
   <div class='ocr_carea' id='block_1_83' title="bbox 2179 4100 3831 4175">
    <p class='ocr_par' dir='ltr' id='par_1_83' title="bbox 2179 4100 3831 4175">
     <span class='ocr_line' id='line_1_84' title="bbox 2179 4100 3831 4175; baseline 0 -13"><span class='ocrx_word' id='word_1_621' title='bbox 2179 4101 2239 4163; x_wconf 92' lang='lat' dir='ltr'><strong>in</strong></span> <span class='ocrx_word' id='word_1_622' title='bbox 2271 4101 2496 4162; x_wconf 89' lang='lat' dir='ltr'><strong>amicos</strong></span> <span class='ocrx_word' id='word_1_623' title='bbox 2547 4103 3042 4173; x_wconf 78' lang='lat' dir='ltr'><strong>ofﬁciosissimus,</strong></span> <span class='ocrx_word' id='word_1_624' title='bbox 3080 4110 3140 4162; x_wconf 93' lang='lat' dir='ltr'><strong>et</strong></span> <span class='ocrx_word' id='word_1_625' title='bbox 3191 4103 3449 4162; x_wconf 87' lang='lat' dir='ltr'><strong>Joannes</strong></span> <span class='ocrx_word' id='word_1_626' title='bbox 3503 4100 3831 4175; x_wconf 85' lang='lat' dir='ltr'><strong>Boivinius,</strong></span> 
     </span>
    </p>
   </div>
   <div class='ocr_carea' id='block_1_84' title="bbox 2179 4188 3830 4270">
    <p class='ocr_par' dir='ltr' id='par_1_84' title="bbox 2179 4188 3830 4270">
     <span class='ocr_line' id='line_1_85' title="bbox 2179 4188 3830 4270; baseline -0.002 -19"><span class='ocrx_word' id='word_1_627' title='bbox 2179 4210 2333 4252; x_wconf 90' lang='lat' dir='ltr'><strong>unus</strong></span> <span class='ocrx_word' id='word_1_628' title='bbox 2357 4191 2623 4252; x_wconf 91' lang='lat' dir='ltr'><strong>omnium</strong></span> <span class='ocrx_word' id='word_1_629' title='bbox 2644 4189 3342 4266; x_wconf 88' lang='lat' dir='ltr'><strong>urbanissimus,etidem</strong></span> <span class='ocrx_word' id='word_1_630' title='bbox 3371 4189 3614 4270; x_wconf 83' lang='lat' dir='ltr'><strong>scriptis</strong></span> <span class='ocrx_word' id='word_1_631' title='bbox 3639 4188 3830 4270; x_wconf 84' lang='lat' dir='ltr'><strong>publi-</strong></span> 
     </span>
    </p>
   </div>
   <div class='ocr_carea' id='block_1_85' title="bbox 2181 4278 3833 4347">
    <p class='ocr_par' dir='ltr' id='par_1_85' title="bbox 2181 4278 3833 4347">
     <span class='ocr_line' id='line_1_86' title="bbox 2181 4278 3833 4347; baseline -0.002 -7"><span class='ocrx_word' id='word_1_632' title='bbox 2181 4280 2265 4341; x_wconf 88' lang='lat' dir='ltr'><strong>cis</strong></span> <span class='ocrx_word' id='word_1_633' title='bbox 2287 4281 2346 4339; x_wconf 92' lang='lat' dir='ltr'><strong>in</strong></span> <span class='ocrx_word' id='word_1_634' title='bbox 2375 4289 2493 4341; x_wconf 91' lang='lat' dir='ltr'><strong>toto</strong></span> <span class='ocrx_word' id='word_1_635' title='bbox 2519 4280 2664 4342; x_wconf 86' lang='lat' dir='ltr'><strong>orbe</strong></span> <span class='ocrx_word' id='word_1_636' title='bbox 2697 4280 2985 4341; x_wconf 90' lang='lat' dir='ltr'><strong>litterario</strong></span> <span class='ocrx_word' id='word_1_637' title='bbox 3012 4278 3681 4347; x_wconf 81' lang='lat' dir='ltr'><strong>clarissimus.Laudem</strong></span> <span class='ocrx_word' id='word_1_638' title='bbox 3715 4296 3833 4340; x_wconf 89' lang='lat' dir='ltr'><strong>non</strong></span> 
     </span>
    </p>
   </div>
   <div class='ocr_carea' id='block_1_86' title="bbox 2180 4367 3834 4450">
    <p class='ocr_par' dir='ltr' id='par_1_86' title="bbox 2180 4367 3834 4450">
     <span class='ocr_line' id='line_1_87' title="bbox 2180 4367 3834 4450; baseline 0 -21"><span class='ocrx_word' id='word_1_639' title='bbox 2180 4370 2543 4430; x_wconf 90' lang='lat' dir='ltr'><strong>mediocrem</strong></span> <span class='ocrx_word' id='word_1_640' title='bbox 2569 4370 2790 4450; x_wconf 85' lang='lat' dir='ltr'><strong>pariter</strong></span> <span class='ocrx_word' id='word_1_641' title='bbox 2804 4367 3520 4430; x_wconf 84' lang='lat' dir='ltr'><strong>mereturillustrissimus</strong></span> <span class='ocrx_word' id='word_1_642' title='bbox 3536 4385 3737 4430; x_wconf 89' lang='lat' dir='ltr'><strong>comes</strong></span> <span class='ocrx_word' id='word_1_643' title='bbox 3760 4367 3834 4429; x_wconf 85' lang='lat' dir='ltr'><strong>de</strong></span> 
     </span>
    </p>
   </div>
   <div class='ocr_carea' id='block_1_87' title="bbox 2181 4456 3836 4539">
    <p class='ocr_par' dir='ltr' id='par_1_87' title="bbox 2181 4456 3836 4539">
     <span class='ocr_line' id='line_1_88' title="bbox 2181 4456 3836 4539; baseline -0.002 -19"><span class='ocrx_word' id='word_1_644' title='bbox 2181 4458 2511 4539; x_wconf 77' lang='lat' dir='ltr'><strong>Seignelay,</strong></span> <span class='ocrx_word' id='word_1_645' title='bbox 2549 4461 2722 4538; x_wconf 87' lang='lat' dir='ltr'><strong>cujus</strong></span> <span class='ocrx_word' id='word_1_646' title='bbox 2771 4458 3138 4538; x_wconf 73' lang='lat' dir='ltr'><strong>amplissrma</strong></span> <span class='ocrx_word' id='word_1_647' title='bbox 3200 4456 3563 4519; x_wconf 87' lang='lat' dir='ltr'><strong>bibliotheca</strong></span> <span class='ocrx_word' id='word_1_648' title='bbox 3593 4471 3836 4534; x_wconf 84' lang='lat' dir='ltr'><strong>semper</strong></span> 
     </span>
    </p>
   </div>
   <div class='ocr_carea' id='block_1_88' title="bbox 2180 4544 3832 4627">
    <p class='ocr_par' dir='ltr' id='par_1_88' title="bbox 2180 4544 3832 4627">
     <span class='ocr_line' id='line_1_89' title="bbox 2180 4544 3832 4627; baseline -0.002 -20"><span class='ocrx_word' id='word_1_649' title='bbox 2180 4556 2384 4626; x_wconf 88' lang='lat' dir='ltr'><strong>aperta</strong></span> <span class='ocrx_word' id='word_1_650' title='bbox 2406 4559 2493 4608; x_wconf 91' lang='lat' dir='ltr'><strong>est</strong></span> <span class='ocrx_word' id='word_1_651' title='bbox 2521 4547 2826 4622; x_wconf 90' lang='lat' dir='ltr'><strong>studiosis,</strong></span> <span class='ocrx_word' id='word_1_652' title='bbox 2854 4548 3023 4627; x_wconf 91' lang='lat' dir='ltr'><strong>quasi</strong></span> <span class='ocrx_word' id='word_1_653' title='bbox 3056 4546 3312 4607; x_wconf 87' lang='lat' dir='ltr'><strong>fructum</strong></span> <span class='ocrx_word' id='word_1_654' title='bbox 3333 4544 3703 4605; x_wconf 89' lang='lat' dir='ltr'><strong>uberrimum</strong></span> <span class='ocrx_word' id='word_1_655' title='bbox 3736 4545 3832 4604; x_wconf 91' lang='lat' dir='ltr'><strong>lu-</strong></span> 
     </span>
    </p>
   </div>
   <div class='ocr_carea' id='block_1_89' title="bbox 2182 4633 3835 4716">
    <p class='ocr_par' dir='ltr' id='par_1_89' title="bbox 2182 4633 3835 4716">
     <span class='ocr_line' id='line_1_90' title="bbox 2182 4633 3835 4716; baseline -0.002 -20"><span class='ocrx_word' id='word_1_656' title='bbox 2182 4654 2471 4716; x_wconf 86' lang='lat' dir='ltr'><strong>crumque</strong></span> <span class='ocrx_word' id='word_1_657' title='bbox 2505 4638 2825 4698; x_wconf 79' lang='lat' dir='ltr'><strong>maximum</strong></span> <span class='ocrx_word' id='word_1_658' title='bbox 2851 4654 2984 4696; x_wconf 91' lang='lat' dir='ltr'><strong>esse</strong></span> <span class='ocrx_word' id='word_1_659' title='bbox 3009 4634 3347 4715; x_wconf 88' lang='lat' dir='ltr'><strong>putaret,de</strong></span> <span class='ocrx_word' id='word_1_660' title='bbox 3379 4633 3652 4695; x_wconf 87' lang='lat' dir='ltr'><strong>litteratis</strong></span> <span class='ocrx_word' id='word_1_661' title='bbox 3684 4633 3835 4693; x_wconf 90' lang='lat' dir='ltr'><strong>bene</strong></span> 
     </span>
    </p>
   </div>
   <div class='ocr_carea' id='block_1_90' title="bbox 2185 4724 3832 4806">
    <p class='ocr_par' dir='ltr' id='par_1_90' title="bbox 2185 4724 3832 4806">
     <span class='ocr_line' id='line_1_91' title="bbox 2185 4724 3832 4806; baseline -0.002 -20"><span class='ocrx_word' id='word_1_662' title='bbox 2185 4728 2426 4788; x_wconf 88' lang='lat' dir='ltr'><strong>mereri.</strong></span> <span class='ocrx_word' id='word_1_663' title='bbox 2460 4724 2526 4787; x_wconf 91' lang='lat' dir='ltr'><strong>ln</strong></span> <span class='ocrx_word' id='word_1_664' title='bbox 2561 4728 2739 4806; x_wconf 91' lang='lat' dir='ltr'><strong>hujus</strong></span> <span class='ocrx_word' id='word_1_665' title='bbox 2770 4725 2964 4786; x_wconf 86' lang='lat' dir='ltr'><strong>laudis</strong></span> <span class='ocrx_word' id='word_1_666' title='bbox 2987 4725 3330 4785; x_wconf 87' lang='lat' dir='ltr'><strong>societatem</strong></span> <span class='ocrx_word' id='word_1_667' title='bbox 3363 4741 3508 4786; x_wconf 88' lang='lat' dir='ltr'><strong>voco</strong></span> <span class='ocrx_word' id='word_1_668' title='bbox 3546 4725 3832 4802; x_wconf 90' lang='lat' dir='ltr'><strong>optimum</strong></span> 
     </span>
    </p>
   </div>
   <div class='ocr_carea' id='block_1_91' title="bbox 2186 4812 3835 4891">
    <p class='ocr_par' dir='ltr' id='par_1_91' title="bbox 2186 4812 3835 4891">
     <span class='ocr_line' id='line_1_92' title="bbox 2186 4812 3835 4891; baseline -0.002 -16"><span class='ocrx_word' id='word_1_669' title='bbox 2186 4815 2736 4877; x_wconf 77' lang='lat' dir='ltr'><strong>eteruditissimum</strong></span> <span class='ocrx_word' id='word_1_670' title='bbox 2765 4816 2951 4876; x_wconf 88' lang='lat' dir='ltr'><strong>virum</strong></span> <span class='ocrx_word' id='word_1_671' title='bbox 2975 4814 3252 4876; x_wconf 83' lang='lat' dir='ltr'><strong>Carolum</strong></span> <span class='ocrx_word' id='word_1_672' title='bbox 3305 4814 3380 4873; x_wconf 91' lang='lat' dir='ltr'><strong>du</strong></span> <span class='ocrx_word' id='word_1_673' title='bbox 3413 4812 3667 4888; x_wconf 86' lang='lat' dir='ltr'><strong>Cbesne,</strong></span> <span class='ocrx_word' id='word_1_674' title='bbox 3703 4812 3835 4891; x_wconf 85' lang='lat' dir='ltr'><strong>ejus</strong></span> 
     </span>
    </p>
   </div>
   <div class='ocr_carea' id='block_1_92' title="bbox 2187 4901 3832 4985">
    <p class='ocr_par' dir='ltr' id='par_1_92' title="bbox 2187 4901 3832 4985">
     <span class='ocr_line' id='line_1_93' title="bbox 2187 4901 3832 4985; baseline -0.002 -21"><span class='ocrx_word' id='word_1_675' title='bbox 2187 4923 2361 4985; x_wconf 87' lang='lat' dir='ltr'><strong>quam</strong></span> <span class='ocrx_word' id='word_1_676' title='bbox 2393 4924 2524 4967; x_wconf 83' lang='lat' dir='ltr'><strong>mox</strong></span> <span class='ocrx_word' id='word_1_677' title='bbox 2558 4905 2678 4966; x_wconf 90' lang='lat' dir='ltr'><strong>dixi</strong></span> <span class='ocrx_word' id='word_1_678' title='bbox 2710 4902 3091 4965; x_wconf 71' lang='lat' dir='ltr'><strong>bibliothecas</strong></span> <span class='ocrx_word' id='word_1_679' title='bbox 3132 4903 3499 4984; x_wconf 66' lang='lat' dir='ltr'><strong>praefectum,</strong></span> <span class='ocrx_word' id='word_1_680' title='bbox 3532 4901 3654 4982; x_wconf 91' lang='lat' dir='ltr'><strong>qui,</strong></span> <span class='ocrx_word' id='word_1_681' title='bbox 3690 4903 3832 4963; x_wconf 93' lang='lat' dir='ltr'><strong>dum</strong></span> 
     </span>
    </p>
   </div>
   <div class='ocr_carea' id='block_1_93' title="bbox 2186 4993 3836 5074">
    <p class='ocr_par' dir='ltr' id='par_1_93' title="bbox 2186 4993 3836 5074">
     <span class='ocr_line' id='line_1_94' title="bbox 2186 4993 3836 5074; baseline 0.001 -23"><span class='ocrx_word' id='word_1_682' title='bbox 2186 4994 2352 5074; x_wconf 82' lang='lat' dir='ltr'><strong>vixit,</strong></span> <span class='ocrx_word' id='word_1_683' title='bbox 2378 4993 2659 5072; x_wconf 87' lang='lat' dir='ltr'><strong>singulari</strong></span> <span class='ocrx_word' id='word_1_684' title='bbox 2683 5003 2742 5055; x_wconf 90' lang='lat' dir='ltr'><strong>et</strong></span> <span class='ocrx_word' id='word_1_685' title='bbox 2771 5012 2977 5054; x_wconf 89' lang='lat' dir='ltr'><strong>amore</strong></span> <span class='ocrx_word' id='word_1_686' title='bbox 3008 5003 3066 5054; x_wconf 90' lang='lat' dir='ltr'><strong>et</strong></span> <span class='ocrx_word' id='word_1_687' title='bbox 3097 4993 3515 5055; x_wconf 85' lang='lat' dir='ltr'><strong>benevolentia</strong></span> <span class='ocrx_word' id='word_1_688' title='bbox 3539 5009 3649 5053; x_wconf 90' lang='lat' dir='ltr'><strong>nos</strong></span> <span class='ocrx_word' id='word_1_689' title='bbox 3680 5009 3836 5052; x_wconf 88' lang='lat' dir='ltr'><strong>sem-</strong></span> 
     </span>
    </p>
   </div>
   <div class='ocr_carea' id='block_1_94' title="bbox 2184 5079 3832 5163">
    <p class='ocr_par' dir='ltr' id='par_1_94' title="bbox 2184 5079 3832 5163">
     <span class='ocr_line' id='line_1_95' title="bbox 2184 5079 3832 5163; baseline -0.002 -21"><span class='ocrx_word' id='word_1_690' title='bbox 2184 5100 2293 5163; x_wconf 94' lang='lat' dir='ltr'><strong>per</strong></span> <span class='ocrx_word' id='word_1_691' title='bbox 2324 5092 2674 5162; x_wconf 88' lang='lat' dir='ltr'><strong>prosecutus</strong></span> <span class='ocrx_word' id='word_1_692' title='bbox 2694 5091 2805 5145; x_wconf 84' lang='lat' dir='ltr'><strong>est.</strong></span> <span class='ocrx_word' id='word_1_693' title='bbox 2828 5080 2936 5142; x_wconf 84' lang='lat' dir='ltr'><strong>Hic</strong></span> <span class='ocrx_word' id='word_1_694' title='bbox 2961 5101 3198 5163; x_wconf 86' lang='lat' dir='ltr'><strong>quoque</strong></span> <span class='ocrx_word' id='word_1_695' title='bbox 3225 5079 3832 5142; x_wconf 74' lang='lat' dir='ltr'><strong>honorificentissime</strong></span> 
     </span>
    </p>
   </div>
   <div class='ocr_carea' id='block_1_95' title="bbox 451 5167 3833 5257">
    <p class='ocr_par' dir='ltr' id='par_1_95' title="bbox 451 5167 3833 5257">
     <span class='ocr_line' id='line_1_96' title="bbox 451 5167 3833 5257; baseline -0.003 -20"><span class='ocrx_word' id='word_1_696' title='bbox 451 5167 2092 5257; x_wconf 82' lang='lat' dir='ltr'><strong>prudentia,eruditione,facundia,animimagnitudine,</strong></span> <span class='ocrx_word' id='word_1_697' title='bbox 2181 5172 2572 5252; x_wconf 89' lang='lat' dir='ltr'><strong>appellandus</strong></span> <span class='ocrx_word' id='word_1_698' title='bbox 2602 5173 2692 5232; x_wconf 92' lang='lat' dir='ltr'><strong>vir</strong></span> <span class='ocrx_word' id='word_1_699' title='bbox 2725 5172 2924 5250; x_wconf 82' lang='lat' dir='ltr'><strong>magni</strong></span> <span class='ocrx_word' id='word_1_700' title='bbox 2948 5172 3232 5242; x_wconf 86' lang='lat' dir='ltr'><strong>nominis,</strong></span> <span class='ocrx_word' id='word_1_701' title='bbox 3264 5189 3334 5231; x_wconf 86' lang='lat' dir='ltr'><strong>ac</strong></span> <span class='ocrx_word' id='word_1_702' title='bbox 3363 5167 3610 5231; x_wconf 64' lang='lat' dir='ltr'><strong>inﬁnitae</strong></span> <span class='ocrx_word' id='word_1_703' title='bbox 3632 5167 3833 5228; x_wconf 84' lang='lat' dir='ltr'><strong>lectio-</strong></span> 
     </span>
    </p>
   </div>
   <div class='ocr_carea' id='block_1_96' title="bbox 453 5259 3833 5343">
    <p class='ocr_par' dir='ltr' id='par_1_96' title="bbox 453 5259 3833 5343">
     <span class='ocr_line' id='line_1_97' title="bbox 453 5259 3833 5343; baseline -0.003 -16"><span class='ocrx_word' id='word_1_704' title='bbox 453 5268 725 5328; x_wconf 88' lang='lat' dir='ltr'><strong>laborum</strong></span> <span class='ocrx_word' id='word_1_705' title='bbox 750 5281 853 5343; x_wconf 87' lang='lat' dir='ltr'><strong>pro</strong></span> <span class='ocrx_word' id='word_1_706' title='bbox 876 5259 1143 5323; x_wconf 90' lang='lat' dir='ltr'><strong>Ecclesia</strong></span> <span class='ocrx_word' id='word_1_707' title='bbox 1185 5267 1600 5338; x_wconf 90' lang='lat' dir='ltr'><strong>susceptorum</strong></span> <span class='ocrx_word' id='word_1_708' title='bbox 1661 5259 2002 5332; x_wconf 86' lang='lat' dir='ltr'><strong>tolerantia,</strong></span> <span class='ocrx_word' id='word_1_709' title='bbox 2035 5266 2099 5318; x_wconf 90' lang='lat' dir='ltr'><strong>ut</strong></span> <span class='ocrx_word' id='word_1_710' title='bbox 2182 5261 2934 5340; x_wconf 79' lang='lat' dir='ltr'><strong>nis,.loannesllarduinus,</strong></span> <span class='ocrx_word' id='word_1_711' title='bbox 2957 5259 3336 5321; x_wconf 69' lang='lat' dir='ltr'><strong>bibliothecae</strong></span> <span class='ocrx_word' id='word_1_712' title='bbox 3362 5259 3833 5320; x_wconf 74' lang='lat' dir='ltr'><strong>Ciaromontana</strong></span> 
     </span>
    </p>
   </div>
   <div class='ocr_carea' id='block_1_97' title="bbox 451 5345 3832 5432">
    <p class='ocr_par' dir='ltr' id='par_1_97' title="bbox 451 5345 3832 5432">
     <span class='ocr_line' id='line_1_98' title="bbox 451 5345 3832 5432; baseline -0.003 -15"><span class='ocrx_word' id='word_1_713' title='bbox 451 5374 655 5418; x_wconf 84' lang='lat' dir='ltr'><strong>eorum</strong></span> <span class='ocrx_word' id='word_1_714' title='bbox 676 5371 808 5430; x_wconf 61' lang='lat' dir='ltr'><strong>quas</strong></span> <span class='ocrx_word' id='word_1_715' title='bbox 830 5362 928 5412; x_wconf 90' lang='lat' dir='ltr'><strong>aut</strong></span> <span class='ocrx_word' id='word_1_716' title='bbox 946 5348 1129 5429; x_wconf 86' lang='lat' dir='ltr'><strong>gessit</strong></span> <span class='ocrx_word' id='word_1_717' title='bbox 1151 5358 1251 5408; x_wconf 91' lang='lat' dir='ltr'><strong>aut</strong></span> <span class='ocrx_word' id='word_1_718' title='bbox 1273 5347 1512 5428; x_wconf 86' lang='lat' dir='ltr'><strong>scripsit</strong></span> <span class='ocrx_word' id='word_1_719' title='bbox 1546 5355 1822 5408; x_wconf 83' lang='lat' dir='ltr'><strong>accurata</strong></span> <span class='ocrx_word' id='word_1_720' title='bbox 1842 5346 2098 5425; x_wconf 82' lang='lat' dir='ltr'><strong>cognitio</strong></span> <span class='ocrx_word' id='word_1_721' title='bbox 2186 5347 2628 5432; x_wconf 66' lang='lat' dir='ltr'><strong>praefectus,qui</strong></span> <span class='ocrx_word' id='word_1_722' title='bbox 2655 5351 2997 5413; x_wconf 72' lang='lat' dir='ltr'><strong>Graecorum</strong></span> <span class='ocrx_word' id='word_1_723' title='bbox 3017 5349 3249 5426; x_wconf 88' lang='lat' dir='ltr'><strong>aliquot</strong></span> <span class='ocrx_word' id='word_1_724' title='bbox 3270 5347 3544 5410; x_wconf 88' lang='lat' dir='ltr'><strong>codicum</strong></span> <span class='ocrx_word' id='word_1_725' title='bbox 3570 5345 3717 5407; x_wconf 88' lang='lat' dir='ltr'><strong>mibi</strong></span> <span class='ocrx_word' id='word_1_726' title='bbox 3737 5366 3832 5408; x_wconf 90' lang='lat' dir='ltr'><strong>co-</strong></span> 
     </span>
    </p>
   </div>
   <div class='ocr_carea' id='block_1_98' title="bbox 451 5434 3832 5520">
    <p class='ocr_par' dir='ltr' id='par_1_98' title="bbox 451 5434 3832 5520">
     <span class='ocr_line' id='line_1_99' title="bbox 451 5434 3832 5520; baseline -0.003 -11"><span class='ocrx_word' id='word_1_727' title='bbox 451 5466 578 5509; x_wconf 83' lang='lat' dir='ltr'><strong>rem</strong></span> <span class='ocrx_word' id='word_1_728' title='bbox 604 5441 950 5504; x_wconf 81' lang='lat' dir='ltr'><strong>litterariam</strong></span> <span class='ocrx_word' id='word_1_729' title='bbox 974 5434 1717 5499; x_wconf 77' lang='lat' dir='ltr'><strong>maximeillustraret.Sed</strong></span> <span class='ocrx_word' id='word_1_730' title='bbox 1735 5437 1935 5497; x_wconf 86' lang='lat' dir='ltr'><strong>nescio</strong></span> <span class='ocrx_word' id='word_1_731' title='bbox 1959 5456 2100 5517; x_wconf 90' lang='lat' dir='ltr'><strong>quo-</strong></span> <span class='ocrx_word' id='word_1_732' title='bbox 2185 5440 2343 5520; x_wconf 89' lang='lat' dir='ltr'><strong>piam</strong></span> <span class='ocrx_word' id='word_1_733' title='bbox 2373 5440 2526 5501; x_wconf 91' lang='lat' dir='ltr'><strong>haud</strong></span> <span class='ocrx_word' id='word_1_734' title='bbox 2562 5443 2780 5500; x_wconf 88' lang='lat' dir='ltr'><strong>invitus</strong></span> <span class='ocrx_word' id='word_1_735' title='bbox 2801 5440 2958 5502; x_wconf 89' lang='lat' dir='ltr'><strong>fecit.</strong></span> <span class='ocrx_word' id='word_1_736' title='bbox 2994 5438 3154 5499; x_wconf 89' lang='lat' dir='ltr'><strong>Inter</strong></span> <span class='ocrx_word' id='word_1_737' title='bbox 3181 5440 3444 5517; x_wconf 87' lang='lat' dir='ltr'><strong>ingratos</strong></span> <span class='ocrx_word' id='word_1_738' title='bbox 3465 5439 3603 5515; x_wconf 90' lang='lat' dir='ltr'><strong>jure</strong></span> <span class='ocrx_word' id='word_1_739' title='bbox 3625 5453 3832 5498; x_wconf 87' lang='lat' dir='ltr'><strong>nume-</strong></span> 
     </span>
    </p>
   </div>
   <div class='ocr_carea' id='block_1_99' title="bbox 451 5526 3827 5607">
    <p class='ocr_par' dir='ltr' id='par_1_99' title="bbox 451 5526 3827 5607">
     <span class='ocr_line' id='line_1_100' title="bbox 451 5526 3827 5607; baseline -0.003 -10"><span class='ocrx_word' id='word_1_740' title='bbox 451 5536 628 5597; x_wconf 88' lang='lat' dir='ltr'><strong>modo</strong></span> <span class='ocrx_word' id='word_1_741' title='bbox 661 5530 999 5607; x_wconf 86' lang='lat' dir='ltr'><strong>contigit,ut</strong></span> <span class='ocrx_word' id='word_1_742' title='bbox 1031 5545 1232 5588; x_wconf 87' lang='lat' dir='ltr'><strong>rerum</strong></span> <span class='ocrx_word' id='word_1_743' title='bbox 1265 5545 1298 5586; x_wconf 89' lang='lat' dir='ltr'><strong>a</strong></span> <span class='ocrx_word' id='word_1_744' title='bbox 1329 5535 1489 5586; x_wconf 87' lang='lat' dir='ltr'><strong>tanto</strong></span> <span class='ocrx_word' id='word_1_745' title='bbox 1517 5527 1636 5585; x_wconf 83' lang='lat' dir='ltr'><strong>viro</strong></span> <span class='ocrx_word' id='word_1_746' title='bbox 1661 5534 1960 5603; x_wconf 86' lang='lat' dir='ltr'><strong>gestarum</strong></span> <span class='ocrx_word' id='word_1_747' title='bbox 1990 5545 2094 5605; x_wconf 88' lang='lat' dir='ltr'><strong>pe-</strong></span> <span class='ocrx_word' id='word_1_748' title='bbox 2183 5546 2349 5589; x_wconf 62' lang='lat' dir='ltr'><strong>rari-r</strong></span> <span class='ocrx_word' id='word_1_749' title='bbox 2373 5530 2422 5588; x_wconf 94' lang='lat' dir='ltr'><strong>si</strong></span> <span class='ocrx_word' id='word_1_750' title='bbox 2449 5528 2715 5589; x_wconf 89' lang='lat' dir='ltr'><strong>meritam</strong></span> <span class='ocrx_word' id='word_1_751' title='bbox 2750 5527 2984 5588; x_wconf 91' lang='lat' dir='ltr'><strong>laudem</strong></span> <span class='ocrx_word' id='word_1_752' title='bbox 3009 5547 3125 5588; x_wconf 92' lang='lat' dir='ltr'><strong>non</strong></span> <span class='ocrx_word' id='word_1_753' title='bbox 3160 5529 3486 5589; x_wconf 82' lang='lat' dir='ltr'><strong>tribuerem</strong></span> <span class='ocrx_word' id='word_1_754' title='bbox 3523 5527 3643 5586; x_wconf 89' lang='lat' dir='ltr'><strong>viro</strong></span> <span class='ocrx_word' id='word_1_755' title='bbox 3670 5526 3827 5586; x_wconf 90' lang='lat' dir='ltr'><strong>inte-</strong></span> 
     </span>
    </p>
   </div>
   <div class='ocr_carea' id='block_1_100' title="bbox 452 5614 3830 5697">
    <p class='ocr_par' dir='ltr' id='par_1_100' title="bbox 452 5614 3830 5697">
     <span class='ocr_line' id='line_1_101' title="bbox 452 5614 3830 5697; baseline -0.004 -11"><span class='ocrx_word' id='word_1_756' title='bbox 452 5625 692 5686; x_wconf 84' lang='lat' dir='ltr'><strong>culiaris</strong></span> <span class='ocrx_word' id='word_1_757' title='bbox 719 5621 963 5682; x_wconf 82' lang='lat' dir='ltr'><strong>historia</strong></span> <span class='ocrx_word' id='word_1_758' title='bbox 998 5625 1196 5676; x_wconf 85' lang='lat' dir='ltr'><strong>nostro</strong></span> <span class='ocrx_word' id='word_1_759' title='bbox 1231 5614 1485 5675; x_wconf 79' lang='lat' dir='ltr'><strong>maxime</strong></span> <span class='ocrx_word' id='word_1_760' title='bbox 1526 5614 1745 5675; x_wconf 89' lang='lat' dir='ltr'><strong>damno</strong></span> <span class='ocrx_word' id='word_1_761' title='bbox 1777 5632 2092 5693; x_wconf 88' lang='lat' dir='ltr'><strong>nusquam,</strong></span> <span class='ocrx_word' id='word_1_762' title='bbox 2181 5617 2636 5696; x_wconf 77' lang='lat' dir='ltr'><strong>gerrimoatque</strong></span> <span class='ocrx_word' id='word_1_763' title='bbox 2656 5615 3830 5697; x_wconf 65' lang='lat' dir='ltr'><strong>sapientissimo.Achillillarlaaosenatus</strong></span> 
     </span>
    </p>
   </div>
  </div>
