4174 6418
487 434 740 491 CLXXXII

1925 418 2513 485 PROLEGOMENA.

490 568 578 622 tes
606 570 667 620 et
690 554 1080 619 Cassiodorus
1110 570 1393 635 expresse
1444 551 1686 616 tradunt
1738 573 1886 633 opus
1939 556 2140 617 Basilii
2165 564 2203 612 Α
2226 557 2590 635 scipulorum
2627 576 2802 619 nemo
2834 558 2946 620 hac
2974 558 3031 621 in
3058 567 3221 639 parte
3245 558 3609 640 perﬁcienda
3628 581 3868 642 operam

488 648 907 728 imperfectum
935 646 1250 719 esse,adeo
1277 650 1338 703 ut
1362 650 1586 705 tantum
1614 663 1729 705 non
1765 645 1968 707 dicant
1989 645 2143 706 Basi-

486 740 628 800 lium
655 737 802 798 duas
831 736 939 797 has
965 733 1041 795 de
1072 733 1292 814 quibus
1338 733 1662 811 ambigitur
1690 734 1993 796 orationes
2022 754 2141 796 non

484 823 1207 908 conscripsisse.EXpedit
1231 824 1901 905 utrumqueaudire.llle
1920 826 2004 885 sic
2030 826 2137 885 ha-

483 923 585 985 bet
634 918 741 982 lib.
776 932 860 990 Ν,
915 933 970 976 c.
1030 916 1147 975 96:
1211 915 1504 993 Γρηγόριος
1557 913 1607 969 δὲ
1641 917 1701 969 τὸ
1768 913 2137 972 διδασκαλικὸν

479 1022 575 1072 τοῦ
604 1011 764 1089 λόγου
795 1003 1136 1086 [ἐζήλωσεν]·
1174 1003 1231 1061 ὅς
1290 1006 1378 1059 καὶ
1438 1006 1536 1071 τὴν
1595 1008 1914 1071 ποιηθεῖσαν
1970 1016 2132 1063 Βασι-

479 1103 607 1176 λείῳ
658 1098 1009 1174 Ἐξαήμερον,
1067 1094 1159 1149 ἅτε
1243 1092 1296 1147 δὲ
1368 1091 1839 1172 καταλειφθεῖσαν,
1895 1118 2121 1171 προσαι.

480 1192 763 1270 επλήρωσε
797 1189 931 1263 μετὰ
986 1185 1208 1243 θάνατον
1270 1190 1361 1239 τοῦ
1418 1180 1665 1260 ἁδελφού,
1733 1206 1754 1239 tl
1814 1185 2131 1262 Gregorius

477 1300 622 1344 vero
645 1280 953 1342 aemulatus
980 1282 1069 1335 est
1094 1271 1294 1333 Basilii
1314 1272 1376 1333 in
1400 1271 1670 1333 docendo
1704 1272 2132 1353 eloquentiam,

479 1373 581 1453 qui
608 1379 667 1433 et
693 1368 910 1430 librum
956 1363 1163 1426 Basilii
1196 1362 1270 1423 de
1310 1380 1495 1441 opere
1526 1380 1633 1423 sex
1667 1361 1926 1453 dierum,
1956 1383 2133 1443 quem

477 1452 582 1526 ille
628 1459 1041 1540 imperfectum
1099 1453 1447 1533 reliquerat,
1479 1461 1611 1533 post
1658 1452 1882 1513 obitum
1937 1454 2137 1516 fratris

480 1546 955 1633 supplevit.»Hic
970 1562 1111 1607 vero
1135 1543 1222 1604 sic
1246 1542 1505 1633 loquitur
1530 1541 1729 1604 lib.l)e
1752 1546 2137 1605 institutione

477 1644 601 1705 div.
628 1641 746 1714 lit.,
774 1658 902 1718 cap.
936 1639 954 1699 l
994 1658 1005 1700 :
1036 1660 1063 1691 α
1092 1633 1205 1708 Qui
1228 1632 1527 1711 (Basilius)
1560 1652 1744 1713 usque
1768 1633 1840 1693 ad
1875 1633 2133 1694 hominis

474 1732 879 1794 conditionem
916 1743 1124 1787 novem
1160 1724 1345 1785 libros
1378 1722 1666 1784 tetendit:
1707 1723 1802 1784 ubi
1837 1725 2049 1785 etcmli
2075 1736 2131 1785 et

471 1831 647 1885 terrae
679 1831 976 1892 naturam,
1004 1814 1163 1877 aeris
1197 1824 1255 1875 et
1281 1833 1570 1893 aquarum
1604 1814 1698 1873 vel
1720 1822 2124 1874 creaturarum

2228 645 3139 724 impendissetsuam,habuisset
3155 669 3351 712 causa
3375 652 3646 713 nonnihil
3666 653 3871 715 adver-

2225 752 2326 795 sus
2383 735 2657 798 eximiam
2693 737 2800 798 viri
2834 739 3080 815 gloriam
3121 741 3627 820 reprehensorum
3661 742 3869 823 libido,

2225 825 2391 904 quasi
2416 826 2516 905 qui
2537 826 2608 887 ad
2654 845 2751 889 res
2775 827 2973 889 animo
3005 829 3371 907 indagandos
3401 830 3704 893 auditores
3734 851 3872 894 suos

2224 915 2648 977 consuefacere
2671 917 2977 980 noluisset.
3002 917 3171 980 Nunc
3194 938 3328 980 cum
3357 938 3425 980 ea
3446 940 3573 994 nos,
3599 939 3730 1001 quae
3760 923 3869 982 de—

2220 1006 2763 1083 sunt,explananda
2781 1008 3087 1087 suscipere
3111 1009 3237 1069 ausi
3261 1028 3489 1081 sumus,
3503 1031 3529 1068 ι
3543 1020 3655 1073 etc.
3672 1011 3869 1074 «Nihil

2220 1094 2539 1174 quidquam
2575 1095 2774 1157 aﬁ‘erri
2801 1115 2974 1175 posse
3007 1098 3263 1159 arbitror
3297 1109 3392 1160 aut
3421 1100 3871 1174 dilucidius,aut

2219 1184 2573 1262 expressius.
2604 1186 2699 1248 Ait
2729 1187 2885 1247 enim
2915 1190 3240 1266 Gregorius
3270 1191 3576 1270 suscipere
3600 1209 3665 1251 se
3696 1210 3864 1251 suum

2219 1292 2367 1354 opus
2388 1273 2463 1334 de
2494 1274 2756 1337 hominis
2799 1286 3008 1339 natura
3039 1288 3214 1358 atque
3245 1280 3611 1352 conditione,
3652 1299 3768 1340 non
3808 1290 3867 1340 ut

2220 1363 2344 1423 fuse
2362 1374 2398 1421 ti
2418 1374 2713 1444 actetquaa
2736 1368 3223 1445 compendiosius
3250 1377 3597 1430 tractaverat
3619 1371 3862 1432 Basilius

2224 1453 2379 1532 (quae
2410 1454 2643 1515 videtur
2660 1473 2790 1515 esse
2813 1457 3017 1535 opinio
3040 1456 3403 1527 Combeﬁsii)
3440 1478 3555 1519 non
3580 1469 3641 1518 ut
3663 1458 3861 1520 absol-

2225 1551 2314 1602 vat
2342 1562 2472 1620 quae
2502 1544 2807 1605 inchoaret
2838 1548 3083 1608 Basilius
3111 1566 3123 1608 :
3161 1550 3263 1607 sed
3298 1547 3516 1608 idcirco
3548 1549 3771 1609 addere
3800 1568 3864 1609 se

2217 1631 2361 1692 dicut
2390 1651 2459 1692 ea
2481 1652 2611 1712 quas
2632 1634 2701 1693 ad
2731 1635 3031 1697 hominem
3067 1647 3338 1709 attinent,
3374 1639 3530 1717 quod
3565 1638 3863 1699 «hominis

2216 1722 2616 1783 consideratio
2646 1748 2671 1777 ››
2703 1728 2760 1783 in
2794 1726 2995 1786 Basilii
3030 1746 3209 1805 opere
3238 1753 3262 1782 α
3291 1729 3469 1792 desit.
3500 1754 3521 1787 ι»
3556 1730 3782 1791 Possim
3808 1739 3866 1789 et

2212 1811 2371 1871 aliud
2401 1813 2800 1873 testimonium
2822 1818 3087 1893 proferre
3108 1836 3176 1877 ex
3202 1819 3413 1879 eodem
3443 1821 3862 1900 Gregorio,qui

472 1931 628 1993 pene
660 1909 927 1972 omnium
962 1905 1277 1987 qualitates
1306 1904 1561 1984 aperuit.
1603 1927 1625 1959 ο
1666 1902 1917 1965 Basilius
1948 1904 2126 1983 igitur
2152 1937 2185 1984 Β
2212 1901 2321 1964 hoc
2353 1900 2512 1962 idem
2552 1902 2651 1963 lib.
2693 1904 2780 1964 De
2812 1907 3053 1983 opiﬁcio
3084 1906 3367 1979 hominis,
3409 1929 3537 1987 pag.
3570 1910 3670 1981 43,
3694 1930 3836 1989 aper

471 2020 545 2063 ex
567 2003 778 2063 horum
802 2006 1114 2060 auctorum
1134 1995 1611 2075 sententia,opus
1638 2012 1814 2053 suum
1841 2012 1957 2053 non
1988 2013 2118 2073 per-

470 2090 637 2153 duxit
659 2089 729 2151 ad
761 2085 1247 2148 umbilicumzsed
1273 2086 1330 2145 id
1350 2084 1409 2145 id
1425 2083 1837 2163 imperfectum
1858 2083 2117 2163 reliquit.

472 2179 614 2261 Sed,
641 2179 692 2241 si
719 2177 904 2239 semel
939 2175 1294 2253 constiterit,
1320 2181 1385 2233 ut
1407 2192 1474 2234 ex
1507 2172 1683 2233 dictis
1707 2183 1977 2261 constare
2009 2175 2116 2233 de-

470 2260 751 2351 bet,0pus
776 2266 976 2331 Basilii
1003 2265 1192 2327 fuisse
1214 2262 1633 2344 imperfectum
1668 2283 1684 2335 ;
1708 2260 1846 2323 inde
1865 2280 1981 2322 non
2008 2262 2115 2323 ob-

469 2366 644 2421 scure
667 2357 1012 2427 efﬁcitur,ut
1036 2352 1288 2415 Basilius
1311 2370 1507 2433 neque
1532 2352 1605 2412 de
1629 2351 1887 2412 hominis
1909 2352 2123 2412 condi-

469 2450 858 2525 tione,nequo
883 2444 957 2506 de
982 2446 1108 2524 ejus
1132 2451 1423 2504 structura
1441 2442 1949 2513 disseruerit,cum
1971 2441 2121 2503 alio-

468 2540 611 2621 quin
659 2534 1016 2600 sanctissimi
1050 2533 1238 2595 Patris
1293 2552 1441 2613 opus
1472 2530 1798 2611 perfectum
1831 2531 2035 2593 fuisset
2068 2540 2123 2592 et

465 2620 745 2690 Omnibus
768 2626 891 2688 suis
927 2628 1195 2686 numeris
1224 2641 1292 2684 ac
1325 2621 1589 2701 partibus
1624 2621 1947 2701 expletum.
1970 2620 2114 2683 Nam

465 2719 515 2782 si
540 2718 941 2780 conditionem
969 2713 1227 2776 hominis
1247 2721 1422 2793 atque
1442 2720 1799 2774 structuram
1826 2712 2113 2792 excipias,

461 2809 695 2890 reliqua
727 2806 929 2869 omnia
981 2805 1283 2884 eleganter
1323 2822 1391 2864 ac
1444 2804 1689 2877 capiose
1720 2801 1780 2862 in
1816 2801 2117 2882 prioribus

463 2919 675 2962 novem
699 2894 1073 2961 orationibus
1095 2893 1491 2976 explicantur.
1521 2893 1624 2954 Vix
1648 2891 1830 2970 igitur
1856 2890 2115 2952 dubitari

463 2999 657 3072 potest
686 2988 825 3069 quin
877 2986 1115 3048 decima
1145 2993 1204 3046 et
1235 2984 1556 3045 undecima
1596 2982 1780 3043 oratio
1811 2979 2119 3072 inspuriis

461 3070 639 3162 atque
672 3076 995 3139 subdititiis
1030 3074 1323 3155 ponendae
1353 3074 1491 3135 sint.
1547 3074 1693 3162 Nam
1745 3070 1899 3162 quod
1954 3070 2119 3162 aiunt

461 3160 854 3232 eruditissimi
874 3165 982 3226 viri
1007 3164 1397 3228 Combefisius
1421 3172 1477 3224 et
1496 3160 1932 3242 Dupinus,ideo
1963 3160 2114 3220 Inui--

2209 1992 2434 2051 tissime
2469 1993 2821 2053 conﬁrmat:
2861 1995 2962 2054 sed
2991 1995 3084 2057 his
3115 1996 3335 2057 diutius
3370 1998 3671 2058 immorari
3712 1998 3855 2059 nihil

2207 2100 2456 2142 necesse
2489 2091 2601 2161 est,
2624 2101 2754 2142 cum
2782 2084 2837 2144 'si
2875 2085 3018 2145 nihil
3047 2086 3231 2159 aliud,
3259 2090 3447 2166 ipsum
3471 2098 3630 2149 certe
3653 2089 3861 2149 dictio-

2208 2176 2299 2231 nis
2333 2190 2517 2249 genus
2570 2172 2717 2232 duas
2773 2176 2877 2233 has
2937 2176 3337 2237 oratiunculas
3386 2178 3621 2256 spurias
3678 2190 3858 2258 atque

2209 2263 2615 2341 supposititias
2646 2281 2777 2324 esse
2804 2275 3009 2344 aperte
3042 2269 3409 2329 ostenderet.

2294 2352 2391 2415 16.
2416 2352 2490 2413 Et
2511 2353 2752 2428 quidem
2779 2354 2990 2416 adduci
3014 2356 3101 2416 vix
3123 2376 3358 2436 possum
3387 2368 3446 2419 ut
3474 2360 3712 2421 credam
3750 2360 3858 2421 hoc

2208 2442 2412 2521 Operis
2444 2443 2602 2504 serio
2636 2443 2815 2504 tribui
2854 2464 3025 2522 posse
3072 2466 3285 2526 magno
3316 2448 3399 2508 illi
3434 2448 3676 2511 Basdio.
3713 2448 3854 2511 Nam

2206 2532 2506 2593 scribendi
2529 2538 2676 2593 ratio
2698 2534 2774 2595 ita
2798 2553 2829 2594 a
2857 2537 3151 2599 Basiliana
3181 2538 3452 2619 dissidet,
3486 2547 3549 2600 ut
3580 2560 3707 2601 eam
3733 2541 3854 2601 (lis-

2204 2621 2573 2698 crepantiam
2599 2623 2701 2701 qui
2729 2642 2841 2683 non
2880 2626 3059 2695 videt,
3086 2627 3362 2686 caecutire
3384 2633 3632 2687 omnino
3663 2629 3854 2688 videa-

2203 2719 2318 2773 tur.
2348 2711 2437 2773 Ad
2468 2711 2739 2789 exempla
2762 2712 3234 2792 veniamus,quaa
3257 2717 3642 2794 peterejuvat
3676 2734 3745 2777 ex
3782 2724 3854 2778 iis

2200 2819 2349 2879 quas
2376 2800 2773 2863 Conibeﬁsius
2805 2799 2991 2860 edidit
3040 2802 3428 2878 orationibus,
3461 2822 3594 2866 cum
3628 2805 3788 2884 ipsas
3822 2827 3852 2868 a

2201 2908 2265 2951 se
2298 2891 2563 2969 pristinae
2595 2907 2715 2949 suae
2748 2890 3071 2967 integritati
3105 2893 3406 2952 restitutas
3436 2911 3571 2954 esse
3596 2905 3849 2956 conten-

2204 2981 2325 3040 dat.
2363 2979 2575 3039 Nostro
2614 2997 2777 3039 more
2810 2980 3038 3058 vulgata
3071 2982 3559 3061 interpretatione
3590 2992 3846 3049 utemur.

2204 3068 2301 3131 Sic
2339 3069 2515 3146 igitur
2566 3067 2764 3147 legere
2797 3078 2886 3129 est
2923 3089 3088 3129 nunt.
3124 3072 3163 3133 ἓ
3193 3090 3206 3131 :
3242 3072 3489 3129 Θάλασσα
3520 3077 3604 3129 καὶ
3638 3074 3847 3152 πελάγη

2204 3156 2424 3231 ἄπειρα,
2483 3160 2568 3213 καὶ
2627 3166 2903 3237 προσταγῇ
2949 3165 3204 3241 παρήχθη
3255 3165 3327 3227 εἰς
3388 3167 3445 3219 τὸ
3500 3166 3664 3223 εἶναι.
3724 3164 3847 3225 Vox

462 3270 552 3322 tos
568 3260 889 3339 scriptores
911 3257 1184 3336 antiquos
1210 3255 1285 3316 de
1309 3253 1543 3315 decima
1565 3262 1622 3313 et
1643 3250 1954 3312 undecima
1978 3267 2116 3310 ora-
2139 3262 2177 3311 C
2203 3247 2441 3327 quidem
2470 3250 2790 3339 πρόσταγμα
2824 3260 2885 3309 ut
2909 3252 3061 3329 apud
3089 3252 3335 3313 idoneos
3361 3253 3621 3333 reliquos
3649 3266 3848 3318 aucto—

460 3351 622 3412 tione
648 3337 935 3421 tacuisse,
983 3347 1262 3427 quoniam
1298 3360 1566 3404 seorsum
1603 3349 1699 3420 pot
1730 3341 1874 3401 alias
1907 3357 2116 3402 novem
2204 3355 2323 3403 res,
2362 3338 2441 3398 ita
2489 3337 2645 3418 apud
2698 3338 2978 3400 Basilium
3014 3344 3229 3403 usitata
3269 3353 3377 3404 est.
3416 3344 3531 3405 Sed
3570 3354 3850 3425 prmstare

461 3441 681 3504 habitm
710 3448 868 3511 sunt,
904 3438 959 3498 id
993 3437 1237 3518 quidem
1276 3434 1493 3496 faterer
1547 3431 1771 3512 aliquid
1829 3427 2115 3491 momenti
2200 3428 2387 3518 ausim
2422 3447 2624 3489 vocem
2660 3433 2933 3509 προσταγή
2972 3431 3028 3491 in
3062 3432 3285 3493 Basilio
3311 3452 3425 3493 non
3452 3435 3705 3514 reperiri
3734 3456 3844 3507 ;an

459 3530 768 3604 habere,si
794 3526 1199 3590 testimonium
1219 3525 1551 3603 proferrent
1570 3522 1659 3583 vel
1677 3520 1853 3582 unius
1865 3520 2084 3598 scripto

456 3624 541 3684 ris
565 3620 817 3703 antiqui,
851 3617 952 3700 qui
984 3636 1047 3679 se
1080 3618 1184 3678 has
1216 3614 1362 3675 duas
1398 3612 1760 3703 posteriores
1792 3610 2111 3703 conciones

456 3712 676 3773 vidisse
711 3701 1037 3773 iestaretur
1065 3724 1078 3768 :
1115 3705 1219 3768 sed
1253 3723 1387 3765 cum
1419 3702 1565 3764 nihil
1601 3702 1716 3763 tale
1748 3701 2106 3781 proferatur,

458 3800 760 3881 ejusmodi
812 3799 1106 3859 rationem
1140 3794 1391 3876 probare
1435 3793 1597 3853 nullo
1631 3793 1806 3853 modo
1842 3809 2104 3881 possum.

538 3892 636 3955 15.
675 3891 759 3951 Ad
795 3886 1159 3969 propositum
1214 3903 1320 3945 nos
1372 3882 1723 3944 referamus.
1760 3881 1878 3941 Etsi
1932 3879 2111 3958 igitur

455 3979 822 4057 argumentis
850 3978 923 4037 iis
946 3994 1078 4057 quae
1110 3976 1409 4035 ducuntur
1433 3991 1501 4032 ex
1526 3971 1878 4033 auctoritate
1903 3969 2109 4031 Hiero-

455 4072 641 4151 nymi,
675 4069 958 4143 Socratis,
996 4063 1291 4128 Eustathii
1348 4074 1407 4123 et
1457 4059 1814 4151 Cassiodori,
1850 4060 1992 4120 insit
2024 4059 2108 4120 vis

457 4150 738 4240 maxima,
778 4170 974 4219 tamen
1032 4153 1180 4215 levia
1223 4152 1409 4212 videri
1444 4159 1713 4232 possunt,
1749 4150 1797 4240 si
1851 4168 1985 4240 cum
2039 4167 2108 4240 eo

454 4236 804 4327 argumento
838 4244 997 4323 quod
1026 4262 1091 4304 ex
1128 4241 1480 4302 auctoritate
1539 4238 1811 4318 Gregorii
1858 4236 2107 4318 Nysseni

454 4338 738 4418 petimus,
772 4339 1216 4415 comparentur.
1252 4329 1482 4391 Etenim
1517 4330 1677 4418 clare
1702 4337 1762 4390 et
1784 4328 2004 4418 diserte
2027 4327 2109 4387 ait

452 4417 797 4505 Gregorius,
828 4433 1050 4502 partem
1087 4438 1216 4482 eam
1250 4437 1385 4498 quae
1412 4421 1483 4479 ad
1518 4417 1780 4480 hominis
1802 4417 2102 4496 opiﬁcium

452 4524 714 4598 Spectat,
742 4516 802 4577 in
828 4512 1030 4576 Basilii
1062 4528 1245 4591 opere
1276 4508 1629 4589 desiderari,
1654 4516 1718 4568 ut
1740 4507 1939 4598 mirari
1958 4506 2105 4598 sub-

452 4595 545 4669 eat
579 4624 610 4666 a
642 4621 943 4685 quoquam
1009 4601 1117 4662 bas
1171 4598 1571 4660 oratiunculas
1627 4596 1844 4659 Basilio
1899 4595 2101 4659 tribui.

450 4697 700 4757 Praestat
720 4694 900 4755 verba
924 4688 1196 4769 Gregorii
1219 4688 1577 4766 exscribere,
1608 4705 1738 4767 quae
1760 4685 1811 4747 si
1837 4685 2106 4764 legantur

449 4793 692 4861 attente,
730 4804 800 4846 ea
829 4784 904 4844 de
936 4799 1002 4844 re
1036 4800 1151 4842 non
1183 4778 1437 4859 amplius
1463 4777 1895 4839 dubitationem
1920 4775 2102 4837 ullaul

449 4876 576 4937 fore
599 4874 981 4938 conﬁdimus.
1010 4870 1107 4933 Sic
1140 4870 1320 4949 igitur
1355 4867 1614 4948 loquitur
1643 4864 1963 4945 Gregorius
1993 4863 2098 4927 lib.

452 4964 535 5026 De
559 4965 822 5027 hominis
838 4962 1241 5043 opiﬁcio,pag.
1289 4959 1367 5021 45
1401 4980 1411 5016 :
1440 4961 1493 5015 Et
1540 4958 1640 5036 γὰρ
1672 4955 1959 5021 λειπούσης
2007 4961 2101 5022 τῆς

448 5052 800 5132 Ἐξαημέρου,
861 5053 956 5120 τῆς
1007 5055 1078 5116 εἱς
1134 5052 1226 5108 τὸν
1281 5048 1556 5126 ἄνθρωπον
1613 5046 1855 5123 θεωρίας,
1918 5044 2103 5119 μηδεὶς

447 5151 554 5200 τῶν
613 5144 1058 5219 μαθητευσάντων
1119 5143 1261 5215 αὐτῷ
1320 5135 1553 5206 σπουδήν
1651 5159 1766 5191 τινα
1826 5136 1955 5212 πρὸς
2006 5136 2103 5203 τὴ)

448 5240 538 5290 τοῦ
596 5233 871 5295 λείποντος
932 5228 1312 5308 ἀναπλήρωσιν
1373 5226 1753 5303 εἰσενέγκαιτο·
1818 5223 1980 5302 ἔσχεν
2042 5222 2102 5278 ἂν

448 5324 668 5386 εἰκότως
695 5322 830 5379 κατὰ
864 5326 960 5388 τῆς
996 5319 1239 5397 μεγάλης
1274 5322 1430 5375 αὗτοῦ
1484 5315 1637 5382 δόξης
1671 5317 1698 5370 ὁ
1753 5320 1938 5389 μῶμος
1997 5312 2101 5369 λα-

446 5410 567 5487 ϐὴν,
602 5416 673 5474 ὡς
707 5412 784 5486 μὴ
846 5408 1194 5486 βουληθέντος
1226 5405 1329 5472 ἕξιν
1386 5405 1503 5463 τινὰ
1547 5402 1943 5469 κατανοητικὴν
1987 5416 2105 5466 τοῖς

446 5503 741 5581 ἀκροαταῖς
774 5499 1178 5577 ἐνεργάσασθαι.
1214 5499 1334 5555 Νυνὶ
1376 5494 1430 5550 δὲ
1487 5496 1623 5551 κατὰ
1681 5491 1897 5567 δύνῑμιν
1944 5495 2100 5565 ἡμῶν

444 5592 925 5667 ἐπιτολμησάντων
988 5594 1055 5664 τῇ
1111 5588 1363 5663 ἐξηγήσει
1439 5593 1533 5639 του
1619 5582 1920 5661 λείποντος,
1978 5589 2093 5643 etc.

450 5706 470 5738 ι
516 5681 661 5742 Nam
695 5698 828 5743 cum
866 5678 925 5738 in
961 5678 1334 5739 enarratione
1365 5692 1611 5755 operum
1647 5690 1778 5752 quae
1808 5671 1965 5733 Dens
1994 5690 2096 5733 sex

442 5771 657 5834 diebus
680 5767 1227 5848 absolvit,hominis
1266 5763 1667 5827 consideratio
1692 5762 1847 5823 desit
1875 5782 1890 5838 ;
1923 5762 1968 5822 si
1999 5762 2095 5823 di-

2200 3516 2536 3580 inveniatur
2569 3521 2625 3578 in
2663 3519 2793 3580 aliis
2816 3518 2987 3581 bonae
3015 3532 3167 3583 notae
3186 3523 3602 3604 scriptoribus,
3630 3545 3842 3602 necne,

2197 3627 2313 3669 non
2345 3609 2677 3682 afﬁrmabo,
2702 3609 2953 3672 dixerim
2991 3622 3184 3673 tamen
3206 3614 3262 3673 in
3297 3614 3662 3694 amplissimo
3682 3616 3846 3678 Hen-

2195 3698 2304 3760 rici
2337 3698 2624 3778 Stephani
2664 3700 2973 3762 Thsauro
3009 3722 3127 3764 non
3165 3703 3304 3781 legi.
3340 3702 3492 3764 Nnm
3526 3710 3604 3768 6:
3641 3708 3728 3764 Ἐν
3764 3713 3846 3771 οἶέ

2196 3792 2348 3854 αὐτος
2395 3792 2551 3846 εἶπεν
2582 3790 2638 3854 ἐξ
2682 3792 2913 3867 ὑπογύου
2947 3795 2972 3846 ὁ
3008 3798 3163 3865 Θεος,
3204 3816 3225 3847 ι
3267 3795 3327 3854 in
3362 3793 3433 3853 iis
3466 3794 3845 3867 nimirum,in

2194 3879 2410 3958 quibus
2434 3878 2560 3957 ipse
2586 3878 2740 3938 Deus
2764 3879 3036 3957 proxime
3061 3880 3225 3942 dixit.
3252 3905 3273 3938 υ
3308 3882 3410 3940 Vix
3440 3882 3580 3942 mihi
3603 3902 3847 3962 persua-

2191 3968 2320 4028 deri
2346 3968 2563 4047 poterit
2581 3966 2863 4027 Basilium
2900 3969 3009 4029 hac
3035 3968 3322 4048 loquendi
3348 3971 3599 4046 ratione,
3625 3974 3678 4039 ἒξ
3707 3977 3840 4031 ὑπο-

2190 4059 2337 4135 γύόυ,
2374 4075 2633 4133 unquam
2672 4075 2841 4116 nsum
2876 4055 3082 4119 fuisse.
3114 4060 3400 4139 Reperias
3430 4062 3648 4141 smpius
3679 4065 3839 4140 apud

2191 4145 2474 4209 Basilium
2525 4147 2638 4207 hoc
2686 4145 2819 4225 ipso
2878 4150 3171 4219 sensu,év
3229 4165 3346 4213 τοῖς
3404 4154 3633 4208 κατόπιν
3690 4156 3838 4225 εἶπε,

2198 4260 2223 4290 ι(
2258 4241 2536 4317 superius
2565 4235 2753 4297 dixit:
2795 4255 2822 4294 ›
2856 4236 2961 4296 sed
2994 4237 3224 4311 illud,é$
3253 4242 3841 4323 bnoyooumusquam,

2191 4326 2423 4406 opinor,
2455 4324 2744 4387 invenias.
2779 4323 2931 4386 Num
2998 4326 3033 4389 8
3062 4345 3074 4390 ζ
3111 4328 3350 4387 ’Ἔπειτᾶ
3382 4334 3471 4387 καὶ
3521 4334 3553 4399 ἡ
3587 4334 3839 4410 παραδεί-

2192 4439 2283 4473 σου
2343 4414 2833 4491 συνεπεδαψιλεὺθη
2884 4417 3200 4492 ἀπόλαυσις,
3245 4444 3269 4474 et
3306 4418 3455 4481 Tum
3490 4429 3548 4481 et
3582 4424 3840 4502 paradisi

2191 4504 2559 4568 liberalitatis
2591 4505 2829 4565 cumulo
2862 4505 3111 4584 adjecta;
3142 4508 3392 4569 deliciae.
3434 4535 3458 4565 ι
3518 4508 3691 4587 Illud,
3720 4536 3838 4568 συν-

2191 4594 2599 4671 επεδκψιλεύθη,
2633 4594 2869 4669 frustra,
2912 4594 3027 4655 nisi
3060 4615 3154 4657 me
3178 4597 3326 4658 fallit
3358 4597 3617 4672 animus,
3647 4599 3705 4661 in
3729 4604 3841 4664 Ba-

2187 4684 2324 4747 Siiio
2362 4684 2690 4766 quaesieris.
2729 4683 2913 4745 Num.
2947 4683 3019 4744 12
3050 4706 3062 4747 ε
3125 4688 3210 4749 Τίς
3242 4690 3268 4743 ὁ
3299 4694 3366 4764 τῇ
3398 4689 3678 4765 ἀραιότητι
3734 4694 3837 4748 τῶν

2190 4779 2472 4851 στημόνων
2524 4775 2739 4831 ἐκείνων
2799 4772 3015 4838 ξυλίνων
3076 4776 3175 4842 τὴν
3232 4776 3504 4844 ἀναπνοὴν
3561 4785 3637 4853 τῷ
3679 4781 3837 4859 ἐγχε..

2186 4864 2484 4940 κλεισμένῳ
2512 4866 2679 4943 θηρίῳ
2723 4885 3153 4944 πιρκσκευασας,
3192 4885 3221 4923 (
3271 4865 3415 4938 Quis
3445 4884 3613 4929 raros
3643 4888 3837 4933 caveae

2188 4954 2380 5031 lignea
2394 4953 2690 5015 cancellos
2706 4951 2954 5013 inclusae
2967 4952 3024 5013 fe
3036 4969 3114 5014 rae.
3132 4956 3837 5041 exstruxit,quorespira-

2188 5052 2301 5105 ret.
2340 5069 2357 5099 ι
2398 5043 2581 5121 Illud,
2609 5045 2851 5122 στήμων,
2881 5051 2946 5103 ut
2980 5042 3056 5104 de
3090 5044 3337 5127 reliquis
3363 5055 3653 5123 taceam,a
3674 5051 3839 5112 Basi-

2192 5133 2349 5194 liano
2380 5133 2530 5212 stylo
2554 5132 2727 5211 longe
2759 5132 3057 5195 dissidere
3079 5134 3362 5199 arbitror.
3385 5137 3535 5197 Nam
3557 5143 3834 5217 vox,cm$-

2189 5248 2327 5305 μευν,
2363 5223 2691 5303 impropria
2723 5229 2837 5303 est,
2875 5240 2987 5283 nec
3024 5220 3177 5284 bena
3208 5224 3347 5285 huic
3380 5224 3509 5285 loco
3532 5230 3832 5295 convenit.

2189 5313 2495 5393 Signiﬁcat
2543 5312 2782 5393 quidem
2839 5312 3079 5387 usitate,
3120 5339 3139 5367 α
3182 5321 3432 5394 stamen,
3470 5339 3495 5369 ιδ
3540 5323 3639 5377 aut
3676 5325 3836 5400 «ipsa

2188 5422 2318 5484 quae
2338 5422 2369 5464 e
2389 5403 2537 5464 coelo
2563 5403 2864 5463 ducuntur
2889 5400 3043 5462 ﬁlaz»
3074 5402 3175 5463 sed
3196 5403 3352 5483 apud
3387 5422 3536 5480 quos
3558 5416 3834 5471 auctores

2188 5511 2293 5553 vox
2327 5492 2548 5565 στήμων
2602 5491 2901 5570 signiﬁcet
2940 5516 2961 5543 α
2997 5508 3259 5567 caveam,
3292 5514 3320 5553 ιο
3356 5493 3531 5555 velim
3587 5495 3835 5559 dixisset

2183 5581 2595 5643 Combeﬁsius.
2631 5583 2894 5643 Numero
2929 5580 3041 5642 142
3081 5590 3252 5662 Μικρᾷ
3296 5587 3622 5661 προσψαύσει
3663 5588 3825 5667 ἐκρά-

2182 5694 2310 5740 τησε
2345 5676 2402 5728 τὸ
2436 5673 2775 5751 ἀεροπορουν,
2814 5693 2835 5725 (ι
2874 5669 3017 5732 Levi
3054 5680 3270 5735 attactu
3319 5692 3424 5755 per
3453 5693 3591 5736 aera
3624 5678 3830 5738 volan-

2182 5771 2299 5823 tem
2330 5762 2619 5823 aviculam
2673 5760 2886 5823 tenuit.
2928 5786 2956 5817 ι)
2998 5759 3259 5825 Verbum
3296 5764 3537 5845 quidem
3598 5766 3829 5845 ἀεροπο-
