4174 6390
1533 305 1605 367 D.
1651 303 1809 367 JUL.
1855 303 2234 367 GARNERII
2279 302 2704 366 PREFATIO.

3537 318 3790 391 chxxv

403 455 599 511 tamen
616 445 1105 528 tantoperejactat
1120 442 1792 523 Combeﬁsius,quaeque
1815 441 1873 502 in
1891 460 2034 503 cau-
2060 453 2094 499 Α
2120 436 2531 528 accipiendam
2548 454 2679 498 esse
2691 436 2902 517 Moysis
2918 437 3316 500 narrationem
3332 439 3775 503 censet.Mirum

395 556 459 598 sa
484 538 711 600 l'uitcur
732 527 831 598 eas
853 529 2041 612 deintegroedendascuraret.Namvera
2125 545 2241 587 non
2275 536 2365 587 est
2410 527 2467 587 in
2525 545 2655 588 eam
2716 528 3070 588 sententiam
3134 528 3312 590 ivisse
3364 529 3781 609 allegoriarum

392 629 591 690 Basilii
619 647 797 707 opera
820 646 850 685 a
881 625 1041 685 falsis
1068 641 1182 683 non
1215 623 1403 683 semel
1430 622 1491 682 in
1525 641 1595 681 eo
1648 622 1891 682 differre
1924 622 2036 683 ad-

396 715 915 796 izotavimus,qnod
950 715 1049 774 illa
1075 713 1465 785 inodice,h:r:c
1487 711 1806 772 immodice
1831 712 2035 772 lectio-

395 829 531 870 num
566 810 839 870 varietate
873 805 1173 865 luxurient
1202 804 1367 880 quasi
1395 802 1635 863 reveriti
1659 802 1898 880 quidem
1933 821 2034 861 es-

394 909 524 960 sent
550 899 772 961 librarii
794 896 1055 976 genuina
1075 913 1257 973 opera
1277 892 1696 953 additamentis
1721 900 1821 951 aut
1844 891 2037 952 detra-

391 983 1206 1066 ctionibusdepravare,falsa
1228 1001 1366 1043 vero
1393 982 1506 1042 sibi
1532 981 1713 1042 licere
1730 988 2038 1060 putassent

393 1098 496 1157 pro
528 1077 821 1139 arbitratu
854 1077 1191 1152 immutare,
1220 1071 1546 1149 corrigere,
1581 1080 1660 1149 et,
1698 1084 1761 1129 ut
1786 1068 2031 1143 libebat,

394 1167 946 1245 deformare.Cujus
972 1164 1057 1224 rei
1084 1183 1215 1223 cum
1239 1163 1359 1223 sint
1377 1160 1661 1242 deinceps
1682 1161 2037 1241 proferenda

390 1262 662 1338 exempla
694 1258 873 1332 varia,
910 1256 1005 1316 hic
1039 1252 1343 1314 monuisse
1375 1252 1519 1313 satis
1550 1261 1659 1312 est.

385 1347 513 1426 §[t.
569 1351 671 1409 An
724 1366 819 1409 res
868 1365 987 1407 uno
1033 1350 1326 1406 momento
1375 1349 1595 1404 creata:
1644 1342 1789 1416 sint,
1823 1359 1904 1403 an
1932 1360 2037 1403 sea:

970 1427 1203 1488 dierum
1236 1429 1452 1502 spatio.

468 1526 564 1585 Ql.
604 1522 996 1586 l’rontisimus
1022 1521 1350 1591 nutn.l3,si
1376 1516 1517 1597 quid
1557 1517 1611 1576 in
1645 1515 1910 1596 quolibet
1931 1519 2037 1579 Ba-

386 1615 503 1674 sibi
536 1631 718 1692 opere
753 1619 957 1673 notatu
990 1610 1239 1687 dignum
1276 1608 1597 1681 videretur,
1626 1606 1699 1666 de
1731 1625 1799 1667 eo
1835 1624 1943 1666 nos
1974 1606 2034 1666 in

388 1703 1045 1782 praalationealiquanto
1060 1698 1403 1777 diligentius
1418 1694 2036 1775 disputaturoslgitur

2120 617 2588 677 amantissimum
2607 617 2794 677 virum
2816 614 3357 696 Origenem.Vetus
3383 618 3484 680 ille
3501 618 3778 701 scriptor,

2121 727 2275 785 quan
2288 720 2406 767 tum
2424 709 2774 789 conjectura
2787 708 3067 786 augurari
3083 708 3243 783 licet,
3279 711 3337 771 in
3352 711 3478 772 suis
3496 716 3561 771 in
3589 713 3781 772 Gene-

2121 798 2229 857 sim
2247 796 2706 859 Commentariis
2722 818 2856 879 qum
2873 798 3240 861 hactenusin
3264 799 3459 861 lucem
3488 819 3603 861 non
3634 819 3775 879 pro—

2122 885 2389 957 diere,ea
2413 889 2486 948 de
2505 906 2570 947 re
2591 887 2718 950 fuse
2764 888 3190 968 disputaverat.
3215 886 3303 950 Ita
3324 891 3483 951 enim
3518 888 3783 969 loquitur

2122 974 2272 1035 libro
2296 986 2459 1036 sexto
2483 991 2694 1039 contra
2719 977 2989 1052 Celsum,
3018 996 3147 1059 pag.
3179 977 3289 1041 317
3324 997 3337 1042 :
3365 982 3508 1037 Κατὰ
3530 982 3590 1036 τὸ
3618 979 3778 1037 δυνα-

2118 1087 2209 1119 τον
2242 1067 2376 1137 ἡμῖν
2412 1068 2464 1121 ἐν
2521 1082 2636 1131 to":
2687 1073 3184 1147 Πραγμκτευθεϊσιν
3217 1072 3290 1132 εἰς
3322 1071 3422 1136 τὴν
3454 1070 3663 1125 Γένεσιν
3696 1072 3773 1125 εἰ·

2121 1156 2384 1231 ρήκκμεν,
2419 1177 2443 1211 ιι
2476 1158 2588 1217 l’ro
2612 1156 2766 1217 virili
2799 1165 3005 1219 nostra
3035 1166 3199 1235 parte
3238 1158 3343 1237 [de
3368 1176 3572 1220 rerum
3604 1177 3774 1219 crea-

2121 1242 2303 1321 tione]
2337 1245 2595 1307 diximus
2626 1247 2688 1307 in
2721 1245 3180 1310 Commentariis
3204 1250 3271 1309 in
3306 1247 3590 1310 Genesin.
3621 1271 3647 1301 ι
3680 1249 3778 1309 Sic

2122 1333 2547 1411 prosequitur:
2606 1338 2702 1394 Καὶ
2756 1340 2811 1393 ἓν
2875 1351 2993 1401 τοϊς
3049 1337 3299 1416 ἀνωτέρω
3329 1335 3382 1393 δὲ
3426 1335 3775 1415 ἐγκαλοῦντες

2122 1435 2238 1484 τοῖς
2285 1429 2420 1478 κατὰ
2464 1425 2561 1491 τὴν
2595 1428 3015 1505 προχειροτέρκν
3046 1426 3281 1507 ἐκδοχὴν
3316 1427 3517 1506 φήσασι
3550 1427 3775 1507 χρόνους

2120 1509 2172 1574 2,-
2206 1512 2419 1588 ἡμερῶν
2482 1511 2843 1581 διεληλυθέναι
2900 1519 2972 1580 εἰς
3019 1517 3119 1585 τὴν
3162 1516 3537 1592 κοσμοποιίαν,
3600 1538 3776 1592 παρα-

2119 1599 2364 1675 τιθέμεῡχ
2422 1605 2504 1682 τὸ,
2569 1600 2711 1671 Αὕτη
2761 1606 2795 1673 ἡ
2842 1604 3022 1681 βίϐλος
3096 1605 3354 1683 γενέσεως
3414 1605 3635 1682 οὔροινοῦ
3689 1607 3776 1664 καὶ

2120 1694 2217 1764 γῑς
2263 1690 2351 1745 ὅτε
2410 1691 2640 1769 ἐγένετο,
2702 1695 2736 1761 ἦ
2778 1695 2952 1773 ἡμέρᾳ
3006 1696 3255 1761 εποίησεν
3292 1698 3318 1750 6
3352 1696 3479 1753 Θεὸς
3528 1698 3621 1750 τὸν
3679 1697 3776 1751 οὒ-

389 1780 696 1871 promissis
735 1801 795 1851 ut
818 1780 1454 1864 stemus,nunnulla,ut
1476 1794 1813 1859 occurrent,
1839 1785 2028 1845 adno-
2060 1819 2092 1866 Β
2117 1782 2272 1855 ρ·ινὸν
2306 1783 2390 1836 mi
2421 1788 2519 1848 τὴν
2551 1787 2674 1859 γῆν.
2738 1806 2760 1839 ιι
2800 1783 2956 1856 Quin
2997 1794 3055 1847 et
3088 1784 3145 1845 in
3180 1780 3596 1862 superioribus
3629 1782 3771 1842 dum

388 1880 853 1944 tabitnus.Nemo
873 1876 1613 1957 nescitverbaillaMoysis,
1640 1874 2031 1954 Inprincipio

386 1977 524 2050 fecit
544 1973 696 2033 Deus
714 1972 1227 2032 cwlumcttermm
1251 1969 1297 2047 1,
1334 1977 1455 2027 tum
1479 1966 1551 2025 ab
1576 1963 1971 2045 antiquistum
1999 1982 2031 2023 a

387 2061 823 2124 recentioribus
857 2061 1014 2120 varie
1047 2067 1291 2139 accepta
1321 2075 1474 2117 esse.
1510 2054 1788 2133 Plerique
1822 2071 2031 2114 omnes

384 2153 796 2213 existimarunt
829 2168 948 2223 res,
987 2150 1067 2211 uti
1114 2168 1145 2209 a
1182 2148 1382 2227 Moyse
1418 2153 1754 2216 narrantur,
1791 2143 2030 2203 etfectas

381 2262 534 2314 esse,
566 2251 620 2300 et
653 2241 845 2320 reipsa
875 2258 978 2300 sex
1008 2238 1240 2299 dierum
1274 2236 1468 2314 spatio
1503 2234 1686 2294 fuisse
1733 2232 2025 2295 conditas.

378 2334 499 2394 Nec
513 2331 886 2391 dilﬁtendum
915 2329 1042 2409 ipsa
1070 2328 1283 2406 Moysis
1300 2326 1479 2386 verba
1504 2324 1640 2384 huic
1656 2322 1737 2384 illi
1763 2323 2029 2403 opinioni

376 2423 626 2484 multum
650 2421 756 2481 favi
780 2438 1014 2486 re.cum
1040 2417 1385 2495 singillatim
1405 2424 1582 2494 atque
1607 2412 1817 2473 ordine
1842 2431 2031 2493 expo-

377 2521 547 2573 natur
567 2511 708 2587 quid
730 2509 997 2589 quolibet
1014 2507 1110 2567 die
1128 2505 1466 2567 confectum
1491 2501 1764 2565 sit.Haud
1782 2503 2030 2564 defuere

380 2614 575 2664 tamen
610 2602 707 2681 qui
733 2599 905 2660 aliter
929 2596 1247 2658 senserint.
1282 2596 1394 2656 rati
1423 2596 1572 2655 banc
1603 2592 1817 2671 agendi
1839 2593 2023 2654 ratio-

380 2712 514 2752 nem
534 2692 726 2771 opiﬁci
756 2688 1172 2769 potentissimo
1198 2685 1317 2747 Deo
1340 2703 1454 2745 non
1481 2682 1823 2751 convenire,
1848 2683 1947 2760 qui
1977 2688 2025 2743 si

381 2783 456 2842 ita
488 2802 551 2841 se
582 2782 862 2859 gessisset
894 2778 954 2839 in
987 2774 1315 2838 condendis
1351 2776 1554 2847 rebus,
1594 2792 1709 2833 non
1743 2782 1805 2832 ut
1838 2771 2023 2833 Deum

379 2871 569 2941 decet,
599 2868 697 2928 sed
735 2866 1043 2928 hominum
1102 2882 1267 2926 more
1313 2863 1552 2943 egisset.
1609 2863 1769 2923 [nter
1791 2880 1895 2921 eos
1928 2860 2029 2940 qui

379 2958 791 3019 existimavere
810 2974 907 3016 res
930 2954 1106 3015 simul
1134 2973 1247 3013 non
1271 2971 1376 3032 per
1400 2954 1553 3013 vices
1568 2959 1797 3011 creatas
1815 2948 2023 3029 fuisse,

380 3047 606 3125 primus
628 3044 935 3107 reccnseri
989 3053 1180 3123 potest
1202 3042 1368 3104 Philo
1404 3043 1511 3120 (α),
1542 3041 1710 3120 cujus
1735 3042 1859 3100 ltaac
1887 3047 2027 3099 sunt

374 3139 589 3197 verba:
646 3139 774 3193 Τότε
826 3136 922 3210 μὲν
954 3142 1043 3191 οὖν
1076 3134 1185 3208 ἅμα
1218 3134 1389 3188 πάντα
1420 3133 1717 3191 συνίστατο,
1756 3138 2018 3186 Συνιστκ-

371 3228 542 3301 μένων
573 3225 637 3281 δι’
673 3229 807 3297 ὁμοῦ
836 3229 1072 3293 πέντων,
1108 3227 1139 3291 ἡ
1194 3222 1339 3288 τάξις
1398 3222 1670 3298 ἀναγκαίῳ
1723 3220 1869 3297 λόγῳ
1894 3221 2017 3275 {me-

367 3319 619 3395 γρκφεῖο,
655 3315 739 3371 διὰ
776 3316 870 3381 τὴν
923 3313 1185 3388 ἐσομένην
1239 3316 1380 3374 αὖθις
1425 3310 1476 3376 ἐξ
1508 3311 1754 3380 ἀλλήλων
1787 3310 2017 3387 γένεσιν.

375 3430 396 3460 ‹‹
432 3404 598 3465 Tunc
636 3406 815 3483 igitur
846 3403 1047 3464 omnia
1077 3402 1247 3462 simul
1286 3399 1707 3461 suntcondita.
1762 3398 1884 3461 Etsi
1909 3419 2018 3459 au-

374 3506 488 3556 tem
515 3495 716 3555 omnia
754 3495 930 3555 simul
985 3492 1361 3560 constabant,
1397 3489 1541 3550 ordo
1575 3499 1769 3549 tamen
1806 3507 2019 3549 neces—

372 3584 527 3645 sario
553 3584 890 3664 descriptus
917 3592 1283 3663 cst,propter
1302 3591 1562 3641 mutuam
1590 3580 2023 3658 quaideinceps

374 3678 571 3736 t'utura
604 3684 750 3744 erat,
788 3693 852 3734 ex
887 3691 1019 3732 sese
1044 3679 1553 3751 propagationcm.
1592 3691 1618 3726 »
1661 3666 1782 3728 Nec
1835 3668 2026 3729 solum

372 3767 483 3825 doc
516 3765 702 3825 rinan.
734 3763 1005 3825 eamdem
1035 3761 1210 3821 tradit
1251 3760 1366 3820 alio
1402 3758 1667 3831 loco,sed
1721 3777 1824 3818 eos
1847 3759 2023 3818 etiam

370 3855 473 3931 qui
505 3872 680 3914 secus
706 3853 994 3925 sentiunt,
1024 3850 1289 3911 stultitiae
1311 3865 1596 3909 accusare
1624 3867 1737 3906 non
1764 3847 2017 3909 dubitat.

362 3943 563 4023 Ipsum
597 3944 932 4005 audiamus.
958 3942 1043 4021 (ὁ)
1086 3940 1278 4007 sanos;
1305 3942 1439 3997 πάνυ
1474 3941 1533 3993 τὸ
1558 3938 1762 3992 uiuo-it
1790 3936 1841 4002 ἒξ
1874 3937 2016 4004 ἠυιέ-

365 4060 505 4115 ριις,
533 4039 567 4105 ἢ
598 4036 830 4093 καθόλου
865 4038 1044 4114 γρὸνῳ
1066 4037 1267 4110 κοσμον
1291 4028 1733 4111 γεγονένσιιβιὸτι
1758 4030 1967 4101 σύμπας
1992 4032 2017 4085 6

363 4131 562 4202 κὸσμος
599 4126 810 4204 ἡμερῶν
842 4130 928 4181 xxi
960 4133 1159 4180 νυκτῶν
1202 4125 1313 4180 ἐστι
1368 4122 1637 4191 διάστημα
1670 4136 1681 4148 ·
1738 4120 1824 4173 καὶ
1854 4127 2017 4174 ταῦτα

368 4216 519 4284 ηλίου
550 4220 758 4283 κίνησις
788 4217 917 4291 ὑπὲρ
944 4215 1042 4292 γῆν
1077 4217 1160 4269 καὶ
1205 4217 1306 4269 ὑπὸ
1360 4213 1457 4289 γῆν
1491 4212 1663 4269 ἶὸντος
1696 4208 1747 4273 ἐξ
1780 4210 2018 4286 ἀνάγκης

364 4307 643 4367 ἀποτελεῖ.
684 4331 709 4360 α
747 4305 929 4366 Plane
963 4304 1207 4363 stultum
1232 4312 1324 4363 est.
1349 4297 1627 4361 arbitrari
1654 4317 1755 4358 sex
1779 4298 2019 4372 diebus,

368 4410 465 4457 aut
505 4396 749 4458 omnino
782 4395 840 4456 in
879 4406 1143 4475 tempore
1198 4393 1482 4453 mundum
1538 4390 1756 4450 factum
1808 4389 2019 4468 fuisse,

374 4498 689 4567 propterea
714 4486 869 4565 quod
904 4485 1162 4546 mundus
1190 4491 1344 4542 totus
1370 4478 1748 4540 intervallum
1776 4490 1868 4541 est
1899 4479 2022 4539 die-

2115 1870 2703 1946 reprehenderemus
2718 1890 2818 1933 eos
2837 1873 2937 1953 qui
2964 1873 3294 1934 secundum
3320 1889 3562 1932 sensum
3589 1870 3775 1949 magis

2116 1956 2352 2017 obvium
2378 1959 2540 2020 aiunt
2562 1979 2665 2021 sex
2691 1961 2904 2023 diebus
2924 1963 3254 2024 absolutam
3279 1960 3484 2021 mundi
3508 1959 3770 2021 creatio-

2117 2048 2618 2126 nem,objecimus
2642 2050 2809 2111 illud:
2840 2051 3551 2131 Hiclibergeneratiom‘s
3568 2049 3772 2111 caeliet

2115 2142 2311 2215 terrae,
2339 2157 2473 2199 cum
2501 2140 2661 2217 ﬂictu
2686 2150 2978 2219 suntzqua
3007 2142 3105 2203 die
3127 2143 3273 2219 fecit
3291 2140 3442 2202 Deus
3463 2139 3689 2200 caelum
3718 2147 3771 2200 et

2116 2232 2337 2287 terram
2368 2225 2411 2283 3.
2433 2254 2450 2284 υ
2486 2228 2684 2291 Facile
2706 2239 2905 2291 autem
2929 2231 3289 2293 crediderim
3311 2228 3772 2306 Origenem,viri

2113 2317 2275 2394 quod
2312 2326 2442 2379 erat
2474 2318 2532 2377 in
2571 2318 2881 2399 allegorias
2898 2320 3382 2395 studium,multa
3399 2318 3588 2381 aliain
3611 2337 3771 2379 eam-

2114 2404 2249 2464 dem
2283 2406 2637 2469 sententiam
2669 2409 2732 2470 in
2777 2411 2902 2471 suis
2933 2410 3104 2472 libris
3133 2409 3532 2490 inspersisse;
3587 2409 3685 2489 qui
3718 2407 3768 2468 si

2113 2504 2411 2555 exstarent
2430 2516 2785 2571 omnes,non
2802 2498 3010 2561 dubito
3028 2500 3170 2581 quin
3183 2498 3479 2581 permulta
3498 2498 3768 2577 exempla

2112 2588 2388 2663 prolerre
2412 2586 2646 2662 liceret,
2680 2589 2903 2669 quibus
2926 2589 3078 2670 quod
3113 2588 3248 2651 dico
3270 2589 3521 2649 mirifice
3555 2586 3773 2648 conﬁr-

2114 2684 2377 2734 maretur
2408 2691 2421 2736 2
2463 2676 2565 2735 sed
2608 2695 2741 2737 cum
2777 2696 2986 2739 eorum
3009 2696 3144 2758 pars
3170 2679 3424 2739 maxima
3446 2676 3765 2752 interierit,

2114 2763 2520 2825 testimonium
2539 2767 2779 2827 unicum
2796 2786 2827 2827 e
2843 2768 3365 2846 notissimo(c)loco
3383 2767 3604 2829 addere
3627 2768 3768 2829 satis

2119 2854 2372 2914 habebo.
2413 2856 2515 2916 Est
2544 2864 2741 2918 autem
2793 2857 3088 2938 ejusmodi
3126 2880 3138 2916 :
3188 2859 3276 2921 Τίς
3310 2867 3436 2935 γοῦν
3470 2864 3588 2913 νοῦν
3620 2856 3765 2937 ἔχων

2113 2949 2348 3017 οἷτξσετχι
2410 2950 2627 3027 πρώτην
2702 2953 2788 3007 κχὶ
2848 2950 3090 3028 δευτέραν
3142 2954 3229 3008 καὶ
3292 2953 3474 3029 τρίτην
3532 2950 3766 3041 ἡμέραιν⁷

2112 3039 2339 3115 ἑσπέραν
2375 3061 2432 3095 τε
2491 3041 2578 3095 καὶ
2639 3043 2852 3118 πρωίαν
2902 3044 3069 3123 χωρὶς
3121 3041 3273 3108 ἡλίου
3316 3042 3615 3120 γεγονέναι,
3676 3039 3763 3099 καὶ

2110 3127 2369 3197 σελήνης,
2410 3130 2492 3183 ui
2527 3128 2775 3207 ἄστρωνς
2817 3131 2914 3198 τὴν
2945 3130 2995 3186 δὲ
3032 3133 3190 3188 οἱονεὶ
3218 3132 3437 3208 πρώτην
3480 3133 3561 3187 καὶ
3596 3134 3764 3210 χωρὶς

2040 3192 2078 3241 C
2105 3221 2323 3294 οὖρανοῦ
2359 3238 2372 3288 ;
2417 3238 2445 3275 α
2479 3217 2625 3290 Quis
2676 3218 2858 3298 igitur
2892 3222 3105 3282 mentis
3127 3192 3375 3301 compos
3407 3192 3767 3282 existimabit

2104 3307 2356 3385 primam
2375 3318 2434 3367 et.
2465 3308 2789 3370 secundam
2824 3319 2882 3371 et
2916 3317 3151 3372 tertiam
3173 3309 3423 3390 diem,et
3446 3328 3758 3390 vesperam

2105 3403 2162 3454 et
2182 3414 2353 3456 mane
2375 3396 2504 3456 sine
2529 3398 2678 3477 sole,
2705 3401 2864 3479 luna,
2897 3409 2957 3461 et
2977 3400 3214 3463 stellis?
3238 3409 3296 3462 et
3319 3400 3572 3480 primam
3595 3399 3759 3461 illam

2105 3488 2285 3544 etiam
2320 3484 2450 3547 sine
2482 3487 2640 3547 caelo
2678 3486 2892 3550 fuisse?
2935 3514 2958 3544 υ
2985 3488 3340 3552 Potestcum
3365 3490 3761 3552 hisannume-

2110 3574 2227 3632 rari
2262 3581 2590 3636 acerrimus
2642 3578 2948 3639 catholicae
2979 3579 3121 3641 ﬁdei
3169 3578 3449 3641 defensor
3486 3581 3755 3641 Athana-

2112 3662 2236 3722 sius
2271 3664 2372 3739 id),
2400 3664 2501 3742 qui
2535 3682 2668 3723 cum
2718 3664 2875 3726 inter
2927 3667 3042 3727 alia
3073 3666 3395 3747 Scriptores
3426 3669 3764 3730 testimonia

2110 3754 2355 3816 citasset
2385 3754 2579 3815 locum
2639 3754 2806 3815 illum
2861 3757 3347 3832 Proverbiorum,
3381 3761 3535 3820 Ante
3559 3776 3763 3822 omnes

2109 3844 2285 3904 colles
2326 3844 2531 3924 gignit
2562 3861 2655 3905 me
2687 3846 2736 3921 4,
2772 3845 2858 3907 sic
2892 3846 3119 3926 pergit:
3174 3849 3271 3905 Kal
3301 3849 3400 3926 γὰρ
3443 3851 3529 3904 καὶ
3560 3848 3756 3929 λέγων,

2106 3936 2211 4012 Πρὸ
2258 3934 2471 3988 πάντων
2526 3942 2685 4012 γεννᾷ
2730 3957 2820 4011 με,
2880 3936 3039 3992 ἄλλον
3075 3938 3260 3995 ἑαυτὸν
3292 3937 3436 3993 εἶναι
3469 3938 3577 3994 τῶν
3608 3941 3752 3995 πάν-

2106 4045 2209 4078 των
2243 4024 2517 4097 σημαίνει,
2566 4022 2811 4091 δειξάσης
2857 4029 2913 4081 ἒν
2967 4039 3086 4090 τοῖς
3118 4028 3219 4104 πρὸ
3248 4026 3447 4083 τούτων
3482 4034 3578 4095 τῆς
3611 4029 3757 4096 ἀλη-

2105 4115 2269 4191 θείας,

2105 4204 2447 4280 προ-γέγονεν,
2504 4200 2642 4257 ἀλλὰ
2700 4203 2902 4283 ἀθρόως
2951 4204 3063 4279 ἅμα
3123 4207 3295 4261 πάντα
3324 4207 3389 4261 τὰ
3419 4208 3651 4284 γεννητὰ
3682 4209 3738 4264 ἐν

2104 4296 2189 4348 καὶ
2232 4300 2309 4365 τῷ
2354 4292 2494 4365 αὒτῴ
2539 4293 2912 4370 προστάγματι
2962 4295 3193 4361 ὑπέστη.
3254 4320 3281 4351 α
3336 4293 3604 4375 Namque
3657 4297 3755 4358 di-

2106 4384 2321 4454 cendo,
2357 4383 2518 4442 Ante
2544 4399 2751 4443 omnes
2780 4400 2921 4444 vero
2950 4385 3151 4463 gignit
3201 4402 3312 4458 me,
3347 4403 3412 4447 se
3446 4385 3628 4447 alium
3682 4387 3755 4448 ab

2106 4473 2387 4533 omnibus
2410 4490 2540 4533 esse
2560 4471 2845 4549 declarat,
2881 4492 3017 4534 cum
3043 4492 3111 4535 ex
3132 4492 3313 4554 supra
3334 4475 3506 4535 dictis
3525 4487 3758 4538 constet

2305 4112 2487 4187 ὅτιπερ
2521 4114 2624 4168 τῶν
2682 4116 2991 4189 κτισμάτων
3033 4114 3178 4171 οὐδὲν
3232 4114 3409 4194 ἕτερον
3440 4125 3533 4174 τοῦ
3579 4118 3761 4190 ἑτέρου

372 4560 504 4637 iuni
532 4596 598 4637 ac
626 4560 915 4638 nocitum.
951 4579 1146 4651 Atque
1165 4572 1309 4633 solis
1340 4588 1519 4648 super
1544 4580 1760 4629 terram
1791 4579 1849 4629 et
1869 4568 2023 4630 infra
2048 4563 2088 4612 ι)
2108 4562 2327 4623 nullam
2362 4580 2393 4621 e
2415 4560 2594 4621 rebus
2625 4561 2837 4622 creatis
2870 4563 3035 4643 prius
3054 4564 3239 4625 altera
3255 4563 3468 4626 factam
3486 4566 3754 4645 esse,sed

370 4678 588 4729 terram
616 4668 845 4728 cunctis
872 4675 1064 4727 motus
1091 4660 1427 4724 necessario
1452 4660 1577 4720 hinc
1607 4657 1810 4719 efﬁcit.
1829 4686 1847 4715 υ
1890 4660 2020 4732 Quo

368 4767 565 4818 autem
600 4775 781 4818 sensu
824 4756 1002 4817 verba
1053 4753 1268 4833 Moysis
1316 4748 1694 4829 interpretari
1724 4758 2015 4828 oporteat,

370 4846 569 4908 statim
616 4848 827 4908 edocet
874 4846 1021 4925 ipse,
1058 4862 1190 4904 cum
1224 4840 1432 4903 adtlit:
1490 4838 1837 4893 Συνετέλεσεν
1887 4837 2017 4916 ἕκτῃ

364 4938 536 5014 ἡμέρᾳ
568 4939 629 4992 τὰ
663 4937 811 5016 ἔργει,
874 4935 1093 5001 νοητέοι
1151 4930 1231 4988 ὅτι
1291 4937 1349 4990 οὔ
1380 4930 1581 4996 πλῆθος
1635 4930 1851 5009 ἡμερῶν
1904 4953 2011 4986 πχ-

271 5067 277 5072 -
365 5027 716 5105 ρκλαμῗάνει,
752 5027 955 5083 τέλειον
988 5023 1042 5080 δὲ
1083 5025 1302 5100 ἀριθμὸν
1349 5019 1533 5084 τὸνὲξ.
1580 5045 1605 5075 ι
1640 5021 1846 5100 Itaque
1877 5038 2011 5081 cum

2106 4671 2203 4713 res
2235 4669 2444 4712 omnes
2494 4653 2675 4711 tactas
2706 4670 2825 4711 uno
2885 4653 3221 4731 eodemque
3266 4654 3542 4715 mandato
3575 4655 3752 4716 simul

2106 4742 2413 4803 exstitisse.
2437 4767 2458 4795 η
2483 4739 3214 4821 GregoriusNyssenusita
3236 4744 3551 4824 perspicue
3568 4744 3767 4823 loqui-

2104 4843 2295 4908 tur,ut
2319 4831 2579 4894 dubitari
2608 4850 2729 4892 non
2749 4831 2939 4911 possit
2960 4832 3101 4912 quin
3121 4834 3197 4894 sit
3218 4834 3559 4915 opinionem
3584 4854 3747 4897 eam-

2102 4925 2236 4984 dem
2262 4924 2592 5004 amplexus.
2620 4919 2762 5001 Fjus
2788 4922 2969 4983 verba
2996 4923 3338 4985 exscribere
3371 4942 3574 5005 operae
3604 4945 3755 5006 pre-

2102 5014 2248 5075 tium
2268 5025 2403 5074 este
2420 5012 2599 5075 lib.t'n
2616 5011 2930 5092 Hexaem.,
2956 5031 3091 5092 pag.
3114 5015 3151 5077 7
3176 5035 3191 5076 :
3216 5016 3314 5073 Καὶ
3338 5017 3451 5073 ἀντὶ
3470 5017 3562 5074 τοῦ
3580 5019 3759 5075 εἰπεῖν

363 5100 515 5178 οἱοίι
539 5137 550 5179 :
574 5116 1017 5196 Complevitdie
1037 5123 1203 5176 sexto
1226 5130 1412 5189 Opera
1443 5112 1493 5181 3,
1533 5109 1870 5189 intelligere
1895 5130 2013 5171 non

2110 5103 2179 5161 ὅτι
2198 5104 2394 5182 ἁθρόως
2420 5106 2590 5160 πάντα
2613 5104 2678 5158 τὰ
2700 5100 2825 5159 ὄντα
2848 5105 2875 5158 6
2902 5105 3031 5168 Θεὸς
3069 5104 3343 5185 ἐποίησεν,
3377 5106 3535 5164 εἶπεν
3579 5107 3634 5164 ἐν
3668 5131 3755 5165 κεο

369 5204 553 5267 debes
584 5207 658 5268 de
682 5206 912 5267 dierum
940 5222 1213 5282 numero,
1239 5201 1341 5262 δρᾶ
1369 5201 1444 5262 de
1478 5200 1714 5261 senario
1749 5202 2014 5279 perfecto

376 5313 650 5359 numero.
688 5322 714 5351 ιι
756 5298 957 5375 Itaque
991 5312 1097 5375 per
1130 5294 1473 5371 allegoriam
1518 5310 1634 5351 non
1670 5291 1739 5351 ad
1769 5288 2013 5351 verbum

1403 5452 1430 5494 ³
1489 5450 1638 5514 ibid.
1676 5451 1732 5514 ‘2.

450 5456 470 5497 ¹
524 5456 675 5520 Gen.
709 5462 834 5529 1,1.
922 5455 949 5498 3
979 5458 1129 5518 Gen.
1165 5472 1229 5530 Il,
1255 5455 1317 5517 Εἰ.

452 5620 536 5698 (α)
565 5617 732 5679 Philo
765 5621 847 5679 De
874 5618 1089 5698 mundi
1116 5614 1296 5698 cpi/2,
1336 5635 1392 5694 p.
1428 5614 1525 5676 14.

453 5694 529 5779 (ὁ)
560 5698 693 5761 Lib.
724 5717 744 5761 ι
776 5698 977 5778 Alleg.
1010 5694 1201 5757 initio.

2100 5194 2326 5274 φαλπίῳ,
2361 5194 2479 5262 ἤτοι
2536 5198 2591 5251 ἓν
2645 5193 2790 5272 ἀρχῇ
2844 5193 3197 5259 πεποιηκέναι
3251 5199 3340 5252 τὸν
3374 5198 3504 5253 Θεὸν
3535 5198 3625 5255 τὸν
3659 5197 3757 5253 οὗ·

2100 5292 2255 5365 ρπνὲιν
2282 5288 2363 5344 κ’λιὶ
2397 5294 2495 5354 τὴν
2529 5285 2653 5364 γῆν.
2689 5285 2794 5341 Μία
2851 5282 2905 5340 δὲ
2954 5290 3060 5340 τῶν
3112 5283 3217 5342 δύω
3258 5294 3449 5367 φωνῶν
3478 5290 3513 5356 ἡ
3560 5310 3762 5363 σημα-

1820 5449 1849 5493 δ
1879 5452 2048 5510 Prov.
2081 5465 2205 5531 vni,
2232 5450 2332 5513 25.

2187 5620 2264 5685 t6)
2300 5611 2528 5673 Philoc.
2562 5632 2593 5668 c
2646 5612 2706 5680 1,
2743 5626 2802 5686 p.
2836 5607 2934 5670 12.

2183 5693 2265 5773 td,
2300 5690 2465 5755 Orat.
2498 5698 2535 5753 2
2564 5697 2779 5786 contra
2808 5690 2948 5769 An,
2983 5706 3155 5752 num.
3190 5691 3288 5749 t6.
