4174 6388
1433 288 1508 350 D.
1552 287 1713 350 IUL.
1761 284 2140 350 GARNERII
2183 281 2614 349 PREFATIO.

3410 296 3711 352 CLXXXVII

319 426 419 483 τὴν
468 431 574 481 τῶν
633 424 810 504 Σύρων
864 424 1038 502 φωνὴν
1080 420 1517 500 ἐμφατικωτέραν
1549 441 1606 475 τε
1640 419 1809 498 εἶναι,
1876 419 1965 473 καὶ

2075 414 2229 477 iceat
2251 434 2390 477 eum
2412 416 2624 495 partim
2643 433 2778 477 cum
2800 416 2980 478 fratre
2997 417 3353 493 convenire,
3393 420 3602 498 partim
3637 418 3711 481 ab

321 513 403 572 διὰ
460 517 556 584 τὴν
604 517 732 593 πρὸς
793 515 890 581 τὴν
946 509 1206 590 Ἐϐραῖδα
1266 510 1551 588 γειτνίασιν
1602 507 1806 584 μᾶλλόν
1857 529 1970 563 πως

321 607 388 680 τῇ
417 605 588 677 ἐπινοῖᾳ
636 612 739 660 τῶν
793 609 1008 682 Γραφῶν
1063 600 1448 679 προσεγγίζειν.
1533 599 1687 656 Εἶναι
1734 605 1822 655 οῦν
1875 597 1970 664 τὴν

323 692 551 751 διάνοιαν
601 704 692 751 τοῦ
744 694 902 769 ῥητοῦ
972 691 1245 756 τοιαύτην,
1305 692 1374 746 Τὸ
1422 688 1732 769 ἐπεφέρετο,
1784 689 1968 765 φησὶν,

325 784 653 861 ἐξηγοῦνται,
695 783 804 837 inti
864 793 956 840 τοῦ
1018 780 1306 837 συνεθαλπε
1355 781 1442 834 καὶ
1503 778 1781 856 ἐζωογόνει
1869 779 1969 845 τὴν

329 881 430 930 τῶν
462 872 658 929 ὑδάτων
691 875 863 952 φύσιν,
913 873 1047 927 κατὰ
1105 871 1200 937 τὴν
1240 870 1414 925 εἰκόνα
1475 874 1568 935 τῆς
1621 868 1969 939 ἒπωαζούσης

330 964 551 1040 ὄρνιθος,
613 964 694 1017 καὶ
784 959 1011 1033 ζωτικήν
1043 983 1158 1016 τινα
1188 959 1404 1032 δύναμιν
1436 958 1662 1025 ἐνιείσης
1697 973 1813 1021 τοῖς
1845 960 1971 1013 ῦπο-

331 1051 706 1125 θαλπομένοις,
782 1051 1024 1108 Τοιοῦτόν
1093 1049 1211 1105 rivi
1283 1070 1438 1128 φασιν
1483 1049 1583 1103 ὑπὸ
1637 1051 1730 1114 τῆς
1791 1047 1970 1128 φωιῆς

332 1142 522 1206 ταύτης
584 1137 1008 1218 παραδηλοῦσθαι
1073 1141 1160 1194 τὸν
1245 1146 1384 1212 νοῦν,
1462 1140 1532 1200 ὡς
1593 1137 1974 1217 ὲπιφερομὲνου

334 1239 423 1287 τοῦ
451 1231 778 1306 Πνεῦμα-τος,
840 1228 1101 1307 τουτέστι,
1164 1230 1294 1304 πρὸς
1353 1227 1638 1304 ζωογονίαν
1722 1229 1820 1293 τὴν
1887 1229 1976 1282 τοῦ

330 1319 511 1376 ὕδατος
561 1321 710 1398 φύσιν
763 1319 1280 1398 παρασκευάζοντος.
1351 1339 1377 1370 α
1440 1315 1642 1377 Dicam
1701 1315 1805 1375 libi
1859 1332 1973 1376 non

331 1428 549 1468 meam.
589 1409 690 1468 sed
727 1409 835 1467 viri
887 1406 1014 1487 Syri
1075 1406 1455 1477 sententiam,
1519 1408 1617 1486 qui
1677 1414 1898 1465 tantum
1946 1423 1978 1465 a

330 1499 536 1559 mundi
563 1498 823 1558 distabat
846 1496 1155 1576 sapientia,
1183 1506 1465 1576 quantum
1487 1496 1558 1555 ad
1583 1513 1781 1555 rerum
1805 1511 1975 1554 vera-

328 1607 458 1648 rum
482 1587 790 1648 scientiam
814 1584 1564 1664 appropinqiiabat.Aiebat
1584 1585 1759 1661 igitur
1773 1601 1975 1644 vocem

2056 523 2126 565 eo
2167 505 2826 584 discrepare.Dissentit
2855 506 2914 566 in
2949 525 3018 567 eo
3049 525 3082 568 a
3111 507 3483 588 fratre,quod
3519 527 3715 590 aquas

2056 593 2184 654 illas
2216 593 2434 674 quibus
2465 595 2808 656 incubuisse
2839 595 3058 656 dicitur
3079 595 3332 676 Spiritus
3357 597 3554 672 Dei,et
3578 619 3710 680 quae

2055 702 2233 764 supra
2256 687 2695 747 firmamentum
2714 686 3411 767 constiterunt,cmlestes
3424 691 3707 770 quasdam

2055 793 2188 835 esse
2221 775 2468 836 virtutes
2503 784 2666 854 putet
2701 795 2714 836 :
2750 781 2810 836 in
2866 795 2937 837 eo
2975 794 3114 837 vero
3145 779 3498 850 assentitur,
3555 781 3711 860 quod

2055 883 2221 944 aeque
2253 885 2319 926 ac
2345 864 2599 926 Basilius
2623 865 2940 927 inferiores
2955 885 3138 947 aquas
3162 867 3359 948 abyssi
3383 886 3488 947 pro
3511 869 3714 930 rebel-

2056 952 2209 1014 libus
2225 973 2289 1014 ar:
2315 955 2585 1034 malignis
2610 955 2999 1035 potestatibus
3026 956 3304 1036 accipere
3321 958 3706 1021 nolit.Mirum

2059 1042 2310 1104 fortasse
2331 1044 2628 1104 videbitur
2647 1043 2995 1124 Gregorium
3024 1065 3055 1106 a
3080 1047 3507 1126 fratreBasilio,
3534 1067 3714 1125 quem

2061 1133 2234 1193 unice
2255 1134 2489 1195 colebat
2508 1152 2575 1195 ac
2607 1134 2977 1210 observabat,
3004 1137 3063 1197 in
3091 1156 3158 1200 re
3182 1137 3522 1217 hujusmodi
3547 1137 3719 1199 dissi-

2060 1222 2694 1304 derc,atque0rigenis
2707 1226 3053 1305 opinionem
3070 1227 3338 1306 upinioni
3360 1228 3557 1289 fratris
3574 1246 3722 1308 pra:-

2064 1313 2295 1374 tubsse.
2329 1313 2492 1376 lianc
2526 1323 2721 1376 tamen
2781 1314 3054 1394 Gregorii
3104 1317 3289 1379 fuisse
3343 1317 3714 1398 opinionem,

2064 1421 2192 1462 e=se
2218 1404 2518 1465 hominem
2558 1411 2652 1484 qui
2690 1414 2868 1484 neget
2899 1407 3160 1468 arbitror
3182 1408 3566 1486 neminem,si
3589 1427 3720 1488 quae

2063 1489 2412 1569 Slllijlt‘lmlls
2433 1492 2698 1572 Gregorii
2723 1495 2908 1558 verba
2929 1496 3238 1572 aliquanto
3261 1498 3604 1577 diligentius
3631 1499 3718 1561 le-

2063 1585 2234 1656 gerit.
2264 1579 2573 1660 Sicitaque
2597 1583 3196 1664 loquiturGregorius
3214 1587 3715 1661 lib.inHexuem.,

331 1680 616 1757 Syrorum
654 1686 710 1735 ιιι
732 1675 1263 1754 significantiorcm
1295 1691 1448 1752 esse,
1473 1683 1528 1734 et
1559 1674 1633 1733 ob
1657 1693 1822 1735 suam
1843 1691 1976 1735 cum

2067 1687 2195 1748 pag.
2237 1671 2332 1732 15:
2360 1672 2429 1728 Τό
2473 1671 2529 1727 δὲ
2574 1671 2710 1753 ὕδωρ
2770 1683 2816 1750 ᾦ
2861 1679 2921 1732 τό
2981 1683 3190 1752 Πνεῦμα
3223 1689 3314 1738 τοῦ
3367 1687 3497 1736 Θεοῦ
3522 1680 3718 1758 ἒπεῳέ-

333 1765 624 1827 Hebraica
659 1765 856 1844 lingua
894 1766 1330 1844 cognationem,
1367 1763 1620 1843 quodam
1677 1766 1853 1824 modo
1905 1761 1979 1824 ad

2067 1780 2205 1835 ρετο,
2245 1759 2376 1817 ἄλλο
2436 1785 2487 1817 τι
2549 1765 2690 1841 παρὰ
2736 1765 2834 1832 τὴν
2879 1768 3164 1846 κατωφερῆ
3223 1769 3421 1834 ταύτην
3455 1769 3562 1825 τῶν
3592 1769 3717 1845 ῥευ-

333 1857 769 1934 Scripturarnm
805 1874 1046 1915 sensum
1074 1856 1314 1935 propius
1336 1853 1864 1934 accedere.Itaque
1887 1861 1976 1913 ta-

2067 1856 2200 1903 στών
2253 1849 2455 1906 ῦδάτων
2523 1854 2672 1932 φύσιν
2703 1854 2864 1928 ἐστὶν,
2925 1855 2951 1909 ὅ
3015 1861 3092 1928 τῷ
3140 1857 3466 1933 στερεώματι
3500 1858 3632 1934 πρός
3658 1857 3719 1912 τό

335 1947 449 2006 leui
485 1944 714 2006 dicebat
752 1963 882 2006 esse
914 1943 1092 2023 hujus
1124 1942 1264 2003 dicti
1299 1943 1678 2005 sententiam.
1713 1941 1978 2018 lllud,in-

2067 1939 2193 2018 βαρύ
2243 1961 2298 1994 τε
2344 1943 2433 1998 καὶ
2492 1944 2792 2022 κατωφερὲς
2862 1944 2996 2023 ῧδωρ
3087 1943 3486 2026 διατειχίζεται.
3547 1949 3599 2004 Ei
3665 1944 3718 2001 δὲ

336 2035 601 2116 quiebat,
637 2036 906 2107 verbum,
945 2033 1465 2113 supt‘rferebalm‘,
1521 2033 1980 2112 interpretantes

2067 2027 2200 2106 ὕδωρ
2234 2030 2451 2086 κάκεῖνο
2500 2035 2642 2110 παρὰ
2695 2038 2794 2102 τῆς
2855 2037 3064 2115 Γραφῆς
3119 2037 3460 2118 ὀνομάζεται,
3521 2045 3565 2112 ᾦ
3635 2035 3719 2092 διὰ

337 2133 574 2185 sumunt
607 2143 708 2203 pro
740 2123 940 2202 verbo,
974 2121 1341 2202 confovebat,
1367 2131 1425 2182 et
1449 2131 1672 2183 naturze
1695 2140 1980 2202 aquarum

2075 2119 2164 2185 τῆς
2227 2119 2559 2201 ὑψηλοτέρας
2616 2125 2834 2200 Θεωρίας
2893 2130 2953 2182 τό
3004 2134 3108 2183 τῶν
3183 2135 3387 2195 νοητῶν
3446 2127 3718 2204 δυνάμεων

337 2215 448 2274 vim
481 2213 776 2276 tribuebat
809 2213 1154 2286 fetificandi,
1194 2211 1739 2274 instarincubantis
1761 2211 1906 2291 avis,
1931 2221 1980 2274 et

2073 2208 2338 2287 πλήρωμα
2404 2218 2747 2286 σημαὶεοεσθαι
2800 2219 3204 2297 στοχαζόμεθα,
3291 2217 3566 2291 ξενιζέσθω
3637 2217 3721 2274 διὰ

337 2305 568 2366 vitalem
619 2305 938 2384 quamdam
964 2303 1302 2363 facultatem
1338 2301 1413 2362 iis
1462 2321 1593 2383 quae
1639 2301 1980 2362 fovebantnr

2070 2305 2168 2389 ﬁt:
2203 2301 2506 2389 ὁμωνυμίας
2534 2302 3084 2388 u1i85i<,etc.«Aqna
3116 2308 3380 2389 profecto
3403 2326 3586 2389 super
3601 2327 3721 2386 qua

333 2390 1801 2474 inipartientis.Talemquamdamintelligentiam
1825 2390 1989 2451 aiunt
2072 2387 2372 2449 farebatur
2428 2390 2685 2470 Spiritus
2745 2393 2868 2472 Dei,
2927 2387 3164 2460 diversa
3223 2405 3313 2459 est
3353 2397 3424 2460 ab
3471 2387 3719 2459 istarum

333 2484 442 2544 hau
469 2502 609 2546 voce
636 2481 903 2544 iudicari.
930 2480 1219 2542 Nimirum
1244 2482 1566 2561 ferebatur
1593 2481 1868 2560 Spiritus
1887 2498 1986 2541 su-
2070 2496 2352 2559 aquarum
2385 2488 2612 2556 natura,
2653 2502 2784 2559 quae
2815 2484 3096 2546 deorsum
3143 2487 3335 2548 ﬂuunt
3398 2498 3456 2549 et
3513 2489 3720 2550 ﬁrma—

328 2592 440 2654 per
459 2592 675 2654 aquas,
698 2575 808 2634 hoc
832 2579 946 2645 est,
971 2581 1237 2632 naturam
1267 2589 1437 2647 aqum
1460 2571 1530 2631 ad
1556 2571 1804 2631 feturam
1828 2587 1982 2649 prre-
2073 2576 2270 2628 mento
2303 2567 2375 2630 ab
2404 2589 2552 2648 aqua
2588 2573 2748 2648 gravi
2782 2582 2841 2634 et
2866 2574 2936 2635 ad
2992 2575 3280 2638 inferiora
3311 2578 3596 2640 tendente
3619 2597 3719 2640 se-

337 2665 598 2744 parabat.
627 2687 658 2724 ι»
689 2663 914 2726 Addam
942 2674 999 2724 et
1029 2661 1174 2723 illud
1211 2660 1552 2740 Augustini,
1595 2685 1614 2715 ιι
1653 2659 1980 2720 secundum
2061 2659 2350 2738 jungitur.
2391 2659 2561 2732 Quod
2591 2670 2790 2722 autem
2826 2664 2886 2724 in
2941 2663 3250 2746 Scriptura
3298 2677 3541 2729 vocetur
3572 2686 3723 2747 aqua

332 2757 492 2831 Sjrae
515 2754 726 2830 linguis
749 2753 1285 2832 intellectum,quae
1311 2751 1495 2812 vicina
1533 2757 1620 2810 est
1649 2747 1976 2820 Hebraeae,»
2068 2749 2247 2810 etiam
2283 2749 2405 2829 illa,
2439 2768 2556 2827 qua
2586 2750 2918 2813 sublimiori
2951 2756 3454 2836 contemplatione
3485 2757 3718 2820 divina-

334 2843 405 2902 ad
438 2845 680 2903 verbum
707 2863 740 2904 e
767 2843 971 2906 Grzeco
1010 2842 1197 2902 videri
1230 2859 1606 2922 expressum.

374 2933 402 3012 §
441 2935 535 2993 l\'.
575 2935 654 2994 De
690 2935 869 3014 aquis
912 2951 1050 3012 quae
1079 2949 1255 3012 super
1285 2929 1453 2992 calas
1477 2947 1603 2992 esse
1633 2929 1942 2992 dicuntur.

551 3023 837 3086 Convenit
859 3023 1015 3084 inter
1039 3021 1304 3082 eruditos
1333 3020 1652 3099 Origenem
1680 3017 1984 3080 indicaria

338 3113 825 3175 Basiliuuratioue
853 3113 1025 3173 tertia
1048 3113 1389 3173 iuHexaem
1425 3108 1982 3201 ,num.9.0rigenes
2003 3172 2040 3201 π,

337 3202 521 3276 cnim,
561 3223 693 3279 quae
724 3211 848 3266 erat
879 3202 984 3263 viri
1043 3201 1296 3274 indoles,
1352 3198 1616 3260 trahebat
1657 3201 1857 3260 omnia
1909 3198 1979 3258 ad

336 3293 668 3374 allegorias,
698 3314 764 3354 ex
792 3314 905 3375 quo
929 3291 1105 3354 fiebat
1127 3300 1190 3352 ut
1215 3310 1424 3370 magno
1453 3289 1736 3353 Ecclesiae
1763 3288 1979 3349 damno

337 3381 672 3464 Scripturas
703 3403 808 3445 suo
842 3385 1094 3463 quisque
1143 3381 1427 3442 arbitratu
1473 3389 1531 3440 et
1559 3379 1895 3457 intelligere
1926 3386 1981 3439 et

338 3473 714 3552 interpretari
751 3482 968 3554 posset.
1005 3473 1322 3550 Origenem
1356 3476 1550 3530 autem
1589 3471 1664 3528 ita
1722 3469 1980 3529 sensisse

339 3564 512 3624 docet
535 3563 898 3644 Epiphanius
921 3563 978 3622 in
1005 3561 1261 3641 Epistula
1285 3560 1354 3620 ad
1379 3563 1669 3619 Joannem
1687 3557 1980 3637 Jerusoly-

344 3653 724 3728 milanuni,ut
754 3653 953 3733 legere
979 3662 1068 3713 est
1088 3649 1699 3730 apudllieronymum,
1737 3647 1986 3727 epistola

340 3744 479 3802 olim
504 3743 602 3812 70,
633 3763 791 3803 nunc
835 3743 944 3804 HO
1004 3750 1161 3801 tomu
1197 3739 1292 3812 IV,
1334 3759 1460 3817 pag.
1494 3737 1632 3807 8"20,
1663 3736 1980 3817 Postquam

341 3832 519 3910 ξεί-ιιι·
549 3834 917 3912 Epiphanius
943 3830 1258 3890 nonnuilos
1293 3827 1565 3906 Origenis
1593 3845 1828 3887 errores
1856 3845 1985 3906 per-

340 3923 603 4003 strinxit,
638 3925 723 3984 sic
747 3927 1145 4002 persequitur,
1199 3919 1554 3998 Hieronymo
1599 3918 1929 3996 interprete
1963 3935 1976 3978 :

345 4037 368 4066 α
409 4013 542 4076 Illas
565 4032 700 4073 vero
736 4012 1057 4093 praestigias
1089 4010 1224 4086 quis
1261 4028 1376 4068 nun
1407 4008 1598 4068 statim
1624 4006 1864 4085 abjiciat
1888 4015 1981 4066 at-

340 4122 453 4183 que
483 4109 871 4166 contemnat?
903 4103 1140 4162 timente
1182 4099 1464 4178 Origene,
1510 4097 1585 4158 de
1627 4096 1796 4177 aquis
1851 4115 1980 4172 quae

339 4215 521 4274 super
553 4198 988 4258 firmamentum
1025 4204 1182 4267 sunt,
1216 4211 1332 4253 non
1361 4208 1490 4252 esse
1519 4189 1834 4270 aquas,sed
1871 4189 1978 4250 for-

343 4286 928 4366 titudinesquasdam
965 4283 1248 4362 angelicae
1282 4281 1624 4359 potestatis:
1658 4285 1716 4341 et
1746 4297 1983 4339 rursum

341 4395 525 4454 aquas
555 4395 685 4456 quae
717 4393 900 4456 super
923 4383 1136 4434 terram
1173 4381 1332 4447 sunt,
1360 4371 1470 4431 hoc
1499 4378 1610 4448 est,
1642 4369 1752 4429 sub
1779 4368 1980 4430 firma-

2065 2856 2196 2928 rum
2236 2843 2522 2900 mentium
2574 2840 2885 2920 plenitudo
2937 2842 3324 2922 signiﬁcatur,
3361 2865 3439 2907 ne
3472 2847 3606 2928 quis
3659 2847 3718 2909 id

2066 2927 2323 3018 alienum
2359 2937 2460 2989 aut
2492 2948 2706 2991 novum
2741 2939 2926 3012 putet,
2956 2955 2978 2984 ι
3011 2933 3204 2995 etc.Et
3228 2937 3402 3014 paulo
3432 2945 3583 3018 post:
3625 2939 3721 2996 Καὶ

2071 3041 2134 3093 με
2195 3017 2378 3095 μηδεὶς
2437 3021 2724 3076 ῦπονοείτω
2755 3019 2840 3077 διὰ
2882 3029 2987 3088 τῶς
3050 3025 3400 3103 τροπολογίας
3462 3027 3720 3106 σύγχυσιν

2067 3109 2284 3184 ἐπάγειν
2358 3111 2424 3185 τῇ
2456 3113 2646 3188 Θεωείᾳ
2690 3112 2785 3178 τῆς
2841 3110 3060 3193 λέξεως,
3130 3118 3203 3178 ὡς
3260 3129 3376 3179 ταῖς
3450 3117 3718 3178 ὑπονοίαις

2067 3201 2172 3254 τῶν
2232 3202 2333 3277 πρὸ
2387 3203 2541 3275 ἡμῶν
2600 3203 2664 3257 τὰ
2723 3213 2940 3262 τοιαῦτα
2998 3207 3405 3284 τεθεωρηκότων
3453 3207 3721 3287 συμφέρε-

2069 3293 2208 3362 ςοαι,
2272 3291 2359 3345 καὶ
2445 3289 2621 3370 λέγειν
2707 3293 2802 3356 τὰς
2868 3293 2966 3366 μὲν
3048 3294 3408 3359 ὰποστατικὰς
3475 3294 3722 3372 δυνάμεις

2070 3377 2293 3436 ἄϐυσσον
2349 3379 2614 3457 λέγεσθαι·
2685 3383 2774 3437 τὸν
2859 3381 2912 3437 δὲ
2975 3387 3381 3465 κοσμοκράτορα
3437 3394 3530 3443 τοῦ
3586 3388 3720 3443 σκό-

2069 3491 2213 3545 τους,
2246 3471 2305 3523 τὸ
2337 3469 2515 3525 ἐπσίνω
2536 3475 2635 3535 τῆς
2681 3468 2906 3528 ἀϐύσσου
2951 3479 3186 3531 νοεῖσθαι
3239 3492 3450 3539 σκότος.
3505 3501 3532 3531 α
3599 3475 3724 3540 Nec

2068 3556 2380 3648 quisquam
2416 3557 2739 3648 arbitretur
2761 3579 2868 3622 nos
2893 3561 3212 3624 verborum
3248 3567 3723 3646 interpretationi

2070 3665 2136 3706 ex
2173 3647 2279 3706 hac
2313 3647 2519 3708 murali
2547 3650 2917 3730 expositione
2945 3652 3356 3714 confusionem
3385 3655 3622 3731 afferre,
3659 3667 3724 3718 ut

2068 3736 2454 3813 opinionibus
2475 3757 2680 3799 eorum
2704 3741 2806 3821 qui
2835 3750 2973 3802 ante
2998 3760 3105 3802 nos
3161 3743 3534 3823 interpretati
3559 3757 3717 3820 sunt,

2068 3824 2792 3909 faveamus,dicamusque
2819 3837 3138 3910 potestates
3168 3831 3301 3893 illas
3322 3852 3453 3912 quae
3475 3834 3720 3898 defece-

2067 3927 2226 3995 runt,
2263 3918 2534 3996 abyssum
2573 3917 2730 3999 dici;
2769 3919 3098 4000 principem
3133 3939 3272 3982 vero
3334 3921 3718 3986 tenebrarum

2071 4005 2318 4083 intelligi
2347 4006 2626 4068 tenebras
2656 4008 2951 4090 illas,quae
2971 4027 3154 4090 super
3168 4011 3442 4092 abyssum
3469 4023 3658 4074 erant.
3685 4037 3712 4074 1i

2069 4093 2234 4167 Quod
2265 4115 2441 4177 supra
2475 4097 2756 4180 diximus,
2799 4100 3148 4179 Gregorium
3181 4121 3214 4162 a
3258 4101 3474 4165 Basilio
3528 4104 3590 4165 in
3648 4125 3720 4168 eo

2069 4185 2576 4268 dissentire,quod
2609 4207 2792 4270 aquas
2821 4190 3168 4271 eas,quibus
3199 4191 3545 4255 incubuisse
3564 4197 3719 4256 scri-

2071 4275 2228 4336 bitur
2280 4275 2537 4357 Spiritus
2594 4279 2725 4360 Dei,
2779 4289 2836 4341 et
2889 4300 3023 4357 quae
3051 4301 3232 4363 supra
3275 4283 3720 4346 firmamentum

2071 4365 2489 4444 constiterunt,
2520 4366 3020 4449 Origenianorum
3051 4391 3215 4434 more
3238 4391 3345 4452 per
3373 4372 3719 4452 allegoriam

347 4455 726 4547 inento,iesse
747 4455 992 4526 virtutes
1019 4459 1438 4540 contrarias,id
1471 4467 1560 4520 est
1591 4459 1914 4547 daemones,
1962 4481 1981 4509 ο
2015 4539 2048 4547 _
2074 4455 2494 4547 interpretatus
2558 4459 2656 4536 sit,
2711 4461 2979 4542 nihilque
3011 4480 3142 4523 esse
3195 4463 3352 4525 aliud
3401 4463 3727 4525 crediderit

344 4539 735 4636 Hieronymus
753 4572 994 4636 quoque
1017 4563 1074 4613 et
1115 4553 1271 4612 hunc
1309 4539 1497 4628 ipsum
1535 4566 1800 4608 errorem
1831 4546 1992 4608 inter
2015 4539 2055 4590 π)
2079 4546 2188 4605 nisi
2222 4551 2498 4636 omlestes
2520 4550 2804 4629 quasdam
2829 4539 3003 4630 atque
3028 4550 3432 4631 intelligibiles
3451 4553 3719 4634 virtutes,

344 4655 476 4708 octo
503 4635 783 4725 Origenis
815 4662 1048 4705 errores
1079 4657 1394 4702 recensere
1419 4657 1535 4699 non
1568 4636 1788 4699 omisit.
1843 4636 1988 4698 Hie-
2075 4637 2130 4725 id
2163 4635 2408 4698 mirifice
2431 4657 2500 4700 ex
2537 4640 2807 4720 ejusdem
2841 4640 3114 4718 Gregorii
3140 4641 3574 4720 posterioribus
3589 4661 3722 4704 ver-

344 4723 788 4816 ronymiautem
823 4731 1000 4796 verba
1031 4740 1256 4793 suntex
1301 4728 1550 4808 epistula
1575 4727 1672 4800 38,
1701 4726 1774 4786 ad
1806 4727 1989 4788 Pam-
2073 4723 2588 4816 biscontirmatur.
2623 4730 2854 4792 Etenim
2891 4731 3006 4794 nisi
3030 4729 3349 4809 Gregorius
3383 4731 3630 4810 perinde
3661 4739 3725 4792 ut

347 4813 668 4910 machium,
698 4840 856 4890 tomu
890 4825 990 4897 IV,
1031 4842 1159 4906 pag.
1193 4824 1309 4886 319
1337 4843 1349 4880 :
1388 4847 1412 4876 α
1438 4823 1680 4882 Sextum
1714 4819 1870 4899 quod
1904 4821 1992 4880 sic
2072 4813 2365 4910 Origenes
2393 4819 2735 4899 superiores
2765 4838 2948 4899 aquas
2979 4838 3083 4910 pro
3107 4821 3325 4910 sanctis
3347 4823 3725 4910 acisupernis

347 4921 685 5000 paradisum
701 4918 1040 4998 allegorizet
1071 4926 1134 4977 ut
1154 4910 1988 4983 historiaeauferatveritatem,

345 5009 448 5090 pro
470 5010 786 5073 arboribus
809 5007 1070 5087 angelos,
1091 5025 1194 5086 pro
1219 5002 1569 5065 ﬂuminibus
1591 5001 1839 5062 virtutes
1862 5019 1987 5061 cce-

345 5102 523 5163 lestes
550 5100 1227 5180 inlc=ligeas,totamque
1264 5092 1523 5174 paradisi
1557 5091 1986 5152 continentiam

346 5191 709 5270 tropologica
740 5187 1227 5269 interpretatione
1259 5183 1579 5243 subvertat.
1628 5181 1988 5261 Septimum,

345 5281 503 5361 quod
535 5299 718 5359 aquas
749 5299 878 5360 qum
914 5295 1097 5358 super
1112 5275 1370 5338 cmlosin
1395 5271 1720 5350 Scripturis
1744 5290 1877 5334 esse
1906 5273 1994 5332 di-

344 5379 580 5442 cuntur,
616 5381 852 5432 sanctas
885 5384 1292 5446 supernasque
1323 5365 1570 5425 virtutes
1604 5385 1620 5435 ;
1655 5381 1784 5442 quae
1807 5381 1988 5444 super

346 5470 562 5522 terram
599 5469 658 5521 et
689 5461 840 5520 infra
878 5469 1119 5529 terram,
1155 5455 1480 5516 contrarias
1510 5461 1568 5514 et
1592 5451 1990 5513 daemoniosus

347 5570 480 5613 esse
502 5549 843 5612 arbitretur.
940 5547 1263 5624 Gregorius
1295 5544 1498 5608 Basilii
1551 5543 1732 5604 frater
1761 5541 1984 5602 suboli-

347 5642 584 5705 scurius
611 5659 681 5703 ea
715 5642 788 5702 de
822 5658 887 5701 re
917 5636 1186 5714 disserit,
1237 5634 1326 5699 sic
1363 5646 1583 5710 tamen,
1617 5641 1680 5695 ut
1709 5632 1994 5712 colligere

2075 4907 2390 4968 Virtutibus
2421 4911 2773 4990 accepisset,
2810 4909 3012 4990 procul
3049 4908 3230 4971 dubio
3286 4909 3524 4973 amoliri
3568 4929 3602 4971 a
3658 4927 3725 4972 se

2076 4997 2232 5058 illam
2267 4999 2611 5079 opinionem
2645 5000 2973 5074 debuisset,
3009 4999 3514 5081 quemadmodum
3543 5019 3724 5081 repu-

2077 5089 2239 5151 diare
2271 5110 2335 5151 se
2368 5100 2612 5153 testatus
2643 5101 2733 5155 est
2762 5092 3006 5155 alteram
3041 5091 3310 5171 ejusdem
3346 5089 3727 5174 Origenianre

2077 5181 2390 5242 sententia:
2449 5191 2702 5263 partem,
2754 5201 2890 5263 quae
2919 5181 3234 5244 inferiores
3284 5201 3464 5262 aquas
3506 5181 3722 5263 abyssi,

2079 5279 2375 5348 apostatas
2396 5271 2526 5332 illas
2546 5279 2870 5350 potestates
2895 5269 3724 5353 interpretatur.ltaque,dum

2080 5379 2254 5421 unam
2291 5369 2516 5422 tantum
2540 5359 2914 5441 Origenianae
2938 5361 3235 5440 opinionis
3256 5369 3480 5441 partem
3505 5360 3722 5438 rejicit,

2075 5449 2353 5530 amplecti
2385 5469 2448 5510 se
2480 5449 2727 5512 alteram
2762 5471 2882 5514 non
2909 5451 3164 5513 obscure
3212 5451 3455 5515 indicat.
3491 5449 3612 5511 Nec
3638 5449 3726 5510 in-

2069 5543 2432 5617 jucuntluin,
2471 5548 2627 5618 puto,
2660 5559 2769 5603 nec
2791 5541 3001 5604 inutile
3023 5542 3205 5604 fuerit
3241 5556 3506 5602 errorem
3537 5538 3724 5601 Justi-

2079 5632 2239 5694 niani
2269 5631 2648 5711 imperatoris
2680 5631 3321 5708 notare.Etenim,dum
3337 5628 3591 5693 aliorum
3621 5644 3723 5691 ar-
