4174 6402
1442 316 1513 378 D.
1558 315 1718 378 JUL.
1763 314 2146 379 GARNERII
2185 309 2610 377 PREFATIO.

3498 322 3777 371 CLXXXII

398 454 738 537 reddat,sed
768 449 1017 515 liberius
1041 451 1398 531 plerumque
1418 448 1801 530 interpretari
1834 448 2043 512 soleat.
2068 455 2111 503 A
2212 452 2715 515 26.Ambrosiana
2736 450 2838 511 illa
2868 468 2902 511 e
2925 448 3031 510 lib.
3060 448 3196 509 Ivin
3220 446 3676 537 Hexaem.,ca_p.
3710 443 3770 537 3ἓ

396 550 480 611 Ea
511 546 585 607 de
614 564 678 607 re
701 543 797 606 alii
817 540 1191 622 judicabunt.

475 637 572 701 ‘25.
605 634 755 699 Sunt
803 633 903 712 qui
935 631 1328 694 Ambrosiana
1362 629 1463 690 illa
1516 648 1550 691 e
1582 627 1689 690 lib.
1726 647 1788 692 nr
1819 633 1886 691 in
1916 630 2041 692 He-

395 725 1049 803 raem.,cap.lO,num.
1082 724 1156 782 67
1196 739 1208 778 :
1244 746 1266 775 «
1297 720 1501 799 Itaque
1520 725 1566 780 si
1590 738 1800 799 magna
1829 720 2045 781 virtute

400 819 498 880 Dei
524 817 789 876 sterilem
818 811 1112 873 bruchum
1141 820 1298 870 terra
1338 810 1673 888 generavit,
1711 836 1730 864 ι
1768 820 1910 881 etc.,
1944 829 2044 871 cu-

395 906 607 967 riosius
633 902 887 964 scrutari
923 921 990 963 ac
1014 902 1397 980 interpretari
1421 900 1738 960 voluerunt
1764 921 1776 962 :
1807 900 1960 979 quod
1984 900 2045 959 in

393 1014 564 1056 causa
597 994 729 1066 fuit,
763 1010 873 1054 cur
921 992 979 1052 in
1034 1008 1301 1051 errorem
1352 989 1501 1069 lapsi
1535 1008 1667 1050 esse
1700 990 2040 1050 videantur.

394 1082 861 1164 Legeruutenim
884 1082 987 1143 lib.
1014 1099 1069 1142 1v
1089 1080 1359 1158 ejusdem
1382 1082 1445 1141 in
1476 1079 1767 1142 Hexaem.
1792 1100 1919 1159 cap.
1952 1082 1979 1141 1
2021 1097 2035 1141 :

2128 542 2403 617 num.tO,
2438 566 2459 600 ιι
2489 542 2605 606 Sed
2628 540 2981 603 illuminatio
3012 540 3142 618 ejus
3168 537 3378 617 [ignis]
3412 533 3774 610 inexstingui

2127 632 2265 694 bilis
2287 642 2372 695 est
2394 634 2465 695 ad
2494 631 2962 713 perfurit-tionem
2988 625 3548 699 bonorum,exustio
3578 625 3770 713 vehef

2131 741 2300 784 mens
2322 725 2394 785 ad
2421 712 2778 804 supplicium
2812 730 3217 801 peccatorum,
3248 745 3273 775 »
3308 725 3590 779 revocant
3622 712 3771 773 mihi

2128 813 2189 873 in
2213 815 2559 875 memoriam
2584 823 2779 875 notam
2807 811 3122 891 quamdam
3146 812 3489 888 Ducmi,qua
3511 804 3769 866 similem

2128 902 2432 965 Ambrosii
2465 904 2659 965 locum
2688 923 2719 964 e
2774 903 2882 963 lib.
2920 919 2985 964 In
3035 901 3306 980 ejusdem
3337 900 3407 960 in
3445 899 3768 969 Heraeam,

2126 1011 2256 1072 cap.
2292 992 2393 1065 l3,
2426 1002 2524 1055 aut
2555 993 2918 1066 emendavit,
2953 1005 3053 1053 aut
3108 999 3271 1052 certe
3313 986 3619 1049 emendari
3654 982 3771 1045 sibi

2125 1084 2288 1143 visus
2306 1092 2415 1146 est.
2451 1086 2771 1163 Postquam
2794 1084 2977 1163 igitur
2998 1081 3207 1143 retulit
3236 1080 3325 1140 vir
3358 1079 3567 1139 doctus
3589 1073 3771 1136 verba

398 1174 710 1236 «Anterior
729 1172 996 1233 bruchus
1018 1188 1192 1250 quam
1213 1170 1322 1241 sol,
1352 1195 1378 1225 »
1412 1169 1511 1229 ubi
1532 1169 1644 1248 legi
1668 1179 2038 1251 oportuerat,
2122 1173 2569 1252 Ambrosii,hoc
2590 1174 2765 1233 modo
2794 1194 2806 1236 :
2837 1198 2858 1228 α
2898 1171 3254 1251 Prmjaciunt
3274 1169 3456 1230 ramis
3476 1168 3603 1246 ejus
3635 1166 3765 1241 pal-

399 1290 417 1320 ι
456 1265 718 1324 anterior
740 1260 925 1322 rubus
948 1277 1126 1336 quam
1152 1259 1304 1321 sol.»
1330 1258 1451 1320 Nec
1480 1260 1674 1332 aliter,
1706 1268 1864 1339 puto,
1892 1278 2036 1320 sen-
2126 1281 2353 1324 marum
2378 1264 2647 1343 quaedam
2672 1264 2834 1325 velut
2865 1263 3097 1323 semina
3123 1256 3769 1336 mascularum,quibus

391 1355 511 1429 tiet,
548 1353 649 1433 qui
679 1362 858 1432 caput
890 1350 1146 1425 primum
1182 1348 1485 1411 Geneseos
1511 1349 2041 1427 perlegerit,cujus
2124 1352 2214 1413 illi
2243 1353 2401 1414 velut
2434 1355 2671 1433 quidam
2722 1372 2935 1415 sensus
2969 1350 3379 1432 perfruitionis
3410 1346 3764 1422 infunditur,

388 1462 458 1505 ex
493 1442 750 1503 lectione
792 1440 1071 1518 colligere
1123 1438 1350 1513 licebit,
1384 1445 1447 1497 ut
1477 1438 1706 1517 reliqua
1736 1438 2037 1519 animalia,
2126 1444 2447 1523 etexpetiti
2469 1444 2825 1506 concubitus
2847 1444 3031 1522 gratia
3063 1447 3584 1521 reprmsentatur,»
3614 1456 3764 1497 con-

388 1531 774 1591 itabruchum
794 1547 909 1588 non
937 1527 1049 1587 nisi
1076 1526 1530 1606 postconditum
1555 1526 1741 1587 solem
1764 1526 2040 1588 inlucem
2125 1534 2378 1595 ﬁdenter
2407 1534 2568 1595 addit
2601 1552 2614 1592 :
2649 1554 2679 1594 κ
2714 1536 2810 1597 Sic
2842 1534 3001 1595 enim
3044 1529 3485 1594 emendandum
3521 1545 3764 1606 censeo,

391 1620 702 1701 prodiisse.
741 1618 823 1678 Ex
880 1636 996 1698 quo
1056 1618 1117 1677 ﬁt
1151 1626 1213 1677 ut
1243 1618 1292 1676 si
1322 1616 1677 1677 Ambrosius
1707 1618 2035 1698 scripserit,

2125 1642 2257 1684 cum
2291 1624 2388 1685 hic
2419 1624 2625 1687 Graece
2684 1626 2930 1703 legatur,
2991 1624 3042 1680 ἐν
3089 1623 3425 1689 συναισθήσει
3476 1624 3573 1685 τῆς
3620 1617 3764 1674 ἀπο-

393 1709 695 1771 «anterior
720 1708 982 1769 bruchus
1013 1726 1189 1787 quam
1215 1706 1330 1779 sol,
1370 1732 1396 1761 »
1429 1706 1619 1785 palam
1655 1707 2041 1769 convincatur
2066 1769 2097 1787 η
2123 1713 2422 1777 λπύσεως,]›
2446 1716 2736 1776 Ducazana
2757 1710 3216 1775 haecdeclaratio
3239 1708 3459 1769 dudum
3484 1708 3631 1769 mihi
3650 1708 3771 1787 pla-

388 1769 682 1861 falsi—rSed
711 1798 794 1878 (α)
821 1797 915 1859 cui
941 1769 1290 1877 persuaderi
1316 1769 1558 1876 ipot'erit
1588 1802 1821 1857 tantum
1845 1797 2037 1857 virum
2063 1769 2099 1817 Β
2122 1804 2263 1875 cuit,
2299 1769 3353 1882 eivaldeveytie-miinvmwplaeetiUnde
3377 1798 3423 1858 si
3452 1798 3583 1877 quis
3616 1769 3765 1855 con-

387 1890 445 1950 in
470 1896 693 1949 tantum
716 1906 982 1948 errorem
1009 1887 1324 1947 incidisse?
1346 1888 1486 1946 Puto
1520 1885 1699 1964 igitur
1723 1905 1860 1947 eum
1882 1886 2039 1947 scri-
2123 1894 2397 1955 tenderet
2423 1894 2742 1971 legendum
2769 1911 2899 1955 esse
2920 1891 3076 1971 apud
3107 1888 3489 1952 Ambrosium
3514 1886 3575 1945 in
3599 1892 3767 1945 utro-

386 1979 597 2059 psisse,
641 2001 662 2035 (ι
700 1977 969 2039 anterior
998 1977 1184 2038 rubus
1206 1995 1381 2057 quam
1414 1976 1564 2037 sol.»
1599 1977 1809 2056 quue
1844 1977 2041 2037 minus
2123 2000 2237 2062 que
2266 2001 2442 2062 quem
2475 1984 2787 2045 citavimus
2811 1982 2964 2053 loco,
2993 1978 3363 2061 «perfruitio,
3402 2001 3428 2031 »
3452 1973 3557 2035 ubi
3584 1998 3611 2028 α
3636 1991 3768 2052 per-

382 2068 589 2130 dubilo
620 2068 763 2149 quin
787 2068 914 2129 hac
938 2067 1254 2147 scriptura,
1291 2091 1317 2121 (ι
1344 2067 1553 2140 rubus,
1596 2092 1619 2126 ν
1664 2084 1797 2128 vera
1831 2066 1906 2127 Sit
1930 2085 2036 2144 ge-
2119 2061 2309 2134 functi
2344 2099 2371 2129 ››
2400 2072 2697 2153 legiturin
2731 2072 2932 2143 editis,
2957 2074 3028 2132 ab
3059 2070 3189 2149 ejus
3231 2067 3517 2147 opinione
3548 2061 3767 2153 noniita

386 2160 587 2233 nuina,
618 2159 771 2239 quod
802 2159 880 2219 ita
906 2166 964 2218 et
1006 2158 1068 2218 in
1096 2155 1407 2219 codicibus
1448 2155 1650 2217 multis
1684 2164 1742 2218 et
1772 2156 1832 2216 in
1865 2156 2037 2217 editis
2123 2161 2370 2223 multum
2394 2163 2688 2225 abessem,
2727 2166 2797 2226 Et
2839 2171 2901 2224 ut
2939 2171 3168 2222 taceam
3194 2176 3352 2219 nunc
3378 2156 3453 2216 de
3474 2152 3766 2215 emenda-

384 2246 2039 2329 omnibuslibrisscriptuminveniamus.Caveexistimes
2124 2252 2285 2313 tione
2308 2252 2529 2324 Duraai,
2565 2252 2825 2314 dubitari
2871 2251 2958 2311 vix
3009 2266 3190 2330 posse
3220 2246 3478 2308 arbitror
3508 2242 3655 2321 quin
3707 2242 3769 2303 in

382 2341 674 2403 bruchum
731 2339 804 2399 ab
859 2338 1178 2400 Ambrosio
1212 2356 1316 2417 pro
1371 2336 1616 2397 arbusto
1649 2336 1837 2397 sterili
1871 2356 2034 2398 sum—
2121 2342 2238 2403 alio
2274 2344 2402 2404 loco
2432 2344 2553 2424 legi
2603 2348 2894 2423 oporteat,
2937 2341 3041 2401 «ad
3093 2332 3767 2424 perfruitionembono-

382 2441 541 2511 ptum
570 2447 702 2491 esse
754 2429 816 2489 in
849 2446 921 2490 eo
972 2446 1152 2504 quem
1209 2426 1384 2488 citavi
1415 2427 1571 2489 loco.
1620 2426 1855 2487 Etenim
1890 2426 2038 2488 dixit
2122 2450 2278 2509 rum,
2320 2457 2343 2488 »
2378 2422 2518 2493 cum
2544 2422 2704 2494 hunc
2737 2429 3048 2495 Ambrosii
3106 2430 3300 2490 locum
3352 2425 3421 2487 ad
3456 2422 3699 2485 verbum
3735 2440 3769 2482 e

383 2520 734 2586 Ambrosius
761 2518 1026 2581 sterilem
1080 2519 1400 2590 bruchum,
1436 2536 1555 2578 non
1588 2517 1745 2596 quod
1775 2518 2038 2579 bruchus
2119 2523 2336 2584 Basilio
2369 2541 2716 2584 conversum
2753 2540 2886 2583 esse
2921 2520 3112 2599 palam
3171 2518 3269 2581 sit.
3306 2514 3675 2579 Proferimus
3705 2512 3768 2572 in

384 2611 693 2672 arbustum
716 2608 921 2671 sterile
946 2608 1156 2689 sit,sed
1182 2607 1339 2688 quod
1362 2606 1757 2668 corrodendis
1778 2607 2036 2668 arbustis
2122 2610 2383 2673 medium
2398 2612 2578 2674 verba
2591 2612 2871 2674 Basiliiex
2890 2610 3158 2671 oratione
3173 2615 3337 2669 sexta
3356 2607 3424 2667 in
3440 2607 3731 2666 Hexaem.
3746 2650 3761 2677 ,

385 2700 765 2763 sterilitatem
801 2699 1069 2761 inducat.
1104 2698 1456 2776 Quanquam
1493 2705 1688 2757 autem
1723 2715 1857 2773 qua:
1885 2696 2029 2771 dixi,
2120 2720 2265 2761 num
2310 2702 2367 2778 3,
2392 2694 3766 2777 utcumAmbrosianispossintcomparari.K11

384 2791 524 2851 satis
547 2808 844 2870 superque
865 2808 969 2868 per
1014 2806 1078 2848 se
1104 2795 1369 2869 pateant.
1407 2795 1656 2866 possunt
1688 2793 1883 2848 tamen
1916 2805 2036 2872 non

2125 2794 2181 2847 τὸ
2228 2792 2323 2866 μὲν
2378 2793 2488 2872 φῶς
2552 2795 2626 2857 εἷς
2672 2791 2966 2847 ἀπόλαυσιν
3026 2802 3143 2853 τοῖς
3174 2786 3422 2853 δικτίοις,
3455 2785 3514 2839 τὸ
3563 2781 3617 2837 δὲ
3668 2786 3765 2849 τῆς

387 2898 595 2959 parum
621 2869 830 2940 verbis
860 2878 1063 2941 Basilii
1105 2876 1471 2939 confirmari.
1504 2875 1643 2938 Haec
1674 2884 1871 2937 autem
1901 2869 2039 2938 sunt

2125 2883 2355 2947 καύσεως
2388 2881 2638 2958 ὀδυνηρὸν
2671 2895 2788 2942 τοῖς
2847 2878 3225 2951 κολκζομὲνοις
3267 2876 3763 2954 ἆποταχθήσεσθκι.

384 2969 596 3032 homil.
650 2970 708 3045 6,
744 2988 910 3032 num.
939 2968 977 3029 ἓ
1011 2992 1023 3027 :
1084 2970 1148 3026 Ἠ
1204 2976 1278 3047 γῆ
1314 2968 1638 3045 πεπλήρωτο
1668 2980 1789 3028 τοῖς
1823 2968 2035 3030 οἰκείοις

2125 2969 2227 3031 «Et
2250 2971 2469 3049 fore,ut
2513 2972 2607 3032 lux
2639 2969 2879 3050 quidem
2916 2969 2973 3028 in
3008 2965 3347 3028 fruitionem
3378 2963 3583 3043 justis,
3616 2961 3770 3022 adu-

385 3062 704 3136 γεννήμασι,
744 3061 802 3114 τά
831 3081 888 3113 τε
922 3060 1079 3137 μυρία
1110 3059 1241 3137 γένη
1282 3064 1389 3114 τῶν
1450 3058 1689 3132 βοτανῶν
1738 3053 2037 3127 ἐκϐλαστή-

2125 3061 2328 3122 stionis
2350 3080 2487 3122 vero
2518 3060 2811 3122 acerbitas
2834 3057 3154 3138 puniendis
3186 3053 3538 3115 destinetur.
3576 3076 3603 3107 π
3640 3052 3757 3110 Νο-

388 3170 544 3221 σπισαι,
592 3150 680 3204 καὶ
749 3146 1111 3211 παντοδχποϊς
1172 3147 1341 3204 εἴδεσι
1414 3153 1588 3226 φυτῶν
1648 3147 2029 3221 εὖθηνουμὲνη,

2125 3159 2299 3210 stram
2334 3151 2483 3212 hanc
2534 3152 2934 3229 conjecturam
2982 3145 3251 3208 nonnihil
3305 3144 3445 3205 hinc
3504 3142 3771 3222 adjuvari

388 3236 589 3302 ”Ηλιος
623 3236 673 3294 δὲ
708 3238 855 3294 οὕπω
913 3240 1003 3311 ἦν,
1058 3240 1146 3294 καὶ
1204 3238 1431 3307 σελήνη.
1487 3262 1512 3291 ς(
1548 3235 1734 3297 Terra
1780 3235 2038 3315 propriis

387 3326 755 3405 germinibus
782 3337 904 3387 erat
949 3326 1172 3387 referta
1203 3345 1216 3389 ζ
1252 3325 1739 3406 quandoquidem
1777 3333 1834 3384 et
1865 3324 2040 3386 innu-

391 3434 552 3477 mera
586 3417 913 3496 protulerat
944 3415 1267 3478 herbarum
1302 3434 1548 3489 genera,
1578 3424 1635 3476 et
1675 3415 2039 3475 omnimodis

391 3507 721 3586 plantarum
757 3505 1075 3585 speciebus
1103 3505 1492 3567 exuberabat.
1534 3503 1804 3567 Necdum
1841 3514 2037 3565 tamen

387 3605 512 3657 erat
537 3597 760 3674 so|,aut
786 3598 941 3657 luna.
982 3621 1007 3651 ››
1041 3596 1273 3656 Etenim
1296 3595 1456 3675 quod
1485 3594 1739 3655 Basilius
1763 3592 2039 3655 universe

388 3684 617 3746 dixitde
633 3684 1055 3751 fructicibus,id
1072 3685 1377 3765 Speciatim
1396 3684 1617 3745 dixisse
1635 3682 2034 3755 Ambrosium,

391 3773 601 3854 lib.lv,
641 3791 806 3836 num.
857 3776 917 3848 l,
980 3775 1054 3833 de
1103 3776 1253 3834 rubo
1304 3773 1685 3853 perspicuum
1734 3782 1843 3834 est.
1878 3771 1949 3833 Et
1980 3774 2038 3832 in

396 3864 586 3925 verbis
617 3863 736 3925 illis
767 3882 899 3943 qua;
951 3869 1218 3942 proxime
1272 3870 1623 3943 sequuntur,
1684 3887 1704 3917 ς
1747 3862 1871 3922 noli
1899 3880 2038 3940 ergo

391 3954 575 4016 Deum
609 3953 881 4025 credere,
918 3953 1011 4013 cui
1059 3952 1224 4013 vides
1255 3951 1362 4014 Dei
1398 3968 1645 4011 munera
1669 3968 1797 4012 esse
1823 3951 2038 4029 praela-

391 4053 466 4117 ta,
484 4065 509 4101 »
532 4043 769 4123 aliquod
791 4061 1029 4123 quoque
1049 4042 1257 4103 vitium
1282 4042 1482 4103 inesse
1501 4039 2038 4119 suspicor.Etonim

2122 3238 2553 3308 existimamus,
2590 3238 2745 3319 quod
2769 3234 3284 3298 admoneamurin
3314 3232 3490 3306 notis,
3527 3230 3771 3293 codices

2124 3348 2391 3389 mss.non
2417 3329 2529 3389 sibi
2553 3338 2851 3404 constare,
2878 3325 3240 3388 habentibus
3270 3324 3423 3394 aliis,
3468 3346 3489 3379 (ι
3524 3323 3593 3383 ad
3625 3340 3766 3402 per-

2120 3421 2437 3479 fectionem
2468 3419 2786 3490 bonorum,
2819 3443 2844 3472 »
2881 3416 3034 3479 aliis.
3073 3436 3098 3472 ιι
3121 3415 3192 3475 ad
3222 3412 3720 3494 perfunctionem.
3742 3437 3762 3468 ο

2121 3509 2635 3569 Verisimillimum
2668 3507 2828 3568 enim
2858 3507 3004 3567 mihi
3026 3505 3339 3579 videtur,si
3366 3503 3605 3565 codices
3642 3502 3768 3581 plu-

2121 3616 2218 3659 res
2250 3597 2958 3677 consulerentur,fore,nt
2990 3595 3260 3656 nonnulli
3295 3593 3649 3672 scripturam
3674 3610 3770 3651 ve-

2124 3706 2249 3748 ram
2283 3705 2748 3767 germanamque
2774 3686 3144 3758 exhiberent,
3181 3685 3295 3746 hoc
3327 3691 3436 3761 est,
3481 3679 3770 3761 «perfrui-

2126 3778 2374 3851 tionem,
2416 3800 2437 3831 »
2478 3795 2595 3837 non
2637 3801 2657 3831 ιι
2697 3774 3189 3856 perfectionem,»
3226 3792 3421 3853 neque
3457 3797 3483 3827 α
3522 3769 3767 3851 perfun-

2124 3868 2407 3929 ctionem.
2451 3887 2477 3925 ι

2206 3961 2306 4018 ‘27.
2337 3957 2711 4019 Conveniunt
2744 3956 2898 4016 inter
2927 3972 2990 4015 se
3023 3963 3081 4015 et
3107 3953 3250 4015 editi
3282 3951 3598 4014 etcodices
3619 3970 3761 4011 mss.

2127 4048 2185 4107 in
2207 4066 2274 4107 eo
2296 4045 2558 4119 loco,ubi
2574 4045 2827 4107 Basilius
2841 4062 3179 4105 sermonem
3195 4042 3451 4104 instituit
3473 4042 3548 4101 de
3572 4042 3765 4102 vultu-

392 4134 528 4215 quid
559 4132 668 4193 sibi
692 4133 831 4193 velit
872 4133 1047 4205 illud,
1090 4159 1112 4189 «
1155 4132 1275 4193 noli
1307 4150 1447 4210 ergo
1480 4131 1670 4192 Deum
1702 4131 1974 4210 credere,
2015 4155 2034 4188 ι)
2128 4135 2468 4217 ribus.Ejus
2493 4137 2616 4197 haec
2635 4146 2771 4196 sunt
2795 4136 2974 4196 verba
2997 4133 3264 4196 oratione
3285 4134 3319 4192 8
3353 4134 3415 4193 in
3441 4132 3768 4201 Heraean,

394 4243 513 4285 non
545 4224 691 4284 satis
716 4223 1012 4300 intelligo.
1040 4223 1183 4284 Mihi
1215 4232 1410 4283 autem
1464 4221 1792 4282 verisimile
1817 4222 1903 4302 fit,
1940 4241 2039 4302 pro

2129 4246 2296 4289 num.
2330 4228 2413 4290 6:
2471 4225 2652 4283 Πολλὰ
2712 4225 2816 4281 τῶν
2850 4225 3062 4301 ὀρνίθων
3107 4224 3235 4301 γένὶ
3284 4222 3428 4281 οὕδέν
3483 4227 3612 4300 πρὸς
3677 4222 3774 4288 τὴν

394 4314 484 4374 his
515 4312 735 4393 verbis,
765 4335 792 4367 ι
824 4313 947 4373 noli
977 4330 1121 4389 ergo
1154 4316 1344 4372 Deum
1377 4311 1649 4384 credere,
1678 4332 1705 4369 »
1734 4311 1845 4389 legi
1872 4331 2039 4392 opor-

2132 4320 2318 4384 κύησιν
2350 4316 2522 4373 δεῖται
2552 4316 2649 4383 τῆς
2698 4323 2808 4371 τῶν
2866 4315 3092 4391 ἀῤῥένων
3149 4313 3456 4379 ἐπιπλοκῆς
3492 4335 3505 4347 ν
3552 4312 3673 4369 ἀλλ’
3719 4313 3771 4368 ἐν

395 4414 543 4475 tere,
589 4425 628 4459 α-
652 4401 773 4463 noli
806 4420 945 4480 ergo
980 4401 1100 4462 Deo
1124 4420 1241 4461 non
1266 4402 1517 4462 credere
1545 4400 1697 4481 (6l).
1731 4426 1753 4456 υ
1780 4403 1863 4461 lta
1889 4402 2039 4463 enim

2132 4411 2229 4483 μὲν
2277 4409 2396 4471 τοῖς
2458 4406 2639 4467 ἄλλοις
2687 4404 2850 4481 Ξίγονά
2892 4405 3000 4460 ἐστι
3046 4405 3110 4459 τὰ
3166 4404 3435 4477 ὑπηνέμια
3472 4424 3485 4439 '
3538 4405 3660 4465 τοὺς
3721 4402 3774 4457 δὲ

395 4495 621 4576 Optime
643 4500 827 4555 oratio
847 4494 1188 4555 cohaerebit.
1228 4492 1351 4553 Hoc
1400 4492 1556 4553 enim
1585 4492 1815 4553 videtur
1845 4491 2039 4554 dicere

2131 4496 2299 4575 γύπαις
2330 4499 2485 4575 φασὶν
2535 4494 2899 4556 ἀσυυδυάστως
2944 4496 3139 4551 τίκτειν
3199 4494 3271 4557 ὡς
3322 4494 3385 4547 τὰ
3434 4491 3632 4570 πολλὰ,
3688 4494 3775 4548 καὶ

393 4583 746 4646 Ambrosius
775 4601 787 4642 :
819 4583 943 4646 Etsi
972 4583 1059 4644 sol
1093 4592 1150 4643 et
1171 4581 1589 4661 aliaequwdam
1615 4592 1902 4643 creatum
1932 4602 2039 4662 pro

2130 4596 2293 4644 ταῦτα
2344 4586 2808 4663 μακροϐιωτάτους
2854 4584 3009 4646 ὄντας
3044 4599 3058 4613 ⁸
3108 4585 3194 4646 οἷς
3252 4605 3312 4659 γε
3360 4584 3551 4661 μέχρις
3586 4585 3775 4639 ἑκατὸν

395 4674 509 4736 diis
534 4673 831 4753 colantur,
891 4691 1150 4754 veroque
1200 4672 1321 4733 Deo
1380 4671 1793 4750 praeferantur,
1859 4698 1885 4727 α
1920 4672 2039 4733 noli

2128 4676 2282 4747 ἐτῶν,
2318 4677 2389 4737 ὡς
2421 4676 2487 4731 τὰ
2543 4673 2741 4745 πολλὰ,
2805 4678 3173 4747 παρατείνετκι
3216 4673 3247 4738 ἡ
3300 4674 3432 4742 ζωή.
3472 4680 3636 4729 Τοῦτο
3682 4695 3772 4745 μοι

395 4773 708 4844 propterea
738 4762 861 4825 Deo
888 4782 1008 4824 non
1030 4762 1351 4825 credere.»
1378 4760 1570 4840 Hujus
1602 4762 2039 4840 interpretatio-

2128 4766 2226 4845 ἔχε
2284 4762 2865 4843 παρασεσημειωμένον
2925 4762 2982 4817 ἐκ
3054 4764 3151 4827 τῆς
3212 4762 3328 4835 περὶ
3383 4761 3504 4821 τοὺς
3567 4759 3772 4838 ὄρνιθας

394 4853 485 4913 nis
510 4864 812 4914 auctorem
847 4852 1037 4913 habeo
1069 4851 1802 4930 Ambrosiumipsum,qui
1832 4850 1934 4914 lib.
1959 4869 2039 4930 III,

2127 4857 2378 4935 ἱστορίας)
2437 4852 2513 4908 ’ἔν’
2571 4850 2778 4908 ἐπειδάν
2835 4873 2961 4907 ποτε
3020 4849 3140 4925 ἴδῃς
3196 4850 3463 4927 γελῶντας
3517 4872 3663 4913 τινχς
3713 4853 3773 4906 τὸ

394 4962 560 5004 num.
592 4942 690 5004 27.
728 4948 814 5003 sic
839 4941 1104 5021 loquitur
1132 4959 1145 5004 :
1182 4939 1424 5002 «Solent
1455 4940 1614 5000 enim
1650 4940 1923 5020 plerique
1945 4942 2039 5002 di-

2129 4947 2416 5024 μυστήριον
2455 4944 2626 5018 ἡμῶν,
2662 4944 2733 5005 ὡς
2762 4938 3014 4999 ἀδυνάτου
3044 4938 3194 5001 ὄντος
3242 4942 3327 4995 ιιχὶ
3380 4938 3476 5004 ἔξω
3521 4945 3620 5005 τῆς
3664 4941 3768 5020 φό-

393 5052 531 5094 cere
554 5054 568 5093 :
595 5031 724 5094 Nisi
740 5031 1098 5095 clementior
1121 5030 1269 5091 solis
1281 5029 1445 5090 calor
1464 5030 1813 5109 tepefecerit
1830 5043 2039 5106 terras,

2129 5058 2263 5099 σεως
2296 5032 2551 5114 παρθένον
2602 5046 2803 5110 τεκεῖν,
2865 5032 2961 5099 τῆς
3011 5031 3287 5108 παρθενίας
3346 5030 3510 5096 ctuti};
3561 5029 3768 5109 φυλατ-

394 5132 451 5183 et
474 5121 915 5202 quodammodo
935 5121 1118 5181 radiis
1141 5120 1261 5181 suis
1280 5119 1639 5199 foverit,non
1668 5120 1885 5199 poterit
1911 5139 2039 5199 ger-

2126 5130 2359 5204 τομένης
2393 5126 2685 5206 ἀχράντου,
2720 5125 3013 5201 ἐνθυμηθῇς
3047 5123 3126 5179 ὅτι
3175 5125 3201 5178 δ
3249 5122 3538 5191 εὗδοκήσκς
3599 5122 3651 5178 ἐν
3704 5130 3772 5200 τῇ

395 5213 622 5274 minare
647 5220 805 5273 terra
837 5233 854 5288 ;
886 5221 943 5272 et
979 5219 1292 5291 propterea
1322 5218 1528 5289 gentes
1554 5210 1815 5272 divinum
1847 5213 2039 5274 hono-

2127 5218 2299 5297 μωρίᾳ
2328 5224 2419 5271 τοῦ
2448 5218 2792 5293 κηρύγματος
2848 5219 3015 5269 σῶσαι
3048 5216 3166 5277 τοὺς
3216 5214 3585 5286 πιστεύονταις,
3628 5216 3763 5289 ’μυ-

394 5320 520 5363 rem
551 5302 842 5382 deputant
880 5302 1015 5381 soli,
1062 5303 1221 5379 quod
1249 5302 1466 5364 virtute
1492 5300 1707 5362 caloris
1731 5303 1821 5364 sui
1854 5311 2039 5363 terra-

2126 5311 2237 5386 piatc
2286 5308 2345 5362 ἐκ
2387 5311 2487 5372 τῆς
2532 5306 2733 5384 φύσεως
2795 5304 3037 5384 ἄφορμὲς
3090 5305 3222 5380 πρὸς
3271 5303 3372 5371 τὴν
3430 5305 3603 5359 πμίστιν
3664 5309 3765 5359 τῶν

391 5408 520 5453 rum
546 5402 821 5474 penetret
854 5393 1042 5467 sinus,
1086 5416 1108 5446 υ
1148 5398 1262 5452 etc.

2125 5395 2431 5476 παραδόξων
2465 5392 2810 5456 κατεϐάλετο.
2854 5391 3090 5455 «Multis
3120 5392 3314 5453 avium
3347 5391 3668 5471 generibus
3696 5391 3769 5452 ad

472 5514 557 5595 (a)
585 5514 777 5592 Leges
803 5522 1004 5575 notam
1039 5512 1316 5593 primam,
1355 5531 1416 5593 p.
1443 5510 1541 5575 63.

469 5674 600 5747 (61)
636 5672 1087 5736 Hallucinatum
1124 5691 1214 5749 se,
1247 5692 1383 5734 cum
1418 5672 1545 5733 haec
1560 5671 1889 5746 'scriberet,
1937 5676 2157 5741 fatetur
2187 5679 2256 5739 D.
2293 5675 2615 5739 Garnerius
2646 5677 2707 5737 in
2742 5672 3094 5739 Praifatione
3125 5681 3271 5736 tom.
3307 5671 3355 5733 ll
3384 5670 3529 5751 [Ill],
3581 5672 3609 5749 §
3639 5688 3757 5745 xw,

386 5756 480 5818 cui
515 5753 745 5817 titulum
784 5754 924 5816 fecit
955 5774 969 5814 :
1013 5757 1097 5817 De
1116 5755 1332 5817 erratis
1370 5754 1733 5835 quibusdam
1759 5757 1932 5835 meis,
1968 5768 2087 5825 etc.
2117 5759 2286 5825 Εωτ.
