4174 6392
378 294 491 344 cxc
1737 278 2329 342 PROLEGOMENA.

377 421 728 491 conceptum
759 413 905 475 nihil
936 432 1087 493 opus
1118 423 1210 477 est
1234 415 1486 477 marium
1519 414 1729 493 copula
1766 436 1776 470 :
1816 414 1920 475 sed
1956 414 2014 475 in
2037 421 2075 468 A
2100 412 2522 474 incarnationis
2548 412 2829 473 decorem
2856 409 3158 487 probaret,
3192 420 3251 473 et
3273 418 3564 473 astrueret
3596 411 3750 473 veri-

377 502 507 563 aliis
532 502 852 581 generibus
909 504 1067 564 edita
1099 504 1247 566 citra
1276 505 1495 568 coitum
1530 522 1659 584 ova,
1706 503 2027 565 infecunda
2112 509 2291 563 tatem
2317 505 2345 563 ?
2373 528 2398 558 π
2435 501 2627 563 Nemo
2654 519 2769 560 non
2796 498 2953 560 videt
2995 500 3375 562 Ambrosium
3402 501 3608 562 isthaac
3631 501 3754 562 fere

376 600 532 651 sunt.
562 595 779 651 Ferunt
819 600 1014 653 autem
1065 599 1195 655 sine
1214 594 1369 656 coitu
1403 603 1464 654 ut
1488 595 1806 674 plurimum
1846 612 2023 672 pare-
2109 592 2179 652 ad
2202 592 2443 653 verbum
2468 590 2835 652 convertisse
2859 608 2890 650 e
2921 586 3162 670 Basilio,
3194 591 3297 652 sed
3324 591 3403 652 ita
3434 601 3655 663 tamen,
3694 599 3756 652 ut

379 698 442 741 re
469 679 895 755 vultures,licet
921 683 1178 744 maxime
1210 684 1507 762 longaevos
1535 684 1790 763 :quippe
1810 684 2024 762 quibus
2110 700 2173 741 ea
2194 680 2630 759 quodammodo
2656 698 2759 740 sua
2785 679 3000 741 fecisse
3026 679 3429 759 videatur,ant
3459 680 3749 753 ornando,

377 771 489 830 vita
510 769 581 830 ad
614 778 850 829 centum
879 789 1067 851 usque
1098 792 1283 833 annos
1318 774 1670 853 plerumque
1704 772 2022 850 protenda-
2107 770 2589 849 autampliando.
2626 773 2712 849 Et,
2746 769 2901 849 quod
2934 769 3004 829 ad
3041 788 3167 831 rem
3204 777 3479 850 pertinet,
3519 770 3753 851 perspi-

376 867 485 919 tur.
521 858 584 919 Id
608 860 784 920 velim
812 868 1078 921 notatum
1116 870 1171 922 et
1194 862 1576 923 observatum
1608 881 1676 922 ex
1694 861 1896 922 alitum
1928 862 2021 921 hi-
2107 878 2283 920 cuum
2334 869 2425 920 est
2476 879 2543 921 ex
2596 860 2710 934 his,
2762 859 3145 923 Ambrosium
3180 879 3298 920 non
3331 859 3507 922 aliter
3541 862 3751 939 legisse

373 949 575 1028 storia,
612 957 675 1008 ut
709 948 758 1008 si
790 950 1025 1029 quando
1053 952 1372 1012 nonnullos
1411 952 1626 1013 videris
1678 951 2019 1029 mysterium
2105 962 2283 1029 atque
2312 968 2469 1011 nunc
2502 949 2716 1028 legitur
2749 949 2842 1010 :id
2865 949 3017 1029 quod
3055 949 3388 1026 suSpicioni
3412 948 3752 1013 Combetisii

376 1042 645 1100 nostrum
680 1038 1143 1121 irridere,quasi
1171 1041 1859 1121 ﬁerinequeat,etquasi
1885 1040 1958 1100 sit
1989 1059 2022 1101 a
2106 1059 2222 1099 non
2257 1040 2453 1101 minus
2504 1040 2873 1113 adversatur,
2938 1058 3112 1119 quam
3177 1058 3389 1119 magna
3422 1040 3523 1101 illa
3565 1058 3748 1119 quam

373 1138 583 1189 natura
614 1130 903 1208 alienum,
934 1141 996 1191 ut,
1026 1132 1210 1209 virgo,
1247 1130 1585 1209 virginitate
1607 1132 1740 1208 ejus
1770 1137 2017 1189 inteme-
2105 1129 2275 1189 initio
2301 1131 2494 1190 testati
2528 1148 2737 1189 sumus
2769 1128 3056 1190 librorum
3111 1130 3303 1189 omnis
3332 1130 3575 1207 generis
3602 1148 3749 1190 con-

372 1226 495 1277 rata
521 1228 931 1296 permanente,
961 1221 1486 1301 pepererit,veniat
1510 1220 1570 1280 in
1597 1228 1857 1280 mentem
1886 1219 2014 1293 tibi,
2104 1218 2584 1280 sensio.Accedit
2616 1219 2793 1279 etiam
2822 1219 2979 1298 quod
3015 1227 3179 1280 vetus
3223 1220 3517 1300 interpres
3546 1220 3748 1282 Eusta-

376 1307 588 1387 Deum,
622 1310 727 1388 qui
760 1326 863 1388 per
893 1311 1330 1388 praedicationis
1358 1310 1666 1371 stultitiam
1702 1310 2017 1370 credentes
2105 1308 2262 1368 tbius
2293 1314 2467 1383 ita,ut
2502 1308 2804 1388 hodieque
2840 1308 3075 1387 legitur,
3112 1308 3321 1387 legerit
3351 1320 3409 1371 et
3439 1309 3748 1390 ipse.Vide

377 1397 567 1457 salvos
588 1398 785 1460 facere
810 1400 1004 1473 libuit,
1029 1402 1342 1462 innumera
1365 1401 1772 1473 incitamenta,
1798 1398 2019 1479 abipsa
2102 1399 2537 1477 Appendicem.
2576 1398 2741 1469 Quod
2772 1397 2936 1459 addit
2959 1396 3373 1473 Combefisius,
3413 1423 3435 1455 ι
3472 1398 3742 1462 Subven-

378 1494 582 1547 natura
608 1488 939 1567 desumpta,
965 1490 1035 1550 ad
1063 1490 1239 1554 fidem
1273 1492 1455 1551 rebus
1481 1488 1793 1568 stupendis
1826 1476 2021 1551 co'nci-
2105 1476 2278 1548 taurea
2304 1488 2748 1567 fecunda,quod
2782 1489 3128 1568 ascriptum,
3166 1508 3233 1551 ex
3270 1490 3536 1567 margine
3567 1489 3748 1550 obre-

375 1577 636 1637 liandam
671 1578 729 1637 in
768 1588 1148 1641 antecessum
1206 1582 1609 1661 proposuisse.
1657 1603 1681 1633 π
1720 1578 1856 1639 Haec
1890 1598 2021 1658 quae
2105 1577 2242 1655 psit,
2273 1602 2298 1632 n
2331 1578 2385 1637 id
2415 1580 2632 1638 mirum
2676 1578 2864 1638 videri
2914 1587 3127 1658 potest,
3164 1597 3297 1638 cum
3330 1578 3454 1639 haec
3490 1586 3752 1659 pugnent

375 1666 644 1744 longiora
665 1667 911 1730 fortasse
932 1670 1441 1742 videbuntur,non
1468 1670 1598 1729 ideo
1632 1670 1830 1738 retuli,
1858 1668 2018 1746 quod
2104 1666 2260 1726 inter
2282 1685 2346 1727 se
2380 1685 2391 1727 :
2431 1666 2534 1728 sed
2573 1668 2886 1747 scripsisse
2940 1672 3133 1727 virum
3197 1669 3436 1729 doctum
3470 1667 3747 1743 arbitror,

370 1756 604 1816 allatam
626 1776 657 1816 a
685 1757 903 1819 Basilio
928 1761 1002 1821 de
1024 1754 1352 1822 vulturibus
1383 1759 1691 1820 historiam
1723 1757 1969 1839 probem
2000 1777 2013 1816 :
2045 1831 2076 1839 _
2110 1778 2132 1813 tt
2170 1757 2576 1818 subventanea
2628 1756 2969 1827 infecunda,
3031 1782 3056 1811 »
3098 1757 3173 1817 ob
3197 1757 3296 1817 illa
3320 1757 3547 1825 Basilii,
3586 1757 3749 1837 ἄγονκ

370 1845 471 1905 sed
501 1846 646 1907 utin
669 1856 1010 1910 transcursu
1030 1850 1278 1912 doceam
1305 1851 1463 1911 hunc
1496 1831 1797 1927 Basilii(a)
1822 1850 2014 1909 locum
2045 1831 2391 1921 Βὺπη-ιέμιαι.
2432 1848 2650 1906 Verum
2696 1865 2811 1906 non
2872 1846 2949 1906 ita
3000 1846 3171 1906 facile
3216 1849 3488 1906 excusari
3533 1831 3745 1926 potest,

371 1951 578 1995 sanum
606 1956 737 1999 esse
769 1947 824 2000 et
856 1940 1285 2021 incorruptum.
1324 1942 1454 2000 Non
1485 1958 1723 2018 possum
1776 1938 1956 2017 igitur
1985 1957 2018 1998 a
2102 1954 2237 1996 cum
2268 1938 2395 1997 haec
2429 1937 2507 1998 ait
2530 1956 2562 1997 e
2596 1938 2861 2014 margine
2892 1937 3235 2015 irrepsisse.
3273 1936 3396 1997 Etsi
3426 1936 3583 1995 enim
3626 1933 3747 1995 Eu-

372 2021 727 2088 Combefisio
780 2028 954 2090 aliter
1002 2032 1295 2092 sentiente
1360 2048 1475 2089 non
1509 2027 1850 2089 dissentire.
1899 2026 2015 2088 Sed
2102 2024 3210 2103 stathiusinsigniterhallucinatussit,
3241 2024 3744 2104 pessimequeBa-

372 2113 563 2193 ipsum
616 2117 951 2183 audiamus.
992 2145 1019 2175 α
1067 2120 1340 2200 Laborat,
1396 2118 1610 2201 inquit,
1644 2126 1848 2199 aperte
1880 2126 2015 2179 tex-
2103 2116 2298 2178 silium
2327 2116 2776 2195 interpretatus,
2803 2115 2929 2192 ejus
2950 2123 3147 2175 tamen
3171 2118 3351 2175 verba
3370 2114 3746 2193 apertissime

373 2212 487 2277 tus,
523 2204 861 2283 falsumque
918 2208 1134 2288 ingerit
1179 2229 1445 2284 sensum,
1493 2227 1667 2289 quem
1721 2209 2018 2287 interpres
2101 2206 2425 2267 ostendunt
2452 2222 2569 2265 non
2592 2221 2766 2266 secus
2784 2224 2920 2266 eum
2951 2204 3241 2282 legissein
3270 2204 3393 2265 suis
3415 2203 3747 2283 codicibus,

374 2296 666 2369 expressit
695 2316 709 2369 ;
743 2299 907 2376 quasi
941 2300 1027 2359 sic
1052 2301 1372 2381 concipere
1406 2301 1631 2380 absque
1664 2317 1823 2359 mare
1846 2317 2015 2359 corn-
2099 2304 2274 2375 atque
2308 2314 2464 2356 nunc
2514 2299 2571 2355 in
2626 2294 2847 2355 nostris
2898 2295 3173 2373 legimus.
3229 2292 3370 2373 Ejus
3402 2293 3527 2354 haec
3558 2299 3697 2353 sunt
3730 2313 3744 2351 :

376 2401 552 2444 mune
581 2386 659 2445 sit
686 2386 958 2466 pluribus
1002 2390 1198 2452 avium
1231 2390 1574 2469 generibus.
1599 2391 1662 2451 In
1693 2408 1807 2448 uno
1841 2387 2013 2450 Basi-

375 2471 486 2532 lius
511 2476 849 2554 exemplum
881 2479 1097 2560 posuit,
1135 2499 1242 2541 nec
1268 2481 1380 2541 alia
1411 2477 1880 2540 sollicitavit.Sic
1913 2495 2010 2537 er-

372 2580 443 2637 go
474 2566 751 2639 emendo,
814 2570 942 2645 γένη
1000 2571 1073 2625 ὧν
1129 2571 1181 2627 ἓν
1230 2572 1368 2640 οὐδὲ,
1429 2587 1682 2647 quorum
1711 2586 1903 2630 unum
1936 2585 2014 2629 ne

374 2654 633 2741 marium
688 2660 932 2736 quidem
982 2660 1197 2739 capulo
1253 2678 1407 2741 opus
1456 2660 1654 2739 habet,
1715 2659 2011 2719 vulturum

369 2740 596 2803 scilicet
627 2760 639 2803 :
674 2747 830 2826 quod
859 2751 1049 2827 ipsum
1080 2740 1309 2812 incerta
1340 2752 1494 2811 fama
1523 2748 1728 2810 refert.
1770 2773 1792 2805 ι)
1853 2748 2011 2813 Sub-

368 2841 664 2897 ventanea
694 2838 980 2920 fecunda,
1032 2840 1188 2919 quod
1230 2844 1579 2919 ascriptum,
1639 2856 1710 2899 ex
1747 2840 2013 2915 margine

368 2922 651 3002 obrepsit.
692 2951 719 2981 »
755 2926 919 2989 Hanc
947 2939 1142 2991 autem
1168 2930 1507 2993 Combetisii
1532 2927 2012 2991 emendationem

368 3012 626 3074 arbitror
678 3036 884 3095 puram
945 3032 1148 3089 putem
1206 3039 1337 3081 esse
1385 3020 1856 3097 corruptionem.
1889 3015 2012 3076 Etsi

370 3101 526 3163 enim
554 3104 866 3168 afﬁrmavit
896 3108 1152 3172 Basilius
1180 3110 1361 3170 multa
1378 3127 1512 3171 esse
1545 3109 1743 3169 avium
1766 3123 2007 3182 genera,

2107 2406 2133 2444 α
2168 2385 2315 2447 Aliae
2346 2404 2490 2448 sane
2537 2403 2766 2465 earum,
2808 2403 2939 2465 quas
2988 2384 3162 2445 altius
3213 2384 3482 2464 volitant,
3515 2382 3750 2444 steriles

2100 2478 2343 2537 omnino
2370 2485 2531 2539 sunt.
2578 2503 2600 2533 ι
2636 2476 2716 2537 Ex
2748 2475 2963 2554 quibus
2996 2474 3346 2555 intelligitur
3371 2472 3746 2535 Eustathium

2098 2566 2157 2625 in
2199 2568 2319 2627 suis
2347 2566 2584 2645 quidem
2641 2566 2808 2625 libris
2841 2583 3042 2627 vocem
3088 2564 3359 2637 ὑπηνέμια
3389 2563 3693 2642 reperisse
3728 2581 3741 2621 :

2098 2656 2203 2716 sed
2231 2675 2362 2717 eam
2392 2657 2543 2716 male
2574 2654 2939 2726 reddidisse,
2972 2653 3139 2731 quasi
3163 2650 3443 2713 videlicet
3475 2670 3603 2711 rem
3632 2668 3745 2731 ope

2096 2755 2403 2806 ventorum
2428 2747 2545 2806 alte
2569 2744 2785 2804 elatam
2805 2739 3334 2819 signiticaret.Plus
3357 2740 3501 2801 sotis
3526 2741 3601 2801 de
3623 2741 3739 2801 his.

2097 2833 2434 2894 Redeamus
2465 2834 2534 2893 ad
2573 2831 2978 2901 Ambrosium,
3007 2829 3179 2907 cujus
3208 2828 3269 2888 in
3296 2829 3491 2890 verbis
3523 2830 3746 2911 aliquid

2100 2927 2295 2985 inesse
2318 2923 2443 2982 vitii
2470 2918 2879 3000 suspicor.Ubi
2906 2919 3062 2979 enim
3091 2918 3333 2997 legitur,
3369 2942 3394 2973 σε
3429 2918 3745 2996 indulgere

2097 3013 2442 3081 concubitu,
2476 3037 2501 3066 »
2545 3009 2864 3088 legendum
2895 3026 3137 3088 censeo,
3170 3031 3191 3063 (ι
3224 3007 3493 3084 indigere
3517 3026 3742 3070 concu-

2098 3101 2243 3174 bitu,
2281 3126 2307 3157 ι)
2337 3110 2459 3162 tum
2495 3101 2569 3161 Ob
2604 3099 2748 3160 illud
2788 3098 3012 3172 Basilii,
3047 3098 3218 3154 δεῖται
3250 3105 3349 3166 τῆς
3382 3100 3486 3156 τῶν
3517 3099 3743 3177 ἆῤῥὲνων

369 3208 499 3269 quae
530 3195 873 3276 concipiunt
929 3200 1058 3261 sine
1115 3199 1459 3270 concubitu,
1500 3197 1686 3276 potuit
1714 3205 1909 3256 tamen
1939 3194 2071 3255 deC
2097 3192 2420 3271 ἐπιπλοκῆς,
2457 3200 2578 3250 tum
2609 3190 2765 3269 quod
2814 3188 2941 3268 ipsa
2974 3188 3333 3249 constructio
3359 3188 3747 3267 grammatica

367 3279 510 3340 solis
541 3282 872 3347 vulturibus
925 3289 1288 3349 mentionem
1326 3288 1545 3358 facere,
1602 3285 1881 3345 videlicet
1911 3293 2013 3344 aut

370 3368 670 3433 brevitatis
695 3386 1006 3455 causa,aut
1029 3386 1328 3438 oratorum
1357 3395 1546 3449 more,
1583 3376 1684 3455 qui
1714 3393 1810 3435 res
1843 3376 2008 3453 ejus-

371 3460 528 3520 modi
553 3481 668 3523 non
697 3473 807 3525 tam
830 3467 1148 3546 diligenter
1174 3484 1624 3546 narrare,quam
1647 3482 1862 3527 ornare
1880 3474 2009 3525 stu-

368 3550 531 3613 dent.
569 3552 682 3614 Sed
709 3557 862 3634 quod
901 3558 1084 3635 magis
1113 3557 1427 3619 conﬁrmat
1461 3558 1608 3618 nihil
1659 3556 1717 3617 in
1761 3556 2010 3635 vulgatis

368 3641 587 3717 corrigi
617 3642 863 3724 debere,
898 3647 1041 3707 illud
1075 3657 1185 3717 est,
1212 3648 1369 3726 quod
1398 3651 1471 3709 ita
1507 3648 1722 3727 legisse
1746 3647 2007 3709 Ambro-

369 3729 521 3791 sium
546 3738 798 3796 constet.
828 3735 974 3815 Ejus
998 3739 1121 3798 haec
1153 3745 1291 3798 sunt
1321 3758 1353 3798 e
1385 3738 1484 3800 lib.
1520 3756 1557 3798 v
1590 3741 1653 3800 in
1685 3740 2010 3813 Hexaem.,

368 3839 500 3900 cap.
542 3822 655 3886 2t):
697 3845 723 3881 α
772 3827 942 3887 Nunc
975 3828 1049 3889 de
1085 3828 1420 3906 integritate
1452 3830 1744 3906 dicamus,
1789 3846 1921 3907 quin
1954 3827 2012 3885 in

372 3911 640 3987 pluribus
670 3916 909 3994 quidem
943 3919 1149 3979 avibus
1183 3922 1259 3978 ita
1319 3938 1450 3980 esse
1495 3926 1902 3989 asseveratur,
1953 3924 2017 3975 ut

2098 3283 2177 3343 ita
2209 3282 2683 3362 postulet.Recte
2707 3279 2866 3339 enim
2896 3277 3143 3352 dixeris,
3177 3302 3203 3331 α
3239 3278 3508 3356 indigere
3530 3296 3747 3341 concu-

2099 3372 2220 3433 bitu
2252 3390 2264 3430 :
2292 3370 2602 3451 indulgere
2622 3368 2973 3437 concubitu,
3008 3394 3028 3425 ι)
3062 3386 3179 3427 non
3204 3367 3514 3441 item,cum
3541 3368 3745 3430 dicere

2096 3464 2347 3537 soleant,
2389 3484 2415 3521 ι
2453 3459 2799 3523 concubitui
2825 3458 3161 3537 indulgere.
3203 3481 3226 3515 υ

2176 3554 2278 3614 28.
2310 3553 2478 3613 Clara
2499 3560 2635 3613 sunt
2660 3550 2835 3610 verba
2866 3548 3066 3610 Basilii
3100 3556 3158 3608 et
3180 3566 3348 3627 sana,
3376 3567 3507 3628 quae
3537 3548 3746 3626 legun-

2097 3653 2191 3705 tur
2222 3644 2281 3703 in
2301 3643 2568 3704 oratione
2614 3646 2739 3703 Sin
2765 3641 3085 3709 Heredem,
3117 3657 3285 3698 num.
3314 3638 3349 3697 8
3385 3657 3400 3697 :
3429 3637 3627 3696 ’ῡποτα
3659 3641 3745 3695 καὶ

2096 3736 2334 3812 περὶτοῦ
2384 3732 2547 3791 ἰνδοῦ
2604 3731 2884 3796 σκώληκος
2947 3732 3236 3806 ἱστορεῖται
3270 3736 3361 3783 τοῦ
3390 3730 3739 3806 κερασφόρου,

2097 3825 2155 3889 é;
2220 3826 2290 3884 εἷς
2348 3821 2569 3895 κάμπην
2613 3822 2678 3875 τὰ
2720 3818 2901 3897 πρῶτα
2948 3816 3284 3895 μεταϐαλών,
3341 3824 3457 3877 etc.
3518 3842 3543 3871 α
3580 3816 3741 3889 Qua-

2098 3914 2177 3973 lia
2224 3914 2398 3975 etiam
2454 3912 2530 3971 de
2586 3908 2788 3970 Indico
2847 3924 3049 3967 verme
3124 3908 3434 3985 cornigero
3489 3925 3742 3968 narran-

371 4010 553 4079 possit
584 4005 756 4065 etiam
792 4014 848 4066 in
883 4008 1217 4070 vulturibus
1269 4007 1664 4089 deprehendi.
1710 4009 2017 4085 Negantur
2102 4013 2217 4080 tur,
2275 4005 2371 4081 qui
2408 4000 2668 4089 primum
2709 3999 2767 4089 in
2800 4014 3040 4089 erucam
3090 4002 3537 4089 transmutatus,
3571 4022 3593 4051 ι»
3626 4006 3739 4058 etc.

375 4092 532 4152 enim
559 4094 828 4155 vultures
874 4097 1185 4174 indulgere
1216 4086 1559 4170 concubitu,
1620 4106 1680 4158 et
1720 4093 2017 4173 conjugali
2101 4092 2220 4154 Sed
2254 4092 2348 4153 hic
2381 4091 2547 4151 locus
2597 4088 2847 4148 mirifice
2911 4094 2967 4146 et
2995 4086 3053 4146 in
3089 4087 3397 4148 Eustathio
3424 4096 3741 4168 corruptus

367 4181 623 4258 quodam
679 4202 785 4243 usu
843 4186 1244 4265 nuptialisque
1294 4187 1524 4267 copulae
1554 4195 1715 4247 sorte
1750 4183 2012 4254 misceri,
2102 4188 2419 4254 invenitur,
2447 4190 2505 4242 et
2547 4180 2606 4241 in
2639 4177 2956 4240 Ambrosio
2986 4178 3096 4258 (b).
3144 4176 3311 4239 Illius
3342 4177 3520 4238 verba
3546 4188 3685 4240 sunt
3720 4197 3733 4238 :

367 4280 543 4348 atque
573 4269 655 4330 ita
684 4273 811 4332 sine
837 4275 956 4337 ullo
979 4278 1376 4338 masculorum
1406 4278 1724 4356 concipere
1756 4273 2008 4347 semine,
2107 4297 2129 4330 «
2159 4271 2312 4346 Quid
2337 4272 2558 4351 dicitis,
2584 4269 2684 4350 qui
2714 4268 2892 4327 Paulo
2915 4268 3179 4347 apostolo
3204 4268 3278 4327 de
3298 4269 3742 4331 resurrectione

372 4367 429 4418 et
458 4356 588 4419 sine
616 4363 1041 4441 conjunctione
1087 4374 1698 4446 generare,uatosque
1731 4384 1798 4426 ex
1832 4365 1925 4426 his
1955 4366 2014 4426 in
2101 4384 2216 4425 non
2254 4363 2662 4436 creditis,cum
2687 4359 2936 4419 videatis
2962 4366 3120 4418 certa
3146 4358 3220 4418 de
3243 4361 3439 4421 aereis
3461 4358 3738 4420 animan-

374 4449 616 4510 multain
640 4462 873 4514 aetatem
899 4456 1267 4536 Iongzevitate
1293 4456 1716 4537 procederemt
1734 4474 1921 4535 usque
1938 4456 2010 4515 ad
2036 4516 2078 4537 ἢ
2100 4456 2257 4516 tibus
2283 4454 2531 4529 ﬁguram
2550 4448 2847 4531 prepriam
2865 4455 3419 4537 commutare,sicut
3438 4448 3742 4510 lndiacum

372 4548 609 4601 centum
639 4562 827 4605 annos
853 4548 980 4609 vitae
1009 4566 1218 4609 eorum
1260 4549 1449 4609 series
1486 4545 1866 4625 producatur,
1904 4563 2014 4607 nec

370 4628 542 4691 facile
566 4652 666 4694 eos
693 4638 925 4715 angusti
959 4638 1066 4700 ειηνί
1092 4638 1226 4698 ﬁnis
1259 4635 1692 4718 excipiat.Quid
1721 4636 1889 4696 aiunt
1912 4633 2011 4713 qui

369 4722 562 4783 solent
599 4736 799 4787 nostra
830 4728 1083 4791 irridere
1109 4726 1548 4808 mysteria,cum
1581 4726 1831 4787 audiunt
1852 4724 2009 4801 quod

372 4809 531 4887 Virgo
554 4818 948 4890 generavit,et
965 4818 1396 4896 impossibilem
1424 4814 1887 4897 innuptm,cujus
1910 4833 2013 4893 pu—

369 4901 571 4964 dorem
601 4908 760 4969 nulla
777 4908 883 4969 viri
901 4909 1268 4970 consuetudo
1290 4904 2010 4986 temerasset,existimant

371 5002 600 5067 Partum
627 4998 1053 5078 ?lmpossibile
1074 5006 1311 5079 putatur
1333 5000 1393 5059 in
1420 4998 1524 5059 Dei
1544 4992 1917 5076 matre,quod
1949 4992 2009 5051 in

371 5079 708 5147 vulturibus
730 5088 1013 5165 possibile
1032 5107 1149 5151 non
1174 5095 1452 5165 negatur?
1471 5086 1609 5150 Avis
1632 5086 1761 5147 sine
1780 5104 2010 5146 mascu-

371 5171 425 5230 lo
460 5175 701 5251 parit.et
730 5177 930 5237 nullus
963 5179 1183 5240 refellit
1219 5198 1231 5237 :
1261 5187 1318 5239 et
1341 5179 1477 5258 quia
1501 5178 1856 5257 desponsata
1885 5178 2011 5238 viro

369 5258 724 5340 Mariavirgo
742 5268 1205 5346 peperit,pudori
1223 5270 1350 5347 ejus
1365 5267 1581 5328 faciunt
1599 5267 2011 5346 quaestionem.

367 5350 580 5413 Nonne
606 5355 969 5417 advertimus
1002 5358 1158 5433 quod
1195 5357 1482 5420 Dominus
1517 5376 1583 5417 ex
1637 5357 1765 5436 ipsa
1810 5363 2019 5416 natura

375 5441 632 5522 plurima
661 5446 931 5524 exempla
962 5455 1103 5507 ante
1140 5446 1450 5524 praemisit,
1486 5445 1704 5523 quibus
1729 5453 2018 5524 susceptae

453 5605 535 5686 (α)
573 5605 715 5669 Bas.
750 5624 869 5669 rec.
905 5624 966 5689 p.
1000 5604 1099 5669 18.

2099 4542 2493 4621 vermem,qui
2524 4550 2615 4601 est
2645 4536 3142 4616 corniger,primo
3166 4537 3224 4596 in
3252 4554 3484 4596 verucaa
3507 4555 3569 4597 se
3601 4555 3742 4614 spe-

2097 4635 2248 4695 ciem
2281 4630 2870 4703 transformantem,»
2907 4634 3020 4685 etc.
3047 4643 3062 4699 ;
3089 4625 3267 4704 hujus
3302 4642 3316 4687 :
3358 4650 3379 4680 ‹
3414 4627 3623 4686 Fertur
3646 4626 3741 4695 hic

2096 4724 2372 4799 corniger
2392 4722 2609 4781 vermis
2632 4714 2919 4797 (Indicus)
2946 4716 3214 4775 converti
3237 4714 3493 4794 primum
3523 4718 3579 4775 in
3598 4734 3738 4797 spe-

2098 4814 2250 4876 ciem
2285 4811 2680 4888 caulis,atque
2703 4806 2761 4865 in
2798 4822 2927 4866 eam
2955 4805 3163 4866 mutari
3204 4814 3541 4867 naturamJ
3568 4810 3740 4869 Men-

2103 4904 2241 4964 dum
2262 4900 2417 4983 quod
2437 4900 2496 4959 in
2519 4894 3309 4973 interpretationeEustathii
3326 4896 3746 4977 legitur,grave

2104 4993 2344 5072 quidem
2371 4997 2481 5050 est:
2505 4987 2611 5049 sed
2641 4986 2785 5048 illud
2805 4984 2957 5065 quod
2994 4985 3053 5045 in
3076 4986 3395 5048 Ambrosio
3418 4985 3738 5067 invenitur,

2104 5092 2267 5149 certe
2299 5080 2485 5141 multo
2506 5076 2742 5156 gravius
2768 5074 3553 5148 videbitur.Quilibetenim,
3578 5076 3630 5136 si
3659 5075 3735 5136 sit

2105 5176 2162 5235 in
2198 5168 2536 5251 hujusmodi
2556 5166 2735 5227 rebus
2758 5165 2931 5244 paulo
2954 5165 3535 5235 exercitatiorJ'acile
3564 5173 3735 5243 pote-

2098 5271 2174 5325 rit
2208 5259 2507 5322 Eustathio
2542 5256 2793 5334 mederi,
2821 5254 3141 5317 Ambrosio
3188 5253 3456 5315 fortassis
3486 5272 3601 5313 non
3632 5254 3743 5315 nisi

2100 5353 2475 5415 difficillime.
2509 5346 2575 5408 Et
2602 5364 2741 5406 vero
2772 5344 3005 5405 caecutit
3034 5342 3137 5422 qui
3192 5362 3306 5403 non
3334 5342 3490 5403 videt
3524 5344 3740 5404 Eusta-

2101 5444 2367 5505 thianmn
2402 5445 2676 5499 .erratum
2708 5433 3016 5495 Eustathic
3054 5432 3169 5513 ipsi
3203 5433 3586 5494 tribuendum
3623 5452 3742 5495 non

2186 5604 2261 5685 (ὁ)
2294 5598 2578 5665 Ambros.
2611 5598 2679 5659 in
2724 5593 2903 5677 Hoc,
2937 5592 3043 5658 lib.
3082 5609 3139 5660 v.
3174 5612 3304 5678 cap.
3340 5593 3441 5659 23.

4162 5236 4174 5461 l
