4174 6450
1380 333 1453 396 D.
1500 330 1661 395 JUL.
1708 326 2088 396 GARNERII
2130 334 2554 403 PB/EFATIO.

3564 352 3701 401 CXCI

310 466 584 542 esse,sed
606 466 995 546 librariis,qui
1026 464 1183 527 aliud
1203 466 1531 546 cogitantes
1559 490 1586 521 α
1611 483 1893 527 verucam
1918 489 1945 520 »
1972 470 2010 521 Α
2033 467 2327 549 scriptura
2349 472 2684 534 habendam
2713 489 2869 552 esse,
2902 488 3040 533 cum
3073 469 3348 532 alterutri
3366 475 3575 549 aperte
3606 469 3702 531 fa-

311 576 419 639 pro
446 583 470 613 ι
502 576 718 619 eruca»
744 554 1287 636 scripsere.Fateor
1308 556 1588 635 equidem
1609 555 1730 635 pari
1755 555 1950 617 facili-

311 661 430 717 tate
451 672 482 715 e
505 671 572 715 re
598 651 1005 731 expediturum
1031 651 1298 731 sese,qui
1326 650 1639 711 lectionem
1668 649 1954 711 editionis

308 740 592 805 Romana
610 740 1184 803 admiserit.Etenim
1209 759 1343 801 cum
1364 740 1423 800 in
1453 740 1561 799 hac
1583 738 1846 799 editione
1871 740 1956 800 le-

310 843 540 911 gatum
567 831 626 891 in
649 831 906 910 speciem
928 848 1147 909 erucae,
1178 831 1337 909 iijam
1366 829 1515 891 nihil
1539 830 1653 891 erit
1671 827 1949 907 amplius,

311 922 463 1002 quod
491 921 677 1001 possit
697 920 1019 1000 quidquam
1047 919 1347 981 facessere
1364 918 1755 996 negotii,cum
1783 918 1954 979 lectio

308 1012 508 1072 istbac
535 1019 594 1071 et
622 1009 708 1070 rei
740 1010 970 1088 optime
1004 1008 1340 1079 conveniat,
1369 1018 1427 1070 et
1460 1008 1604 1069 illud
1632 1008 1862 1081 Basilii,
1884 1011 1954 1073 εἰς

306 1102 543 1177 napum.
578 1098 873 1178 exprimat
901 1107 1201 1160 accurate.
1224 1097 1342 1161 Sed
1376 1106 1658 1159 constans
1690 1098 1791 1158 ille
1817 1097 1958 1159 alia-

309 1207 437 1250 rum
474 1188 800 1249 editionum
837 1195 896 1248 et
924 1188 1193 1248 omnium
1222 1187 1498 1250 codicum
1532 1205 1709 1248 manu
1742 1205 1955 1249 exara-

310 1287 496 1339 torum
522 1279 583 1341 in
618 1277 1132 1356 vulgatalectione
1168 1278 1387 1339 tuenda
1419 1295 1753 1338 consensus
1782 1296 1958 1338 acce-

305 1368 448 1428 dere
480 1387 577 1429 me
611 1368 753 1429 huic
784 1367 1055 1447 opinioni
1083 1386 1203 1427 non
1237 1367 1398 1427 sinit.
1425 1365 1774 1442 Quanquam
1799 1366 1956 1427 enim

306 1458 417 1519 hoc
450 1476 773 1520 commune
794 1457 1003 1519 vitium
1032 1465 1121 1519 est
1150 1456 1436 1531 librariis,
1466 1474 1669 1517 vocem
1692 1474 1801 1537 pro
1819 1457 1955 1536 alia,

303 1565 435 1608 cum
469 1565 646 1608 voces
671 1547 826 1606 inter
852 1566 915 1608 se
945 1546 1172 1607 similes
1203 1555 1361 1620 sunt,
1397 1564 1701 1625 apponere
1731 1568 1743 1609 :
1779 1546 1835 1606 id
1872 1555 1956 1607 ta-

306 1656 463 1717 men,
492 1637 541 1696 si
574 1636 878 1697 sintvalde
902 1636 1228 1698 dissimiles
1260 1655 1457 1709 voces,
1482 1635 1682 1697 facere
1712 1655 1831 1697 non
1854 1655 1955 1698 so-

302 1728 448 1787 lent.
483 1723 598 1787 Vix
649 1745 907 1805 unquam
942 1727 1121 1806 igitur
1166 1723 1311 1787 mihi
1346 1726 1710 1804 persuadere
1744 1735 1957 1804 potero

2036 567 2211 618 veant
2232 559 2520 624 lectiones
2536 562 2689 643 alia,
2723 586 2748 617 α
2772 571 2905 641 post
2924 561 3117 638 pridie
3138 584 3163 619 ι)
3196 569 3253 621 et
3283 583 3309 615 α
3338 558 3645 640 postridui.
3664 582 3689 617 υ

2036 646 2209 709 Nunc
2232 668 2377 729 ergo
2401 652 2750 722 videndum,
2777 660 2909 712 utra
2926 650 3221 729 scriptura
3253 650 3324 710 sit
3347 659 3405 710 et
3428 648 3622 708 verior
3638 657 3698 709 et

2038 739 2705 803 convenientior.Certe
2722 742 2771 802 si
2796 760 2908 821 qua
2926 747 3225 802 exstarent
3247 737 3695 818 exempla,qui-

2039 823 2362 890 busevinci
2387 840 2587 909 posset
2610 850 2811 892 vocem
2847 854 2869 886 (ι
2902 830 3212 910 postridie,
3249 854 3276 884 n
3306 827 3697 908 quemadmo‘

2040 913 2181 976 dum
2218 943 2243 972 «
2274 937 2469 995 inane,
2500 944 2526 976 ››
2554 921 2872 1000 aliquando
2895 919 3154 980 nominis
3174 919 3372 979 locum
3394 916 3693 987 obtinere,

2041 1021 2111 1064 ea
2144 1006 2287 1068 mihi
2320 1008 2498 1069 lectio
2522 1014 2667 1070 satis
2694 1010 3198 1090 probaretur,tum
3229 1006 3384 1087 quod
3410 1003 3695 1083 impressi

2041 1114 2251 1156 omnes
2284 1097 2417 1159 libri
2450 1107 2511 1160 et
2542 1099 2782 1161 codices
2812 1100 3037 1179 aliquot
3071 1116 3212 1160 mss.
3249 1096 3409 1157 illam
3444 1094 3690 1155 totidem

2041 1184 2278 1264 syllabis
2308 1195 2607 1263 tueantur,
2642 1198 2760 1249 tum
2808 1188 2963 1268 quod
3018 1187 3316 1266 scriptura
3344 1187 3463 1258 illa,
3505 1209 3530 1238 α
3564 1191 3695 1262 post

2042 1272 2257 1353 pridie,
2293 1300 2314 1329 ιι
2345 1276 2487 1337 licet
2516 1277 2663 1339 falsa
2688 1278 3117 1356 mendosaque,
3146 1278 3415 1339 eamdem
3450 1293 3567 1335 non
3598 1290 3694 1351 pa-

2044 1379 2175 1422 rum
2212 1365 2548 1427 conﬁrmet.
2572 1367 2689 1429 Sed
2716 1386 2874 1439 cum,
2898 1368 3012 1428 nisi
3035 1366 3200 1427 valde
3224 1362 3699 1442 fallor,exempla

2044 1451 3218 1537 ejusmodifrustraquarerentur,placet
3244 1456 3424 1533 magis
3446 1454 3695 1533 scriptu-

2043 1560 2108 1602 ra
2131 1541 2309 1616 alia,«
2334 1546 2702 1624 postriduum
2733 1569 2745 1609 :
2781 1573 2800 1603 ι
2830 1567 2963 1627 qua
2989 1558 3377 1627 praeterquam
3402 1544 3557 1624 quod
3588 1542 3703 1604 ﬁde

2043 1641 2303 1710 quatuor
2326 1635 2598 1695 codicum
2622 1637 2991 1717 nititur,ipsa
3014 1655 3255 1716 quoque
3277 1634 3549 1695 nonnihil
3578 1651 3697 1692 mo-

2044 1722 2226 1781 menti
2258 1731 2434 1805 atque
2461 1724 2695 1786 roboris
2726 1745 2797 1788 ex
2818 1727 3107 1787 mendoso
3136 1726 3260 1801 illo,
3286 1748 3307 1780 ι
3342 1722 3631 1802 postridui
3660 1745 3686 1775 ι)

306 1814 618 1895 scripsisse
649 1817 1057 1890 Ambrosium,
1096 1840 1117 1874 (ι
1146 1817 1205 1878 in
1231 1817 1493 1896 speciem
1527 1834 1743 1892 eruca,
1776 1841 1798 1875 ι
1823 1836 1956 1878 cum
1983 1838 2020 1886 Β
2043 1812 2318 1890 acquirit.
2354 1814 2567 1876 Latine
2597 1826 2793 1876 autem
2827 1816 2947 1876 dici
2985 1841 3009 1871 σ
3046 1815 3440 1895 postriduum,
3486 1837 3503 1865 ο
3540 1818 3699 1890 patet

307 1905 355 1965 si
387 1905 470 1966 ita
500 1913 678 1985 esset,
706 1924 1007 1987 nunquam
1035 1905 1302 1968 librariis
1322 1907 1585 1967 venisset
1606 1906 1667 1967 in
1700 1916 1959 1968 mentem

308 2013 507 2055 vocem
547 2017 569 2050 α
606 1997 792 2057 caulis
829 2021 851 2050 ι)
890 1996 1289 2070 comminisci,
1318 1996 1392 2057 ob
1430 2015 1700 2076 magnam
1732 1997 1965 2059 scilicet

310 2084 517 2146 harum
552 2103 791 2167 vocum,
819 2110 845 2142 α
873 2105 1071 2150 eruca
1101 2113 1125 2143 υ
1156 2095 1213 2149 et
1240 2111 1262 2142 α
1293 2086 1501 2159 caulis,
1532 2111 1557 2142 »
1588 2093 1745 2147 inter
1764 2106 1828 2148 se
1852 2088 1944 2148 dis

315 2174 797 2240 similitudinem.
834 2175 917 2238 Ex
956 2197 1074 2257 quo
1134 2176 1278 2238 satis
1321 2173 1677 2255 intelligitur
1705 2176 1964 2239 editores

314 2263 618 2327 Romanos
651 2266 1128 2346 bujuslectionis
1157 2274 1433 2327 auctores
1462 2282 1595 2328 esse
1627 2267 1964 2329 etarchite-

311 2366 441 2416 ctos
468 2373 484 2432 ;
509 2355 611 2436 qui
641 2374 775 2417 cum
802 2359 1076 2419 viderent
1108 2356 1403 2435 vulgatam
1437 2355 1959 2437 lectionem,«cau-

310 2445 405 2513 lis,
451 2470 471 2501 η
513 2446 754 2507 tolerari
787 2464 906 2507 non
941 2464 1134 2527 posse,
1163 2446 1321 2506 hunc
1337 2446 1640 2508 Ambrosii
1668 2446 1865 2508 locum
1890 2466 1961 2510 ex

309 2533 526 2597 Graecis
554 2535 756 2597 Basilii
806 2536 1126 2597 emendare
1179 2553 1296 2596 non
1349 2533 1720 2598 dubitarunt.
1754 2534 1962 2616 Neque

309 2642 445 2686 vero
488 2644 594 2687 nos
646 2624 833 2705 magis
892 2625 1131 2705 adjuvat
1187 2624 1535 2703 conjectura
1587 2624 1827 2704 Latinii,
1860 2627 1959 2706 qui

306 2714 622 2793 legendum
658 2716 1013 2796 suspicatur,
1043 2737 1071 2776 ‹
1099 2714 1162 2776 in
1185 2714 1446 2795 speciem
1472 2732 1720 2794 campa.
1756 2740 1776 2770 ι
1810 2717 1958 2778 Nam

306 2823 480 2866 voces
512 2807 625 2879 ha,
668 2828 689 2863 α
727 2808 909 2868 caulis
946 2832 972 2862 n
1010 2815 1071 2869 et
1106 2834 1125 2859 -
1170 2823 1418 2885 campa,
1457 2829 1479 2862 ι)
1512 2806 1698 2881 magis
1724 2824 1961 2886 quoque

307 2894 462 2955 inter
494 2914 562 2957 se
593 2895 909 2971 dissident,
944 2915 1118 2977 quam
1160 2905 1225 2957 ut
1272 2912 1484 2955 omnes
1528 2895 1725 2955 omnis
1772 2896 1960 2957 atatis

309 2984 698 3067 omniumque
728 2987 1038 3065 regionum
1075 2985 1303 3048 librarii
1336 2986 1507 3065 quasi
1542 3003 1613 3046 ex
1646 2994 1957 3065 compacto

308 3092 413 3152 pro
450 3098 476 3128 α
512 3092 741 3154 campa
779 3100 798 3130 ι
849 3076 1202 3156 scripserint
1241 3098 1263 3131 α
1300 3075 1530 3150 caulis;
1568 3102 1591 3131 υ
1645 3074 1825 3155 idque
1887 3096 1956 3137 eo

310 3163 522 3241 magis,
556 3164 711 3243 quod
741 3181 850 3226 vox
901 3190 927 3221 α
965 3166 1149 3227 caulis
1176 3191 1200 3221 »
1239 3164 1669 3244 ineptissimam
1705 3174 1955 3228 senten-

310 3253 444 3312 tiam
466 3254 888 3316 efﬁceretJam
916 3274 1049 3317 cum
1074 3274 1269 3335 neque
1300 3272 1502 3316 vocem
1529 3278 1557 3311 α
1582 3273 1773 3315 eruca
1802 3281 1826 3309 ››
1854 3275 1955 3317 ne-

306 3359 425 3422 que
444 3361 645 3404 vocem
676 3366 702 3401 α
723 3363 945 3423 campa
974 3370 995 3402 υ
1022 3347 1209 3425 recipi
1236 3344 1448 3405 merito
1474 3362 1646 3426 posse
1673 3346 1957 3407 ostende—

307 3432 517 3513 rimus,
554 3434 645 3495 vel
666 3434 830 3495 inviti
856 3437 1148 3497 fateamur
1168 3453 1418 3497 necesse
1444 3442 1535 3495 est
1558 3452 1855 3495 summum
1877 3437 1953 3497 vi-

308 3539 438 3581 rum
462 3521 849 3585 Ambrosium
883 3524 1107 3605 aliquid
1132 3525 1229 3585 hic
1260 3524 1505 3585 humani
1536 3541 1770 3599 passum
1798 3541 1954 3605 esse,

306 3619 361 3671 et
382 3611 516 3671 ideo
541 3629 949 3693 peccasse,aut
977 3616 1132 3695 quod
1150 3633 1215 3676 re
1231 3614 1358 3694 ipsa
1373 3613 1432 3673 in
1448 3612 1645 3692 aliquo
1673 3612 1957 3675 mendoso

306 3699 513 3763 codice
537 3705 829 3782 repererit
862 3710 934 3760 εἰν
966 3704 1234 3783 κράμϐην.
1270 3729 1295 3758 ‹‹
1318 3704 1378 3763 in
1403 3702 1590 3763 caulis
1608 3702 1899 3783 speciem,
1929 3730 1953 3759 υ

304 3808 408 3869 pro
442 3794 513 3855 εἰς
559 3795 805 3867 κάμπην,
842 3817 868 3848 α
898 3794 956 3853 in
985 3812 1178 3854 eruca
1198 3793 1496 3871 speciem;
1531 3816 1551 3847 ο
1583 3801 1681 3851 aut
1704 3792 1883 3871 quod,
1908 3794 1955 3854 si

302 3881 488 3940 codex
538 3882 756 3943 mendo
816 3882 1080 3963 carebat,
1115 3881 1376 3943 nominis
1409 3880 1808 3942 similitudine
1842 3882 1952 3943 de—

301 3978 529 4049 ceptus,
568 3988 672 4051 pro
729 3974 950 4048 κάμπην
983 3972 1096 4033 sibi
1131 3972 1329 4047 legere
1362 3971 1520 4030 visus
1572 3969 1648 4029 sit
1679 3970 1955 4048 κράμϐης,

382 4060 480 4121 29.
517 4061 766 4134 Quando
799 4070 993 4124 autem
1015 4061 1201 4123 semel
1229 4059 1609 4123 Ambrosium
1646 4060 1701 4120 in
1747 4079 1959 4123 manus

301 4150 688 4230 sumpsimus,
724 4169 841 4212 non
878 4163 990 4213 tam
1025 4154 1141 4213 cito
1169 4153 1241 4213 ab
1298 4173 1368 4216 eo
1424 4151 1748 4213 avellamur
1849 4145 1956 4206 sed

2047 1919 2116 1961 ex
2144 1902 2329 1963 Plauti
2355 1904 2447 1963 nis
2481 1904 2598 1965 illis
2629 1905 2686 1965 in
2716 1905 2905 1966 Milite
2932 1923 2945 1966 :
2986 1928 3007 1961 (ι
3038 1904 3351 1967 Postriduo
3376 1909 3545 1961 natus
3569 1916 3699 1958 sum

2047 2008 2154 2067 ego
2185 1992 2609 2073 mulier,quam
2636 1995 2867 2073 Jupiter
2885 2013 2953 2056 ex
2973 1996 3099 2074 Ope
3120 2001 3293 2053 natus
3318 1999 3427 2051 est.
3454 2014 3481 2044 υ
3514 1987 3698 2049 Nemo

2049 2080 2211 2142 enim
2231 2081 2606 2164 ignorat,nisi
2628 2085 2703 2145 sit
2721 2103 2920 2146 rerum
2954 2083 3472 2164 grammaticarum
3495 2077 3695 2140 omni-

2049 2189 2122 2230 no
2156 2172 2346 2246 rudis,
2382 2174 2667 2236 vocabula
2719 2175 2843 2248 illa,
2885 2198 2907 2231 «ι
2944 2179 3179 2255 sponte,
3213 2173 3388 2243 forte.
3424 2176 3697 2250 repente,

2048 2262 2381 2340 postriduo,
2419 2284 2448 2322 )›
2497 2272 2555 2325 et
2595 2265 2711 2325 alia
2742 2266 2800 2326 id
2834 2283 3045 2347 genus,
3080 2282 3213 2344 qua
3249 2281 3354 2344 pro
3401 2257 3699 2347 adverbiis

2047 2351 2202 2410 sumi
2226 2351 2441 2427 solent,
2471 2354 2710 2433 proprie
2738 2362 2933 2416 tamen
2965 2354 3244 2417 adverbia
3270 2371 3384 2417 non
3406 2368 3561 2429 esse,
3591 2346 3697 2410 sed

2046 2441 2310 2521 nomina,
2345 2461 2601 2520 quorum
2620 2442 2745 2505 fere
2759 2454 2958 2506 sextus
2981 2463 3154 2506 casus
3171 2444 3334 2506 solus
3355 2446 3698 2521 usurpatur.

2044 2528 2249 2610 Itaque
2280 2531 2599 2610 legendum
2661 2552 2792 2594 esse
2843 2534 3102 2596 arbitror
3133 2537 3193 2594 in
3246 2553 3315 2593 eo
3367 2549 3545 2612 quem
3578 2527 3703 2593 dixi

2044 2620 2345 2683 Ambrosii
2376 2622 2530 2699 loco,
2570 2647 2597 2678 α
2637 2625 3031 2703 postriduum.
3070 2648 3095 2683 ι)
3131 2626 3256 2687 .Iam
3290 2621 3453 2703 quod
3484 2619 3699 2681 attinet

2044 2709 2116 2769 ad
2150 2711 2393 2771 alteram
2447 2714 2865 2792 quastiinem,
2903 2714 3047 2791 quid
3094 2713 3334 2774 tandem
3369 2710 3486 2771 sibi
3515 2708 3700 2770 velint

2043 2798 2145 2860 illa
2169 2800 2497 2863 Ambrosii:
2531 2824 2552 2857 ει
2584 2800 2761 2864 Certe
2784 2801 2942 2864 illius
2970 2802 3149 2865 tridui
3173 2811 3440 2863 nostrum
3459 2801 3571 2860 hoc
3598 2817 3698 2877 po-

2042 2888 2339 2951 striduum
2364 2890 2722 2954 laboriosius
2752 2900 2863 2966 est,
2888 2917 2915 2948 »
2940 2892 3128 2954 fateor
3159 2892 3219 2953 id
3244 2890 3393 2951 mihi
3423 2888 3587 2950 dictu
3611 2887 3698 2947 vi-

2041 2975 2170 3037 deri
2207 2978 2589 3053 perdifﬁcile.
2617 2979 2905 3060 Experiar
2928 2991 3147 3042 tamen.
3172 2979 3235 3041 ln
3263 2978 3471 3059 primis
3501 2984 3698 3037 autem

2042 3068 2200 3128 scire
2215 3069 2506 3149 juvathas
2528 3074 2595 3132 in
2618 3071 2915 3134 Hexaem.
2952 3071 3255 3133 orationes
3283 3069 3356 3130 ab
3377 3064 3697 3131 Ambrosio

2041 3156 2113 3217 ad
2151 3159 2433 3238 populum
2472 3160 2700 3222 ultimis
2731 3180 2834 3223 sex
2860 3162 3343 3240 Quadragesima
3364 3156 3577 3219 diebus
3598 3156 3699 3217 lia-

2047 3246 2196 3308 bitas
2221 3268 2376 3324 esse,
2404 3251 2515 3311 hoc
2544 3259 2652 3324 est,
2686 3251 2818 3329 ipsa
2850 3251 3226 3314 hebdomade
3251 3250 3477 3329 majore
3497 3266 3530 3308 a
3551 3245 3699 3307 feria

2044 3338 2310 3399 secunda
2336 3340 2407 3399 ad
2434 3340 2760 3403 Sabbatum
2783 3361 2992 3421 usque.
3020 3344 3142 3405 Nec
3166 3356 3525 3421 quemquam
3555 3344 3695 3413 puto

2043 3445 2112 3489 ea
2158 3428 2232 3489 de
2284 3447 2352 3489 re
2383 3429 2815 3504 dubitaturum,
2852 3430 2955 3507 qui
2988 3433 3333 3511 praeclaram
3371 3429 3532 3489 illam
3562 3445 3697 3505 qua

2045 3517 2213 3597 operi
2230 3518 2624 3580 Ambrosiano
2644 3521 2966 3600 praﬁgitur
2980 3521 3444 3581 admonitionem
3462 3517 3701 3596 legerit-

2045 3606 2106 3667 in
2140 3627 2255 3687 qua
2293 3619 2355 3669 ut
2400 3609 2514 3671 alia
2548 3611 2870 3690 permulta,
2904 3612 2983 3671 ita
3016 3612 3131 3673 hoc
3167 3628 3406 3690 quoque
3439 3608 3613 3669 docte
3644 3624 3703 3676 et

2043 3697 2207 3758 clare
2237 3706 2540 3760 tractatur.
2568 3697 2636 3758 Et
2658 3699 2881 3776 alioqui
2908 3701 2983 3761 de
3009 3700 3118 3761 hac
3138 3698 3426 3778 temporis
3452 3706 3587 3756 nota
3612 3713 3701 3756 sa-

2045 3787 2117 3847 tis
2143 3788 2420 3849 convenit
2440 3787 2600 3850 inter
2625 3787 3111 3850 eruditos.Vclini
3132 3789 3380 3868 insuper
3403 3785 3699 3848 memine-

2048 3878 2236 3938 rimus
2259 3877 2479 3939 dixisse
2504 3878 2774 3940 Plautum
2805 3901 2827 3936 α
2856 3879 3185 3958 postriduo,
3219 3904 3239 3937 ι)
3275 3897 3379 3957 pro
3411 3898 3436 3934 ί(
3464 3884 3701 3956 postero

2049 3966 2145 4027 die
2178 3985 2192 4041 ;
2228 3989 2253 4026 ι
2293 3967 2367 4028 ob
2399 3969 2578 4048 idque
2610 3968 2755 4029 nihil
2786 3968 3019 4040 obesse,
3056 3969 3200 4045 quin
3261 3967 3470 4030 eodem
3522 3982 3703 4025 sensu

2046 4072 2196 4117 Voce
2237 4083 2259 4113 «
2295 4060 2664 4136 postriduum
2698 4083 2717 4114 ι
2748 4075 2896 4119 usus
2912 4058 2988 4118 sit
3018 4058 3396 4120 Ambrosius.
3429 4056 3580 4118 Hinc
3598 4072 3704 4114 au-

2050 4153 2169 4205 tem
2203 4147 2490 4226 colligere
2519 4147 2657 4210 licet
2709 4149 2834 4209 hac
2891 4148 3188 4211 Ambrosii
3225 4147 3427 4221 verba,
3460 4171 3482 4201 (ί
3543 4152 3705 4205 certe

306 4258 701 4320 proponamus
727 4241 918 4302 locum
947 4244 1263 4322 quemdam
1292 4263 1325 4305 e
1350 4244 1500 4305 libro
1519 4237 1801 4321 quintoin
1832 4235 1955 4296 He—
2049 4234 2218 4294 illius
2254 4238 2435 4299 tridui
2464 4245 2729 4298 nostrum
2785 4238 2895 4298 hoe
2948 4251 3098 4315 post:
3120 4237 3322 4297 iduum
3355 4233 3711 4295 laboriosius

302 4327 1957 4409 xaem.,cap.95,difﬁcilemadmodum.etitaobscurum,
2049 4333 2163 4397 est,
2194 4348 2221 4385 a
2273 4326 2482 4389 reduci
2518 4344 2690 4407 posse
2717 4327 2787 4387 ad
2824 4328 2978 4387 lianc
3004 4325 3274 4398 formam,
3305 4352 3327 4381 α
3357 4332 3517 4386 certe
3545 4323 3708 4384 illius

305 4418 592 4499 utCEdipo
609 4420 807 4500 aliquo
823 4421 894 4482 ad
917 4435 1177 4484 mentem
1199 4422 1501 4483 Ambrosii
1524 4416 1956 4495 assequendam
2049 4414 2235 4476 tridui
2272 4426 2473 4477 noster
2504 4417 2603 4477 hic
2638 4426 2909 4496 posterus
2939 4416 3070 4477 dies
3130 4416 3486 4477 laboriosior
3531 4423 3644 4474 est.
3677 4436 3700 4467 η

307 4527 459 4589 opus
500 4527 633 4570 esse
663 4508 952 4574 videatur.
986 4512 1287 4573 Ambrosii
1347 4513 1534 4589 igitur
1597 4510 1726 4572 hac
1777 4516 1918 4567 sunt
1943 4531 1955 4572 :
1981 4536 2028 4587 ι)
2056 4502 2183 4565 Hoc
2210 4506 2385 4584 igitur
2407 4506 2565 4568 dicet
2588 4507 2796 4568 doctor
2817 4506 3130 4585 egregius:
3164 4509 3291 4568 Jam
3325 4504 3706 4586 pervenimus

312 4623 337 4653 α
365 4598 543 4661 Certe
565 4597 724 4661 illius
750 4600 932 4662 tridui
959 4610 1226 4662 nostrum
1259 4605 1367 4664 hoc
1397 4601 1684 4682 postridie
1709 4597 1961 4665 laborio-
2048 4595 2122 4655 ad
2153 4596 3293 4676 tresultimosQuadragesimadies,qui
3319 4592 3568 4676 reliquis
3584 4595 3703 4655 hu-

306 4687 431 4750 sius
465 4699 572 4751 est.
612 4711 641 4748 υ
676 4692 803 4753 lam
837 4691 952 4752 duo
986 4691 1168 4773 quari
1202 4702 1476 4772 possunt,
1514 4693 1813 4772 quomodo
1843 4689 1960 4768 legi
2040 4682 2145 4762 jus
2169 4685 2559 4766 sacrijejunii
2583 4685 2796 4747 diebus
2826 4686 3589 4747 laboriosioresmultosunt
3611 4692 3703 4743 at-

307 4787 671 4857 oporteat,et
690 4780 823 4861 quis
844 4782 1053 4841 horum
1078 4780 1393 4843 verborum
1412 4800 1630 4844 sensus
1652 4782 1748 4845 sit.
1785 4780 1961 4854 Quae-
2055 4796 2174 4857 que
2193 4777 2801 4842 difﬁciliores.Tridui
2819 4779 2981 4840 illius
3000 4778 3155 4839 diem
3172 4779 3424 4858 primum
3439 4776 3705 4837 celebra-

306 4867 421 4928 stio
456 4868 646 4949 prima
668 4871 888 4949 pendet
919 4871 1167 4931 multum
1193 4891 1260 4933 ex
1286 4871 1656 4934 variantibus
1684 4872 1965 4935 lectioni»
2057 4866 3195 4931 bamusheri.Celebramushodiediem
3211 4866 3702 4938 secundamit‘l‘as

308 4957 437 5036 bus,
466 4977 611 5039 quas
645 4960 895 5039 proinde
923 4961 1147 5021 referre
1171 4978 1367 5040 opera
1388 4962 1651 5041 pretium
1681 4960 1967 5025 est.Difli-

305 5048 493 5108 cultas
523 5048 635 5110 sita
661 5059 749 5111 est
767 5059 886 5111 tota
909 5049 969 5110 iu
999 5068 1139 5111 voce
1178 5074 1200 5107 α
1233 5051 1546 5130 postridie,
1578 5078 1599 5106 υ
1636 5071 1772 5128 qua
1793 5052 1985 5123 aliter,

305 5135 362 5196 in
382 5136 514 5199 aliis
536 5138 848 5201 codicibus
871 5138 1342 5219 legitur.Vocem
1375 5165 1397 5198 (ι
1428 5141 1727 5220 postridie
1748 5168 1771 5197 υ
1796 5141 1966 5202 exhi-

306 5228 447 5287 bent
478 5246 689 5291 omnes
735 5228 873 5290 liliri
905 5230 1048 5291 editi
1095 5249 1229 5290 cum
1264 5230 1494 5310 aliquot
1525 5231 1858 5293 codicibus.
1895 5229 1966 5291 At

307 5312 922 5397 Carn.,Corb.,Th.ac
948 5320 1331 5398 Reg.babent
1355 5346 1375 5375 α
1404 5328 1533 5400 post
1554 5320 1808 5401 pridie.»
1838 5322 1959 5397 Big.

307 5412 365 5465 et
387 5406 560 5471 Gem.
599 5432 625 5463 α
657 5409 1011 5488 postridui,»
1039 5410 1449 5491 Germ.,Colb.
1479 5429 1610 5471 cum
1638 5408 1796 5472 Vict.
1820 5409 1968 5471 duo-

306 5493 418 5556 bus
455 5515 486 5555 ‹
520 5496 930 5576 postriduum.
963 5519 989 5555 ι
1022 5500 1107 5562 Ex
1142 5499 1362 5580 quibus
1421 5499 1574 5562 efﬁci
1606 5499 1869 5579 videtur,
1916 5497 1967 5559 si

303 5590 576 5644 veterum
610 5584 901 5648 librorum
937 5586 1228 5652 habeatur
1277 5588 1454 5661 ratio,
1482 5606 1689 5651 vocum
1725 5590 1962 5659 harum,

311 5692 342 5733 (
376 5672 669 5752 postridie
710 5699 730 5731 ι
767 5684 825 5736 et
860 5678 1298 5760 «postriduum,
1329 5702 1359 5736 ι
1389 5678 1635 5740 alteram
1687 5696 1792 5759 pro
1829 5692 1967 5739 vera

2057 4957 2418 5019 celebraturi
2454 4957 2712 5036 tertiam,
2744 4958 2853 5018 hoc
2877 4969 2992 5033 est,
3020 4957 3178 5018 diem
3210 4956 3454 5017 Sabbati
3488 4954 3695 5016 sanctl.

2062 5048 2281 5108 Totum
2308 5047 2451 5109 illud
2477 5048 2736 5109 triduum
2762 5047 3057 5109 laboriose
3083 5046 3321 5126 quidem
3354 5044 3699 5107 traducitur:

2054 5136 2158 5197 sed
2191 5144 2391 5198 tamen
2428 5137 2586 5198 illius
2611 5148 2883 5218 posteros
2909 5136 3036 5198 dies
3070 5134 3255 5197 labori
3292 5134 3501 5213 majori
3522 5132 3705 5195 obno-

2053 5225 2187 5286 xius
2219 5236 2328 5287 est.
2366 5227 2442 5289 Et
2475 5245 2612 5287 vero
2646 5227 2884 5289 tametsi
2927 5237 3153 5287 constat
3190 5224 3511 5287 Sabbatum
3566 5243 3710 5285 san-

2053 5324 2209 5375 ctum
2247 5315 2472 5396 ubique
2520 5324 2817 5377 terrarum
2865 5314 3020 5395 apud
3068 5314 3435 5377 Christianos
3464 5332 3596 5376 cum
3633 5312 3709 5374 ob

2050 5413 2270 5467 catera
2289 5407 2473 5483 hujus
2494 5406 2614 5466 diei
2639 5405 2988 5478 ofﬁcia,tum
3018 5406 3274 5467 maxime
3293 5404 3367 5465 ob
3392 5403 3710 5485 baptisma-

2054 5496 2125 5556 tis
2157 5495 2549 5557 caremonias
2582 5494 2942 5556 laboriosum
2971 5496 3156 5557 fuisse
3185 5515 3200 5556 :
3240 5494 3471 5556 videtur
3506 5503 3706 5555 tamen

2051 5584 2255 5647 nescio
2277 5585 2584 5662 quomodo
2610 5585 2792 5647 fuisse
2815 5584 3176 5649 laboriosius
3209 5581 3550 5649 Mediolani.
3578 5583 3703 5643 Re-

2051 5678 2162 5740 fert
2195 5678 2355 5739 enim
2388 5677 2692 5754 Paulinus,
2731 5678 2892 5758 quod
2935 5696 3185 5758 magnus
3218 5677 3323 5739 ille
3352 5672 3705 5743 Ambrosius
