4174 6394
1388 416 1458 484 1).
1506 418 1662 483 JUL.
1709 414 2089 481 GARNERII
2134 413 2557 480 PR/EFATIO.
2652 382 2655 385 “

3424 432 3635 489 eam

245 575 510 643 cumque
537 557 611 622 ab
644 559 770 640 ipsa
803 574 984 619 carne
1013 555 1546 636 transmigraverit,
1581 564 1719 618 tunc
1745 573 1892 636 pro-

1993 554 2144 619 ιῦτὴν
2201 554 2691 632 φιλοπονήσαντας,
2760 551 3025 631 ἔγκαρπον
3075 552 3365 614 ἀποδοῦναι
3412 565 3489 633 τῷ
3535 558 3628 617 δε-

251 651 396 731 priis
424 650 486 712 in
516 647 760 711 sedibus
795 644 1127 728 quiescere.
1170 650 1251 708 Ac
1295 645 1534 708 beatum
1558 645 1705 707 dicit
1736 663 1898 724 eum,

251 742 518 822 quicum
576 738 731 818 apud
784 737 1151 815 alienigenas
1214 735 1582 807 habitaverit,
1647 733 1901 796 terrenis

252 829 421 904 quasi
455 828 706 909 propriis
779 826 895 887 sibi
951 825 1132 887 rebus
1188 844 1305 886 non
1363 824 1639 887 addictus
1698 822 1895 886 fuerit.

251 917 723 980 Tabernaculum
783 927 978 977 autem
1031 915 1135 978 Dei
1194 924 1283 977 est
1339 933 1500 988 caro,
1567 914 1783 975 animae
1825 912 1897 973 ab

252 1009 378 1088 ipso
422 1007 495 1069 ad
566 1005 952 1067 habitandum
1008 1023 1315 1067 concessa.
1376 1005 1520 1077 Quis
1577 1006 1773 1084 itaque
1830 1022 1899 1063 ea

253 1107 316 1159 ut
357 1096 551 1158 aliena
601 1114 767 1167 usus,
794 1094 1134 1173 frugiferam
1168 1096 1443 1156 eamdem
1498 1092 1760 1171 largitori
1810 1112 1895 1154 re-

253 1189 473 1256 stituet,
510 1194 574 1245 ut
634 1185 731 1247 ﬁat
780 1184 1230 1247 tabernaculum
1294 1182 1420 1258 Dei,
1456 1183 1556 1265 qui
1587 1184 1649 1244 in
1676 1181 1898 1245 sanctis

255 1275 515 1339 habitat?
544 1273 776 1338 Deinde
820 1291 957 1334 vero
990 1273 1061 1333 ad
1119 1274 1534 1353 praestantiora
1588 1271 1898 1354 procedit:

252 1368 375 1427 Aut
405 1368 541 1445 quis
570 1365 900 1445 requiescet
929 1366 993 1425 in
1033 1373 1233 1425 monte
1260 1372 1477 1427 sancto
1509 1372 1611 1426 tuo
1630 1365 1686 1412 ⁸7
1715 1362 1747 1422 ?
1776 1360 1903 1422 Non

252 1454 311 1515 in
344 1454 623 1518 terrestri
671 1452 833 1522 Sion,
873 1460 936 1513 ut
978 1452 1165 1515 Judaei
1190 1452 1573 1532 arbitrantur,
1616 1452 1719 1513 sed
1746 1451 1806 1513 in
1837 1469 1906 1511 ea

253 1544 328 1606 de
362 1564 476 1625 qua
496 1544 717 1607 Paulus
746 1541 829 1604 ait
864 1563 877 1605 :
915 1544 1229 1605 Accessitis
1259 1543 1336 1604 ad
1357 1551 1620 1605 montem
1657 1541 1771 1604 Dei
1820 1543 1906 1603 vi-

254 1637 473 1707 ventis,
505 1631 847 1694 Jerusalem
879 1630 1168 1694 mlestum
1200 1633 1278 1694 43.
1314 1631 1597 1713 Quisquis
1618 1631 1797 1711 igitur
1813 1648 1907 1690 ea-

257 1722 395 1785 dem
428 1739 609 1784 carne
638 1720 804 1803 quasi
829 1721 890 1781 in
921 1730 1270 1782 transcursu
1301 1723 1608 1801 usus,ejus
1638 1718 1905 1783 membra

262 1830 445 1893 super
466 1820 681 1873 terram
717 1810 1180 1890 mortiﬁcaverit,
1220 1820 1529 1891 postquam
1561 1810 1900 1873 sanctiﬁca-

1982 640 2198 702 δωκότι.
2267 641 2392 702 Ἐὰν
2444 641 2498 697 δὲ
2528 646 2565 719 ᾗ
2608 644 2739 697 Θεοῦ
2769 642 2885 707 ἀξία
2911 644 2946 710 ἡ
2979 642 3124 721 σὰρξ,
3178 646 3379 722 γίνεται
3410 655 3485 721 τῷ
3515 647 3627 708 ἕντι

1983 735 2115 788 Θεοῦ
2171 732 2456 806 σκήνωμα,
2510 733 2646 787 κατὰ
2707 734 2806 798 τὴν
2863 732 3127 799 ἐνοίκησιν
3186 738 3345 795 αὗτοῦ
3372 739 3445 801 εἰς
3506 744 3628 803 τοὺς

1983 821 2417 898 ἀγίους,..,ε’ίτα
2475 822 2721 900 προκοπὴ
2781 822 2869 877 καὶ
2912 819 3132 899 πρόοδος
3161 826 3222 892 ,ἡ
3284 825 3369 883 ἐπὶ
3426 830 3486 884 τὸ
3537 853 3630 887 τε-

1983 909 2270 989 λειότερον.
2364 912 2460 968 Καὶ
2539 912 2615 974 τίς
2704 912 3113 977 κατασκηνώσει
3199 916 3255 969 'sv
3324 913 3435 994 ὄρει
3496 919 3632 997 ἆγὶῳ

1981 1023 2074 1058 σου
2122 1022 2137 1068 ς
2186 999 2444 1061 Ἰουδαῖος
2505 1000 2602 1073 μὲν
2633 1002 2677 1055 δ.
2718 1001 2908 1077 γήϊνος
2942 998 3068 1055 ὅταν
3098 999 3215 1080 ὅρος
3237 1003 3462 1077 ἀκούσῃ,
3498 1012 3632 1089 πρὸς

1981 1090 2079 1156 τὴν
2130 1090 2268 1145 Σιὼν
2316 1088 2712 1168 ἁποτρέχει,,,.
2771 1087 2888 1168 ὅρος
2945 1089 3121 1147 ἐκεῖνο
3192 1093 3289 1160 τὴν
3336 1087 3632 1178 ὑπερθυρά..

1980 1202 2089 1235 νιον
2135 1180 2343 1259 χώραν,
2411 1180 2505 1246 τὴν
2556 1184 2818 1257 περιφανῆ
2877 1182 2964 1235 καὶ
3026 1178 3298 1259 λαμπράν*
3344 1188 3461 1265 περὶ
3512 1188 3573 1245 οὗ
3603 1193 3632 1247 ὁ

1989 1266 2314 1358 Ἀπόστολος
2369 1268 2538 1348 λέγει,
2625 1268 2705 1324 ὅτι
2779 1268 3211 1348 Προσεληλύθατε
3285 1275 3433 1331 Σιὼν
3496 1277 3629 1358 ὄρει,

1988 1359 2076 1413 καὶ
2132 1357 2286 1413 πόλει
2374 1365 2505 1415 Θεοῦ
2596 1366 2815 1429 ζῶντος,
2907 1358 3259 1437 Ἰερουσαλὴμ
3315 1364 3633 1445 έπουριινίῳ⁹

1989 1445 2040 1501 ἒν
2092 1452 2129 1522 ᾖ
2161 1448 2452 1524 τια.ιήγυρις
2509 1446 2778 1525 ἀγγέλων,
2828 1450 2915 1504 καὶ
2962 1447 3258 1516 Ἐκκλησία
3280 1458 3636 1531 πρωτοτόκων

1989 1535 2481 1614 ἀπογεγραμμένων
2539 1537 2593 1592 ὲν
2623 1541 2890 1607 οὐρανοῖς.
2923 1536 3092 1595 Ἐπὰν
3140 1543 3229 1595 οὖν
3272 1564 3353 1605 τις
3402 1546 3635 1624 παρέλθῃ

1988 1626 2084 1692 τὴν
2161 1627 2328 1703 σάρκα
2380 1626 2580 1693 ταύτην
2631 1626 3004 1707 ἀπροσπαθώς,
3039 1630 3113 1691 ὡς
3145 1628 3427 1709 ἀλλοτρίαν
3451 1657 3640 1711 ’παροι-

1987 1717 2117 1795 κῶν,
2180 1717 2265 1773 καὶ
2297 1720 2401 1795 οὔχ
2436 1718 2508 1778 ὡς
2540 1713 2670 1779 ἰδίας
2703 1715 3082 1794 ἐξηρτημένος,
3119 1720 3270 1783 οὗτος
3301 1720 3385 1777 διὰ
3425 1725 3485 1780 τὸ
3543 1747 3639 1782 νε-

1986 1812 2185 1884 κρῶσαι
2247 1807 2403 1864 αυτοῦ
2474 1806 2538 1862 τὰ
2568 1803 2707 1879 μέλη
2736 1806 2801 1861 τὰ
2835 1805 2919 1861 ἐπὶ
2950 1808 3047 1872 τῆς
3083 1808 3201 1884 γῆς,
3257 1811 3348 1866 τὸν
3374 1814 3641 1889 ἁγιασμὸν

264 1900 486 1963 tionem
518 1900 676 1961 illam
709 1900 1239 1974 consummaverit,
1281 1900 1573 1963 habitabit
1594 1901 1655 1961 in
1695 1909 1901 1962 sancta

1993 1898 2349 1971 κατορθώσας,
2412 1895 2551 1960 ἄξιός
2608 1895 2718 1951 ἐστι
2770 1900 2866 1962 τῆς
2913 1896 2965 1953 ὶν
2998 1904 3075 1971 τῷ
3105 1900 3239 1975 ἁγίῳ
3287 1899 3394 1978 ὄρει
3467 1925 3639 1961 κατα-

262 1990 640 2064 illacivitate,
675 1988 850 2069 cujus
881 1988 1186 2051 desiderio
1217 1998 1412 2051 motus
1448 1990 1628 2052 David
1661 1990 1859 2051 aiebat
1888 2011 1901 2052 :

268 2081 561 2143 Transibo
581 2082 643 2142 in
668 2079 866 2141 locum
889 2079 1270 2141 tabernaculi
1309 2080 1696 2142 admirabilis
1716 2098 1907 2160 usque

260 2170 341 2233 ad
360 2172 608 2232 domum
628 2170 737 2232 Dei
756 2168 1348 2245 19,ει()ιιαηιάὶιροία
1371 2169 1761 2232 tabernacula
1774 2179 1901 2246 tua,

255 2261 505 2324 Domine
534 2261 830 2321 virtutum
853 2258 1092 2322 90.1llud
1118 2268 1336 2330 autem,
1365 2260 1532 2334 Quis,
1568 2259 1768 2321 talium
1795 2260 1906 2320 ho-

258 2350 485 2411 minum
507 2349 809 2412 raritatem
838 2349 1205 2411 subindicat.
1247 2349 1584 2428 cujusmodi
1610 2357 1702 2411 est
1730 2349 1900 2410 illud:

262 2438 415 2515 Qui:
442 2440 612 2501 novit
639 2456 884 2501 sensum
910 2439 1159 2501 Domini
1185 2435 1234 2479 ²¹
1271 2439 1285 2499 l
1322 2447 1382 2499 et
1412 2437 1580 2513 illud,
1618 2439 1766 2514 Quis
1787 2457 1904 2502 an-

262 2530 573 2593 nuntiabit
603 2530 770 2592 vobis
819 2531 1016 2590 locum
1059 2535 1347 2590 aeternum
1376 2527 1433 2579 33
1452 2530 1481 2589 ?
1509 2535 1686 2610 atque
1717 2528 1861 2591 illud
1888 2548 1900 2592 :

267 2623 418 2696 Quis
438 2628 527 2682 est
546 2619 814 2701 prudens
837 2639 907 2679 ac
925 2620 1126 2700 ﬁdelis
1147 2636 1482 2681 (economus
1503 2617 1558 2661 ³³
1578 2625 1606 2681 ?
1630 2617 1907 2699 Nunquid

264 2720 573 2793 postquam
610 2711 797 2772 Deum
832 2709 1249 2785 interrogavit,
1308 2711 1763 2788 responsionem
1797 2708 1908 2770 ob-

264 2801 439 2862 tinuit
470 2800 567 2862 ?...
602 2800 736 2863 Non
768 2807 928 2860 enim
960 2798 1134 2861 unica
1168 2815 1262 2860 res
1292 2810 1457 2877 gesta
1478 2807 1786 2860 strenuum
1809 2799 1912 2859 ho-

265 2892 485 2952 minem
519 2888 590 2950 ad
626 2889 1048 2968 perfectionem
1082 2886 1241 2950 ducit
1288 2908 1304 2963 ;
1335 2889 1438 2949 sed
1474 2906 1582 2969 per
1611 2894 1790 2949 totam
1819 2888 1911 2949 vi-

265 2988 381 3040 tam
436 2980 667 3040 virtutis
715 2978 996 3059 operibus
1046 2977 1467 3039 insistendum.
1510 2999 1538 3038 ε
1590 2978 1913 3043 Videamus

264 3086 422 3131 nunc
444 3068 744 3149 quomodo
769 3067 1289 3147 pseudo-Basilius
1311 3067 1523 3145 frigida
1538 3068 1792 3145 quadam
1817 3088 1906 3150 pe-

264 3158 523 3237 riphrasi
548 3176 680 3219 mox
704 3156 1036 3219 Eusebiana
1058 3157 1407 3238 amplificet,
1432 3176 1563 3220 mox
1597 3159 1808 3221 eadem
1840 3160 1908 3220 all

261 3246 510 3309 verbum
536 3247 845 3325 eXprimat.
911 3245 1092 3327 Igitur
1144 3248 1229 3308 sic
1254 3247 1516 3328 loquitur
1546 3269 1558 3311 :
1594 3249 1972 3331 Τὸντὲλειαιε

258 3340 393 3412 ἡμῖν
425 3340 453 3394 ὁ
498 3337 655 3416 λόγος
688 3339 993 3418 ὑπογράψαι
1024 3337 1369 3415 βουλόμενος,
1395 3340 1617 3405 τὴντῶν
1640 3361 1908 3417 μακαρισ-

264 3432 379 3502 μῶν
398 3427 772 3507 ἐπιτυγχάνειν
799 3427 1089 3505 μέλλοντα,
1110 3425 1253 3492 τάξει
1277 3429 1378 3483 τινὶ
1402 3429 1490 3483 καὶ
1520 3426 1625 3501 ὁδῷ
1654 3434 1762 3484 τῶν
1792 3431 1911 3505 περὶ

264 3518 420 3573 αὐτὸν
448 3518 822 3595 Θεωρουμένων
856 3520 1223 3596 χρησάμενος,
1261 3515 1366 3573 ἀπὸ
1400 3523 1505 3573 τῶν
1537 3517 1903 3596 προσεχεστὲι-

268 3628 373 3685 ρων
404 3608 489 3661 καὶ
516 3628 739 3685 πρωτων
771 3609 869 3675 τὴν
917 3608 1095 3685 ἀργὴν
1124 3608 1436 3673 πεποίηται·
1476 3608 1653 3684 Κύριε,
1687 3608 1764 3672 τίς
1795 3628 1906 3663 πασ-

268 3695 506 3773 ροικήσει
530 3696 584 3750 ἐν
601 3702 676 3769 τῷ
697 3698 1009 3771 σκηνωματὶ
1037 3716 1154 3775 sou;
1180 3696 1245 3752 Ἠ
1266 3697 1513 3774 πιροικίλ
1536 3698 1645 3752 ἐστὶ
1667 3694 1913 3774 διαγωγὴ

267 3784 620 3864 πρόσκαιρος,
653 3789 754 3864 οὐχ
785 3783 1065 3864 ἱδρυμένην
1096 3794 1265 3864 ζωην,
1305 3784 1439 3841 ἀλλὰ
1476 3784 1791 3863 παροδικὴν,
1828 3786 1913 3842 ἐπ’

267 3871 436 3929 έλπίδι
480 3874 573 3940 τῆς
618 3874 702 3931 ἐπὶ
782 3876 848 3932 τὰ
893 3876 1162 3953 κρείττονα
1225 3876 1623 3949 μεταστάσεως,
1683 3877 1913 3955 ὑποφαί-

265 3984 497 4023 νουσα...
535 3965 629 4018 Διὸ
664 3965 750 4020 καὶ
780 3966 808 4020 ὁ
839 3963 1008 4020 Δαυῖδ
1060 3966 1178 4043 περὶ
1252 3963 1436 4021 ἑαυτοῦ
1494 3984 1647 4038 φησι·
1714 3971 1914 4043 Πάροι-

261 4073 354 4111 κος
409 4052 517 4132 ἐγώ
603 4054 708 4127 εἰμι
780 4055 921 4133 παρὰ
982 4056 1065 4109 σοὶ
1123 4056 1212 4110 καὶ
1286 4052 1681 4133 παρεπίδημος,
1744 4056 1915 4120 καθὼς

262 4142 454 4205 πάντες
554 4144 601 4200 οἰ
672 4140 895 4222 πατέρες
964 4166 1090 4221 μου.
1174 4144 1431 4222 Πάροικος
1504 4145 1604 4221 γὰρ
1647 4141 1910 4223 Ἀϐραὰμ,

260 4228 375 4287 οὐδὲ
437 4229 585 4308 βῆμα
616 4229 774 4296 ποδὸς
828 4230 959 4297 ἰδίας
993 4238 1096 4312 γῆς
1129 4235 1486 4309 κεκτημένος,
1522 4232 1644 4289 ἀλλ’
1691 4233 1781 4291 ὅτε
1811 4256 1912 4291 τα-

259 4319 363 4398 φῆς
436 4324 581 4395 αὐτῷ
660 4319 898 4398 ἐδέησεν,
984 4322 1227 4400 ἀργυρίου
1296 4323 1634 4397 κτησάμενος
1718 4322 1911 4391 ταύτην

261 4406 535 4488 Ῥαίνεταν
595 4409 892 4477 δεικνύντος
923 4412 1019 4470 τοῦ
1053 4410 1239 4490 λόγου,
1300 4411 1381 4468 ὅτι
1412 4418 1583 4483 ζῶντα
1632 4413 1730 4487 μὲν
1761 4414 1815 4469 ἐν
1846 4415 1916 4482 τῆ

262 4500 416 4578 σαρκὶ
476 4500 731 4578 πάροικον
785 4504 926 4559 εἶναι
978 4503 1260 4580 προσήκει,
1309 4498 1697 4577 μεταϐαίνοντα
1724 4500 1777 4558 δὲ
1810 4504 1916 4561 ἀπὸ

262 4590 360 4655 τῆς
420 4595 564 4661 ζωῆς
615 4591 814 4658 ταύτης
869 4604 988 4654 τοῖς
1064 4591 1271 4655 οἰκείοις
1328 4591 1769 4655 ἐναναπαύεσθαι,
1820 4594 1917 4649 Διὰ

264 4688 420 4738 τούιο
463 4679 516 4735 ὲν
548 4680 646 4755 μὲν
677 4687 745 4757 τῇ
768 4686 883 4758 ζωῇ
910 4682 1076 4757 ταύτῃ
1107 4693 1360 4759 παροικεῖ
1384 4692 1502 4744 τοῖς
1534 4679 1913 4762 ἀλλοφύλλοις,

263 4770 319 4826 ιν
364 4766 420 4823 δὲ
444 4774 515 4846 τῇ
540 4776 683 4850 ταφῇ
708 4771 904 4828 οἰκείαν
934 4772 1108 4846 ἐαυτῷ
1155 4772 1252 4840 τὴν
1306 4769 1591 4847 δεξομένην
1642 4773 1799 4830 αὐτοῦ
1854 4775 1916 4829 τὸ

263 4864 421 4934 σῶμα
468 4863 571 4937 γῆν
614 4858 1112 4939 ἐπραγματεύσατο.
1177 4860 1449 4939 Μακάριοι
1532 4859 1587 4916 δὲ
1645 4868 1722 4937 τῷ
1779 4860 1911 4941 ὄντι,

264 4948 343 5025 μὴ
397 4950 470 5014 ὡς
531 4950 741 5014 οἰκείοις
813 4950 1237 5030 προστετηκέναι
1318 4963 1437 5015 τοῖς
1495 4950 1549 5007 ἐν
1607 4957 1676 5028 τῇ

264 5039 485 5103 σπάνιος
542 5036 597 5094 δὲ
660 5042 687 5095 ὁ
726 5050 989 5117 τοιοῦτος,
1020 5042 1048 5097 ὀ
1081 5040 1160 5116 μὴ
1184 5042 1257 5104 ὡς
1289 5038 1437 5105 ἰδίοις
1477 5042 1766 5121 προσέχων
1795 5042 1915 5107 τοῖς

262 5135 624 5207 παροῦσιν....
701 5130 788 5193 Τίς
874 5131 962 5187 οὖν
1052 5130 1365 5208 ποροικήσει
1428 5133 1484 5187 εν
1538 5136 1614 5206 τῷ
1698 5132 1916 5198 σκηνώ-

267 5217 392 5293 ματί
444 5240 537 5299 σου
572 5240 588 5294 ς
641 5220 913 5294 Σκήνωμα
942 5222 1036 5276 τοῦ
1099 5225 1235 5276 Θεοᾶ
1266 5222 1300 5289 ἡ
1330 5219 1456 5277 παο’
1487 5219 1644 5277 αὖτοῦ
1697 5218 1920 5297 δεδομέ-

268 5330 334 5374 νη
400 5307 525 5376 σὰρξ
572 5314 639 5386 τῇ
682 5316 775 5367 τοῦ
814 5308 1096 5389 ἀνθρώπου
1127 5314 1282 5390 ψυχῇ
1309 5312 1382 5375 εἰς
1431 5309 1700 5378 ένοίκησιν
1728 5312 1917 5388 ὀνομά-

263 5401 511 5469 ζεται....
591 5398 732 5455 οὕτω
819 5399 907 5457 καὶ
962 5398 1104 5474 ἡμῖν
1171 5400 1307 5456 κατὰ
1361 5401 1675 5481 συγγραφὴν
1739 5400 1769 5469 ἦ
1826 5411 1921 5475 τῆς

272 5488 467 5567 σαρκὸς
541 5486 821 5564 έπιμέλεια
904 5485 1276 5567 παραδέδοται,
1346 5490 1485 5548 ὥστε
1543 5492 1921 5571 προσηκόντως

1990 1996 2331 2051 σκηνώσεως³
2393 1985 2456 2052 ἧς
2531 1988 2797 2061 ἐπιθυμῶν
2851 1988 2879 2043 ό
2931 1985 3233 2062 Ψαλμῳδὸς
3293 1989 3498 2069 aqua,
3558 1992 3640 2050 ὅτι

1994 2073 2341 2149 Διελεύσομαι
2397 2075 2449 2130 έν
2518 2075 2670 2149 τόπῳ
2729 2082 2934 2143 σκηνῆς
2986 2080 3319 2153 θαυμαστῆς²
3408 2085 3495 2138 καί
3554 2085 3640 2150 τὸ,

1989 2162 2083 2227 ’δὶς
2143 2166 2398 2242 ἀγαπητὰ
2423 2166 2487 2220 τὰ
2572 2168 2899 2240 σκηνώματᾶ
2951 2188 3069 2239 σου,
3125 2168 3274 2245 Κύριε
3323 2173 3431 2226 τιῦο
3481 2170 3644 2229 δυνάσ-

1989 2276 2238 2330 μεων..,.
2266 2254 2500 2319 Σπάνιος
2531 2252 2705 2311 δὲκαὶ
2766 2256 2794 2311 ὀ
2851 2258 3123 2333 παροικῶν
3178 2257 3231 2314 έν
3280 2263 3358 2334 τῷ
3404 2262 3639 2338 σώματι,

1990 2346 2076 2399 καὶ
2129 2344 2156 2399 ὁ
2208 2351 2560 2411 κατασκηνῶν
2592 2344 2647 2399 ἐν
2700 2352 2776 2420 τῷ
2796 2342 2937 2420 ὄρει.
2975 2348 3072 2402 Διὰ
3103 2354 3254 2405 τοῦτο
3299 2352 3371 2415 ὡς
3429 2352 3643 2429 ἀπορῶν

1991 2433 2017 2488 ὁ
2068 2431 2227 2511 λόγος
2299 2434 2450 2512 φησί’
2486 2434 2571 2498 Τίς
2637 2436 2953 2512 παροικήσει
2993 2455 3009 2505 ;
3059 2438 3173 2510 καὶ,
3230 2438 3317 2503 Τίς
3363 2461 3645 2510 κατασκη-

1991 2523 2146 2578 νώσει
2186 2546 2201 2593 ;
2252 2524 2325 2584 ὡς
2373 2525 2456 2601 τὸ,
2517 2525 2605 2588 Τίς
2665 2522 2801 2603 ἔγνω
2832 2532 2954 2581 νοῦν
2987 2528 3225 2604 Κυρίου;
3273 2531 3361 2585 καὶ
3411 2532 3494 2605 τὸ,
3557 2534 3645 2596 Τίς

1994 2611 2284 2689 ἀναγγελεῖ
2321 2614 2448 2686 ὑμῖν
2481 2613 2561 2669 ὃτι
2607 2620 2708 2692 πῦρ
2740 2615 2993 2687 καίεται,
3047 2617 3132 2672 καὶ
3180 2618 3263 2691 τὸ,
3333 2620 3418 2683 Τίς
3472 2619 3646 2699 ἀναγ-

1994 2699 2147 2778 γελεῖ
2216 2703 2344 2776 ὑμῖν
2401 2702 2493 2757 τὸν
2550 2703 2714 2759 τόπον
2773 2705 2863 2758 τὸν
2951 2704 3217 2780 αἰώνιον;
3278 2708 3365 2762 καί
3411 2709 3496 2781 τὸ,
3557 2711 3646 2773 Τίς

1996 2791 2095 2869 ἄρα
2126 2792 2153 2847 ό
2220 2793 2406 2852 πιστὸς
2460 2792 2545 2848 καὶ
2594 2791 2847 2872 φρόνιμος
2896 2794 3174 2868 οἰκονόμος
3214 2812 3233 2869 ;
3285 2796 3442 2874 Τάχα
3473 2795 3529 2852 δὲ
3560 2801 3653 2856 καὶ

1995 2880 2397 2959 ἐρωτηματικόν
2421 2880 2531 2938 ἐστι
2557 2883 2639 2955 τὸ,
2670 2882 2779 2960 τίς,
2800 2884 2874 2945 ὡς
2898 2881 3178 2959 ἀπόκρισιν
3191 2883 3645 2955 ἐπιζητοῦντος...

1998 2972 2068 3029 0-3
2102 2974 2199 3050 γὰρ
2233 2972 2326 3045 μία
2352 2970 2536 3050 πρᾶξις
2567 2969 2768 3028 τελειοῐ
2838 2974 2931 3029 τὸν
2977 2970 3292 3047 (mandatos,
3324 2974 3463 3032 ἀλλὰ
3492 2979 3651 3034 παντί

1996 3067 2233 3138 προσῆκε
2269 3068 2344 3135 τῷ
2406 3062 2505 3137 βὲῳ
2552 3063 2644 3127 τὰς
2716 3060 2835 3118 κατ’
2858 3062 3048 3131 ἀρετὰς
3111 3062 3375 3141 ἐνεργείας
3430 3087 3647 3141 συμπα-

1998 3151 2340 3228 ριτείνεσοαιι.
2382 3176 2407 3205 α
2444 3148 2774 3231 Scriptura,
2812 3170 2947 3212 cum
2969 3151 3161 3213 virum
3191 3151 3517 3232 perfectum
3546 3172 3653 3217 no-

1998 3239 2089 3300 bis
2122 3239 2468 3301 describere
2527 3240 2671 3314 vult,
2722 3259 2861 3302 eum
2892 3240 3189 3315 videlicet,
3243 3241 3348 3322 qui
3404 3242 3656 3323 adeptus

1997 3330 2072 3390 sit
2104 3328 2567 3402 beatitudinem,
2595 3328 2807 3393 ordine
2866 3331 3122 3411 quodam
3166 3331 3277 3393 hac
3306 3337 3397 3393 via
3430 3331 3492 3395 in
3554 3334 3648 3414 iis,

1995 3438 2128 3499 quas
2154 3419 2313 3479 circa
2362 3419 2555 3498 ipsum
2588 3419 3069 3494 considerantur,
3130 3437 3259 3501 usa,
3314 3421 3389 3483 ab
3420 3421 3496 3484 iis
3525 3442 3658 3504 que

1997 3514 2178 3584 magis
2204 3507 2388 3568 obvia
2411 3516 2548 3569 sunt
2574 3517 2631 3568 et
2662 3510 2872 3588 prima,
2898 3508 3131 3571 initium
3152 3508 3341 3573 duxit.
3374 3511 3647 3589 Domine,

1992 3602 2128 3675 quis
2137 3597 2635 3676 peregrinabilur
2651 3604 2718 3659 in
2741 3597 3135 3661 tabernaculo
3158 3606 3261 3661 tuo
3281 3599 3365 3662 24?
3383 3601 3653 3679 Peri-gri-

2001 3687 2158 3747 natio
2192 3696 2279 3747 est
2310 3690 2700 3749 commoratio
2747 3689 3124 3767 temporaria,
3164 3706 3297 3769 qua
3320 3689 3495 3751 vitam
3526 3709 3646 3751 non

1998 3774 2295 3849 stabilem,
2332 3777 2440 3835 sed
2507 3775 2907 3838 transitoriam
2941 3777 3022 3839 ob
3068 3796 3237 3855 spem
3287 3778 3360 3840 ad
3408 3777 3657 3841 meliora

1999 3865 2325 3943 emigrandi
2357 3864 2654 3928 indicat...
2692 3866 2833 3929 Ideo
2865 3877 2923 3928 et
2952 3865 3133 3928 David
3156 3867 3234 3929 de
3257 3886 3323 3929 se
3353 3869 3483 3949 ipso
3514 3868 3596 3929 ait
3628 3889 3644 3935 :

2001 3953 2213 4016 lineola
2233 3973 2340 4036 ego
2356 3972 2489 4018 sum
2511 3958 2679 4036 apud
2695 3965 2749 4017 te
2780 3964 2834 4020 et
2854 3959 3239 4036 peregrinus,
3269 3958 3426 4020 sicut
3454 3977 3655 4022 omnes

1996 4052 2209 4124 patres
2252 4047 2369 4106 mei
2404 4043 2460 4087 ⁸⁵
2516 4047 2715 4109 lncola
2737 4048 2896 4109 enim
2930 4047 3044 4110 fuit
3073 4046 3397 4120 Abraham,
3432 4048 3533 4130 qui
3579 4068 3657 4112 ne

2002 4153 2242 4213 passum
2275 4135 2517 4215 quidem
2552 4137 2723 4218 pedis
2748 4146 2924 4199 terra;
2953 4139 3211 4219 propriae
3231 4137 3521 4218 possedit;
3548 4140 3657 4201 sed

2003 4223 2104 4286 ubi
2120 4243 2266 4305 opus
2288 4226 2343 4287 ei
2367 4226 2646 4307 sepulcro
2670 4227 2869 4302 fuil,id
2892 4236 3138 4308 argento
3167 4228 3659 4291 mercatusfuisse

2001 4313 2347 4395 perhibetur
2364 4314 2440 4379 9°.
2475 4314 2749 4380 Ostendit
2777 4317 3005 4379 scilicet
3046 4316 3355 4399 Scriptura
3383 4318 3445 4379 in
3478 4336 3659 4380 carne

1998 4405 2318 4481 viventem,
2347 4405 2603 4467 incolam
2639 4424 2775 4470 esse
2805 4420 3111 4488 oportere,
3140 4408 3495 4487 migrantem
3522 4426 3663 4472 vero

2002 4512 2072 4556 ex
2096 4494 2205 4556 hac
2232 4497 2370 4575 vita,
2392 4494 2453 4556 in
2471 4494 2619 4557 locis
2637 4496 2893 4576 propriis
2916 4495 3665 4579 requiescerefropterea

2004 4585 2065 4647 in
2093 4587 2202 4646 hac
2231 4586 2345 4646 vita
2377 4585 2580 4647 incola
2612 4596 2703 4646 est
2731 4605 2867 4649 cum
2919 4587 3272 4667 alienigenis
3305 4608 3320 4648 :
3356 4587 3419 4648 in
3449 4589 3662 4668 sepul-

1941 4649 1986 4699 υ
2003 4683 2135 4737 tura
2164 4693 2306 4738 vero
2333 4674 2643 4756 propriam
2672 4685 2888 4737 terram
2911 4649 3138 4757 corpus
3163 4695 3335 4740 suum
3369 4649 3661 4755 exceptu-

2002 4782 2128 4827 ram
2162 4765 2274 4826 sibi
2298 4765 2430 4846 ipse
2450 4783 2582 4827 com
2593 4765 3035 4846 paravit.Porro
3058 4766 3297 4830 beatum
3322 4766 3500 4847 plane
3522 4766 3661 4828 fue-

2000 4855 2100 4935 rit,
2133 4853 2592 4917 rebusterrenis
2618 4873 2737 4917 non
2762 4863 2823 4916 ut
2842 4855 3100 4937 propriis
3121 4854 3422 4917 addictum
3449 4872 3603 4917 esse.
3620 4904 3662 4920 ..

2002 4947 2193 5010 Rarus
2216 4953 2414 5009 autem
2438 4945 2490 5008 is
2508 4953 2620 5026 est,
2658 4945 2761 5026 qui
2808 4944 3203 5026 praesentibus
3238 4963 3361 5006 non
3389 4953 3459 5007 ut
3515 4962 3621 5025 pro
3637 4978 3669 4999 -Δ

2002 5036 2147 5117 priis
2166 5035 2421 5099 studeat.
2436 5082 2450 5097 .
2463 5033 2645 5111 .Quis
2667 5037 2858 5116 igitur
2869 5036 3367 5117 peregrinabiuir
3387 5036 3457 5097 in
3476 5037 3671 5098 tuber.

2002 5124 2851 5190 naculotuo?Tabernaculum
2874 5124 3001 5199 Dei,
3028 5144 3167 5187 caro
3196 5124 3447 5203 dicitur,
3474 5144 3653 5207 quam

2003 5216 2133 5298 ipse
2185 5217 2398 5277 anime
2449 5216 2708 5278 hominis
2734 5215 2901 5278 dedit
2942 5234 3048 5298 pro
3099 5214 3473 5278 habitatione
3506 5264 3546 5278 ..
3581 5215 3669 5277 ita

2005 5316 2065 5371 et
2085 5305 2258 5369 nobis
2289 5324 2363 5369 ex
2396 5307 2734 5389 syngrapha
2765 5306 3087 5369 commissa
3114 5314 3209 5367 est
3269 5304 3471 5367 carnis
3497 5322 3667 5380 cura,

2008 5406 2072 5459 ut
2101 5417 2233 5460 eam
2263 5398 2551 5462 decenter
2580 5398 2944 5477 excolentes,
2982 5395 3245 5473 largitori
3301 5395 3673 5459 fructiferam

2007 5489 2356 5555 reddamus.
2393 5487 2567 5562 Quod
2598 5487 2649 5548 si
2680 5489 2805 5551 Deo
2822 5486 3002 5567 digna
3018 5498 3111 5549 est
3142 5503 3307 5567 caro,
3335 5502 3544 5548 revera
3562 5482 3676 5559 Dei

348 5648 397 5691 ιτ
429 5647 586 5731 [gs-al.
619 5664 740 5729 χιν,
792 5650 867 5731 1.,
891 5646 945 5731 ξθ
974 5646 1156 5731 Hebr.
1194 5666 1301 5726 xu,
1332 5651 1433 5715 2:2.
1480 5648 1536 5693 ¹⁹
1557 5652 1714 5716 Psal.
1751 5671 1873 5731 xu,

2030 5651 2087 5698 9°
2118 5653 2272 5716 Psal.
2304 5666 2557 5731 axxxm,
2588 5648 2645 5709 '2.
2694 5646 2745 5691 ²¹
2776 5647 2800 5711 l
2832 5646 2969 5731 Cor.
2996 5665 3061 5730 ιι,
3094 5642 3194 5712 t6.
3239 5644 3296 5690 ⁸³
3323 5647 3438 5711 ιω.
3464 5658 3677 5718 nam.

262 5730 361 5795 ιε.
446 5726 502 5771 ⁸³
527 5728 672 5793 Luc.
706 5726 808 5812 in,
843 5728 944 5791 εξ.
1027 5727 1084 5772 κ
1122 5732 1292 5795 Psal.
1320 5749 1441 5805 xlv,
1483 5734 1539 5794 1.
1630 5726 1870 5801 ²⁵Ρεειζ
1903 5755 1909 5797 :

1993 5751 2154 5815 mn,
2195 5734 2289 5797 13.
2374 5730 2433 5776 ⁸⁸
2457 5734 2611 5795 Gen.
2647 5747 2813 5811 mu,

582 5878 848 5940 menon.
893 5874 1008 5939 Ga.
1057 5873 1278 5941 XXIX.

3132 5886 3203 5929 an
