4174 6398
431 308 551 391 acii

435 554 815 617 adverterent
842 554 1213 627 librarii,rati
1239 556 1387 628 fore,
1410 564 1475 617 ut
1496 574 1639 617 suus
1666 554 1837 618 labor
1859 572 1931 618 ex
1955 556 2090 615 lon-

437 644 706 723 gitudine
740 644 1030 706 orationis
1062 646 1483 719 aestimaretur;
1546 664 1645 707 aut
1676 647 1833 727 quod
1862 644 2088 716 deerat,

438 731 748 812 supplere,
780 741 880 792 aut
920 736 1076 810 quod
1112 734 1351 795 brevius
1378 734 1732 814 explicatum
1768 734 1983 808 fuerat,
2024 752 2093 794 ex

436 820 689 882 aliorum
709 821 1106 901 interpretum
1128 823 1366 902 scriptis
1379 842 1595 902 augere
1612 844 1729 884 non
1744 823 2091 885 dubitarunt

521 910 620 974 36.
656 910 860 971 Exstat
885 911 1046 974 inter
1068 912 1267 974 Basilii
1301 932 1482 993 opera
1505 915 1803 975 enarratio
1821 913 2089 994 quaedam

442 1002 825 1082 inpsalmum
837 1002 1205 1062 tricesimum
1219 1009 1751 1085 scpiimum,quam
1768 1003 1826 1063 in
1843 1001 2091 1063 dubium

437 1089 512 1152 ab
533 1089 1064 1151 eruditisrevocari
1091 1091 1430 1153 monuimus
1449 1111 1616 1153 num.
1642 1092 1739 1155 32.
1766 1092 2093 1154 Tillemon-

438 1178 553 1242 tius
576 1178 657 1240 ita
676 1181 752 1240 de
773 1198 843 1240 ea
867 1180 1094 1240 dubitat
1118 1189 1178 1241 ut
1196 1181 1265 1241 ad
1294 1199 1421 1241 eam
1443 1181 1883 1244 defendendam
1909 1180 2093 1256 magis

446 1269 818 1347 propendere
844 1270 1134 1332 videatur.
1163 1270 1277 1333 Sed
1317 1289 1445 1332 eam
1472 1273 1735 1352 spuriam
1755 1290 1886 1333 esse
1917 1279 2092 1350 atque

442 1358 835 1419 adulterinam
862 1360 1194 1423 constat.Et
1226 1372 1390 1426 certe
1411 1361 1681 1443 repetitio
1706 1380 1908 1423 vocum
1935 1378 2090 1437 qua-

440 1447 713 1508 rumdam
743 1449 1037 1528 quaaapud
1062 1450 1338 1514 Basiliam
1363 1461 1465 1513 aut
1486 1452 1780 1514 inusitatae
1802 1459 1959 1526 sunt,
1993 1453 2095 1511 aut

448 1536 725 1616 insolitae,
760 1538 846 1599 vel
899 1538 1022 1598 sola
1076 1543 1345 1620 opusculi
1403 1542 1585 1622 hujus
1615 1542 1928 1603 falsitatem
1974 1558 2088 1599 non

444 1626 698 1687 obscure
730 1627 970 1692 indicat.
1005 1628 1145 1709 Ejus
1173 1632 1411 1709 generis
1442 1644 1579 1692 sunt
1610 1649 1804 1705 voces,
1836 1632 2087 1711 ἔφασκεν,

444 1718 591 1794 γοῦν,
630 1721 962 1795 συναρπαγῆ.
1012 1723 1135 1780 Imo
1188 1731 1327 1781 sunt
1360 1730 1417 1782 et
1447 1722 1565 1783 alia
1615 1719 1894 1782 vocabula
1948 1721 2024 1780 ita
2056 1739 2087 1780 a

444 1804 645 1868 Basilii
670 1807 845 1881 genio
867 1807 1345 1880 abborrentia,ut
1368 1820 1649 1891 praestare
1672 1811 1861 1871 ausim
1892 1810 1942 1871 si
1965 1829 2085 1871 non

1857 324 2455 395 PROLEGOMENA.

436 465 736 537 omisisse,
762 473 860 526 aut
880 464 1120 527 brevius
1141 465 1512 545 explanasse:
1541 466 1696 547 quod
1721 484 1855 527 cum
1878 464 2078 527 anim-
2107 466 2146 514 A
2173 466 2353 540 εἶπεν,
2412 467 2489 524 ὅτι

2582 468 2641 526 Ἠ
2723 468 2943 547 γλῶσσά
3006 492 3113 543 μου
3171 472 3419 546 κάλαμος
3478 478 3841 553 γραμματέως

2178 556 2495 637 ὁζογράφοο,
2569 559 2790 637 Ὠραϊος
2847 557 3031 616 κάλλει
3106 561 3250 638 παρὰ
3319 564 3441 627 τοὺς
3529 567 3671 631 υἱοὺς
3733 570 3838 625 τῶν

2178 644 2490 723 ἀνθρώπων,
2554 650 2626 706 Οὒ
2697 650 2795 726 γὰρ
2852 648 2912 704 ἐκ
2974 654 3074 715 τῆς
3142 652 3275 728 πρὸς
3337 654 3459 717 τοὺς
3526 656 3838 734 ἀνθρώπους

2179 737 2502 812 συγκρίσεως
2562 738 2661 805 τὴν
2714 738 2986 817 ὑπεροχὴν
3042 749 3133 797 τοῦ
3190 739 3422 806 κάλλους
3468 744 3666 825 ”Εχει.
3738 751 3835 806 Καὶ

2179 826 2386 901 προϊὼν
2419 825 2472 881 δέ
2493 846 2645 907 φησιθ
2687 828 2788 884 Διὰ
2839 830 2993 885 τοῦτο
3024 827 3208 907 ἔχρισέ
3267 852 3326 885 σε
3381 835 3408 887 ὸ
3444 835 3596 914 Θεός,
3631 838 3658 891 ὁ
3703 842 3833 903 Θεός

2178 935 2270 969 σου
2330 914 2507 972 ἔλαιον
2558 917 2956 997 ἀγαλλιάσεως.
3020 920 3092 975 Οὐ
3151 920 3250 997 γὰρ
3305 925 3481 977 εἶπεν·
3540 924 3726 1003 ἔχρισέν
3770 951 3829 985 σε

2180 1004 2289 1079 ἐγὼ
2320 1008 2346 1060 ὁ
2382 1008 2536 1080 Θεός,
2570 1006 2713 1082 ἀλλ’,
2768 1006 3011 1086 ’Ἒχρισέ
3047 1028 3105 1063 σε
3141 1026 3157 1043 ⁸
3201 1008 3339 1064 ὥστε
3382 1009 3443 1066 ἐκ
3481 994 3662 1073 τούτου
3697 1040 3827 1096 παρ⁹

2182 1092 2420 1151 ίστασθαι
2490 1095 2668 1175 ἕτερον
2743 1097 2885 1153 εἶναι
2944 1097 3005 1152 τὸ
3078 1095 3453 1176 διαλεγόμενον
3514 1092 3823 1181 πρόσωπον.

2181 1189 2343 1239 Ποῖον
2376 1185 2464 1240 οὖν
2495 1188 2605 1243 ἔστι
2636 1194 2813 1260 τοῦτο,
2847 1187 2882 1252 ἢ
2919 1188 2946 1241 ὃ
3008 1188 3286 1266 προφήτης
3318 1191 3344 1244 ὁ
3407 1193 3665 1271 χωρήσας
3724 1197 3824 1263 τὴν

2176 1281 2268 1329 τοῦ
2326 1276 2476 1351 ἁγίου
2580 1277 2883 1352 Πνεύματος
2958 1278 3030 1341 εἷς
3089 1277 3245 1333 αὐτὸν
3328 1281 3617 1357 γενομένην
3674 1285 3819 1364 ἐνέρ-

2177 1372 2323 1438 γειὲν
2352 1382 2371 1438 ;
2395 1367 2524 1426 Hoc
2544 1373 2666 1427 est:
2702 1388 2723 1421 α
2750 1365 3000 1437 Quidam
3028 1365 3299 1429 arbitrati
3321 1376 3458 1429 sunt
3478 1389 3546 1432 ex
3567 1391 3817 1452 persona

2177 1452 2371 1515 Patris
2386 1455 2680 1535 psalmum
2706 1457 2830 1517 sive
2851 1455 3147 1517 canticum
3170 1459 3540 1537 pronuntiari
3564 1462 3638 1523 de
3663 1467 3817 1527 Ver-

2176 1541 2441 1623 bo,quod
2469 1546 2533 1605 in
2548 1546 2862 1627 principio
2886 1552 3019 1608 erat
3044 1547 3206 1624 apud
3228 1546 3420 1610 Deum
3446 1550 3528 1624 45,
3551 1552 3825 1632 quodque

2174 1632 2303 1710 ipse
2326 1652 2435 1695 ceu
2458 1652 2527 1695 ex
2551 1634 2889 1709 corde,sive
2915 1652 2985 1695 ex
3014 1634 3159 1714 ipsis
3182 1635 3511 1699 visceribus
3529 1642 3821 1719 produxit:

2173 1731 2228 1781 et
2258 1742 2325 1781 ex
2355 1722 2512 1784 bono
2535 1724 2719 1785 corde
2735 1722 2956 1784 bonum
2977 1723 3225 1785 verbum
3244 1726 3633 1802 prodiit.lllihi
3651 1750 3827 1807 porro

2172 1812 2295 1872 haec
2318 1812 2390 1873 ad
2415 1813 2828 1893 propheticam
2845 1829 3163 1889 personam
3190 1812 3509 1876 referenda
3523 1818 3823 1882 videntur:

446 1893 849 1985 omnia,certe
882 1914 1086 1958 eorum
1113 1899 1309 1979 aliqua
1330 1904 1389 1960 in
1414 1900 1572 1963 illius
1602 1900 1770 1962 libris
1793 1919 2083 1980 nusquam
2112 1918 2149 1968 Β
2173 1920 2304 1980 quae
2338 1902 2499 1963 enim
2537 1909 2669 1982 post
2698 1902 2921 1962 dictum
2972 1902 3315 1980 hujusmodi
3350 1904 3821 1985 subsequuntur,

446 1984 718 2064 reperiri.
754 1983 962 2057 Qualia
1014 2000 1175 2068 sunt,
1222 1993 1546 2070 συγκατιὼν,
1570 1989 1863 2063 ἀντιϐολεῖ,
1896 1994 1923 2048 ὁ
1953 1994 2089 2069 ἱερὸς

448 2074 771 2154 ἀπόστολος,
820 2082 915 2143 τῆς
960 2082 1143 2158 ψυχῆς
1203 2083 1571 2159 αἰσθητήριον,
1628 2082 2084 2158 ἀναπεειπάζεται,

446 2165 565 2225 Sed
594 2164 735 2243 quid
760 2164 970 2244 plura?
995 2165 1131 2229 Haec
1154 2169 1227 2230 de
1250 2188 1364 2249 qua
1384 2170 1617 2249 agimus
1640 2171 1935 2231 enarratio
1968 2168 2087 2230 Eu-

446 2251 596 2314 sebii
629 2252 1015 2317 Cmsariensis
1047 2256 1198 2319 fetus
1230 2267 1344 2340 est,
1380 2279 1495 2321 non
1528 2259 1752 2321 Basilii.
1789 2262 1941 2322 Nam
1973 2277 2087 2336 quo

446 2342 615 2422 plura
648 2346 1027 2423 reperiuntur
1056 2348 1542 2410 inlucubratione
1574 2368 1643 2411 ea
1668 2366 1796 2429 quae
1828 2346 1979 2407 male
2005 2348 2090 2405 in-

448 2442 537 2493 ter
568 2432 771 2495 Basilii
808 2456 986 2515 opera
1042 2439 1325 2501 collocata
1357 2448 1463 2501 est.
1503 2457 1677 2519 quam
1733 2438 1789 2497 in
1845 2436 2092 2513 vulgatis

446 2522 691 2585 Eusebii
728 2529 1192 2602 commentariis,
1227 2547 1295 2589 ex
1322 2547 1392 2590 eo
1426 2547 1543 2589 non
1605 2526 1863 2589 efficitur
1913 2535 2091 2587 totam

458 2631 586 2672 eam
612 2613 871 2675 Eusebio
898 2615 1073 2677 tribui
1099 2636 1213 2679 non
1239 2627 1516 2699 oportere
1541 2635 1554 2679 :
1582 2621 1687 2678 sed
1714 2617 1983 2698 sequitur
2011 2637 2096 2677 so.

456 2703 575 2763 lum
600 2704 796 2783 aliqua
818 2705 875 2765 in
899 2705 1140 2769 Eusebii
1170 2708 1615 2769 commentariis
1645 2707 1861 2769 omissa
1888 2707 2088 2769 fuisse.

452 2795 535 2855 Ita
565 2801 761 2856 autem
817 2814 947 2857 esse
1006 2798 1209 2859 multis
1242 2797 1606 2875 argumentis
1664 2798 1900 2876 probari
1958 2816 2089 2858 cum

453 2883 661 2963 possit,
699 2884 813 2945 duo
837 2886 1028 2947 solum
1066 2887 1453 2965 proferemus.
1494 2888 1755 2949 Primum
1791 2898 1898 2968 est,
1935 2888 2091 2968 quod

450 2974 607 3035 hanc
638 2974 1117 3037 lucubrationem
1152 2997 1283 3058 qua:
1305 2978 1365 3038 in
1390 2978 1589 3040 Basilii
1609 2977 1972 3040 editionibus
2002 2979 2091 3038 le-

451 3062 631 3143 gitur,
666 3062 738 3124 ab
764 3066 970 3126 eadem
1009 3068 1179 3146 plane
1209 3087 1384 3129 manu
1411 3068 1730 3149 profectam
1757 3087 1887 3130 esse
1913 3076 2088 3127 totazn

447 3152 698 3233 quilibet
722 3155 895 3235 paulo
920 3158 1195 3235 sagacior
1224 3158 1396 3220 facile
1426 3158 1737 3238 intelligat,
1766 3177 1899 3219 cum
1933 3158 2087 3218 idem

443 3242 814 3323 stylus,idem
838 3246 1387 3327 ingenium,eadem
1409 3248 1782 3310 citandorum
1804 3249 2095 3329 interpre-

452 3340 575 3392 tum
611 3332 759 3393 ratio
791 3334 849 3395 in
883 3342 1003 3395 toto
1034 3354 1312 3398 sermone
1345 3337 1775 3418 perspiciatur:
1815 3337 2091 3402 alterum,

2176 2009 2292 2050 non
2318 1992 2393 2051 ita
2428 1990 2665 2070 planam
2705 1989 2992 2051 exhibent
3022 1988 3194 2050 nobis
3224 1990 3298 2053 de
3332 1992 3506 2052 Patre
3537 1997 3825 2057 narratio-

2174 2097 2334 2139 nem.
2368 2077 2575 2159 Neque
2629 2080 2788 2140 enim
2824 2078 2899 2139 de
2945 2078 3147 2157 lingua
3178 2097 3283 2139 sua
3339 2084 3510 2143 Pater
3560 2083 3818 2145 dixerit:

2174 2169 2381 2237 Lingua
2415 2184 2525 2225 mea
2559 2168 2801 2225 calamus
2828 2168 3015 2225 scribas
3068 2168 3320 2225 velociter
3347 2170 3647 2228 scribentis.
3698 2175 3820 2245 Spe-

2173 2255 2366 2314 ciosus
2395 2256 2588 2332 forma
2604 2271 2731 2334 prae
2752 2253 2900 2328 ﬁliis
2922 2254 3228 2317 hominum
3251 2253 3334 2315 46.
3363 2254 3669 2336 Siquidem
3696 2259 3819 2335 pul-

2176 2343 2534 2405 chritudinis
2567 2344 2965 2425 praestantiam
2992 2362 3063 2405 ex
3087 2347 3529 2423 comparatione
3555 2366 3687 2408 cum
3709 2349 3822 2409 ho-

2179 2432 2436 2495 miribus
2459 2452 2575 2496 non
2613 2442 2935 2497 mutuatur.
2983 2431 3047 2495 In
3106 2434 3495 2513 sequentibus
3550 2456 3688 2497 vero
3720 2440 3823 2519 ait,

2181 2524 2511 2603 Propterea
2542 2527 2723 2586 unxit
2742 2532 2795 2587 te
2820 2523 3169 2597 Deus,Deus
3190 2530 3328 2587 tuus
3347 2528 3473 2588 oleo
3494 2526 3724 2589 laetitia:
3741 2530 3825 2603 47;

2182 2633 2372 2695 neque
2392 2615 2547 2676 enim
2589 2615 2691 2695 ait,
2718 2614 2870 2677 Unxi
2902 2623 2958 2676 te
2992 2632 3100 2692 ego
3134 2616 3317 2693 Deus,
3341 2616 3469 2694 sed,
3510 2615 3697 2678 Unin
3729 2629 3784 2679 te
3811 2642 3823 2681 :

2183 2706 2263 2765 ita
2296 2715 2357 2766 ut
2384 2706 2526 2767 hinc
2558 2705 2846 2785 liquidum
2881 2708 2955 2765 sit
2999 2704 3174 2765 aliam
3195 2721 3510 2783 personam
3531 2722 3663 2767 esse
3697 2726 3829 2783 quae

2182 2796 2463 2875 loquitur.
2517 2796 2797 2867 Quasnam
2856 2794 3034 2871 igitur
3085 2792 3208 2867 illa,
3245 2792 3358 2851 nisi
3390 2795 3830 2876 propheta,qui

2182 2885 2448 2965 illapsam
2474 2884 2731 2965 Spiritus
2755 2883 2944 2944 sancti
2972 2881 3085 2942 vim
3111 2881 3171 2941 in
3195 2899 3258 2942 se
3282 2883 3541 2961 recepit?
3570 2908 3593 2940 υ
3632 2884 3834 2947 Basilii

2180 2976 2246 3034 in
2278 2976 2439 3035 hunc
2454 2975 2760 3053 psalmum
2776 2971 3108 3033 orationem
3131 2974 3176 3032 si
3194 2970 3326 3050 quis
3344 2972 3540 3049 legere
3556 2974 3827 3051 voluerit,

2180 3062 2238 3122 in
2275 3081 2345 3123 ea
2373 3063 2485 3123 hoc
2518 3060 2764 3123 Eusebii
2823 3062 3223 3140 fragmentum
3281 3060 3519 3139 syllabis
3583 3064 3829 3125 totidem

2182 3150 2603 3231 reperiet.Dixi
2629 3150 2989 3231 saapius,nec
3012 3150 3213 3212 dicere
3239 3150 3533 3226 desinam,
3564 3171 3658 3213 me
3678 3154 3826 3218 milii

2184 3242 2540 3321 persuadere
2554 3260 2673 3303 non
2690 3259 2861 3321 posse
2875 3240 3177 3301 hominem
3194 3240 3827 3303 disertissimumeum-

2183 3331 2445 3412 demque
2480 3330 2957 3413 cOpiosissimum
2994 3329 3277 3391 Basilium
3325 3333 3563 3409 graeculi
3616 3333 3829 3394 malam

446 3420 602 3501 quod
627 3421 851 3501 aliquot
879 3424 1304 3488 versiculorum
1322 3404 1877 3508 ihterpretationem
1897 3428 1958 3487 in
1976 3404 2154 3486 vul-C
2179 3404 2363 3482 artem
2397 3404 2689 3483 imitatum
2716 3419 3026 3493 esse.Quid
3054 3418 3212 3482 enim
3240 3404 3828 3484 attinebatBasilium

448 3511 599 3587 gatis
624 3511 868 3573 Eusebii
893 3512 1061 3575 libris
1081 3515 1256 3578 desse
1287 3526 1536 3580 constet.
1563 3516 1709 3579 Puto
1736 3517 1917 3595 igitur
1948 3536 2094 3579 cau-

449 3618 573 3661 sam
597 3618 705 3661 cur
719 3603 927 3681 psalmi
944 3604 1473 3687 trieesimiseptimi
1494 3608 1825 3688 explanatio
1855 3608 2095 3668 brevior

448 3689 523 3750 sit
546 3690 705 3769 apud
740 3689 1059 3754 Eusebium
1081 3715 1255 3775 quam
1278 3698 1433 3778 apud
1459 3696 1946 3777 Basilium,aliam
1980 3716 2095 3757 non

449 3796 603 3859 esse,
632 3779 745 3841 nisi
766 3782 922 3861 quod
953 3782 1176 3845 librarii
1210 3797 1314 3847 aut
1340 3786 1494 3847 nacti
1519 3786 1639 3847 sint
1662 3786 1931 3848 codicem
1960 3807 2091 3848 mu-

450 3869 640 3945 tilum,
675 3879 775 3932 aut
809 3877 1187 3953 pepercerim
1216 3875 1426 3937 labori.

529 3958 915 4032 37.0uaedam
941 3963 1149 4028 Basilii
1174 3966 1238 4027 in
1256 3966 1524 4029 Psalmos
1547 3968 1936 4037 orationes,in
1963 3967 2095 4048 qui-

450 4047 560 4137 bus
580 4047 910 4127 fragmenta
931 4051 1169 4116 Eusebii
1190 4054 1259 4116 ad
1286 4054 1533 4118 verbum
1558 4064 1912 4137 transcripta
1930 4047 2101 4136 repe-

448 4136 903 4215 riebamus,non
929 4160 1137 4221 parum
1162 4145 1427 4222 nobis,ut
1445 4166 1550 4208 suo
1582 4147 1711 4209 loco
1739 4136 2098 4219 notavimus,

452 4226 781 4291 exhibuere
802 4229 1132 4309 negotii.Et
1149 4234 1275 4295 haec
1302 4253 1537 4316 quoque
1556 4239 1619 4297 in
1640 4236 1936 4317 psalmum
1960 4254 2107 4316 qua—

451 4316 865 4407 dragesimum
883 4331 1170 4399 quartum
1194 4326 1516 4407 enarratio,
1543 4316 1701 4402 quod
1736 4327 1875 4388 huic
1903 4326 2096 4388 eidem

453 4406 834 4470 incommodo
854 4408 1110 4474 obnoxia
1130 4414 1352 4494 sit,non
1374 4406 1572 4478 minus
1592 4435 1699 4479 nos
1726 4418 1877 4478 male
1898 4416 2095 4494 habet,

2182 3511 2433 3573 induere
2465 3530 2530 3573 se
2561 3509 2775 3593 pennis
2824 3510 3063 3586 alienis,
3097 3510 3197 3590 qui
3247 3509 3371 3571 suis
3426 3511 3611 3586 magis
3660 3532 3833 3593 quam

2182 3602 2385 3663 ascitis
2417 3600 2861 3664 decorabatur?
2897 3599 3167 3662 Potuisse
3201 3600 3482 3662 Basilium
3516 3602 3588 3661 ab
3650 3607 3837 3665 Ense-

2185 3693 2278 3753 bio
2309 3692 2636 3754 sententias
2703 3690 2989 3771 quasdam
3058 3692 3338 3769 mutuari,
3376 3708 3524 3769 quas
3583 3690 3843 3771 politiori

2184 3782 2422 3844 dicendi
2462 3798 2690 3862 genere
2747 3798 2884 3841 suas
2917 3778 3181 3852 fecisset,
3210 3795 3330 3839 non
3362 3779 3533 3839 ierim
3567 3780 3795 3843 inﬁcias
3822 3804 3836 3843 :

2184 3874 2285 3933 sed
2346 3892 2482 3934 eum
2538 3872 2610 3933 ab
2673 3872 2888 3934 eodem
2947 3869 3181 3947 longam
3245 3868 3560 3930 verborum
3622 3871 3836 3932 seriem

2183 3983 2247 4023 su
2261 3967 2610 4042 mpsisse,ut
2635 3960 2874 4022 credam
2902 3960 2993 4020 vix
3027 3958 3287 4019 adducar
3315 3980 3330 4031 ;
3358 3960 3685 4038 praesertim
3705 3981 3837 4022 cum

2183 4055 2316 4115 sine
2355 4053 2539 4114 multo
2573 4050 2782 4112 labore
2834 4048 3199 4127 elegantiora
3232 4047 3503 4109 dixisset.
3544 4050 3842 4113 Librarios

2187 4144 2373 4220 igitur
2399 4159 2469 4203 ea
2497 4142 2555 4201 in
2586 4157 2653 4201 re
2677 4139 2833 4201 male
2857 4138 3156 4199 officiosos
3177 4138 3300 4198 haac
3326 4137 3638 4201 Basilianis
3660 4159 3842 4203 anne-

2189 4231 2391 4292 xuisse
2421 4229 2709 4292 arbitror.
2739 4228 2924 4307 Legas
2954 4226 3128 4288 velim
3158 4245 3491 4289 mumerum
3520 4228 3617 4309 35,
3648 4230 3838 4312 inquo

2193 4340 2319 4384 eam
2357 4322 2413 4381 in
2448 4318 2804 4381 sententiam
2842 4317 3025 4378 multa
3059 4334 3164 4396 pro
3194 4316 3351 4376 virili
3383 4316 3834 4397 disputavimus.

2267 4409 2677 4473 38.0rationis
2700 4410 2830 4489 ejus
2856 4425 2973 4487 qua
2999 4406 3259 4486 psalmus
3283 4408 3652 4469 centesimus
3679 4411 3838 4471 deci—

455 4513 631 4587 gnata
667 4498 917 4577 PrioreS.
954 4498 1150 4563 Verba
1180 4502 1423 4567 Eusebii
1454 4506 1831 4587 subjicimus,
1870 4517 1933 4568 ut
1966 4524 2099 4566 cum
2188 4519 2315 4560 mus
2350 4508 2591 4580 quartus
2624 4499 2681 4559 in
2716 4497 3029 4560 Basilianis
3062 4495 3428 4557 editionibus
3461 4496 3835 4575 explanatur,

453 4583 931 4667 Basilianis,quaa
959 4607 1068 4651 suo
1091 4592 1301 4655 ordine
1332 4583 1682 4658 excudenda
1701 4596 2105 4676 sunt,possint
2187 4591 2570 4669 reperiuntur
2595 4586 2836 4670 quidem
2876 4588 3204 4665 fragmenta
3248 4588 3305 4646 in
3341 4587 3705 4649 Corderiana
3736 4608 3841 4650 ca-

454 4676 739 4785 conferri.
773 4676 911 4740 Haec
941 4679 1121 4759 igitur
1150 4682 1427 4762 leguntur
1454 4686 1613 4766 apud
1636 4684 1959 4748 Eusebium
1984 4705 2100 4746 non
2129 4736 2172 4785 Β
2195 4679 2462 4751 tena,sed
2491 4680 2737 4785 nomine
2757 4678 3279 4785 diversoru‘r‘nmon
3296 4676 3668 4785 Basiliiﬁlia
3684 4680 3839 4785 enim

458 4764 637 4844 longe
695 4766 768 4829 ab
838 4768 1051 4835 initio:
1114 4775 1260 4839 Τινὲς
1308 4764 1565 4849 ᾠήθησαν
1615 4779 1690 4841 ὡς
1714 4778 1772 4833 ἐκ
1821 4780 2093 4854 προσώπω

2202 4770 2549 4832 tribuuntur
2585 4768 2859 4847 Didymo,
2896 4767 3015 4827 alia
3039 4765 3490 4846 Chrysostomo,
3527 4765 3842 4829 Theodoro

455 4866 549 4915 τοῦ
582 4858 782 4936 [ἰατρὸς
825 4857 1069 4939 λέγεσθαι
1102 4864 1189 4920 τὸν
1247 4863 1461 4940 ψαλμὸν
1493 4865 1610 4933 ἦτοι
1664 4867 1762 4934 τὴν
1813 4866 1954 4941 ᾠδὴν
2002 4887 2093 4944 περ

2203 4861 2337 4936 alia,
2364 4860 2479 4921 alia
2500 4858 2833 4938 Anonymo.
2864 4856 2980 4919 Sed
3015 4857 3180 4919 locus
3204 4856 3306 4917 ille
3336 4858 3439 4931 qui
3463 4856 3609 4917 eain
3639 4868 3845 4922 catena

457 4952 550 5002 τοῦ
590 4944 644 5002 ἐν
702 4948 849 5029 ἀρχῇ
909 4948 1061 5015 ὄντος
1122 4955 1251 5031 πρὸς
1309 4955 1466 5013 ἀύτὸν
1523 4957 1723 5037 Λόγου,
1779 4957 1836 5011 ὅν
1894 4957 1951 5013 ἐκ
2004 4957 2100 5023 τῆς

465 5036 620 5094 οἱονεὶ
652 5037 867 5117 καρδίας
917 5042 952 5109 ἢ
1008 5042 1181 5099 αὐτῶν
1224 5050 1329 5099 τῶν
1380 5036 1733 5126 σπλάγχνων,
1788 5049 1937 5126 φησὶ,
1976 5070 2108 5126 προ-

458 5126 686 5204 ήγαγεν,
719 5129 808 5183 καὶ
843 5129 947 5186 ἀπὸ
983 5131 1181 5209 ἀγαθῆς
1214 5130 1432 5211 καρδίας
1479 5135 1673 5212 ἀγαθὸς
1706 5134 1864 5213 λόγος
1911 5135 2110 5215 προῆλ-

458 5217 566 5276 Θεν.
605 5217 755 5291 Ἐμοὶ
784 5215 838 5273 δὲ
872 5216 1025 5275 δοκεῖ
1055 5242 1220 5278 ταυτα
1279 5221 1367 5279 ἐπὶ
1418 5225 1478 5279 τὸ
1527 5227 1856 5304 προφητικὸν
1909 5226 2109 5302 ἀναφέ-

460 5307 641 5383 ρισθαι
697 5307 1001 5384 πρόσωπον.
1053 5312 1129 5369 Τὰ
1181 5312 1281 5389 γὰρ
1339 5312 1528 5391 ἐφεξῆς
1564 5321 1657 5371 τοῦ
1716 5313 1877 5391 ῥητοῦ
1936 5316 2108 5372 οὐκέτι

460 5394 659 5469 ὁμοίως
698 5395 991 5472 ἐςομαλίζει
1044 5402 1179 5475 ἡμῖν
1211 5402 1311 5469 τὴν
1343 5404 1460 5479 περὶ
1498 5410 1588 5460 τοῦ
1646 5406 1849 5483 Πατρός
1907 5405 2108 5483 ἐςήγη-

457 5504 563 5543 σιν.
602 5484 733 5541 Οὔτε
762 5488 860 5566 γὰρ
890 5486 953 5543 ἂν
983 5494 1097 5569 περὶ
1128 5492 1226 5557 τῆς
1286 5492 1474 5551 ἑαυτοῦ
1530 5490 1780 5570 γλώσσης
1840 5497 1867 5550 ὁ
1922 5496 2105 5574 Πατὴρ

533 5642 786 5710 “Joan.
814 5663 856 5725 ι,
889 5646 935 5713 1.
1021 5646 1260 5716 ωρεειι.
1294 5665 1451 5733 xm,
1485 5652 1551 5733 2,
1584 5651 1649 5716 3.
1733 5652 1967 5719 "ibid.
2003 5655 2061 5719 3.

2204 4951 2439 5014 cuidam
2464 4948 2633 5011 alteri
2659 4945 3085 5016 tribuitur,non
3103 4947 3161 5007 in
3186 4964 3303 5007 uno
3327 4946 3681 5027 Basilio,sed
3706 4957 3764 5009 et
3787 4951 3843 5012 in

2203 5039 2462 5103 Eusebio
2474 5056 2711 5119 quoque
2724 5034 3176 5118 reperiturUtri
3199 5045 3394 5097 autem
3410 5036 3479 5095 ad
3482 5036 3845 5114 judicamlus

2196 5134 2293 5207 sit,
2323 5150 2395 5193 ex
2434 5128 2582 5209 stylo
2611 5127 2781 5189 facile
2816 5128 3091 5206 cognosci
3126 5133 3340 5206 potest.
3376 5128 3525 5189 Nam
3552 5124 3844 5204 fragmen—

2195 5232 2315 5283 tum
2342 5218 2486 5281 illud
2511 5217 2837 5281 dictionem
2864 5215 3261 5278 Eusebianam
3288 5232 3477 5295 usque
3502 5213 3651 5275 adeo
3670 5219 3843 5279 redo-

2196 5314 2296 5392 let,
2333 5319 2419 5384 ut,
2453 5309 2553 5389 qui
2587 5306 2942 5387 decipiatur,
2969 5315 3168 5388 putem
3199 5306 3323 5368 fore
3355 5303 3683 5366 neminem.
3714 5308 3840 5380 Qua

2193 5402 2267 5464 de
2293 5420 2356 5461 re
2381 5407 2446 5461 ut
2474 5416 2581 5480 per
2605 5415 2670 5459 se
2703 5396 2952 5477 quisque
2984 5401 3165 5477 possit
3184 5395 3481 5475 judicare,
3506 5394 3687 5458 verba
3711 5397 3838 5478 ipsa

2193 5491 2512 5555 ascribam.
2547 5486 2698 5550 Sunt
2727 5494 2925 5548 autem
2959 5487 3085 5548 haec
3120 5507 3133 5544 :
3172 5486 3230 5544 Ὀ
3261 5486 3464 5561 κόσμος
3498 5486 3647 5546 οὗτος
3682 5491 3837 5555 αὐτὸς
