4174 6422
1463 302 1539 365 D.
1587 303 1753 366 JUL.
1793 302 2174 368 GABNERII
2222 303 2650 369 PMFATIO.

3596 316 3734 369 CG!!!

341 441 390 498 τί
459 442 569 497 ἐστι
620 444 835 513 θνητὸς,
892 441 979 496 καὶ
1034 440 1231 517 χωρίον
1310 439 1751 504 ἀποθνησκόντων
1816 437 1983 499 ἐστίν.

2072 433 2277 499 David:
2312 445 2614 518 «ereptam
2639 457 2772 504 esse
2790 439 3056 503 animam
3080 456 3250 502 suam
3271 457 3307 501 a
3324 445 3543 515 morte,
3580 457 3730 501 ocu-

338 529 565 598 Ἐπειδὴ
623 531 722 609 γὰρ
766 530 1009 594 σύνθετός
1052 529 1164 584 ἐστι
1224 534 1330 584 τῶν
1378 526 1663 604 ὁρωμένων
1717 530 1752 597 ἡ
1788 528 1988 585 σύστα-

343 643 447 684 σις,
495 621 556 676 τὸ
599 618 653 675 δὲ
699 620 945 676 σύιθετον
1001 618 1144 674 ἅπαν
1202 615 1501 673 διαλύεσθαι
1546 617 1800 696 πέφυκεν,
1834 616 1888 673 ἐν
1914 623 1991 691 τῷ

343 711 528 785 κόσμῳ
584 710 754 783 ὄντες,
815 709 972 787 μέρος
1035 706 1183 772 ὄντες
1236 714 1326 763 τοῦ
1398 707 1625 781 κόσμου,
1687 707 1987 786 ἀναγκαίως

340 806 439 865 τῆς
484 799 574 855 τοῦ
624 800 824 862 παντὸς
882 799 1088 878 φύσεως
1146 795 1514 869 ἀπολαύομεν,
1569 795 1721 853 Ἐκεῖ
1778 795 1831 852 δὲ
1897 799 1989 854 οὒκ

339 888 483 946 ἔστιν
538 887 850 961 ἀλλοίωσις,
900 888 1017 945 οὕτε
1082 887 1360 961 σώματος,
1416 883 1533 942 οὔτε
1587 887 1793 966 ψυχῆς.
1858 886 1988 946 Οὐδὲ

340 981 440 1057 γάρ
474 979 586 1035 ἐστι
638 978 899 1056 λογισμοῦ
949 976 1287 1055 παρατροπὴ,
1346 973 1464 1034 οὐδὲ
1510 975 1791 1049 μετάθεσις
1842 975 1987 1053 γνώ-

340 1087 472 1141 μης,
505 1064 754 1140 οὐδεμιᾶς
813 1065 1175 1145 περιστάσεως
1230 1064 1292 1118 τὸ
1340 1064 1587 1126 εὐσταθὲς
1642 1064 1730 1120 καὶ
1784 1064 1987 1143 ἀτάρα-

341 1177 443 1235 χον
484 1161 591 1210 τῶν
622 1152 901 1232 λογισμων
954 1151 1378 1233 ἀφαιρουμένης.
1415 1152 1571 1231 Χώρα
1619 1151 1759 1209 ἐστὶν
1808 1152 1985 1220 ἐκείνη

342 1250 448 1300 τῶν
477 1244 553 1300 ἔτι
586 1245 822 1317 ζώντων,
866 1245 920 1299 ἐν
952 1245 987 1319 ᾗ
1019 1241 1252 1316 μάλιστα
1304 1242 1678 1319 εὖαρεστήσειν
1735 1249 1813 1316 τῷ
1874 1249 1989 1317 Θεῷ

344 1336 367 1387 ἔ
400 1334 679 1412 προφήτης
711 1330 1228 1410 κατεπαγγέλλεται,
1264 1332 1336 1395 ὡς
1367 1328 1453 1387 ὄπ’
1512 1329 1720 1396 οὐδενὸς
1774 1331 1989 1406 μέλλων

342 1428 445 1479 τῶν
496 1421 681 1487 ἔξωθεν
728 1422 1101 1479 διακόπτεσθαι
1160 1421 1398 1491 ζώντων.
1457 1418 1668 1488 Ἐκείνη
1714 1420 1874 1500 χώρα
1933 1423 1989 1478 ἐν

342 1513 378 1589 ᾗ
407 1514 503 1571 οὒκ
532 1514 605 1570 ἔνι
638 1514 745 1587 νὺξ,
780 1520 875 1573 οὒκ
904 1515 978 1569 ἔνι
1011 1513 1172 1578 ὅπνις
1227 1515 1289 1568 τὸ
1346 1520 1438 1569 τοῦ
1483 1517 1711 1570 θανατου
1742 1514 1986 1591 μίμημα,

344 1603 439 1659 οὒκ
469 1602 541 1659 ἔνι
572 1605 791 1680 βρῶσις,
825 1608 919 1663 οὒκ
962 1603 1036 1660 ἔνι
1068 1603 1223 1666 πόσις
1258 1604 1325 1659 τὰ
1366 1608 1467 1669 τῆς
1518 1602 1785 1666 ἀσθενείας
1831 1606 1989 1679 ἡμῶν

341 1692 722 1769 ὕπερείσματα,
783 1694 842 1749 οὗ
887 1699 994 1747 τῶν
1047 1690 1234 1757 ἔξωθεν
1277 1713 1328 1747 τι
1389 1698 1798 1768 περιστατικῶν·
1851 1692 1990 1749 ἀλλὰ

2074 524 2164 588 los
2182 545 2324 589 suos
2341 546 2374 589 a
2390 527 2884 609 lacrymis,pedes
2904 528 3167 608 denique
3190 547 3333 590 suos
3356 547 3391 589 a
3407 527 3579 608 lapsu
3597 530 3683 601 68;
3696 553 3723 585 ιι

2072 633 2205 697 quae
2224 616 2459 694 singula
2481 617 2743 681 breviter
2753 619 2993 701 quidem
3015 627 3079 681 ut
3094 618 3361 699 reliquos
3375 615 3727 697 psalmiver-

2070 706 2313 786 siculos,
2349 706 2453 768 sed
2485 715 2622 787 apte
2667 707 2990 789 explicarat
3033 707 3311 769 Basilius.
3347 705 3501 781 Quid
3548 707 3729 786 igitur

2071 812 2222 874 Opus
2246 794 2354 857 fuit
2380 796 2563 859 multa
2592 797 2828 861 effutire
2847 797 2919 860 ad
2940 796 3361 878 eXplicaudum
3384 814 3623 859 versum
3649 797 3729 859 il-

2070 882 2212 959 lum,
2228 884 2482 948 Placebo
2503 888 2762 950 Domino
2782 888 2852 950 in
2872 888 3118 966 regione
3139 891 3419 949 vivorum
3451 884 3726 966 “,quem

2070 981 2273 1054 utpote
2294 974 2762 1039 valetudinarius
2778 984 2835 1040 et
2848 975 3076 1057 alioqui
3090 975 3444 1055 defatigatus
3455 976 3727 1038 consulto

2070 1062 2385 1126 omiserat?
2406 1063 2552 1127 Nam
2576 1066 3046 1146 praetermissam
3073 1084 3203 1128 esse
3223 1065 3299 1128 de
3320 1064 3615 1128 industria
3629 1084 3728 1127 ex-

2075 1151 2474 1231 planationem
2496 1156 2817 1218 verborum
2836 1156 3102 1233 illorum,
3140 1153 3396 1218 Placebo
3441 1153 3723 1229 Domino,

2072 1250 2221 1322 etc.,
2253 1244 2409 1305 haud
2443 1244 2624 1307 dubio
2653 1244 2878 1309 indicio
2901 1252 2991 1309 est
3019 1244 3190 1322 illud,
3225 1244 3388 1322 quod
3418 1262 3514 1324 ea,
3538 1251 3603 1305 ut
3632 1263 3727 1305 so-

2072 1330 2413 1413 leret,inter
2437 1334 2915 1399 concionandum
2940 1355 3059 1398 non
3084 1333 3607 1407 recitarit.Quarta
3625 1332 3729 1396 de-

2074 1421 2256 1502 nique
2269 1422 2621 1503 suspicionis
2634 1443 2810 1487 causa
2823 1433 2937 1501 est,
2964 1425 3123 1507 quod
3137 1423 3464 1487 verisimile
3479 1441 3601 1485 non
3626 1424 3729 1486 ﬁat

2072 1510 2379 1573 hominem
2404 1513 2535 1593 puri
2569 1516 2865 1578 sermonis
2885 1516 3392 1579 studiosissimum
3418 1511 3726 1576 vocabulis

2071 1600 2422 1683 impropriis
2477 1612 2536 1667 et
2583 1604 2657 1666 ab
2716 1625 2830 1667 usu
2861 1605 3146 1688 loquendi
3192 1604 3472 1686 politiore
3497 1603 3726 1665 abhor-

2073 1691 2347 1755 rentibus
2368 1712 2543 1754 usum
2582 1712 2740 1758 esse.
2773 1696 2919 1769 Quis
2940 1696 3101 1759 enim
3124 1694 3297 1757 facile
3317 1693 3524 1756 credat
3551 1710 3727 1755 voca-

342 1783 498 1861 χώρα
540 1781 778 1855 ζώντων,
838 1786 933 1840 οὒκ
1007 1781 1453 1848 ἀποθνησκόντων
1508 1778 1594 1836 διὰ
1657 1786 1756 1850 τῆς
1808 1783 1984 1859 ἁμαρ-

2074 1782 2572 1857 ιιιιΙιιιη,ἁποϐολή,
2599 1804 2635 1846 a
2652 1785 2871 1848 Basilio
2893 1785 3229 1847 adhibitum
3256 1802 3392 1846 esse
3414 1783 3489 1845 ad
3522 1782 3723 1863 signi-

338 1873 471 1951 τίας,
508 1870 647 1927 ἀλλὰ
676 1873 891 1942 ζώντων
947 1873 1045 1938 τὴν
1100 1868 1357 1938 ἀληθινὴν
1392 1870 1537 1941 ζωὴν
1561 1870 1660 1937 τὴν
1690 1871 1746 1927 ἐν
1780 1879 1985 1951 Χριστῷ

2073 1868 2373 1931 ﬁcandum
2396 1871 2665 1936 dentium
2689 1882 3051 1952 ortum,cum
3077 1880 3273 1937 tamen
3294 1891 3401 1953 per
3423 1891 3488 1934 se
3507 1872 3730 1951 signiﬁ-

338 1960 534 2026 Ἰησοῦ.
573 1959 711 2021 σΗίρ
740 1960 999 2022 mundus
1021 1977 1162 2022 vere
1185 1965 1242 2021 et
1265 1959 1394 2039 ipse
1439 1959 1731 2040 mortalis,
1765 1968 1823 2022 et
1856 1980 1987 2024 mo-
2075 1967 2168 2020 cet
2193 1961 2387 2040 potius
2419 1979 2625 2024 eorum
2649 1964 2851 2045 lapsus
2893 1974 3069 2045 atque
3087 1965 3415 2045 jacturam?
3446 1962 3725 2025 Arbitror

333 2049 612 2111 rientium
639 2049 802 2112 locus
816 2050 1090 2123 est.Quia
1110 2049 1270 2111 enim
1286 2067 1491 2111 rerum
1508 2047 1830 2112 visibilium
1848 2070 1990 2113 con-
2074 2049 2354 2111 Basilium
2386 2050 2498 2112 hoc
2526 2052 2584 2113 in
2601 2052 2735 2115 loco
2758 2054 2996 2134 προϐολή
3023 2072 3141 2115 non
3193 2053 3440 2123 ἀποϐολή
3463 2053 3726 2133 scriptu-

336 2139 558 2200 stitutio
582 2140 909 2220 composita
933 2151 1049 2219 est,
1084 2158 1264 2201 omne
1278 2156 1422 2200 vero
1445 2140 1842 2217 compositum
1873 2142 1989 2204 sol-
2072 2156 2203 2200 rum
2236 2139 2604 2215 fuisse.Quid
2629 2143 2791 2222 quod
2820 2143 3068 2206 verbum
3092 2146 3169 2202 ἔνι
3194 2142 3414 2223 saepius
3432 2142 3491 2204 in
3512 2145 3721 2205 eadem

338 2228 531 2309 vitur;
561 2248 693 2291 cum
748 2231 808 2292 in
855 2230 1077 2291 mundo
1113 2238 1172 2291 et
1199 2247 1334 2309 pars
1387 2228 1595 2290 mundi
1627 2234 1839 2310 simus,
1872 2250 1986 2294 ne-
2072 2227 2318 2308 periodo
2340 2232 2663 2311 repetitum
2684 2233 3137 2315 legimus,quod
3164 2241 3364 2295 tamen
3386 2231 3631 2295 difﬁcile
3653 2232 3728 2294 sit

337 2319 597 2379 cessario
631 2328 855 2381 natura;
886 2319 1147 2381 universi
1197 2328 1505 2381 consortes
1525 2337 1756 2401 sumus;
1787 2330 1847 2381 at
1870 2322 1987 2383 illic
2071 2320 2130 2380 in
2155 2318 2357 2383 Basilii
2396 2324 2682 2403 operibus
2713 2342 2831 2386 non
2863 2325 3262 2387 controversis
3289 2323 3478 2385 semel
3508 2331 3609 2386 aut
3635 2322 3729 2385 bis

338 2427 455 2468 non
490 2417 578 2470 est
602 2409 932 2471 immutatio
968 2410 1056 2470 vel
1081 2410 1353 2489 corporis
1383 2408 1479 2471 vel
1502 2409 1741 2473 animae.
1774 2412 1987 2490 Neque
2069 2410 2372 2488 reperire?
2408 2412 2658 2475 Tantine
2710 2414 2966 2477 faciebat
2994 2413 3319 2478 Eusebium
3355 2414 3638 2488 Basilius,
3665 2423 3729 2475 ut

338 2499 494 2559 enim
520 2508 610 2559 est
639 2499 1016 2577 cogitationis
1063 2498 1388 2571 aberratio,
1447 2516 1641 2578 neque
1675 2500 1988 2562 sententiae
2079 2518 2211 2560 cum
2240 2502 2587 2582 possetipse
2602 2504 2678 2564 de
2700 2522 2811 2565 suo
2853 2505 3103 2568 meliora
3124 2504 3416 2585 proferre,
3452 2504 3728 2567 maluerit

336 2588 740 2661 variatio,cum
759 2588 1235 2651 nullacalamitas
1250 2595 1557 2669 peccatum
1578 2588 1991 2667 tranquillum-
2079 2596 2274 2649 tamen
2295 2588 2648 2653 Eusebianis
2676 2594 2926 2656 uti?Non
2947 2593 3162 2657 dubito
3184 2593 3364 2672 igitur
3382 2599 3526 2675 quin
3540 2602 3727 2655 totum

337 2695 452 2756 que
485 2678 902 2756 cogitationum
955 2677 1229 2739 ordinem
1281 2676 1527 2739 auferat.
1568 2675 1673 2739 Illa
1717 2678 1856 2738 item
1900 2687 1985 2741 est

2072 2676 2240 2750 illud,
2279 2681 2307 2735 ὁ
2343 2681 2544 2756 κόσμος
2579 2682 2727 2748 οὗτος
2778 2685 2933 2749 αὐτός
2982 2684 3041 2740 τὲ
3084 2685 3197 2740 ἐστι
3226 2684 3443 2763 θνητός,
3478 2693 3622 2761 etc.,
3657 2683 3730 2746 ad

336 2771 498 2845 regio
533 2768 877 2849 viventium,
912 2767 1015 2828 ubi
1047 2786 1112 2828 se
1162 2767 1416 2828 maxime
1462 2768 1582 2829 Deo
1624 2766 1985 2846 placiturum
2072 2767 2253 2829 ﬁnem
2288 2769 2776 2850 usque,additum
2807 2774 2933 2834 sita
2956 2770 3217 2834 librariis
3246 2772 3459 2852 (b),qui
3491 2781 3559 2834 ut
3587 2792 3729 2836 ora-

339 2858 632 2938 Pr0pheta
659 2858 1038 2938 pronuntiat;
1093 2865 1157 2918 ut
1197 2856 1353 2938 quia
1386 2856 1551 2917 nullo
1584 2865 1867 2918 extraneo
1915 2876 1989 2920 ex
2071 2856 2298 2919 tionem
2324 2859 2529 2922 Basilii
2554 2860 2739 2941 pluris
2769 2862 3128 2940 venderent,
3154 2879 3283 2924 eam
3323 2860 3727 2942 ampliandam

338 2964 586 3008 numero
619 2949 938 3009 viventium
961 2945 1412 3008 abscindendus
1444 2943 1655 3008 sit.Illa
1683 2946 1846 3024 regio
1871 2957 1983 3024 est,
2074 2965 2207 3009 esse
2233 2950 2947 3014 censuerunt.Timebant
2971 2952 3131 3013 enim
3154 2970 3254 3025 ne,
3279 2952 3328 3013 si
3366 2951 3720 3033 imperfecta

332 3039 391 3098 in
422 3057 536 3117 qua
568 3056 761 3117 neque
796 3055 933 3111 nox,
970 3054 1165 3117 neque
1219 3054 1491 3115 somnus,
1520 3035 1735 3097 mortis
1763 3035 1984 3118 imago,
2070 3038 2372 3100 videretur
2404 3048 2460 3101 et
2492 3041 2982 3119 manca,minoris
3011 3041 3407 3104 existimaretur
3437 3043 3511 3104 ab
3544 3061 3718 3124 emp-

333 3145 533 3202 neque
558 3126 956 3207 cibus,neque
985 3125 1552 3207 potus,infirmitatis
1577 3135 1796 3188 nostra;
1826 3126 1988 3189 falci.
2009 3164 2049 3215 C
2076 3129 2493 3193 toribus.Sane
2524 3149 2644 3193 non
2678 3150 2914 3213 parvam
2939 3131 3203 3213 gratiam
3230 3131 3493 3194 librariis
3528 3132 3723 3195 haben

334 3225 553 3296 menta,
591 3236 700 3278 nec
724 3216 1028 3297 quidpiam
1055 3233 1263 3278 eorum
1294 3233 1427 3296 quas
1453 3216 1830 3278 extrinsecus
1865 3236 1977 3279 mo-
2073 3215 2207 3277 dam
2243 3236 2375 3280 esse
2407 3228 2570 3300 puto,
2605 3221 2706 3302 qui
2738 3220 3038 3283 orationes
3093 3220 3237 3283 alias
3281 3221 3343 3283 in
3372 3221 3523 3283 alios
3559 3223 3721 3303 psal-

333 3306 561 3367 lestiam
580 3318 808 3380 creant;
838 3308 943 3369 sed
970 3307 1136 3384 regio
1168 3304 1518 3380 viventium,
1556 3323 1668 3366 nec
1702 3324 1808 3385 per
1840 3325 1984 3385 pec-
2074 3324 2222 3387 mos,
2258 3326 2512 3388 quorum
2565 3326 2805 3391 quoque
2858 3329 2977 3373 non
3010 3310 3229 3390 singuli
3262 3327 3475 3374 versus
3530 3312 3721 3393 expli-

332 3405 525 3456 catum
547 3397 949 3476 morientium,
978 3403 1039 3457 at
1060 3413 1197 3457 vera
1214 3396 1331 3455 vita
1344 3394 1661 3483 viventium
1680 3393 1987 3483 inChristo
2071 3406 2304 3472 cantor,
2341 3397 2517 3461 nobis
2548 3399 2802 3462 intactas
2831 3400 3207 3483 reliquerint.

332 3488 496 3547 Jesu.
528 3510 555 3541 π
593 3485 770 3547 Plura
793 3485 1032 3564 quidem
1058 3482 1444 3561 reperiuntur
1477 3483 1541 3572 in,
1572 3482 1789 3543 Basilio
1817 3501 1833 3556 ;
1879 3485 1985 3546 sed
2153 3487 2250 3549 39.
2288 3486 2449 3548 lnter
2482 3489 2745 3568 psalmos
2774 3510 2922 3572 quos
2951 3501 3058 3553 aut.
3087 3490 3420 3572 explanavit
3440 3490 3720 3569 Basilius,

333 3576 475 3655 quin
496 3574 865 3636 restituenda
887 3573 1007 3633 sint
1029 3573 1155 3635 haec
1176 3573 1305 3652 ipsa
1322 3571 1548 3635 auctori
1570 3590 1677 3632 suo
1696 3572 1985 3647 Eusebio,
2069 3584 2169 3635 aut
2188 3576 2539 3656 explanasse
2562 3571 3047 3659 putatur,ultimo
3063 3571 3193 3641 loco
3215 3581 3522 3661 reperitur
3541 3598 3722 3643 enar-

338 3663 651 3724 dubitandi
684 3663 850 3724 locus
884 3681 1017 3724 esse
1039 3664 1126 3723 vix
1154 3670 1365 3742 potest.
1394 3663 1541 3724 Nam
1568 3661 1779 3722 deesse
1805 3664 1988 3724 multa
2068 3664 2222 3725 ratio
2249 3666 2518 3745 quaedam
2562 3668 2624 3728 in
2670 3668 2964 3748 psalmum
2990 3668 3387 3731 centesimum
3420 3669 3722 3732 decimum

335 3754 396 3814 in
427 3753 860 3815 commentario
913 3772 984 3814 eo
1018 3770 1193 3832 quem
1225 3754 1291 3813 in
1319 3751 1480 3813 hunc
1506 3750 1803 3830 psalmum
1837 3770 1986 3813 con-
2070 3755 2365 3833 quintum.
2404 3754 2523 3818 Sed
2559 3757 2893 3837 fragmenta
2913 3757 3116 3819 omnia
3144 3777 3277 3839 qua:
3297 3776 3372 3821 ex
3389 3758 3502 3823 hac
3529 3760 3724 3822 inter-

331 3842 572 3922 scripsit
598 3842 918 3921 Eusebius,
950 3843 1044 3903 vel
1079 3862 1153 3902 ex
1188 3841 1315 3902 sola
1345 3840 1764 3902 commentarii
1796 3840 1983 3902 brevi-
2072 3844 2406 3924 pretatione
2437 3845 2500 3906 in
2524 3846 2797 3909 Corderii
2827 3855 3039 3909 catena
3061 3847 3345 3929 citantur,
3371 3867 3543 3930 reque
3563 3867 3634 3910 ac
3664 3848 3724 3911 in

333 3942 451 3995 tate
478 3942 663 4011 patet.
698 3936 827 3993 Jam
879 3932 1022 4009 quid
1076 3932 1150 3993 de
1185 3933 1298 3992 hoc
1348 3931 1678 4009 fragmento
1706 3932 1983 4011 sentiam,
2070 3933 2371 4013 superiori
2390 3935 2904 4017 psalmo,diversis
2934 3938 3476 4020 scriptoribus,uon
3504 3939 3725 4002 Basilio

334 4024 537 4101 paucis
579 4022 925 4096 dicendum,
977 4021 1254 4084 Arbitror
1310 4020 1559 4081 ascitum
1622 4020 1675 4078 id
1735 4038 1888 4092 esse,
1929 4027 1988 4081 et
2072 4021 2440 4087 tribuuntur.
2476 4026 2567 4104 Et,
2608 4033 2671 4086 ut
2723 4043 2929 4088 verum
2971 4024 3182 4102 fatear,
3214 4027 3465 4090 inclinat
3491 4028 3726 4091 animus

333 4113 451 4173 huc
473 4131 542 4173 ex
566 4111 918 4173 Eusebianis
962 4112 1166 4190 iniqua
1200 4129 1377 4171 manu
1409 4117 1810 4188 exportatum.
1837 4107 1983 4171 Cum
2069 4120 2135 4173 ut
2156 4112 2310 4173 hanc
2342 4114 2781 4177 enarrationem
2812 4114 2876 4177 in
2910 4117 3132 4196 spuriis
3161 4124 3339 4197 atque
3370 4117 3725 4180 adulterinis

331 4212 525 4262 autem
557 4202 671 4261 hou
699 4201 1045 4281 suspicandi
1079 4201 1223 4261 mihi
1256 4198 1373 4289 sint
1404 4216 1596 4289 causas
1630 4199 1981 4272 multaJres
2066 4220 2307 4281 ponam.
2334 4201 2507 4275 Nam,
2540 4211 2605 4266 ut
2632 4204 2875 4266 interim
2905 4205 2981 4267 de
3029 4207 3263 4268 caeteris
3289 4214 3541 4282 taceam,
3574 4206 3721 4289 quid

334 4299 556 4354 tantum
581 4299 679 4351 aut
700 4299 953 4370 quatuor
983 4291 1301 4369 proferam.
1334 4288 1534 4350 Prima
1564 4288 1840 4369 est,quod
1875 4292 1978 4352 Ba-

332 4382 501 4442 silius
524 4380 737 4440 itinere
772 4386 831 4440 et
853 4377 1057 4440 labore
1082 4379 1467 4457 defatigatus,
1490 4376 1785 4456 brevitati,
1814 4387 1874 4438 ut
1907 4396 1978 4439 ex

2065 4290 2177 4352 sibi
2214 4292 2333 4352 vult
2383 4291 2530 4354 illud
2568 4313 2581 4353 :
2621 4293 2771 4351 Ἀλλ’
2805 4293 2916 4351 εἴθε
2968 4297 3131 4372 κάμοὶ
3178 4296 3389 4374 γένοιτο
3443 4306 3721 4356 πιστεῦσαι

2064 4379 2244 4455 ἀξίως,
2277 4382 2370 4439 ’ἶνα
2402 4382 2627 4454 λαλήσω
2658 4390 2748 4440 νῦν
2776 4391 2844 4462 τῇ
2883 4383 3182 4459 Ἐκιιλησίᾳ
3212 4394 3306 4444 τοῦ
3345 4393 3479 4443 Θεοῦ
3510 4392 3578 4463 τῇ
3611 4409 3720 4463 με·-

335 4470 460 4550 ipsa
475 4468 1115 4551 psalmiexplanatione
1130 4467 1845 4548 constat,studeretquam
1862 4486 1981 4529 ma-

2072 4469 2204 4549 γάλῃ
2234 4472 2400 4547 ταύτῃ
2451 4473 2606 4529 πέντε
2658 4472 2851 4552 λόγους
2903 4474 2958 4532 ἐν
2988 4482 3065 4550 τῷ
3095 4479 3185 4532 νο³ι
3216 4498 3341 4556 μου,
3375 4499 3402 4531 ι
3436 4475 3556 4538 Sed
3591 4475 3725 4536 ηιξ..

333 4560 512 4633 xime;
538 4578 650 4621 nec
674 4558 926 4638 proinde
952 4558 1165 4619 mirum
1188 4557 1377 4618 videri
1409 4556 1710 4622 debeat.si
1727 4556 1980 4619 Basilius
2002 4556 2043 4567 '
2069 4576 2203 4620 nam
2238 4568 2296 4622 et
2330 4561 2476 4623 mihi
2508 4562 2814 4641 contingat
2835 4562 3015 4644 digne
3040 4564 3390 4641 credere,ut
3411 4583 3575 4627 nunc
3602 4583 3725 4627 ma-

333 4658 396 4710 ut
425 4649 569 4710 alias
603 4651 714 4728 (a),
744 4658 799 4708 et
830 4648 927 4709 hic
960 4666 1199 4729 quoque
1233 4646 1531 4728 psalmum
1566 4664 1685 4706 non
1736 4647 1982 4709 omnino

333 4738 1095 4819 exposuerit.A|tera,quod
1114 4745 1425 4817 postquam
1453 4734 1716 4814 scriptor
1742 4754 1982 4798 omnem

334 4830 642 4889 hominum
666 4828 838 4887 vitam
863 4826 1053 4888 tribus
1068 4844 1361 4887 annorum
1384 4823 1860 4886 hebdomadibus
1881 4826 1981 4887 de-

335 4916 1175 4997 ﬁnivit,nihilominus,secuIn
1194 4920 1326 4997 ipse
1339 4934 1455 4975 non
1476 4914 1988 4994 consentiens,eo-

336 5009 470 5070 dem
497 5007 557 5067 in
575 5007 705 5068 loco
718 5006 982 5086 quinque
1000 5013 1463 5077 recenseat,tem
1474 5022 1581 5084 pus
1595 5004 1980 5077 detentiouis,

330 5097 837 5160 accommodatam
867 5097 939 5157 ad
965 5095 1315 5174 disciplinas
1342 5093 1700 5157 ediscendas
1725 5102 1982 5179 aetatem,

330 5205 517 5249 annos
530 5185 1066 5266 ephebios,statum
1088 5185 1981 5266 virilem,senectutem.Tertia,

331 5280 484 5356 quod
515 5284 742 5336 tantum
776 5274 947 5337 abest
976 5282 1041 5336 ut
1077 5275 1203 5336 haec
1237 5275 1398 5336 inter
1425 5294 1490 5335 se
1520 5276 1881 5350 cohzereant,
1923 5287 1986 5339 ut

2065 4667 2197 4729 gnaa
2217 4649 2353 4712 huic
2372 4650 2481 4713 Dei
2502 4651 2791 4714 Ecclesia;
2805 4652 2989 4715 verba
3005 4653 3273 4735 quinque
3295 4653 3357 4716 in
3380 4672 3563 4717 sensu
3584 4673 3725 4716 meo

2067 4738 2313 4801 dicam.»
2326 4741 2502 4802 Certe
2518 4759 2638 4803 non
2653 4741 2954 4804 immerito
2965 4743 3234 4805 additum
3249 4753 3386 4805 esta
3397 4743 3726 4823 scriptore,

2067 4831 2156 4887 καὶ
2185 4829 2366 4905 μηδεὶς
2397 4830 2846 4911 κατάχλευαζὲτω
2866 4834 2959 4889 τὸν
2988 4831 3216 4913 λόγον,«
3242 4832 3366 4894 Nec
3396 4834 3721 4913 quisquam

2070 4920 2232 4982 hunc
2262 4920 2510 4982 irrideat
2539 4938 2944 4985 sermonem.»
2979 4922 3135 4995 Quid
3158 4923 3321 4985 enim
3344 4932 3487 4985 tunc
3504 4923 3725 4985 factum

2068 5009 2378 5091 sit,nescio
2403 5010 2790 5090 quidem,sed
2822 5010 3011 5093 probe
3040 5011 3166 5074 scio
3203 5012 3517 5074 hominum
3538 5028 3727 5092 genus

2069 5119 2229 5163 nunc
2259 5101 2341 5162 ita
2366 5109 2777 5181 comparatum
2808 5118 2966 5174 esse,
3024 5110 3111 5178 ut,
3146 5102 3200 5163 si
3230 5102 3366 5184 quis
3396 5101 3578 5164 hodie
3610 5102 3728 5166 hoc

2066 5189 2225 5251 idem
2252 5190 2415 5253 inter
2428 5190 2909 5255 concionandum
2932 5190 3357 5273 diceret,risus
3376 5210 3497 5255 non
3523 5191 3729 5273 paucis

2068 5280 2707 5358 exprimeretur.Dicas
2720 5290 3052 5356 auctorem,
3086 5283 3436 5365 quicunque
3460 5283 3564 5345 ille
3588 5283 3723 5355 fuit,

337 5367 530 5447 potius
561 5364 898 5427 redundare
922 5373 1129 5445 aperte
1158 5364 1492 5428 videantur.
1538 5366 1677 5428 Tria
1712 5367 1873 5427 enim
1894 5366 1986 5461 ait
2064 5368 2345 5431 vaticinio
2359 5369 3205 5451 quodamfuroreconcitatum
3219 5364 3725 5443 exclamasseﬁiot’

411 5531 466 5577 ιδ
496 5533 648 5597 Psal.
672 5548 834 5613 cxrv,
860 5532 920 5596 8.
1006 5530 1060 5577 ιο
1086 5532 1237 5599 ibid.
1268 5535 1333 5599 9.

417 5669 503 5752 (a)
538 5668 683 5732 Vide
713 5667 991 5733 bomilias
1025 5670 1092 5734 in
1120 5669 1292 5736 Psal.
1329 5677 1427 5736 iet
1448 5688 1572 5739 ux.

2146 5676 2233 5756 (ὸ)
2260 5676 2418 5757 Lege
2448 5674 2618 5743 hom.
2648 5678 2719 5741 in
2731 5679 3041 5761 psalmum
3072 5684 3203 5758 ινοι
3226 5657 3290 5740 in
3319 5696 3383 5760 p.
3406 5692 3450 5743 ιι
3480 5693 3572 5758 ps.
3605 5688 3724 5736 xiv.
