4174 6404
1777 290 1974 355 PROL
1989 287 2308 357 EGOMEN
2312 297 2362 356 Α
2372 342 2385 355 .

382 435 548 490 ctura
566 426 701 489 ﬁeri
725 428 938 507 possit.
970 428 1108 490 Haec
1131 428 1620 510 itaqueleguntur
1638 430 1696 489 in
1715 444 2030 489 commen-

2131 425 2441 505 ἐπαχθείσης
2507 430 2811 507 ἰατρείας...
2851 432 2924 486 Οὐ
2991 428 3205 484 πάντων
3272 421 3333 484 δὲ
3370 429 3503 493 θεὸς
3534 431 3562 484 ὁ
3613 429 3768 504 Θεὸς,

385 519 530 579 tario
553 518 618 578 in
644 523 910 596 primum
967 519 1268 597 psalmum
1303 537 1317 582 :
1354 523 1462 578 Οὔκ
1510 519 1792 576 ἀπέκλεισε
1847 516 1902 572 δὲ
1949 522 2041 574 τοῦ

2131 513 2260 570 ma
2291 523 2395 574 τῶν
2427 518 2799 574 οἶκειωθέντων
2830 517 2972 592 αὐτῷ
3001 516 3065 572 δι’
3099 518 3374 596 ἀρετῆς...
3409 517 3581 589 οὐδὲν,
3615 519 3768 598 φησὶ,

383 616 720 685 μακαρισμοῦ
762 609 853 672 τὰς
901 623 1182 686 γυναῖκας,
1217 609 1336 667 ἀλλ’
1365 610 1425 667 ἐκ
1458 610 1549 666 τοῦ
1578 607 2041 686 ἡγεμονικωτέρου
2123 603 2308 682 γέγονε
2353 608 2519 682 μέσον
2546 608 2642 675 τῆς
2672 609 2842 689 ἐμφῆς
2865 609 3070 687 φωνῆς,
3117 608 3203 664 καὶ
3246 608 3342 676 τῆς
3388 608 3488 676 σῆς
3521 608 3768 688 χάριτος,

383 305 521 358 CCVI

383 701 445 754 τὸ
474 696 596 754 ὅλον
651 697 958 763 ἐνεδείξατο.
1016 705 1151 764 Βιιιᾶς
1211 702 1310 778 γὰρ
1367 701 1574 780 φύσεως
1634 703 1718 755 καὶ
1765 699 1898 775 ἀνὴρ
1953 697 2044 753 καὶ

386 788 538 863 γυνή,
587 787 692 842 Οὐκ
721 787 845 842 εἴτε
877 785 952 842 δέ·
989 787 1047 850 ὅς
1080 791 1138 846 οὔ
1196 790 1494 867 πορεύεται.
1561 787 1618 847 Ὀ
1679 788 1776 863 μὲν
1834 787 1934 864 γὰρ
1987 785 2042 841 ἐν

383 882 458 949 τῷ
511 875 610 951 βίῳ
639 877 941 954 τυγχάνων,
999 875 1148 933 οῧπω
1178 880 1526 954 μακαριστὸς,
1576 876 1660 933 διὰ
1729 879 1791 934 τὸ
1845 874 2044 943 ἄδηλον

383 970 481 1031 τῆς
539 962 828 1029 ἐκϐάσεως·
891 969 918 1022 ὁ
983 964 1036 1022 δὲ
1099 965 1457 1045 ἀναντιῤῥῆτῳ
1540 965 1680 1023 τέλει
1748 967 1845 1034 τὴν
1901 967 2043 1038 ζωὴν

386 1055 765 1126 κατακλείσας,
827 1054 977 1120 οὗτος
1051 1055 1154 1124 ἤδη
1209 1055 1460 1137 ἀσφαλῶς
1521 1057 1862 1134 μακαρίζεται

391 1164 414 1198 ιι
450 1142 736 1205 Mulieres
769 1152 966 1205 tamen
998 1164 1030 1205 a
1064 1143 1434 1208 beatitudine
1465 1165 1584 1207 non
1620 1145 1896 1219 exclusit,
1933 1143 2039 1206 sed

387 1252 457 1294 ex
483 1232 894 1313 principaliori
927 1242 1108 1296 totum
1144 1235 1492 1300 declaravit:
1528 1235 1828 1318 siquidem
1861 1233 2040 1296 unius

388 1334 613 1385 natum
641 1333 779 1385 sunt
808 1325 895 1386 vir
925 1333 984 1385 et
1017 1325 1252 1388 mulier.
1308 1324 1436 1387 Non
1495 1327 1640 1387 dixit
1669 1335 1891 1401 autem,
1926 1323 2038 1396 Qui

387 1433 506 1474 non
535 1412 678 1474 abit.
715 1412 824 1486 Qui
858 1414 1017 1475 enim
1074 1416 1302 1477 exsistit
1332 1416 1391 1476 in
1424 1417 1534 1478 hac
1583 1415 1718 1491 vita,
1778 1415 2036 1477 necdum

389 1504 596 1565 beatus
615 1503 734 1564 dici
767 1505 1222 1584 dehet,propter
1240 1505 1721 1568 incertitudinem
1748 1514 1993 1568 eventus
2019 1525 2032 1566 :

387 1601 445 1654 at
474 1594 572 1674 qui
603 1593 996 1671 irrefragabili
1029 1594 1147 1656 (ine
1193 1596 1361 1656 vitam
1392 1597 1705 1670 conclusit,
1761 1596 1857 1657 hic
1913 1596 2036 1675 jam

389 1692 512 1746 tuto
545 1683 757 1746 beatus
789 1683 1158 1763 prtedicatur.
1179 1709 1199 1741 υ
1213 1685 1434 1747 Eadem
1469 1687 1736 1766 reperias
1753 1695 1812 1748 et
1837 1687 1896 1746 in
1921 1687 2038 1746 Ba-

2125 693 2245 750 ὰλλ’
2279 698 2415 770 ὁμοῦ
2455 696 2742 776 ἀνέκραξα,
2777 700 2863 754 καὶ
2915 701 3213 775 προσῆλθεν
3254 700 3430 762 ἳασις.
3471 718 3493 754 ιι
3559 695 3774 760 Beatus

2125 792 2322 846 autem
2357 785 2482 859 ille,
2519 786 2622 868 qui
2653 787 2714 847 in
2776 787 2959 849 fundo
2991 804 3161 848 suam
3197 787 3432 867 plagam
3488 793 3776 864 agnoscit,

2128 881 2190 934 ut
2220 875 2404 953 possit
2436 877 2507 936 ad
2528 876 2827 939 medicum
2857 877 3178 951 accedens,
3203 877 3434 940 dicere:
3459 877 3630 939 Sana
3647 895 3765 954 me,

2131 963 2386 1026 Domine
2414 966 2490 1008 δι’
2522 968 2630 1030 Hic
2655 967 2853 1047 itaque
2878 967 3094 1043 gratias
3149 966 3273 1043 agit
3304 985 3410 1048 pro
3463 967 3773 1030 curatione

2128 1071 2304 1132 quam
2337 1055 2532 1118 fuerat
2559 1063 2993 1120 consecutus...
3030 1055 3187 1117 Deus
3233 1063 3432 1118 autem
3489 1075 3606 1116 non
3639 1073 3773 1116 om-

2127 1142 2294 1204 nium
2327 1145 2508 1224 Deus,
2539 1145 2644 1208 sed
2667 1164 2874 1208 eorum
2900 1145 3001 1223 qui
3033 1145 3108 1207 ob
3141 1145 3412 1208 virtutem
3444 1145 3559 1226 ipsi
3597 1145 3770 1206 fami-

2123 1232 2299 1294 liares
2330 1243 2489 1298 sunt.
2526 1233 2705 1308 Nihil,
2742 1236 2962 1317 inquit,
2997 1236 3336 1298 intercessit
3374 1236 3529 1298 inter
3558 1253 3764 1297 vocem

2125 1340 2337 1396 meam,
2365 1333 2421 1384 et
2439 1325 2687 1402 gratiam
2708 1336 2906 1400 tuam;
2941 1325 3046 1386 sed
3071 1325 3246 1387 simul
3271 1323 3616 1393 utclamavi.
3651 1341 3776 1387 ους

2121 1411 2272 1472 ratio
2303 1412 2562 1475 advenit.
2597 1444 2616 1471 υ
2643 1414 2890 1496 Haecqui
2924 1414 3177 1477 voluerit
3206 1414 3480 1476 conferre
3505 1432 3637 1476 cum
3660 1414 3763 1475 Ba-

2122 1501 2632 1582 silianis,utraque
2656 1505 2812 1568 haud
2839 1505 3154 1567 dissimilia
3168 1505 3450 1585 reperiet.
3469 1505 3649 1568 Plura
3665 1503 3770 1584 qui

2123 1591 2303 1671 cupit,
2339 1592 2491 1671 legat
2513 1594 2988 1675 explanationem
3022 1596 3234 1656 horum
3258 1592 3742 1671 versuum,cPsal

2123 1680 2226 1741 lite
2248 1683 2560 1763 Domino,»
2586 1693 2666 1758 et,
2703 1684 3117 1747 «Conﬁtemini
3147 1683 3452 1745 memerita
3482 1682 3772 1744 sanctita-

385 1772 500 1832 silii
533 1773 800 1835 oratione
825 1777 888 1834 in
915 1777 1183 1852 primum
1213 1773 1535 1854 psalmum.
1564 1776 2038 1838 Commentarius
2063 1795 2099 1844 Β
2123 1770 2196 1830 tis
2214 1771 2363 1849 ejus:
2406 1797 2429 1826 ο
2467 1774 2686 1854 quibus
2729 1774 2788 1834 in
2822 1773 2998 1852 locis,
3055 1787 3116 1832 ut
3147 1789 3306 1851 saepe
3355 1773 3522 1845 alias,
3573 1773 3774 1851 inepte

386 1863 451 1924 in
469 1862 768 1932 psalmum
786 1863 1082 1925 decimum
1103 1871 1386 1942 quartum
1409 1865 1897 1947 exhibetqnoque
1919 1884 2037 1926 non

388 1971 732 2032 pauca,quaa
753 1952 998 2014 totidem
1018 1953 1263 2033 syllabis
1282 1955 1553 2036 reperire
1575 1958 1654 2018 sit
1678 1958 1738 2016 in
1771 1954 2041 2017 oratione

386 2061 614 2122 ea,qute
640 2043 799 2104 inter
815 2043 1146 2105 Basilianas
1161 2043 1320 2105 edita
1352 2053 1441 2106 est
1472 2047 1542 2107 in
1571 2045 1842 2108 eumdem
1869 2043 2038 2124 psal-

386 2150 574 2195 mum.
609 2132 727 2196 Sed
754 2152 888 2194 cum
921 2134 1186 2212 opusculi
1221 2135 1398 2214 hujus
1442 2138 1734 2212 γντισιότης
1771 2135 1954 2214 possit
1979 2134 2039 2195 in

387 2223 634 2285 dubium
696 2224 985 2298 revocari,
1019 2242 1089 2285 ex
1121 2242 1192 2285 eo
1223 2224 1546 2304 quidquam
1579 2224 2036 2287 exscribendum

389 2332 508 2373 non
543 2313 883 2374 censuimus
935 2312 1214 2393 Sequitur
1241 2314 1300 2374 in
1332 2313 1532 2376 Basilii
1563 2315 1825 2376 editione
1857 2331 2038 2375 enar-

391 2404 540 2465 ratio
565 2404 836 2482 primam
862 2404 1162 2484 psalmum
1186 2408 1538 2467 uicesimum
1556 2414 2039 2486 octavum,quam

392 2495 441 2554 si
475 2513 608 2555 cum
637 2497 1064 2556 commentaria
1087 2502 1550 2572 comparaveris,
1573 2495 1780 2556 eadem
1799 2497 1858 2556 in
1887 2504 2014 2555 utro

391 2603 507 2663 que
532 2583 820 2664 opusculo
870 2585 1304 2663 reprehendes.
1358 2583 1453 2647 Sic
1507 2586 1664 2646 enim
1701 2585 1952 2662 legimus
1981 2584 2043 2644 in

393 2673 824 2737 commentario
860 2693 987 2753 pag.
1028 2676 1135 2738 591
1182 2697 1194 2736 :
1232 2676 1324 2740 ἰὶς
1358 2677 1455 2750 μὲν
1487 2679 1616 2755 πρὸς
1664 2679 1724 2733 τὸ
1769 2678 2042 2753 αἰσθητὸν,

393 2765 506 2820 ἐπεὶ
538 2765 586 2819 αἱ
619 2764 830 2844 νεφέλαι
856 2764 1077 2843 πλήρεις
1109 2765 1388 2844 γενόμεναι
1410 2765 1616 2845 ὕδατος,
1651 2767 1821 2846 ψόφον
1851 2768 2046 2822 ἀποτε-

394 2854 563 2933 λοῦσι,
597 2855 687 2910 καὶ
735 2857 767 2922 ἡ
827 2853 1057 2911 θάλαττα
1115 2857 1373 2932 πνεύματι
1432 2857 1822 2933 ταραττομένη,
1876 2857 2045 2932 βίαιον

394 2946 535 3021 ἦχον
593 2944 880 3019 ἐκπέμπει,
943 2944 1236 3007 δεικνύντος
1294 2952 1386 3002 τοῦ
1434 2945 1615 3024 λόγου,
1692 2946 1771 3001 ὅτι
1821 2951 1962 3001 πᾶσα
2010 2946 2043 3011 ἡ

395 3034 560 3098 κτίσις
620 3036 903 3113 μονονουχὶ
934 3037 1056 3114 βοᾷ,
1103 3037 1192 3090 τὸν
1241 3035 1428 3100 ἐαυτῆς
1459 3031 1780 3112 δημιουργὸν
1837 3055 2044 3107 καταγ-

394 3123 672 3200 γὲλλουσα.
713 3124 819 3181 Κᾶν
843 3125 1037 3202 βροντὴ
1061 3123 1114 3179 δὲ
1158 3124 1218 3180 ἐκ
1267 3125 1450 3201 νέφους
1485 3123 1706 3201 ἐκραγῇ,
1762 3125 1857 3178 οὐκ
1914 3120 2106 3204 ἄλλος

395 3237 442 3270 τι
475 3214 585 3292 χρὴ
616 3216 866 3288 νομίζειν.
899 3214 932 3281 ἥ
982 3215 1062 3270 ὅτι
1112 3217 1138 3270 δ
1185 3215 1312 3276 θεὸς
1366 3218 1462 3279 τῆς
1519 3211 1674 3277 δόξης
1733 3209 2038 3288 ἐϐρόντησε,

397 3306 483 3359 καὶ
535 3305 614 3360 δτι
673 3307 700 3359 ὁ
775 3304 958 3382 Κύριος
1017 3305 1114 3371 τὴν
1142 3304 1300 3382 ὑγρὰν
1345 3303 1524 3358 οὒσίαν
1547 3302 1762 3380 συνέχει
1795 3298 1862 3354 δι’
1915 3299 2040 3353 ἑαυ-

397 3401 512 3466 τοῦ,
543 3401 828 3454 etcaatera
850 3411 963 3454 noe
995 3411 1198 3472 pauca,
1243 3409 1378 3470 quae
1423 3392 1704 3471 quisque,
1756 3396 1802 3450 si
1850 3385 2039 3457 lubet.

398 3484 595 3561 legere
653 3492 865 3562 potest.
923 3482 1138 3544 Eadem
1193 3492 1389 3544 autem
1450 3489 1678 3544 exstant
1729 3480 1786 3540 in
1839 3473 2043 3540 Basilii

396 3575 683 3654 oratione,
713 3593 832 3634 non
857 3574 1096 3654 quidem
1128 3573 1642 3643 continenter,sed
1670 3565 2045 3648 interpositis

399 3664 718 3727 nonnullis.
751 3665 870 3726 Nec
897 3664 1211 3725 dissimilia
1227 3681 1463 3745 quoque
1483 3662 1782 3724 habentur
1803 3660 1864 3720 in
1885 3659 2045 3718 hunc

399 3757 608 3836 psalmi
642 3771 901 3817 versum:
922 3755 1046 3817 Vox
1075 3755 1320 3816 Domini
1340 3751 1836 3816 inlerniendenlis
1865 3750 2043 3827 ﬂam-

400 3865 561 3908 mam
593 3848 750 3927 ignis
784 3843 856 3909 ⁵¹.
879 3844 995 3907 Sed
1017 3844 1115 3906 ubi
1141 3845 1393 3923 legimus
1417 3843 1628 3904 usitate
1656 3850 1710 3902 et
1741 3840 2044 3918 eleganter

399 3939 458 4001 in
489 3939 728 4009 Basilio,
791 3941 985 4002 ⁷ἷνα..,.
1019 3941 1078 3995 τὸ
1121 3940 1218 4013 μὲν
1249 3938 1400 4014 δριμὺ
1455 3939 1542 3993 καὶ
1601 3936 1920 3992 κολαστικὸν
1953 3938 2043 3988 τοῦ

399 4034 561 4108 πυρὸς
593 4045 711 4093 τοῖς
754 4032 917 4097 ἀξίοις
971 4031 1066 4097 τῆς
1121 4031 1362 4090 καύσεως
1423 4026 1828 4104 προσαπομένῃ,
1893 4033 2039 4092 etc.,

406 4118 534 4184 «Ut.
549 4170 556 4178 .
574 4119 750 4198 .ignis
765 4119 1004 4200 quidem
1025 4117 1316 4196 asperitas
1336 4135 1404 4177 ac
1427 4115 1743 4193 torquendi
1765 4113 2039 4194 proprie-

399 4221 488 4272 tas
518 4211 592 4272 iis
621 4210 722 4290 qui
747 4209 1061 4271 adustione
1094 4207 1256 4286 digni
1305 4216 1443 4267 sunt
1475 4221 1764 4278 servetur,
1804 4229 1829 4259 ι)
1896 4214 2038 4273 etc.,

401 4301 681 4361 inusitate
712 4307 766 4359 ιιι
797 4297 1048 4359 barbare
1071 4297 1294 4358 editum
1329 4296 1386 4357 in
1423 4293 2044 4358 Commentarioinve-

401 4391 622 4463 nimus,
658 4390 747 4445 ’ἕνα
794 4392 853 4444 τὸ
885 4389 980 4460 μὲν
1038 4387 1191 4466 δριμὺ
1234 4389 1320 4443 καὶ
1369 4390 1650 4443 καυστικὸν
1695 4398 1814 4448 τοῖς
1879 4384 2029 4448 ἐξὲκ.

2065 4419 2112 4472 D

2125 1860 2469 1940 plagiarium
2486 1865 2604 1941 agit
2633 1871 2840 1926 auctor
2860 1860 3475 1923 commentarii.ldem
3496 1861 3772 1922 sentien-

2123 1949 2261 2010 dum
2281 1949 2356 2011 de
2370 1953 2746 2013 enarratione
2764 1955 2828 2012 in
2847 1954 3151 2031 psalmum
3173 1949 3551 2012 tricesimum
3564 1968 3772 2012 rectm-

2123 2038 2356 2105 dum.in
2371 2060 2488 2118 qua
2516 2055 2630 2103 tam
2682 2041 2867 2102 multa
2890 2049 3053 2116 sunt,
3080 2057 3210 2120 quae
3231 2058 3264 2101 e
3291 2038 3489 2100 Basilii
3509 2041 3578 2102 in
3602 2057 3771 2101 eum-

2121 2129 2256 2190 dem
2269 2131 2572 2208 psalmum
2588 2131 2864 2192 oratione
2883 2129 2956 2191 ad
2974 2130 3218 2190 verbum
3235 2136 3469 2208 sumpta
3485 2147 3617 2190 esse
3635 2148 3774 2189 cou-

2124 2226 2260 2294 stat,
2287 2238 2356 2282 ea
2382 2229 2443 2281 ut
2462 2220 2662 2282 malim
2690 2219 3164 2300 indicare,quam
3181 2217 3776 2297 exscribere.Legan-

2127 2317 2221 2368 tur
2274 2310 2452 2389 igitur
2495 2330 2628 2388 qua:
2671 2311 2731 2371 in
2769 2308 3203 2372 commentario
3251 2308 3548 2370 habentur
3581 2310 3636 2369 in
3669 2308 3778 2369 hos

2125 2416 2349 2470 versus,
2363 2401 2757 2481 Conﬁtemini
2787 2401 3042 2461 Domino
3058 2400 3124 2460 in
3142 2398 3395 2460 cithara
3415 2397 3578 2478 5';et:
3601 2396 3778 2460 Mise-

2125 2489 2392 2552 ricordia
2407 2491 2656 2552 Domini
2672 2490 2849 2570 ple-na
2868 2496 2954 2552 est
2972 2498 3135 2550 terra
3153 2486 3348 2562 lia';et:
3374 2488 3556 2549 Verbo
3568 2487 3772 2548 Domi-

2128 2581 2193 2641 ni
2215 2582 2356 2643 caeli
2374 2581 2602 2661 ﬁrmati
2623 2587 2854 2658 sunt,et
2875 2582 3099 2659 spiritu
3127 2581 3260 2640 oris
3288 2581 3412 2653 eius
3434 2579 3630 2638 omnis
3645 2584 3774 2638 vir-

2130 2678 2227 2730 tus
2248 2689 2471 2734 eorum
2491 2671 2544 2714 53
2569 2689 2701 2752 qua:-
2717 2671 2847 2731 loca
2875 2670 2920 2730 si
2945 2687 3077 2728 cum
3102 2665 3411 2728 Basilianis
3428 2681 3773 2746 comparen-

2129 2769 2247 2840 tur,
2282 2761 2430 2822 nihil
2459 2776 2706 2839 utraque
2748 2760 2904 2819 inter
2945 2776 3009 2817 se
3064 2756 3306 2817 diﬂ‘erre
3338 2754 3463 2815 suis
3522 2755 3777 2836 quisque

2131 2850 2315 2911 oculis
2345 2849 2874 2911 cernet.Nolumus
2895 2853 3091 2905 tamen
3111 2849 3312 2904 omnia
3331 2844 3776 2922 quaecunquein

2129 2939 2564 2998 commentario
2589 2943 2820 2997 exstant
2848 2935 2908 2993 in
2942 2933 3112 3004 illud,
3142 2933 3328 2994 Verbo
3358 2932 3773 3013 Domim',etc.,

2133 3026 2308 3086 tribui
2362 3025 2603 3104 Basilio,
2641 3043 2776 3085 cum
2831 3040 3037 3084 eorum
3094 3031 3318 3101 partem
3353 3027 3670 3084 maximam
3705 3042 3774 3085 ex

2135 3114 2390 3178 Eusebio
2421 3123 2717 3193 sumptam
2757 3130 2891 3174 esse
2921 3111 3238 3173 credamus
3273 3111 3381 3193 (ὁ).

2210 3205 2490 3277 li3.Quod
2507 3207 2554 3264 si
2577 3202 3526 3282 quasindicavimus,nequaquam
3545 3204 3779 3266 sulﬁce-

2130 3293 2670 3372 revideanturJegi
2698 3295 2946 3373 insuper
2980 3299 3172 3372 potest
3193 3292 3486 3373 expositio
3519 3292 3774 3354 aliorum

2133 3401 2430 3457 versuum,
2463 3384 2720 3463 exempli
2743 3401 2920 3444 causa
2950 3382 3107 3442 illius
3140 3399 3153 3443 :
3194 3383 3598 3462 Congregans
3623 3385 3780 3445 sicut

2129 3482 2327 3536 utrem
2349 3493 2536 3553 aquas
2559 3479 2748 3537 maris
2771 3471 2846 3515 ⁵³⁸
2878 3495 2893 3548 ;
2927 3473 3071 3534 item
3105 3471 3286 3532 illius:
3317 3472 3617 3546 Quoniam
3650 3479 3781 3554 ipse

2131 3567 2291 3626 dixit
2325 3573 2378 3627 et
2409 3567 2571 3643 facta
2599 3565 2836 3627 sunt“.
2858 3562 3125 3642 Denique
3149 3570 3431 3641 praestare
3462 3561 3680 3631 audeo.
3729 3562 3781 3624 si

2132 3663 2251 3715 tota
2283 3655 2490 3734 psalmi
2525 3657 2859 3737 explanatio
2885 3654 3137 3730 legatur,
3161 3649 3370 3712 eadem
3397 3651 3616 3730 passim
3641 3651 3780 3714 etin

2131 3746 2802 3806 commentariiauctore
2820 3743 2950 3804 etin
2983 3740 3201 3803 Basilio
3236 3740 3774 3819 repertumiri.Pa-

2131 3836 2276 3896 riter
2295 3835 2346 3897 si
2376 3835 2436 3895 in
2469 3832 3144 3910 commentariolegatur
3169 3831 3436 3909 psalmus
3452 3830 3782 3911 quadrage-

2125 3925 2316 3986 simus
2345 3934 2612 4004 quartus,
2647 3924 2776 4002 ipse
2808 3938 3046 4002 quoque
3079 3919 3134 3978 id
3196 3919 3356 3994 quod
3388 3938 3424 3980 a
3471 3919 3687 3982 Basilio
3715 3921 3779 3982 in

2127 4013 2404 4074 eumdem
2437 4013 2730 4092 psalmum
2761 4011 2981 4072 dictum
3000 4007 3446 4087 est,exhibebit.
3477 4009 3665 4088 Cujus
3683 4008 3780 4070 rei

2127 4103 2528 4165 testimonium
2551 4120 2732 4163 unum
2756 4101 2869 4180 peti
2891 4105 3168 4176 potestex
3191 4096 3283 4157 his
3303 4098 3513 4176 psalmi
3533 4097 3730 4160 verbis
3764 4119 3778 4159 :

2126 4194 2364 4269 Lingua
2378 4209 2509 4254 mea
2529 4190 2801 4253 calamus
2815 4187 3031 4251 scribae
3051 4185 3327 4248 velociter
3346 4187 3667 4250 scribentis
3682 4185 3780 4250 εν.

2127 4281 2270 4343 Nam
2284 4283 2556 4343 versiculi
2570 4278 2745 4360 hujus
2759 4277 3096 4356 explicatio,
3133 4294 3309 4357 quam
3334 4275 3393 4337 in
3413 4287 3784 4340 commenta-

2168 4373 2220 4431 io
2250 4373 2524 4452 legimus,
2556 4373 2735 4431 sinon
2756 4377 2897 4447 tota,
2925 4374 2985 4428 at
3016 4365 3149 4445 ejus
3170 4383 3306 4445 pars
3333 4385 3542 4444 magna
3563 4386 3632 4429 ex
3664 4368 3781 4429 Ba-

401 4455 638 4534 καύσεωξ
672 4455 1168 4547 προσαποδείσοί,’‹‹
1233 4467 1310 4527 ita
1345 4477 1407 4527 ut
1459 4467 1756 4529 acerbitas
1803 4465 2042 4544 ιιυὶεἰίιιῐι

2134 4462 2252 4524 silii
2274 4463 2542 4522 oratione
2555 4455 3152 4540 sumptaest.Deinde
3175 4473 3301 4516 rem
3327 4455 3601 4518 eamdem
3624 4457 3789 4516 miri-

405 4568 464 4621 et
495 4546 830 4621 urendivis
860 4558 1093 4619 ustione
1121 4556 1317 4631 dignis
1347 4555 1857 4636 deputetur.»Sed
1878 4554 2051 4615 fari.e
2134 4555 2248 4615 tice
2279 4554 2586 4614 conﬁrmat
2609 4550 2753 4611 illud
2777 4546 3202 4636 commentarii
3234 4564 3365 4625 pag'
3389 4546 3507 4609 834
3534 4567 3545 4607 :
3583 4557 3778 4625 Τροπι-

404 4649 764 4712 crediderim
781 4648 1061 4710 mendum
1079 4635 1608 4708 esseiibrariorum
1621 4651 1740 4726 ,qui
1755 4664 1885 4724 ,pru
1901 4666 2035 4720 προσ

2135 4649 2242 4708 xu);
2296 4643 2568 4722 ἡγούμεθα
2613 4663 2778 4698 ταυτα
2827 4638 3083 4716 λελέχθαι
3138 4635 3222 4691 διὰ
3252 4637 3349 4702 τὴν
3399 4637 3666 4715 σάρκωσιν
3694 4643 3786 4692 τοῦ

410 4741 679 4818 απομένῃ,
711 4736 1110 4815 προσαποδείσοι
1144 4736 1468 4797 oscitanter
1491 4736 1814 4815 scripsere.
1871 4735 2042 4796 Com-

2137 4740 2268 4791 Θεοῦ
2301 4733 2495 4810 Λόγου,
2528 4730 2584 4795 ὅς
2637 4731 2746 4786 ἐστι
2779 4728 3082 4803 τομώτερος
3153 4727 3283 4804 ὑπὲρ
3331 4732 3505 4782 πᾶσαν
3566 4727 3783 4807 μάχαι-

414 4813 686 4892 mentarii
718 4813 944 4902 auctor,
971 4827 1238 4908 quisquis
1267 4826 1370 4888 ille
1393 4825 1519 4900 fuit,
1547 4813 1685 4887 fecit
1723 4843 1888 4886 more
1921 4842 2042 4899 suo1

2139 4847 2250 4902 ραν,
2322 4833 2473 4879 Διοτι
2531 4825 2558 4878 δ
2630 4821 2801 4896 μηρὸς
2847 4813 3112 4890 σύμϐολόν
3143 4815 3252 4871 ἐστι
3283 4821 3383 4882 τῆς
3413 4817 3551 4872 κατὰ
3573 4817 3784 4894 γένεσιν

411 4929 492 4991 ut,
527 4939 661 4981 cum
685 4904 1348 4999 psalmum-vicesimum
1381 4934 1602 4976 nonum
1632 4916 2042 4994 interpretare-

2140 4914 2422 4991 ἐνεργείας.
2455 4908 2677 4977 Ἐπειδὴ
2731 4907 2786 4964 δὲ
2859 4905 3042 4980 μέλλει
3073 4904 3425 4962 συνάπτεσθαι
3478 4911 3547 4984 τῇ
3618 4907 3783 4963 ἀσθε-

410 5020 526 5084 tur,
547 5009 742 5072 Basilii
760 5013 826 5072 in
847 5010 1120 5071 eumdem
1141 5005 1450 5085 psalmum
1481 5007 1813 5066 orationem
1831 5003 2054 5083 compi-

415 5101 576 5164 larit.
615 5101 782 5163 Libet
811 5097 1095 5160 nonnulla
1112 5095 1444 5156 ascribere.
1483 5093 2004 5174 ltaigitnrlegitur
2038 5111 2053 5156 :

415 5191 683 5270 Μακάριος
715 5189 770 5246 δὲ
800 5193 828 5245 ὁ
857 5191 955 5256 τὴν
990 5195 1042 5244 ὲν
1074 5194 1150 5260 τῷ
1182 5187 1328 5261 βάθει
1348 5186 1507 5244 αὖτοῦ
1529 5183 1746 5262 πληγὴν
1768 5185 2056 5262 γνωρίζων,

416 5283 486 5341 ὡς
519 5279 762 5336 δύνασθαι
815 5279 1052 5354 προσιὼν
1101 5283 1176 5348 τῷ
1247 5277 1410 5350 ἰατρῷ
1466 5274 1661 5353 λέγειν.
1725 5273 1911 5331 "lani
1963 5295 2052 5347 με,

2143 5006 2252 5075 νεία
2309 5008 2404 5068 τῆς
2477 5000 2672 5077 σαρκὸς
2709 4999 2736 5054 ὀ
2793 4998 3040 5077 Χριστὸς,
3094 4993 3274 5056 καλῶς
3346 4996 3655 5074 πρόσκειται
3701 4997 3786 5064 τὸ,

2149 5091 2368 5152 Δυνατέ.
2401 5093 2668 5165 Μεγίστης
2702 5089 2802 5167 γὰρ
2832 5087 3128 5163 δυνάμεως,
3162 5085 3222 5139 τὸ
3265 5082 3546 5153 δυνηθῆναι
3579 5087 3708 5140 Θεὸν
3738 5084 3792 5141 ὲν

2146 5183 2417 5258 ἀνθρώπου
2469 5180 2618 5259 φύσει
2659 5177 2922 5256 γενέσθαι.
2992 5198 3016 5227 α
3073 5170 3350 5250 Figurate
3389 5171 3794 5235 existimamus

2148 5274 2272 5334 haec
2299 5269 2456 5331 dicta
2475 5285 2606 5330 esse
2651 5275 2893 5347 propter
2922 5260 3390 5324 incarnationem
3450 5261 3632 5326 Verbi
3660 5261 3793 5336 Dei,

422 5372 595 5450 Κύριε.
660 5366 916 5426 Ἐνταῦθα
973 5366 1152 5442 μέντοι
1222 5367 1530 5445 εὐχαριστία
1587 5363 1727 5419 ἐστὶν
1788 5363 1918 5442 ὑπὲρ
1964 5363 2042 5430 τῆι

2147 5361 2302 5443 quod
2338 5357 2502 5420 omni
2525 5356 2718 5435 gladio
2739 5353 2976 5418 acutius
3005 5349 3792 5433 esLQuoniamfemursym-

494 5529 539 5572 ⁵1
577 5527 728 5591 Psal.
754 5543 959 5604 xxvm,
996 5527 1051 5588 'i.
1137 5526 1210 5568 51‘
1234 5525 1356 5588 Jer.
1393 5541 1535 5600 xvn,
1575 5525 1669 5587 14.
1719 5523 1770 5566 53
1799 5524 1946 5586 Psal.
1981 5541 2042 5586 xi

2131 5538 2169 5599 Ι,
2205 5519 2262 5586 3.
2312 5515 2399 5560 ⁵2*
2427 5516 2570 5581 ibid.
2606 5519 2664 5581 5.
2711 5513 2931 5578 53ibid.
2963 5514 3023 5573 6.
3071 5510 3151 5555 53'
3176 5510 3325 5575 ibid.
3357 5513 3421 5573 7.
3466 5511 3521 5556 ⁸⁸
3549 5511 3698 5576 ibid.
3732 5511 3794 5576 9.

415 5610 490 5656 5"
522 5611 678 5676 Psal.
710 5626 868 5685 χειν,
901 5609 963 5673 2.

497 5748 582 5829 (a)
608 5745 704 5811 Uti
732 5745 895 5809 soleo
929 5744 1184 5824 vulgatis
1212 5739 1840 5822 interpretationibus.

2239 5735 2326 5818 (ὸ)
2355 5735 2498 5815 Leg.
2532 5751 2697 5797 num.
2729 5731 2837 5798 35.
