4174 6408
396 298 577 355 eum

1795 290 2388 357 PROLEGOMENA.

483 443 507 512 ι
544 420 656 493 Qui
686 420 847 512 enim
874 419 1095 512 divinas
1142 422 1257 502 legi
1313 430 1501 505 vacat,
1532 430 1594 487 et
1647 424 1855 487 rivulis
1909 427 2043 506 ejus
2067 427 2474 507 Aquidem,iu
2488 429 3349 512 deeoresanetiﬁcato,edidit;
3379 432 3775 511 Symmachus

394 508 694 589 irrigatur,
719 510 1047 572 asimilatus
1070 521 1159 573 est
1180 512 1379 575 arbori
1407 517 1572 591 juxta
1594 534 1779 596 aquas
1801 517 2033 579 consti-

396 606 553 662 tutae.
586 626 611 655 ι
645 597 1010 679 thuoniam
1067 620 1184 662 non
1220 603 1467 666 multum
1504 607 1687 667 refert
1718 614 1913 668 utrum
1968 624 2038 667 ea

396 708 527 768 quae
582 689 1063 763 transcribimus,
1097 693 1437 756 cohaereant
1494 696 1651 756 inter
1693 716 1782 770 se,
1819 716 2035 769 necne,

395 777 640 846 psalmos
674 779 933 849 singulos
960 782 1188 838 animus
1207 798 1322 839 non
1342 793 1425 841 est
1456 784 1657 841 ordine
1678 800 2036 855 percurrere:

392 861 489 916 sed
521 861 790 932 quidque,
824 873 883 920 ut
903 874 1186 928 occurret.
1217 867 1492 923 adnotare
1518 870 1649 925 satis
1676 871 2037 927 habebimus.

391 944 524 1010 Otio
544 948 643 1028 qui
666 946 930 1010 abundat
952 951 1273 1029 quominus
1294 970 1415 1014 sua:
1441 954 1768 1015 curiositati
1800 957 2036 1017 satisfa~

394 1054 531 1097 cere
555 1041 761 1118 possit,
800 1039 947 1100 nihil
974 1050 1143 1102 vetat.
1182 1042 1377 1114 Quare
1398 1046 1466 1105 ad
1496 1046 1790 1124 psalmum
1822 1048 2035 1108 vicesi-

397 1144 552 1186 mum
569 1136 836 1189 octavum
856 1130 1303 1211 transibimus,e
1324 1152 1440 1214 quo
1466 1135 1753 1195 nonnulla
1768 1138 2038 1218 exempli

392 1216 521 1276 loco
548 1217 1003 1295 proferentur,si
1030 1228 1226 1282 tamen
1244 1223 1406 1299 prius
1421 1242 1556 1284 mon
1567 1224 1832 1286 uerimus
1851 1216 2035 1288 Euse-

396 1307 552 1363 bium
568 1316 619 1363 et
640 1311 1566 1382 commemtariiscriptorem,dum
1588 1313 1812 1371 initium
1829 1317 2031 1387 psalmi

393 1391 612 1481 decimi
635 1394 828 1473 quarti
856 1397 999 1456 inter
1014 1404 1466 1476 pretantur,non
1505 1418 1637 1461 raro
1658 1420 1899 1481 quoque
1928 1423 2033 1465 ea-

393 1478 527 1542 dem
560 1482 774 1545 iisdem
815 1483 1006 1545 vorbis
1031 1485 1258 1552 dicere.
1290 1486 1427 1549 Haec
1460 1488 1638 1567 igitur
1667 1478 1943 1568 leguntur
1976 1494 2036 1555 in

393 1572 753 1629 enarratione
785 1573 1012 1631 Eusebii
1041 1576 1099 1631 in
1118 1578 1392 1650 psalmum
1408 1580 1719 1636 vicesimum
1757 1586 1992 1637 octavum
2020 1607 2031 1638 :

394 1655 483 1714 Ἐν
510 1661 596 1721 οἷς
629 1661 655 1713 6
687 1658 845 1737 λόγος
888 1662 986 1728 τὴν
1019 1663 1367 1741 εὐαγγελικὴν
1412 1668 1572 1744 χάριν
1604 1668 1701 1732 τὴν
1762 1670 1831 1733 εἰς
1864 1670 2034 1727 πάντα

2122 532 2295 582 vero.
2330 524 2389 582 in
2412 521 2622 583 decore
2640 530 2870 585 sancto.
2902 518 3042 581 Vult
3065 525 3223 581 enim
3244 538 3355 581 nos
3377 538 3511 581 cum
3537 514 3775 583 decenti

2123 618 2332 670 ornatu
2362 622 2419 671 et
2441 610 2633 673 amica
2659 614 2779 672 Deo
2796 610 3028 692 jnstitia
3057 610 3254 671 facere
3274 609 3708 672 adorationem.
3738 632 3767 671 ι

2124 696 2315 759 Velim
2344 700 2649 777 legaturin
2666 702 2797 781 ipsi.
2834 700 3003 761 libris
3027 708 3145 762 tota
3166 699 3346 780 hujus
3366 700 3476 762 loci
3496 700 3772 782 explana°

2125 789 2229 866 lio,
2262 798 2508 870 tumque
2540 812 2657 854 una
2685 811 2817 853 cum
2850 790 3035 851 altera
3059 799 3481 870 comparetur;
3515 808 3631 869 quo
3657 793 3772 851 cla-

2122 877 2246 938 rius
2278 891 2561 960 appareat
2596 880 3010 942 commentarii
3059 888 3367 942 auctorem
3404 879 3553 941 nihil
3588 881 3772 959 magis

2124 968 2505 1040 facere,quam
2530 973 2840 1028 Eusebium
2865 970 3051 1041 palam
3074 971 3406 1041 compilare.
3429 969 3590 1036 Quod
3620 969 3770 1027 dixi-

2125 1072 2283 1123 mus,
2319 1055 2632 1128 vocabulo,
2675 1082 2695 1112 ι
2738 1056 2915 1128 alius,
2946 1082 2971 1111 ι
3013 1055 3189 1116 modo
3220 1073 3404 1116 unum
3435 1063 3766 1131 auctorem,

2123 1144 2298 1203 modo
2326 1145 2577 1207 alterum
2603 1147 2953 1226 signiﬁcari,
2981 1149 3111 1225 ejus
3130 1144 3465 1224 exemplum
3494 1144 3555 1205 in
3579 1150 3767 1207 inter-

2120 1235 2460 1311 pretatione
2480 1236 2983 1315 psalmivicesimi
3013 1235 3152 1296 noni
3176 1233 3450 1297 habetur.
3480 1232 3626 1294 Nam
3658 1252 3770 1297 vox

2119 1340 2211 1399 ea,
2247 1343 2273 1377 α
2305 1323 2480 1403 alius,
2522 1351 2544 1384 ι
2581 1335 2644 1388 ut
2685 1344 2754 1387 ex
2807 1324 3051 1386 Eusebii
3102 1323 3552 1385 commentariis
3584 1331 3764 1401 patet,

2119 1412 2444 1474 Eusebium
2480 1416 2671 1494 ipsum
2707 1417 2953 1477 indicat.
2988 1413 3351 1478 Omittemus
3380 1432 3512 1492 quae
3535 1418 3768 1492 utrique

2120 1502 3003 1584 seriptori,pseudo-Theodoro
3037 1514 3099 1566 et
3118 1502 3400 1575 Eusebio,
3429 1501 3772 1563 communia

2118 1600 2256 1652 sunt
2281 1594 2367 1654 vel
2393 1593 2522 1674 ipso
2546 1596 2715 1657 initio
2740 1596 3136 1657 enarrationis
3161 1597 3225 1655 in
3247 1595 3557 1673 psalmum
3583 1592 3768 1654 trice-

2117 1682 2337 1743 simum
2362 1686 2691 1746 secundum
2718 1704 2733 1761 ;
2770 1686 2873 1746 sed
2905 1702 3035 1763 quae
3067 1684 3349 1744 dicuntur
3371 1682 3431 1743 in
3457 1682 3582 1743 haec
3610 1681 3744 1760 ejus

392 1749 647 1825 χυθεῖσαν
697 1750 761 1807 τὰ
815 1748 931 1806 καθ’
963 1750 1092 1817 ὅλης
1136 1759 1233 1820 τῆς
1264 1754 1577 1828 οἰκουμένης
1612 1755 1732 1823 ἔθνη
1764 1780 2025 1838 πρηευαγ-

2118 1771 2253 1833 dem
2280 1773 2490 1851 psalmi
2511 1775 2687 1835 verba
2710 1748 2733 1837 ε’
2753 1776 2873 1849 Qui
2889 1748 3077 1853 ﬁ'nrrit
3097 1772 3426 1849 sigillatim
3447 1748 3766 1833 corda-eo-

390 1836 736 1912 γελισάμενος
785 1882 798 1897 .
855 1889 870 1902 .
924 1889 937 1902 .
990 1884 1003 1898 .
1038 1842 1204 1899 ταῦτα
1258 1865 1314 1900 τε
1378 1846 1612 1919 κομίζειν
1672 1836 2031 1922 παρακελεύε-

389 1946 497 2004 ται,
531 1924 627 1981 οὐκ
685 1924 979 2005 Ἰουδαίοις,
1042 1929 1179 1987 ἀλλὰ
1223 1946 1344 1997 ταῖς
1404 1948 1657 2011 πατριαϊς
1691 1938 1799 1991 τῶν
1844 1936 2030 2011 ἐθνῶν,

388 2012 421 2080 ἤ
454 2014 589 2071 κατὰ
643 2018 765 2083 τοὺς
824 2018 1041 2083 λοιποὺς
1105 2023 1457 2103 ἑρμηνευτὰς,
1524 2038 1644 2088 ταῖς
1704 2032 2034 2105 συγγενείαις

388 2110 491 2159 τῶν
523 2102 667 2161 λαῶν
714 2149 730 2166 .
785 2153 798 2168 ,

386 2190 813 2268 δομήκοντα,ὡς
848 2200 925 2272 μὴ
978 2202 1221 2276 κείμενον
1281 2204 1417 2277 μήτε
1477 2204 1531 2260 ἐν
1588 2190 1663 2281 τῷ
1725 2204 2025 2284 Ἐὅρα’ίκῷ,

388 2298 525 2354 μττε
558 2287 697 2362 παρὰ
727 2303 846 2350 τοῖς
879 2300 1092 2354 λοιποῖς
1145 2293 1496 2371 ἐρμηνειιταϊς
1548 2342 1563 2358 ,
1617 2344 1630 2358 ,
1684 2345 1699 2359 ,
1753 2346 1766 2358 ,
1804 2296 1944 2354 Ἀντὶ
1974 2297 2027 2353 δὲ

390 2380 503 2462 τοῦ,
583 2374 636 2430 ἓν
730 2378 864 2455 αύλῇ
953 2382 1075 2459 ἁγίᾳ
1149 2382 1332 2462 αυτοῦ,
1391 2386 1418 2439 6
1486 2386 1584 2459 μὲν
1658 2385 1908 2457 Ἀκύλας,
1973 2387 2027 2442 ἐν

387 2459 695 2556 διαπρεπιίᾳ
753 2468 1076 2549 ἡγιασμένη,
1140 2459 1410 2535 ἐξέδωκεν·
1486 2478 1513 2531 ὁ
1585 2473 1638 2530 δὲ
1700 2477 2023 2556 Σύμμαχος,

384 2555 438 2607 'sv
497 2552 805 2632 διαπρεπείᾳ
864 2559 1004 2637 ἁγίᾳ.
1059 2560 1307 2618 Βούλεται
1377 2565 1477 2642 γὰρ
1530 2567 1670 2638 ἡμᾶς
1755 2567 1781 2621 6
1867 2552 2026 2643 λύγος

385 2644 519 2714 μετᾶ
544 2652 632 2701 τοῦ
662 2647 954 2724 πρέποντος
984 2651 1186 2725 κόσμου
1216 2654 1302 2708 καὶ
1358 2653 1454 2721 τῆς
1484 2659 1561 2726 τῷ
1619 2661 1734 2729 Θεῷ
1792 2678 2024 2737 προσφι-

384 2730 505 2796 λοῦς
535 2731 868 2804 δικαιοσύνης
914 2740 1010 2806 τὴν
1067 2743 1421 2818 προσκύνησιν
1478 2748 1773 2808 ποιεῖσθαι.
1810 2730 1844 2801 ι’
1876 2730 2023 2819 Qui-

382 2821 491 2882 bus
520 2839 663 2885 sane
696 2826 1094 2907 evangelicam
1118 2830 1363 2907 gratiam
1398 2831 1458 2893 in
1477 2850 1688 2894 omnes
1710 2834 1893 2897 totius
1921 2855 2026 2897 or-

383 2909 471 2971 bis
502 2913 771 2977 nationes
802 2915 1076 2979 diffusam
1104 2920 1511 2999 praenuntians
1561 2973 1574 2986 .
1627 2973 1640 2987 .
1692 2972 1708 2986 .
1761 2926 2028 2989 .haacaf-

381 2999 534 3062 ferre
550 3002 757 3090 jubet,
783 3025 898 3067 non
929 3006 1191 3084 Iudaeos,
1225 3011 1330 3071 sed
1358 3010 1611 3073 familias
1636 3014 1902 3092 gentium
1935 3016 2023 3091 59,

2118 1880 2255 1923 rum
2277 1861 2390 1939 ὅθ’,
2417 1882 2531 1923 non
2558 1863 2780 1942 pigebit
2801 1862 3122 1923 ascribere.
3163 1860 3489 1923 Eusebius:
3522 1863 3770 1935 Καταμά-

2122 1976 2213 2015 νας
2259 1952 2311 2007 δὲ
2344 1954 2555 2029 εἴρηται
2592 1953 2704 2009 ἀντὶ
2738 1955 2828 2009 του
2864 1950 3244 2029 ἂφωρισμένως
3289 1950 3433 2019 παρὰ
3486 1950 3548 2003 τὰ
3607 1948 3769 2004 λοιπὰ

2120 2049 2251 2111 ζῶα.
2289 2040 2509 2119 Καρδὶας
2553 2040 2606 2097 δὲ
2665 2041 2861 2119 λέγων,
2894 2042 3016 2102 τοὺς
3079 2040 3370 2116 λογισμοὺς
3428 2035 3643 2110 ἐδήλου,
3681 2040 3767 2093 καὶ

850 2150 867 2166 .
922 2158 936 2173 ,
987 2112 1081 2166 Διὸ
1112 2114 1199 2168 καὶ
1255 2111 1537 2171 ὠόέλισται
1570 2117 1712 2194 παρὰ
1751 2120 1873 2181 τοὺς
1912 2118 2038 2177 Ἐϐ-
2119 2130 2204 2187 ὅτι
2254 2131 2635 2208 ἀφωρισμένως
2691 2132 2911 2195 ἕκαστος
2974 2130 3246 2208 ἄνθρωπος
3306 2128 3487 2202 ὥσπερ
3538 2142 3767 2202 ταμεῖον

2111 2220 2593 2293 ἀποκεκλεισμένον
2638 2220 2760 2300 ἔχει
2821 2221 2920 2287 τὴν
2974 2222 3163 2277 ἑαυτοῦ
3221 2218 3478 2296 διάνοιαν,
3512 2220 3585 2277 ὡς
3650 2241 3764 2290 μη-

2112 2307 2231 2365 δένα
2282 2308 2525 2365 δύνασθαι
2572 2310 2750 2388 ἑτέρου
2791 2308 3230 2385 καταλαμϐάνειν
3287 2307 3606 2381 λογισμούς.
3656 2310 3768 2364 Οὖ-

2110 2395 2215 2461 δεὶς
2273 2406 2397 2475 γοῦν
2460 2398 2606 2456 οἶδεν
2640 2400 2929 2479 ἀνθρώπων
2960 2401 3023 2455 τὰ
3068 2406 3158 2456 τοῦ
3216 2396 3493 2475 ἀνθρώπου
3545 2440 3559 2454 .
3614 2443 3628 2456 .
3683 2440 3697 2454 .
3748 2440 3763 2453 .

2110 2493 2385 2554 Συνῆπται
2430 2491 2514 2570 τὺ,
2564 2490 2623 2549 Ὀ
2681 2492 2869 2555 συνιεὶς
2959 2487 3131 2546 πὲντα
3218 2488 3284 2544 τὰ
3374 2485 3505 2564 ἔργα
3564 2484 3762 2544 αὗτῶν.

2113 2579 2284 2641 Μόνος
2332 2580 2431 2658 γὰρ
2493 2582 2645 2643 αὖτὸς
2710 2580 2947 2645 συνίησιν
3010 2578 3060 2643 ἒξ
3141 2578 3329 2638 ὁποίας
3403 2574 3768 2652 προαιρέσεως

2110 2670 2176 2725 τὰ
2204 2674 2310 2725 τῶν
2363 2669 2651 2747 ἀνθρώπων
2712 2669 2839 2748 ἔργα
2898 2666 3254 2725 ἐπιτελεῖται·
3321 2662 3549 2737 μηδενὸς
3601 2660 3765 2719 ἄλλου

2110 2755 2397 2832 δυναμένου
2452 2758 2705 2835 συνιέναι,
2768 2757 2891 2827 ποίᾳ
2949 2753 3192 2830 προθέσει
3250 2753 3339 2808 καὶ
3406 2750 3563 2822 ὁποίᾳ
3624 2753 3765 2828 ὁρμῇ

2112 2845 2337 2910 ἕκαστος
2398 2852 2501 2902 τῶν
2559 2845 2845 2923 ἀνθρώπων
2904 2844 3121 2911 πράττει
3157 2843 3188 2897 ἃ
3219 2841 3460 2918 πράττει.
3502 2860 3525 2895 ι
3564 2837 3765 2917 Sig“-

2111 2934 2286 2995 lattm
2308 2935 2535 2996 dictum
2561 2943 2651 2995 est
2672 2932 2841 3013 quasi
2869 2930 3188 3011 separatim
3214 2938 3274 2991 et
3297 2946 3572 2990 seorsum
3598 2946 3631 2988 a
3662 2946 3765 2989 re-

2112 3024 2285 3103 liquis
2319 3023 2702 3085 animalibus.
2742 3024 2891 3083 Dum
2928 3028 3127 3081 autem
3161 3018 3343 3081 corda
3376 3025 3759 3095 memoraret,

377 3099 482 3191 aui
496 3095 825 3156 secundum
852 3097 1908 3191 "F'iquqsinl‘el‘prelesmognatioues
1924 3124 2084 3191 po-n
2110 3095 2504 3191 cogitationes
2538 3110 2915 3189 significavit,
2941 3109 3076 3189 quia
3108 3108 3359 3189 quilibet
3390 3108 3568 3167 homo
3601 3123 3764 3168 seor-

375 3180 655 3277 pulorum
687 3230 700 3244 .
727 3228 741 3244 .
773 3235 786 3249 .
823 3236 835 3249 .
862 3186 1056 3259 Quare
1072 3180 2085 3275 htecinSeptuagintainterpreti-u
2109 3180 2238 3262 sum
2281 3210 2543 3263 mentem
2576 3180 2749 3263 suam
2783 3180 2914 3260 ceu.
2954 3180 3399 3277 receptaculum
3455 3194 3761 3256 occlusum

381 3271 487 3366 bus
507 3274 681 3366 obelo
706 3280 1171 3357 notantur,quod
1197 3298 1392 3360 neque
1411 3283 1469 3343 in
1494 3282 1789 3346 Hebraico
1812 3271 2023 3346 eiem-
2108 3289 2380 3362 habet,ut
2411 3307 2592 3350 nemo
2627 3287 2872 3350 alterius
2897 3271 3280 3366 cogitationes
3306 3284 3763 3364 deprehendere

380 3362 549 3457 piari,
585 3382 696 3426 nec
725 3368 879 3457 apud
912 3368 1175 3451 reliquos
1214 3370 1573 3453 interpretes
1604 3383 2018 3454 compareant,
2105 3379 2320 3441 valeat.
2385 3377 2598 3441 Nullus
2659 3378 2838 3457 igitur
2870 3362 3180 3439 hominum
3237 3362 3401 3436 novit
3437 3392 3571 3451 qua:
3628 3380 3766 3434 sunt

380 3452 531 3545 Loco
554 3463 749 3517 autem
778 3456 957 3528 illius.
982 3460 1047 3522 in
1077 3462 1223 3523 aula
1253 3452 1466 3525 saneta
1490 3464 1626 3541 ejus
1644 3452 1757 3545 59',
1777 3465 2015 3545 Aquila,
2108 3468 2365 3529 hominis
2382 3468 2432 3511 δι
2472 3519 2484 3531 .
2525 3518 2535 3527 .
2572 3519 2584 3530 .
2625 3518 2636 3530 .
2668 3452 2926 3530 Additur
2947 3465 3213 3545 hoc,0ui
3240 3463 3533 3541 intelligit
3555 3464 3761 3525 omnia

382 3544 675 3606 indecore
696 3550 1091 3628 sanctiﬁcata,
1118 3553 1507 3632 Symmachus
1530 3572 1691 3626 vero,
1724 3544 1789 3615 in
1812 3544 2023 3617 ἄεσαν-ε

377 3642 612 3704 sancto,
640 3636 826 3697 edidit
884 3639 1019 3700 Vult
1046 3641 1205 3702 enim
1238 3661 1345 3703 nos
1384 3662 1517 3704 cum
1550 3642 1751 3704 debito
1783 3652 2018 3719 ornatu,

378 3726 578 3787 acDeo
592 3725 807 3790 dilecta
816 3730 1472 3808 justitiaadorationem
1494 3752 1798 3814 peragere.
1827 3756 1853 3795 ι
1882 3733 2023 3796 Hzec

374 3832 512 3876 vera
539 3816 601 3879 in
633 3820 1062 3904 commentario
1089 3842 1101 3883 :
1144 3822 1229 3881 ἐν
1262 3828 1347 3887 οἷς
1380 3828 1406 3881 ὀ
1437 3824 1595 3903 λόγος
1646 3828 1743 3891 τὴν
1794 3830 2022 3904 εὐαγγε-

377 3906 533 3974 λικὴν
590 3910 755 3988 χάριν
814 3903 931 3967 καθ’
990 3911 1121 3980 ὅλης
1172 3918 1496 3994 χυθήσεσθαι
1543 3903 2019 3991 προθεσπίζειγτής

374 3997 711 4071 οἰκουμένης.
782 4000 1110 4081 Παραγγέλει
1173 4005 1272 4080 γὰρ
1316 4005 1381 4059 τὰ
1451 4004 1711 4083 λεχθέντα
1758 4007 2017 4079 κομίζειν,

385 4088 477 4145 οὐκ
506 4085 800 4169 Ἰουδαίοις,
832 4088 969 4147 ἀλλὰ
998 4092 1120 4152 ταῖς
1155 4105 1406 4171 πατριατς
1450 4102 1554 4150 τῶν
1588 4094 1768 4150 ἐθνῶν·
1820 4095 1855 4163 ἢ
1886 4096 2023 4149 κατὰ

383 4179 505 4242 τοὺς
578 4176 820 4259 λοιποὺς,
875 4194 1001 4243 ταῖς
1076 4183 1403 4258 συγγενείαις
1461 4190 1567 4239 τῶν
1620 4182 1791 4246 λαῶν,
1853 4182 2018 4239 K2651-

379 4267 562 4325 λισται
594 4270 720 4347 γὰρ,
751 4271 892 4348 παρὰ
942 4284 1057 4331 τοῖς
1119 4269 1520 4345 Ἐϐδομήκοντα
1570 4276 1657 4354 τὸ,
1714 4276 1811 4330 υἱοὶ
1863 4276 2017 4352 Θεοῦ,

375 4361 447 4422 ὡς
474 4360 548 4433 psit
585 4359 890 4438 ἐγκείσενον
920 4365 994 4435 τῷ
1028 4360 1313 4440 Ἐϐραϊκῷ,
1356 4362 1490 4437 μηδὲ
1548 4366 1687 4443 παρὰ
1754 4377 1869 4426 τοῖς
1917 4362 2018 4419 ἅλ-

374 4448 487 4513 λοις
536 4496 549 4508 .
604 4499 619 4512 .
670 4499 683 4511 .
738 4448 877 4507 Ἀντὶ
907 4449 961 4505 δὲ
989 4458 1102 4530 τοῦ,
1153 4451 1205 4507 ἐν
1264 4452 1399 4530 αὐλῇ
1454 4455 1599 4533 ἁγίᾳ,
1635 4458 1662 4510 ὁ
1708 4455 1804 4531 μὲν
1853 4452 2018 4510 Ἀκύν-

378 4541 496 4613 λας,

376 4631 700 4710 Σύμμαχος,
730 4631 787 4684 ἓν
819 4629 1121 4704 εὔπρεπείᾳ.
1184 4633 1327 4709 ἁγίᾳ,

376 4720 513 4794 μετὰ
541 4726 634 4774 τοῦ
664 4718 957 4795 πρέποντος
1008 4722 1208 4795 κόσμου
1267 4722 1353 4780 καί
1408 4729 1506 4790 τῆς
1565 4723 1889 4804 προσφιλοῦς
1946 4730 2019 4797 τῷ

377 4815 492 4880 Θεῷ
547 4805 885 4874 δικαιοσύνης
929 4810 1027 4877 τὴν
1097 4814 1452 4889 προσκύνησιν
1515 4817 1799 4871 ποιεῖσθαι.
1864 4834 1887 4867 α
1954 4810 2016 4872 In

373 4896 584 4968 quibus
596 4896 894 4953 oraculum
911 4899 1147 4970 gratiam
1164 4901 1552 4973 evangelicam
1567 4916 1666 4972 per
1681 4903 2017 4958 universum

374 4978 579 5042 orbem
604 4979 1054 5045 diﬂ'untlendam
1088 4985 1355 5064 praedicit
1384 4986 1559 5049 lubet
1582 4987 1740 5049 enim
1764 4987 1865 5048 illa
1890 5006 2022 5062 quae

372 5073 665 5133 recensita
690 5081 827 5134 sunt
847 5074 1212 5148 aﬂ‘erre,non
1231 5077 1606 5157 Judteos,sed
1632 5077 1846 5157 patrias
1867 5094 2019 5155 gen-

373 5159 542 5236 tium,
575 5161 659 5222 vel
692 5165 1020 5225 secundum
1039 5167 1324 5247 reliquos,
1354 5173 1746 5245 cognationes
1766 5166 1989 5246 populo

372 5268 528 5310 rum.
558 5250 729 5331 Apud
753 5250 1136 5335 Septuaginta
1160 5257 1319 5317 enim
1347 5266 1705 5339 expunctum
1732 5266 1820 5318 est
1842 5257 2015 5337 illud,

371 5339 487 5418 filii
520 5342 726 5419 οεὶθο,
751 5343 909 5424 quod
940 5344 997 5404 in
1032 5343 1280 5407 Hebraeo
1316 5346 1373 5407 id
1403 5365 1521 5408 non
1565 5347 1880 5427 habeatur,
1909 5366 2016 5407 nec

372 5430 527 5509 apud
560 5433 727 5493 alios.
760 5434 1054 5497 Caaterum
1092 5454 1222 5515 pro,
1259 5440 1323 5498 in
1352 5437 1497 5499 aula
1528 5448 1765 5513 sancta,
1800 5437 2015 5518 Aquila

586 4540 639 4594 ἐν
727 4540 1007 4612 εὖπρεπείᾳ
1088 4544 1415 4621 ἡγιασμένη,

1410 4633 1659 4690 Βούλεται
1721 4636 1820 4712 γὰρ
1870 4635 2018 4707 ἡμᾶς

2108 3577 2287 3639 opera
2311 3558 2773 3638 earumm‘lpse
2803 3575 3060 3637 namque
3084 3555 3247 3616 solus
3270 3552 3551 3631 intelligit
3572 3571 3644 3613 ex
3663 3572 3764 3613 cu-

2099 3648 2670 3729 jusmodielectione
2687 3647 3000 3708 voluntatis
3028 3645 3337 3707 hominum
3364 3660 3545 3723 opera
3567 3642 3763 3704 edan-

2109 3750 2371 3815 tur,cum
2394 3740 2592 3801 nullus
2606 3739 2757 3800 alius
2778 3738 3112 3815 intelligere
3128 3742 3306 3815 queat
3328 3752 3397 3795 ex
3423 3734 3766 3813 cujusmodi

2108 3830 2439 3912 proposito,
2473 3848 2541 3891 ex
2567 3848 2683 3909 quo
2710 3837 2870 3889 motu
2897 3825 3217 3887 voluntatis
3239 3824 3433 3904 quivis
3454 3822 3763 3885 hominum

2106 3930 2236 3999 agat
2267 3938 2400 4000 quae
2422 3920 2561 3997 agit.
2590 3943 2613 3974 ii
2644 3917 2884 3980 Pseudo
2906 3914 3285 3979 -Tbeodorus
3307 3931 3479 3974 vero:
3519 3915 3761 3989 Καταμά-

2106 4034 2199 4075 νας
2256 4008 2331 4083 δέ,
2367 4010 2480 4064 ἀντὶ
2538 4016 2632 4065 τοῦ
2688 4008 3099 4087 ἀφωρισμένως,
3134 4004 3563 4085 κεχωρισμένως
3621 4004 3764 4081 παρὰ

2105 4100 2169 4155 τὰ
2221 4097 2381 4154 λοιπὰ
2463 4104 2590 4168 ζῶα·
2649 4094 2861 4175 καρδίας
2936 4093 2988 4150 δὲ
3061 4093 3206 4172 λέγει
3266 4094 3386 4153 τοὺς
3447 4091 3760 4169 λογισμούς,

2109 4190 2208 4247 Καὶ
2240 4188 2321 4244 ὅτι
2366 4186 2745 4268 ἀφωρισμένως
2805 4186 3027 4249 ἕκαστος
3083 4183 3354 4262 ἅνθρωπος
3418 4182 3597 4260 ὥσπερ
3656 4204 3759 4238 τα-

2108 4291 2262 4353 μεῖον
2337 4276 2824 4349 ἆποκεκλεισμένον
2882 4275 3000 4355 ἔχει
3064 4274 3163 4340 τὴν
3234 4274 3421 4331 ἑαυτοῦ
3493 4270 3756 4351 διάνοιαν,

2104 4372 2175 4433 ὡς
2224 4366 2426 4442 μηδένα
2511 4364 2749 4422 δύναοθαι
2822 4364 3001 4438 ἑτέρου
3070 4361 3510 4436 καταλαμϐάνειν
3594 4360 3754 4439 λογι-

2106 4458 2291 4532 σμούς.
2330 4453 2509 4519 Οὖδεὶς
2542 4457 2641 4533 γὰρ
2669 4453 2784 4511 οἶδε
2834 4461 2939 4511 τῶν
2993 4452 3303 4528 ἀνθρώπων,
3337 4452 3425 4507 καὶ
3472 4450 3590 4518 ἐξῆς
3627 4494 3642 4509 .
3684 4493 3699 4508 .
3744 4498 3758 4512 .

1516 4543 1788 4609 έξεδωκεΨ
1868 4547 1893 4599 ὃ
1964 4531 2383 4615 δὶῧΣυνῆπται
2437 4547 2519 4625 τὸ,
2594 4547 2621 4601 6
2682 4546 2874 4609 συνιεὶς
2967 4545 3039 4606 είς
3126 4564 3320 4611 παντα,
3379 4542 3451 4594 dub
3525 4538 3761 4613 μηδενός

2103 4634 2265 4692 ἄλλου
2324 4633 2610 4708 δυναμένου
2665 4633 2915 4705 συνιέναι,
2978 4632 3069 4703 οἵᾳ
3141 4629 3385 4707 προθέσει
3458 4629 3548 4684 καὶ
3621 4631 3763 4704 ὁρμῇ

2102 4726 2322 4789 ἕκαστος
2352 4726 2455 4779 τῶν
2499 4723 2819 4795 ἂνθπώπων,
2854 4724 2887 4777 ἃ
2924 4718 3163 4799 πράττει,
3214 4718 3460 4797 πράττει,
3505 4740 3531 4771 α
3564 4715 3761 4795 Sigil-

2103 4814 2276 4876 latt'm
2295 4820 2492 4875 autem
2515 4812 2713 4892 posuit
2732 4829 2836 4892 pro
2868 4811 3149 4888 seorsim,
3175 4807 3500 4886 separatim
3537 4826 3567 4865 a
3604 4806 3756 4867 reli-

2105 4903 2239 4984 quis
2261 4901 2692 4964 animantibus:
2721 4900 2905 4962 corda
2920 4908 3116 4961 autem
3138 4895 3416 4975 intelligit
3442 4894 3759 4975 cogitatio-

2104 4991 2593 5063 nes.thuoni;im
2621 4990 2863 5061 Quilibet
2888 4990 3059 5046 homo
3082 4988 3426 5059 segregatim
3449 4984 3609 5057 quasi
3634 4998 3765 5041 con-

2105 5078 2336 5139 clusum
2358 5075 2653 5157 quoddam
2683 5092 2839 5154 penu
2874 5084 3134 5134 mentem
3162 5089 3328 5132 suam
3354 5069 3559 5150 habet,
3587 5069 3666 5130 ita
3700 5075 3764 5129 ut

2106 5186 2283 5229 nemo
2310 5167 2557 5226 alterius
2581 5164 2970 5243 cogitationes
2998 5162 3183 5223 valeat
3212 5159 3548 5242 percipere.
3572 5159 3759 5222 Nemo

2102 5259 2259 5318 enim
2287 5256 2558 5334 scitque:
2580 5253 3131 5326 sttuthomt'nis,etc
3171 5299 3180 5309 .
3220 5293 3233 5307 .
3270 5297 3280 5308 .
3324 5294 3339 5309 .
3373 5248 3754 5329 Adjungitur:

2101 5346 2211 5419 Qui
2247 5347 2348 5408 inti
2374 5344 2524 5423 lligit
2545 5343 2769 5417 omnia,
2796 5362 2863 5405 ac
2890 5342 2940 5403 si
2960 5342 3158 5404 uultus
3182 5339 3334 5401 alius
3368 5338 3552 5418 possit
3576 5338 3757 5399 intel-

2102 5437 2311 5516 ligere,
2335 5452 2589 5517 quanam
2614 5432 2948 5495 intentione
2972 5440 3031 5493 et
3053 5450 3170 5513 quo
3193 5429 3479 5492 instinctu
3508 5427 3759 5508 quilibet

446 5607 695 5699 s“lis‘al:
720 5629 839 5699 ut
873 5615 971 5677 28.
1057 5613 1134 5699 φ’
1169 5615 1320 5678 Psal.
1358 5633 1559 5693 xxvut,
1602 5617 1681 5699 ‘2;
1732 5633 1861 5689 xcv,
1900 5618 1960 5681 8.

2130 5614 2282 5678 Psal.
2322 5630 2521 5697 xxvut,
2559 5617 2612 5678 t.
2701 5613 2776 5657 σθ’
2804 5609 2960 5675 Psal.
2984 5627 3167 5692 nm,
3204 5611 3301 5674 15.
3388 5607 3437 5651 θί
3470 5606 3655 5673 lCor.
3694 5626 3755 5689 u,

375 5691 466 5755 tt.
551 5690 631 5737 ⁸1·
660 5695 816 5759 Psal.
842 5712 1021 5776 um,
1053 5698 1150 5762 15.
