  <div class='ocr_page' id='page_1' title='image "/cluster/home/n/w/nwhite01/storage/ocr_20150623/29:no.1/coo.31924054873108/228.png"; bbox 0 0 4174 6386; ppageno 0'>
   <div class='ocr_carea' id='block_1_1' title="bbox 1415 301 2583 368">
    <p class='ocr_par' dir='ltr' id='par_1_1' title="bbox 1415 301 2583 368">
     <span class='ocr_line' id='line_1_1' title="bbox 1415 301 2583 368; baseline -0.001 -3"><span class='ocrx_word' id='word_1_1' title='bbox 1415 303 1485 365; x_wconf 92' lang='lat' dir='ltr'><strong>D.</strong></span> <span class='ocrx_word' id='word_1_2' title='bbox 1528 305 1690 367; x_wconf 81' lang='lat' dir='ltr'><strong>IUL.</strong></span> <span class='ocrx_word' id='word_1_3' title='bbox 1736 303 2114 368; x_wconf 76' lang='lat' dir='ltr'><strong>GARNEPJI</strong></span> <span class='ocrx_word' id='word_1_4' title='bbox 2164 301 2583 366; x_wconf 65' lang='lat' dir='ltr'><strong>PREFATIO.</strong></span> 
     </span>
    </p>
   </div>
   <div class='ocr_carea' id='block_1_2' title="bbox 3501 320 3685 370">
    <p class='ocr_par' dir='ltr' id='par_1_2' title="bbox 3501 320 3685 370">
     <span class='ocr_line' id='line_1_2' title="bbox 3501 320 3685 370; baseline -0.016 0"><span class='ocrx_word' id='word_1_5' title='bbox 3501 320 3685 370; x_wconf 69' lang='lat' dir='ltr'><strong>CCXIII</strong></span> 
     </span>
    </p>
   </div>
   <div class='ocr_carea' id='block_1_3' title="bbox 306 434 1996 517">
    <p class='ocr_par' dir='ltr' id='par_1_3' title="bbox 306 437 1996 517">
     <span class='ocr_line' id='line_1_3' title="bbox 306 437 1996 517; baseline -0.002 -21"><span class='ocrx_word' id='word_1_6' title='bbox 306 437 495 516; x_wconf 80' lang='grc' dir='ltr'>ψευδῆ·</span> <span class='ocrx_word' id='word_1_7' title='bbox 546 439 682 497; x_wconf 62' lang='grc' dir='ltr'>οὕτω</span> <span class='ocrx_word' id='word_1_8' title='bbox 710 442 796 496; x_wconf 80' lang='grc' dir='ltr'>καὶ</span> <span class='ocrx_word' id='word_1_9' title='bbox 840 438 1031 495; x_wconf 82' lang='grc' dir='ltr'>πολλαί</span> <span class='ocrx_word' id='word_1_10' title='bbox 1065 440 1195 495; x_wconf 81' lang='grc' dir='ltr'>εἰσιν</span> <span class='ocrx_word' id='word_1_11' title='bbox 1244 438 1512 513; x_wconf 77' lang='grc' dir='ltr'>ἀλήθειαι,</span> <span class='ocrx_word' id='word_1_12' title='bbox 1561 439 1697 495; x_wconf 60' lang='lat' dir='ltr'><strong>ana</strong></span> <span class='ocrx_word' id='word_1_13' title='bbox 1758 440 1996 517; x_wconf 76' lang='grc' dir='ltr'>κυρίωςΑ</span> 
     </span>
    </p>
   </div>
   <div class='ocr_carea' id='block_1_4' title="bbox 2083 434 3683 517">
    <p class='ocr_par' dir='ltr' id='par_1_4' title="bbox 2083 434 3683 517">
     <span class='ocr_line' id='line_1_4' title="bbox 2083 434 3683 517; baseline -0.001 -22"><span class='ocrx_word' id='word_1_14' title='bbox 2083 434 2238 498; x_wconf 67' lang='lat' dir='ltr'><strong>asimi</strong></span> <span class='ocrx_word' id='word_1_15' title='bbox 2276 436 2431 497; x_wconf 92' lang='lat' dir='ltr'><strong>tertii</strong></span> <span class='ocrx_word' id='word_1_16' title='bbox 2462 435 2639 496; x_wconf 83' lang='lat' dir='ltr'><strong>verba</strong></span> <span class='ocrx_word' id='word_1_17' title='bbox 2697 436 3147 517; x_wconf 74' lang='lat' dir='ltr'><strong>interpretantis</strong></span> <span class='ocrx_word' id='word_1_18' title='bbox 3185 456 3198 498; x_wconf 92' lang='lat'>:</span> <span class='ocrx_word' id='word_1_19' title='bbox 3257 436 3683 514; x_wconf 70' lang='grc' dir='ltr'>Ἀιακτωμὲνων</span> 
     </span>
    </p>
   </div>
   <div class='ocr_carea' id='block_1_5' title="bbox 308 526 1956 606">
    <p class='ocr_par' dir='ltr' id='par_1_5' title="bbox 308 526 1956 606">
     <span class='ocr_line' id='line_1_5' title="bbox 308 526 1956 606; baseline -0.002 -22"><span class='ocrx_word' id='word_1_20' title='bbox 308 528 533 597; x_wconf 70' lang='grc' dir='ltr'>ἀλήθεια</span> <span class='ocrx_word' id='word_1_21' title='bbox 562 530 624 584; x_wconf 76' lang='grc' dir='ltr'>τὸ</span> <span class='ocrx_word' id='word_1_22' title='bbox 654 530 815 593; x_wconf 79' lang='grc' dir='ltr'>ὃντως</span> <span class='ocrx_word' id='word_1_23' title='bbox 845 526 931 588; x_wconf 75' lang='grc' dir='ltr'><strong>ὅν.</strong></span> <span class='ocrx_word' id='word_1_24' title='bbox 955 526 1104 584; x_wconf 82' lang='grc' dir='ltr'>Ἐπεὶ</span> <span class='ocrx_word' id='word_1_25' title='bbox 1135 527 1188 583; x_wconf 75' lang='grc' dir='ltr'><strong>δὲ</strong></span> <span class='ocrx_word' id='word_1_26' title='bbox 1221 529 1307 584; x_wconf 85' lang='grc' dir='ltr'><strong>καὶ</strong></span> <span class='ocrx_word' id='word_1_27' title='bbox 1332 549 1495 583; x_wconf 85' lang='grc' dir='ltr'>ταυτα</span> <span class='ocrx_word' id='word_1_28' title='bbox 1530 526 1848 606; x_wconf 77' lang='grc' dir='ltr'>διέστραπτο</span> <span class='ocrx_word' id='word_1_29' title='bbox 1867 529 1956 582; x_wconf 80' lang='grc' dir='ltr'><strong>καὶ</strong></span> 
     </span>
    </p>
   </div>
   <div class='ocr_carea' id='block_1_6' title="bbox 2041 524 3684 606">
    <p class='ocr_par' dir='ltr' id='par_1_6' title="bbox 2041 524 3684 606">
     <span class='ocr_line' id='line_1_6' title="bbox 2041 524 3684 606; baseline 0.002 -26"><span class='ocrx_word' id='word_1_30' title='bbox 2041 528 2086 580; x_wconf 79' lang='grc' dir='ltr'><strong>οἱ</strong></span> <span class='ocrx_word' id='word_1_31' title='bbox 2142 527 2291 602; x_wconf 72' lang='grc' dir='ltr'>λόγοι</span> <span class='ocrx_word' id='word_1_32' title='bbox 2324 528 2441 590; x_wconf 73' lang='grc' dir='ltr'>τοὺς</span> <span class='ocrx_word' id='word_1_33' title='bbox 2501 527 2577 599; x_wconf 84' lang='grc' dir='ltr'>τῷ</span> <span class='ocrx_word' id='word_1_34' title='bbox 2634 524 2825 594; x_wconf 70' lang='grc' dir='ltr'>πλήθει</span> <span class='ocrx_word' id='word_1_35' title='bbox 2876 528 2964 582; x_wconf 83' lang='grc' dir='ltr'>καὶ</span> <span class='ocrx_word' id='word_1_36' title='bbox 2996 531 3062 602; x_wconf 80' lang='grc' dir='ltr'>τῇ</span> <span class='ocrx_word' id='word_1_37' title='bbox 3092 527 3246 606; x_wconf 70' lang='grc' dir='ltr'>ἰσχύϊ</span> <span class='ocrx_word' id='word_1_38' title='bbox 3271 533 3378 582; x_wconf 73' lang='grc' dir='ltr'>τῶν</span> <span class='ocrx_word' id='word_1_39' title='bbox 3416 528 3684 603; x_wconf 75' lang='grc' dir='ltr'>πολεμίων</span> 
     </span>
    </p>
   </div>
   <div class='ocr_carea' id='block_1_7' title="bbox 310 613 3685 695">
    <p class='ocr_par' dir='ltr' id='par_1_7' title="bbox 310 613 3685 695">
     <span class='ocr_line' id='line_1_7' title="bbox 310 613 3685 695; baseline 0 -22"><span class='ocrx_word' id='word_1_40' title='bbox 310 620 648 695; x_wconf 77' lang='grc' dir='ltr'>ἠμαύρωντο,</span> <span class='ocrx_word' id='word_1_41' title='bbox 697 622 753 675; x_wconf 74' lang='grc' dir='ltr'><strong>οὗ</strong></span> <span class='ocrx_word' id='word_1_42' title='bbox 784 619 881 684; x_wconf 74' lang='grc' dir='ltr'>τὴν</span> <span class='ocrx_word' id='word_1_43' title='bbox 935 617 1229 673; x_wconf 78' lang='grc' dir='ltr'>ἀπόστασιν</span> <span class='ocrx_word' id='word_1_44' title='bbox 1293 617 1653 690; x_wconf 81' lang='grc' dir='ltr'>ἆπολεσαντα,</span> <span class='ocrx_word' id='word_1_45' title='bbox 1690 616 1808 672; x_wconf 80' lang='grc' dir='ltr'>ἀλλ’</span> <span class='ocrx_word' id='word_1_46' title='bbox 1852 617 1958 671; x_wconf 72' lang='grc' dir='ltr'>ἀπὸ</span> <span class='ocrx_word' id='word_1_47' title='bbox 2040 613 2488 681; x_wconf 72' lang='grc' dir='ltr'>καταϐληθὲν-ξας.</span> <span class='ocrx_word' id='word_1_48' title='bbox 2528 620 2623 673; x_wconf 80' lang='grc' dir='ltr'>Καὶ</span> <span class='ocrx_word' id='word_1_49' title='bbox 2667 617 2942 695; x_wconf 67' lang='grc' dir='ltr'>προτροπή</span> <span class='ocrx_word' id='word_1_50' title='bbox 2978 615 3112 687; x_wconf 77' lang='grc' dir='ltr'>ἐστι,</span> <span class='ocrx_word' id='word_1_51' title='bbox 3162 618 3223 671; x_wconf 85' lang='grc' dir='ltr'>τὸ</span> <span class='ocrx_word' id='word_1_52' title='bbox 3290 624 3393 673; x_wconf 84' lang='grc' dir='ltr'>πᾶν</span> <span class='ocrx_word' id='word_1_53' title='bbox 3464 621 3553 674; x_wconf 72' lang='grc' dir='ltr'><strong>ἒπὶ</strong></span> <span class='ocrx_word' id='word_1_54' title='bbox 3598 623 3685 675; x_wconf 82' lang='grc' dir='ltr'><strong>τὸν</strong></span> 
     </span>
    </p>
   </div>
   <div class='ocr_carea' id='block_1_8' title="bbox 312 702 1960 786">
    <p class='ocr_par' dir='ltr' id='par_1_8' title="bbox 312 702 1960 786">
     <span class='ocr_line' id='line_1_8' title="bbox 312 702 1960 786; baseline 0 -24"><span class='ocrx_word' id='word_1_55' title='bbox 312 714 416 763; x_wconf 83' lang='grc' dir='ltr'>τῶν</span> <span class='ocrx_word' id='word_1_56' title='bbox 450 707 734 785; x_wconf 68' lang='grc' dir='ltr'>ἀνθρώπων</span> <span class='ocrx_word' id='word_1_57' title='bbox 756 704 1162 786; x_wconf 75' lang='grc' dir='ltr'>φυγαδευθέντα.</span> <span class='ocrx_word' id='word_1_58' title='bbox 1205 731 1229 760; x_wconf 75' lang='grc' dir='ltr'>ι</span> <span class='ocrx_word' id='word_1_59' title='bbox 1265 702 1376 767; x_wconf 78' lang='lat' dir='ltr'><strong>Hic</strong></span> <span class='ocrx_word' id='word_1_60' title='bbox 1403 714 1643 766; x_wconf 77' lang='lat' dir='ltr'><strong>sanctus</strong></span> <span class='ocrx_word' id='word_1_61' title='bbox 1669 706 1830 767; x_wconf 89' lang='lat' dir='ltr'><strong>solus</strong></span> <span class='ocrx_word' id='word_1_62' title='bbox 1858 704 1960 764; x_wconf 83' lang='lat' dir='ltr'><strong>de-</strong></span> 
     </span>
    </p>
   </div>
   <div class='ocr_carea' id='block_1_9' title="bbox 313 793 1959 875">
    <p class='ocr_par' dir='ltr' id='par_1_9' title="bbox 313 793 1959 875">
     <span class='ocr_line' id='line_1_9' title="bbox 313 793 1959 875; baseline -0.002 -18"><span class='ocrx_word' id='word_1_63' title='bbox 313 796 584 875; x_wconf 82' lang='lat' dir='ltr'><strong>relictus,</strong></span> <span class='ocrx_word' id='word_1_64' title='bbox 623 795 899 856; x_wconf 90' lang='lat' dir='ltr'><strong>omnibus</strong></span> <span class='ocrx_word' id='word_1_65' title='bbox 920 795 1273 855; x_wconf 88' lang='lat' dir='ltr'><strong>contrariam</strong></span> <span class='ocrx_word' id='word_1_66' title='bbox 1309 795 1457 855; x_wconf 86' lang='lat' dir='ltr'><strong>viam</strong></span> <span class='ocrx_word' id='word_1_67' title='bbox 1484 794 1855 869; x_wconf 78' lang='lat' dir='ltr'><strong>ineuntibus,</strong></span> <span class='ocrx_word' id='word_1_68' title='bbox 1889 793 1959 855; x_wconf 88' lang='lat' dir='ltr'><strong>ad</strong></span> 
     </span>
    </p>
   </div>
   <div class='ocr_carea' id='block_1_10' title="bbox 315 883 1962 965">
    <p class='ocr_par' dir='ltr' id='par_1_10' title="bbox 315 883 1962 965">
     <span class='ocr_line' id='line_1_10' title="bbox 315 883 1962 965; baseline -0.004 -17"><span class='ocrx_word' id='word_1_69' title='bbox 315 887 420 948; x_wconf 87' lang='lat' dir='ltr'><strong>Dei</strong></span> <span class='ocrx_word' id='word_1_70' title='bbox 448 884 877 965; x_wconf 84' lang='lat' dir='ltr'><strong>providentiam</strong></span> <span class='ocrx_word' id='word_1_71' title='bbox 923 884 1208 961; x_wconf 82' lang='lat' dir='ltr'><strong>confugit.</strong></span> <span class='ocrx_word' id='word_1_72' title='bbox 1235 885 1313 945; x_wconf 85' lang='lat' dir='ltr'><strong>Et</strong></span> <span class='ocrx_word' id='word_1_73' title='bbox 1329 902 1446 945; x_wconf 84' lang='lat' dir='ltr'><strong>non</strong></span> <span class='ocrx_word' id='word_1_74' title='bbox 1466 884 1646 949; x_wconf 84' lang='lat' dir='ltr'><strong>dixit:</strong></span> <span class='ocrx_word' id='word_1_75' title='bbox 1674 883 1962 957; x_wconf 87' lang='lat' dir='ltr'><strong>Quoniam</strong></span> 
     </span>
    </p>
   </div>
   <div class='ocr_carea' id='block_1_11' title="bbox 314 971 1969 1054">
    <p class='ocr_par' dir='ltr' id='par_1_11' title="bbox 314 971 1969 1054">
     <span class='ocr_line' id='line_1_11' title="bbox 314 971 1969 1054; baseline -0.002 -20"><span class='ocrx_word' id='word_1_76' title='bbox 314 984 552 1035; x_wconf 86' lang='lat' dir='ltr'><strong>sanctus</strong></span> <span class='ocrx_word' id='word_1_77' title='bbox 575 973 816 1047; x_wconf 87' lang='lat' dir='ltr'><strong>fuit,sed</strong></span> <span class='ocrx_word' id='word_1_78' title='bbox 846 975 999 1054; x_wconf 84' lang='lat' dir='ltr'><strong>quod</strong></span> <span class='ocrx_word' id='word_1_79' title='bbox 1021 974 1079 1034; x_wconf 89' lang='lat' dir='ltr'><strong>hi</strong></span> <span class='ocrx_word' id='word_1_80' title='bbox 1108 975 1285 1035; x_wconf 90' lang='lat' dir='ltr'><strong>etiam</strong></span> <span class='ocrx_word' id='word_1_81' title='bbox 1311 973 1412 1053; x_wconf 92' lang='lat' dir='ltr'><strong>qui</strong></span> <span class='ocrx_word' id='word_1_82' title='bbox 1432 974 1621 1035; x_wconf 86' lang='lat' dir='ltr'><strong>sancti</strong></span> <span class='ocrx_word' id='word_1_83' title='bbox 1645 971 1969 1052; x_wconf 89' lang='lat' dir='ltr'><strong>sunt,peri-</strong></span> 
     </span>
    </p>
   </div>
   <div class='ocr_carea' id='block_1_12' title="bbox 315 1062 1967 1143">
    <p class='ocr_par' dir='ltr' id='par_1_12' title="bbox 315 1062 1967 1143">
     <span class='ocr_line' id='line_1_12' title="bbox 315 1062 1967 1143; baseline -0.002 -19"><span class='ocrx_word' id='word_1_84' title='bbox 315 1063 497 1143; x_wconf 87' lang='lat' dir='ltr'><strong>erint,</strong></span> <span class='ocrx_word' id='word_1_85' title='bbox 525 1082 595 1124; x_wconf 92' lang='lat' dir='ltr'><strong>eo</strong></span> <span class='ocrx_word' id='word_1_86' title='bbox 626 1062 784 1143; x_wconf 87' lang='lat' dir='ltr'><strong>quod</strong></span> <span class='ocrx_word' id='word_1_87' title='bbox 822 1063 1199 1142; x_wconf 69' lang='lat' dir='ltr'><strong>prmvaluerit</strong></span> <span class='ocrx_word' id='word_1_88' title='bbox 1232 1062 1532 1125; x_wconf 88' lang='lat' dir='ltr'><strong>malitia...</strong></span> <span class='ocrx_word' id='word_1_89' title='bbox 1569 1062 1967 1136; x_wconf 84' lang='lat' dir='ltr'><strong>Quemadmo-</strong></span> 
     </span>
    </p>
   </div>
   <div class='ocr_carea' id='block_1_13' title="bbox 316 1149 1967 1232">
    <p class='ocr_par' dir='ltr' id='par_1_13' title="bbox 316 1149 1967 1232">
     <span class='ocr_line' id='line_1_13' title="bbox 316 1149 1967 1232; baseline -0.001 -20"><span class='ocrx_word' id='word_1_90' title='bbox 316 1154 458 1213; x_wconf 92' lang='lat' dir='ltr'><strong>dum</strong></span> <span class='ocrx_word' id='word_1_91' title='bbox 490 1153 724 1214; x_wconf 87' lang='lat' dir='ltr'><strong>colores</strong></span> <span class='ocrx_word' id='word_1_92' title='bbox 746 1152 925 1232; x_wconf 85' lang='lat' dir='ltr'><strong>aliqui</strong></span> <span class='ocrx_word' id='word_1_93' title='bbox 947 1153 1188 1232; x_wconf 86' lang='lat' dir='ltr'><strong>quidem</strong></span> <span class='ocrx_word' id='word_1_94' title='bbox 1204 1160 1342 1213; x_wconf 89' lang='lat' dir='ltr'><strong>sunt</strong></span> <span class='ocrx_word' id='word_1_95' title='bbox 1370 1153 1515 1225; x_wconf 88' lang='lat' dir='ltr'><strong>veri,</strong></span> <span class='ocrx_word' id='word_1_96' title='bbox 1539 1153 1635 1214; x_wconf 89' lang='lat' dir='ltr'><strong>alii</strong></span> <span class='ocrx_word' id='word_1_97' title='bbox 1652 1170 1791 1213; x_wconf 88' lang='lat' dir='ltr'><strong>vero</strong></span> <span class='ocrx_word' id='word_1_98' title='bbox 1814 1149 1967 1211; x_wconf 85' lang='lat' dir='ltr'><strong>falsi:</strong></span> 
     </span>
    </p>
   </div>
   <div class='ocr_carea' id='block_1_14' title="bbox 310 1240 1967 1320">
    <p class='ocr_par' dir='ltr' id='par_1_14' title="bbox 310 1240 1967 1320">
     <span class='ocr_line' id='line_1_14' title="bbox 310 1240 1967 1320; baseline -0.002 -18"><span class='ocrx_word' id='word_1_99' title='bbox 310 1243 523 1303; x_wconf 91' lang='lat' dir='ltr'><strong>eodem</strong></span> <span class='ocrx_word' id='word_1_100' title='bbox 551 1243 727 1303; x_wconf 81' lang='lat' dir='ltr'><strong>modo</strong></span> <span class='ocrx_word' id='word_1_101' title='bbox 762 1242 967 1302; x_wconf 63' lang='lat' dir='ltr'><strong>multa:</strong></span> <span class='ocrx_word' id='word_1_102' title='bbox 989 1242 1161 1302; x_wconf 86' lang='lat' dir='ltr'><strong>etiam</strong></span> <span class='ocrx_word' id='word_1_103' title='bbox 1185 1251 1323 1302; x_wconf 91' lang='lat' dir='ltr'><strong>sunt</strong></span> <span class='ocrx_word' id='word_1_104' title='bbox 1359 1242 1657 1316; x_wconf 82' lang='lat' dir='ltr'><strong>veritates,</strong></span> <span class='ocrx_word' id='word_1_105' title='bbox 1694 1240 1797 1302; x_wconf 91' lang='lat' dir='ltr'><strong>sed</strong></span> <span class='ocrx_word' id='word_1_106' title='bbox 1832 1257 1967 1320; x_wconf 86' lang='lat' dir='ltr'><strong>pro-</strong></span> 
     </span>
    </p>
   </div>
   <div class='ocr_carea' id='block_1_15' title="bbox 312 1330 1969 1411">
    <p class='ocr_par' dir='ltr' id='par_1_15' title="bbox 312 1330 1969 1411">
     <span class='ocr_line' id='line_1_15' title="bbox 312 1330 1969 1411; baseline -0.003 -18"><span class='ocrx_word' id='word_1_107' title='bbox 312 1333 441 1411; x_wconf 87' lang='lat' dir='ltr'><strong>prie</strong></span> <span class='ocrx_word' id='word_1_108' title='bbox 465 1331 679 1393; x_wconf 87' lang='lat' dir='ltr'><strong>veritas</strong></span> <span class='ocrx_word' id='word_1_109' title='bbox 710 1338 799 1391; x_wconf 88' lang='lat' dir='ltr'><strong>est</strong></span> <span class='ocrx_word' id='word_1_110' title='bbox 834 1331 886 1391; x_wconf 92' lang='lat' dir='ltr'><strong>id</strong></span> <span class='ocrx_word' id='word_1_111' title='bbox 923 1330 1082 1409; x_wconf 87' lang='lat' dir='ltr'><strong>quod</strong></span> <span class='ocrx_word' id='word_1_112' title='bbox 1110 1349 1248 1391; x_wconf 85' lang='lat' dir='ltr'><strong>vere</strong></span> <span class='ocrx_word' id='word_1_113' title='bbox 1282 1339 1393 1394; x_wconf 88' lang='lat' dir='ltr'><strong>est.</strong></span> <span class='ocrx_word' id='word_1_114' title='bbox 1426 1333 1575 1404; x_wconf 84' lang='lat' dir='ltr'><strong>Quia</strong></span> <span class='ocrx_word' id='word_1_115' title='bbox 1598 1349 1741 1393; x_wconf 88' lang='lat' dir='ltr'><strong>vero</strong></span> <span class='ocrx_word' id='word_1_116' title='bbox 1791 1331 1969 1392; x_wconf 83' lang='lat' dir='ltr'><strong>etiam</strong></span> 
     </span>
    </p>
   </div>
   <div class='ocr_carea' id='block_1_16' title="bbox 312 1418 1969 1501">
    <p class='ocr_par' dir='ltr' id='par_1_16' title="bbox 312 1418 1969 1501">
     <span class='ocr_line' id='line_1_16' title="bbox 312 1418 1969 1501; baseline -0.002 -18"><span class='ocrx_word' id='word_1_117' title='bbox 312 1423 437 1484; x_wconf 65' lang='lat' dir='ltr'><strong>hinc</strong></span> <span class='ocrx_word' id='word_1_118' title='bbox 470 1437 749 1501; x_wconf 88' lang='lat' dir='ltr'><strong>perversa</strong></span> <span class='ocrx_word' id='word_1_119' title='bbox 778 1429 969 1499; x_wconf 81' lang='lat' dir='ltr'><strong>erant,</strong></span> <span class='ocrx_word' id='word_1_120' title='bbox 1002 1429 1060 1479; x_wconf 90' lang='lat' dir='ltr'><strong>et</strong></span> <span class='ocrx_word' id='word_1_121' title='bbox 1091 1420 1375 1481; x_wconf 77' lang='lat' dir='ltr'><strong>otfuscata</strong></span> <span class='ocrx_word' id='word_1_122' title='bbox 1411 1441 1425 1495; x_wconf 90' lang='lat'><strong>;</strong></span> <span class='ocrx_word' id='word_1_123' title='bbox 1460 1441 1579 1481; x_wconf 87' lang='lat' dir='ltr'><strong>non</strong></span> <span class='ocrx_word' id='word_1_124' title='bbox 1631 1420 1791 1500; x_wconf 86' lang='lat' dir='ltr'><strong>quod</strong></span> <span class='ocrx_word' id='word_1_125' title='bbox 1823 1418 1969 1479; x_wconf 86' lang='lat' dir='ltr'><strong>sub-</strong></span> 
     </span>
    </p>
   </div>
   <div class='ocr_carea' id='block_1_17' title="bbox 312 1507 1973 1589">
    <p class='ocr_par' dir='ltr' id='par_1_17' title="bbox 312 1507 1973 1589">
     <span class='ocr_line' id='line_1_17' title="bbox 312 1507 1973 1589; baseline -0.002 -18"><span class='ocrx_word' id='word_1_126' title='bbox 312 1512 589 1571; x_wconf 83' lang='lat' dir='ltr'><strong>stantiam</strong></span> <span class='ocrx_word' id='word_1_127' title='bbox 614 1509 1153 1589; x_wconf 85' lang='lat' dir='ltr'><strong>perdidissent,sed</strong></span> <span class='ocrx_word' id='word_1_128' title='bbox 1172 1510 1330 1585; x_wconf 84' lang='lat' dir='ltr'><strong>quod</strong></span> <span class='ocrx_word' id='word_1_129' title='bbox 1354 1510 1427 1571; x_wconf 87' lang='lat' dir='ltr'><strong>ab</strong></span> <span class='ocrx_word' id='word_1_130' title='bbox 1453 1510 1799 1571; x_wconf 88' lang='lat' dir='ltr'><strong>hominibus</strong></span> <span class='ocrx_word' id='word_1_131' title='bbox 1819 1507 1973 1569; x_wconf 87' lang='lat' dir='ltr'><strong>rele-</strong></span> 
     </span>
    </p>
   </div>
   <div class='ocr_carea' id='block_1_18' title="bbox 313 1596 1967 1679">
    <p class='ocr_par' dir='ltr' id='par_1_18' title="bbox 313 1596 1967 1679">
     <span class='ocr_line' id='line_1_18' title="bbox 313 1596 1967 1679; baseline -0.002 -17"><span class='ocrx_word' id='word_1_132' title='bbox 313 1608 446 1678; x_wconf 82' lang='lat' dir='ltr'><strong>gata</strong></span> <span class='ocrx_word' id='word_1_133' title='bbox 477 1607 701 1673; x_wconf 88' lang='lat' dir='ltr'><strong>essent,</strong></span> <span class='ocrx_word' id='word_1_134' title='bbox 742 1624 764 1653; x_wconf 73' lang='grc' dir='ltr'><strong>υ</strong></span> <span class='ocrx_word' id='word_1_135' title='bbox 799 1608 914 1660; x_wconf 86' lang='lat' dir='ltr'><strong>etc.</strong></span> <span class='ocrx_word' id='word_1_136' title='bbox 953 1596 1058 1659; x_wconf 88' lang='lat' dir='ltr'><strong>His</strong></span> <span class='ocrx_word' id='word_1_137' title='bbox 1090 1599 1384 1661; x_wconf 81' lang='lat' dir='ltr'><strong>absimilia</strong></span> <span class='ocrx_word' id='word_1_138' title='bbox 1408 1618 1528 1662; x_wconf 92' lang='lat' dir='ltr'><strong>non</strong></span> <span class='ocrx_word' id='word_1_139' title='bbox 1555 1606 1692 1660; x_wconf 91' lang='lat' dir='ltr'><strong>sunt</strong></span> <span class='ocrx_word' id='word_1_140' title='bbox 1714 1616 1845 1679; x_wconf 60' lang='lat' dir='ltr'><strong>quas</strong></span> <span class='ocrx_word' id='word_1_141' title='bbox 1876 1598 1967 1659; x_wconf 93' lang='lat' dir='ltr'><strong>le-</strong></span> 
     </span>
    </p>
   </div>
   <div class='ocr_carea' id='block_1_19' title="bbox 315 1687 1968 1769">
    <p class='ocr_par' dir='ltr' id='par_1_19' title="bbox 315 1687 1968 1769">
     <span class='ocr_line' id='line_1_19' title="bbox 315 1687 1968 1769; baseline -0.005 -18"><span class='ocrx_word' id='word_1_142' title='bbox 315 1700 541 1769; x_wconf 79' lang='lat' dir='ltr'><strong>guntur</strong></span> <span class='ocrx_word' id='word_1_143' title='bbox 572 1687 729 1768; x_wconf 90' lang='lat' dir='ltr'><strong>apud</strong></span> <span class='ocrx_word' id='word_1_144' title='bbox 762 1687 1273 1767; x_wconf 85' lang='lat' dir='ltr'><strong>Chrysostomum,</strong></span> <span class='ocrx_word' id='word_1_145' title='bbox 1304 1690 1413 1750; x_wconf 84' lang='lat' dir='ltr'><strong>hoc</strong></span> <span class='ocrx_word' id='word_1_146' title='bbox 1447 1689 1664 1751; x_wconf 90' lang='lat' dir='ltr'><strong>modo:</strong></span> <span class='ocrx_word' id='word_1_147' title='bbox 1692 1690 1852 1752; x_wconf 80' lang='grc' dir='ltr'>Οὗτος</span> <span class='ocrx_word' id='word_1_148' title='bbox 1878 1687 1968 1743; x_wconf 81' lang='grc' dir='ltr'>ἂτε</span> 
     </span>
    </p>
   </div>
   <div class='ocr_carea' id='block_1_20' title="bbox 2046 704 3686 788">
    <p class='ocr_par' dir='ltr' id='par_1_20' title="bbox 2046 704 3686 788">
     <span class='ocr_line' id='line_1_20' title="bbox 2046 704 3686 788; baseline 0.003 -29"><span class='ocrx_word' id='word_1_149' title='bbox 2046 708 2175 759; x_wconf 73' lang='grc' dir='ltr'>Θεὸν</span> <span class='ocrx_word' id='word_1_150' title='bbox 2221 708 2376 783; x_wconf 68' lang='grc' dir='ltr'>ῥῖψαι</span> <span class='ocrx_word' id='word_1_151' title='bbox 2430 704 2743 784; x_wconf 70' lang='grc' dir='ltr'><strong>κελεύουσα,</strong></span> <span class='ocrx_word' id='word_1_152' title='bbox 2793 706 3009 772; x_wconf 75' lang='grc' dir='ltr'>καὶτῆς</span> <span class='ocrx_word' id='word_1_153' title='bbox 3056 704 3259 761; x_wconf 76' lang='grc' dir='ltr'>ἐκειθεν</span> <span class='ocrx_word' id='word_1_154' title='bbox 3292 706 3498 773; x_wconf 71' lang='grc' dir='ltr'>ἐλπίδος</span> <span class='ocrx_word' id='word_1_155' title='bbox 3531 708 3686 788; x_wconf 72' lang='grc' dir='ltr'>ἐξαρ-</span> 
     </span>
    </p>
   </div>
   <div class='ocr_carea' id='block_1_21' title="bbox 2048 792 3689 877">
    <p class='ocr_par' dir='ltr' id='par_1_21' title="bbox 2048 792 3689 877">
     <span class='ocr_line' id='line_1_21' title="bbox 2048 792 3689 877; baseline 0.002 -27"><span class='ocrx_word' id='word_1_156' title='bbox 2048 800 2208 861; x_wconf 77' lang='grc' dir='ltr'>τῆσαι</span> <span class='ocrx_word' id='word_1_157' title='bbox 2260 796 2355 860; x_wconf 72' lang='grc' dir='ltr'><strong>τὴν</strong></span> <span class='ocrx_word' id='word_1_158' title='bbox 2405 796 2577 861; x_wconf 76' lang='grc' dir='ltr'>νίκην.</span> <span class='ocrx_word' id='word_1_159' title='bbox 2645 796 2742 850; x_wconf 76' lang='grc' dir='ltr'><strong>Διὰ</strong></span> <span class='ocrx_word' id='word_1_160' title='bbox 2798 796 2846 850; x_wconf 82' lang='grc' dir='ltr'><strong>τί</strong></span> <span class='ocrx_word' id='word_1_161' title='bbox 2870 792 2924 849; x_wconf 76' lang='grc' dir='ltr'>δὲ</span> <span class='ocrx_word' id='word_1_162' title='bbox 2954 808 3072 855; x_wconf 83' lang='grc' dir='ltr'>τοίς</span> <span class='ocrx_word' id='word_1_163' title='bbox 3115 795 3387 871; x_wconf 77' lang='grc' dir='ltr'>ὠσί;τίνι</span> <span class='ocrx_word' id='word_1_164' title='bbox 3441 799 3539 877; x_wconf 79' lang='grc' dir='ltr'><strong>γάρ</strong></span> <span class='ocrx_word' id='word_1_165' title='bbox 3609 819 3689 863; x_wconf 84' lang='grc' dir='ltr'>τις</span> 
     </span>
    </p>
   </div>
   <div class='ocr_carea' id='block_1_22' title="bbox 2050 883 3691 964">
    <p class='ocr_par' dir='ltr' id='par_1_22' title="bbox 2050 883 3691 964">
     <span class='ocr_line' id='line_1_22' title="bbox 2050 883 3691 964; baseline 0.002 -24"><span class='ocrx_word' id='word_1_166' title='bbox 2050 886 2196 959; x_wconf 75' lang='grc' dir='ltr'>μέρει</span> <span class='ocrx_word' id='word_1_167' title='bbox 2255 884 2399 955; x_wconf 67' lang='grc' dir='ltr'><strong>ἄλλῳ</strong></span> <span class='ocrx_word' id='word_1_168' title='bbox 2429 884 2607 940; x_wconf 71' lang='grc' dir='ltr'>ἀκούει</span> <span class='ocrx_word' id='word_1_169' title='bbox 2641 901 2656 958; x_wconf 84' lang='grc'><strong>;</strong></span> <span class='ocrx_word' id='word_1_170' title='bbox 2696 886 2882 943; x_wconf 69' lang='grc' dir='ltr'>Κοινὸν</span> <span class='ocrx_word' id='word_1_171' title='bbox 2926 883 3043 949; x_wconf 73' lang='grc' dir='ltr'>ἔθος</span> <span class='ocrx_word' id='word_1_172' title='bbox 3075 883 3234 964; x_wconf 69' lang='grc' dir='ltr'><strong>ἐστὶν⁷</strong></span> <span class='ocrx_word' id='word_1_173' title='bbox 3270 883 3396 942; x_wconf 71' lang='grc' dir='ltr'>ὅταν</span> <span class='ocrx_word' id='word_1_174' title='bbox 3448 911 3529 950; x_wconf 87' lang='grc' dir='ltr'>τις</span> <span class='ocrx_word' id='word_1_175' title='bbox 3588 910 3691 945; x_wconf 78' lang='grc' dir='ltr'><strong>πε-</strong></span> 
     </span>
    </p>
   </div>
   <div class='ocr_carea' id='block_1_23' title="bbox 2051 974 3692 1054">
    <p class='ocr_par' dir='ltr' id='par_1_23' title="bbox 2051 974 3692 1054">
     <span class='ocr_line' id='line_1_23' title="bbox 2051 974 3692 1054; baseline 0.002 -25"><span class='ocrx_word' id='word_1_176' title='bbox 2051 974 2505 1053; x_wconf 68' lang='grc' dir='ltr'>πληροφορημένα</span> <span class='ocrx_word' id='word_1_177' title='bbox 2555 974 2832 1054; x_wconf 69' lang='grc' dir='ltr'>διηγῆται,</span> <span class='ocrx_word' id='word_1_178' title='bbox 2905 974 3206 1051; x_wconf 74' lang='grc' dir='ltr'><strong>προτιθέναι</strong></span> <span class='ocrx_word' id='word_1_179' title='bbox 3247 988 3364 1039; x_wconf 77' lang='grc' dir='ltr'>τοῖς</span> <span class='ocrx_word' id='word_1_180' title='bbox 3395 978 3519 1033; x_wconf 84' lang='grc' dir='ltr'>ὠσὶν</span> <span class='ocrx_word' id='word_1_181' title='bbox 3547 978 3692 1043; x_wconf 77' lang='grc' dir='ltr'>ἀχη-</span> 
     </span>
    </p>
   </div>
   <div class='ocr_carea' id='block_1_24' title="bbox 2054 1062 3695 1142">
    <p class='ocr_par' dir='ltr' id='par_1_24' title="bbox 2054 1062 3695 1142">
     <span class='ocr_line' id='line_1_24' title="bbox 2054 1062 3695 1142; baseline 0.001 -23"><span class='ocrx_word' id='word_1_182' title='bbox 2054 1064 2175 1119; x_wconf 76' lang='grc' dir='ltr'><strong>κοέν</strong></span> <span class='ocrx_word' id='word_1_183' title='bbox 2188 1087 2309 1123; x_wconf 82' lang='lat' dir='ltr'><strong>1t...</strong></span> <span class='ocrx_word' id='word_1_184' title='bbox 2344 1063 2494 1140; x_wconf 81' lang='grc' dir='ltr'>’Ὅρα</span> <span class='ocrx_word' id='word_1_185' title='bbox 2519 1062 2572 1119; x_wconf 79' lang='grc' dir='ltr'><strong>δὲ</strong></span> <span class='ocrx_word' id='word_1_186' title='bbox 2597 1071 2710 1129; x_wconf 82' lang='grc' dir='ltr'><strong>πῶς</strong></span> <span class='ocrx_word' id='word_1_187' title='bbox 2737 1062 2879 1119; x_wconf 82' lang='grc' dir='ltr'>δεινὰ</span> <span class='ocrx_word' id='word_1_188' title='bbox 2911 1062 3233 1142; x_wconf 70' lang='grc' dir='ltr'>πάσχοντες,</span> <span class='ocrx_word' id='word_1_189' title='bbox 3260 1066 3318 1119; x_wconf 78' lang='grc' dir='ltr'>οὗ</span> <span class='ocrx_word' id='word_1_190' title='bbox 3347 1064 3609 1142; x_wconf 60' lang='grc' dir='ltr'>Ἇέγουσιν,</span> <span class='ocrx_word' id='word_1_191' title='bbox 3633 1068 3695 1122; x_wconf 83' lang='grc' dir='ltr'>τὸ</span> 
     </span>
    </p>
   </div>
   <div class='ocr_carea' id='block_1_25' title="bbox 2053 1151 3697 1233">
    <p class='ocr_par' dir='ltr' id='par_1_25' title="bbox 2053 1151 3697 1233">
     <span class='ocr_line' id='line_1_25' title="bbox 2053 1151 3697 1233; baseline 0.001 -24"><span class='ocrx_word' id='word_1_192' title='bbox 2053 1155 2139 1209; x_wconf 84' lang='grc' dir='ltr'><strong>καὶ</strong></span> <span class='ocrx_word' id='word_1_193' title='bbox 2170 1155 2229 1208; x_wconf 84' lang='grc' dir='ltr'>τὸ</span> <span class='ocrx_word' id='word_1_194' title='bbox 2264 1154 2524 1228; x_wconf 74' lang='grc' dir='ltr'><strong>ἐπάθομεν</strong></span> <span class='ocrx_word' id='word_1_195' title='bbox 2550 1151 2631 1209; x_wconf 79' lang='grc' dir='ltr'>διὰ</span> <span class='ocrx_word' id='word_1_196' title='bbox 2658 1156 2740 1233; x_wconf 70' lang='grc' dir='ltr'>σὲ,</span> <span class='ocrx_word' id='word_1_197' title='bbox 2772 1154 3040 1229; x_wconf 73' lang='grc' dir='ltr'><strong>βοήθησον</strong></span> <span class='ocrx_word' id='word_1_198' title='bbox 3071 1156 3229 1226; x_wconf 78' lang='grc' dir='ltr'>ἡμῖν·</span> <span class='ocrx_word' id='word_1_199' title='bbox 3258 1153 3377 1210; x_wconf 86' lang='grc' dir='ltr'><strong>ἀλλ’</strong></span> <span class='ocrx_word' id='word_1_200' title='bbox 3408 1158 3480 1221; x_wconf 78' lang='grc' dir='ltr'>ὡς</span> <span class='ocrx_word' id='word_1_201' title='bbox 3498 1157 3697 1213; x_wconf 75' lang='grc' dir='ltr'>οἰκεὶον</span> 
     </span>
    </p>
   </div>
   <div class='ocr_carea' id='block_1_26' title="bbox 2056 1240 3694 1325">
    <p class='ocr_par' dir='ltr' id='par_1_26' title="bbox 2056 1240 3694 1325">
     <span class='ocr_line' id='line_1_26' title="bbox 2056 1240 3694 1325; baseline 0.004 -29"><span class='ocrx_word' id='word_1_202' title='bbox 2056 1240 2220 1317; x_wconf 70' lang='grc' dir='ltr'>μηδὲν</span> <span class='ocrx_word' id='word_1_203' title='bbox 2251 1243 2469 1321; x_wconf 68' lang='grc' dir='ltr'>ἔχοντες</span> <span class='ocrx_word' id='word_1_204' title='bbox 2502 1243 2694 1319; x_wconf 75' lang='grc' dir='ltr'>ἀγαθὸν</span> <span class='ocrx_word' id='word_1_205' title='bbox 2737 1245 2809 1307; x_wconf 79' lang='grc' dir='ltr'><strong>εἰς</strong></span> <span class='ocrx_word' id='word_1_206' title='bbox 2856 1241 3170 1321; x_wconf 69' lang='grc' dir='ltr'>παρρησίαν,</span> <span class='ocrx_word' id='word_1_207' title='bbox 3218 1245 3290 1307; x_wconf 78' lang='grc' dir='ltr'>εἷς</span> <span class='ocrx_word' id='word_1_208' title='bbox 3322 1245 3388 1300; x_wconf 76' lang='grc' dir='ltr'><strong>τὰ</strong></span> <span class='ocrx_word' id='word_1_209' title='bbox 3417 1260 3532 1307; x_wconf 75' lang='grc' dir='ltr'>τοῖς</span> <span class='ocrx_word' id='word_1_210' title='bbox 3566 1268 3694 1325; x_wconf 74' lang='grc' dir='ltr'>προσ</span> 
     </span>
    </p>
   </div>
   <div class='ocr_carea' id='block_1_27' title="bbox 2056 1332 3700 1410">
    <p class='ocr_par' dir='ltr' id='par_1_27' title="bbox 2056 1332 3700 1410">
     <span class='ocr_line' id='line_1_27' title="bbox 2056 1332 3700 1410; baseline 0.003 -26"><span class='ocrx_word' id='word_1_211' title='bbox 2056 1332 2229 1408; x_wconf 72' lang='grc' dir='ltr'>γόνοιε</span> <span class='ocrx_word' id='word_1_212' title='bbox 2264 1332 2575 1408; x_wconf 67' lang='grc' dir='ltr'>ὑπηργμένα</span> <span class='ocrx_word' id='word_1_213' title='bbox 2630 1333 2769 1408; x_wconf 81' lang='grc' dir='ltr'><strong>παρὰ</strong></span> <span class='ocrx_word' id='word_1_214' title='bbox 2829 1338 2959 1388; x_wconf 87' lang='grc' dir='ltr'>Θεοῦ</span> <span class='ocrx_word' id='word_1_215' title='bbox 3014 1333 3424 1410; x_wconf 73' lang='grc' dir='ltr'>καταφεύγουσι.</span> <span class='ocrx_word' id='word_1_216' title='bbox 3484 1355 3510 1388; x_wconf 69' lang='grc' dir='ltr'>ιε</span> <span class='ocrx_word' id='word_1_217' title='bbox 3565 1332 3700 1395; x_wconf 56' lang='lat' dir='ltr'><strong>Hac</strong></span> 
     </span>
    </p>
   </div>
   <div class='ocr_carea' id='block_1_28' title="bbox 2055 1420 3703 1501">
    <p class='ocr_par' dir='ltr' id='par_1_28' title="bbox 2055 1420 3703 1501">
     <span class='ocr_line' id='line_1_28' title="bbox 2055 1420 3703 1501; baseline 0.002 -21"><span class='ocrx_word' id='word_1_218' title='bbox 2055 1421 2239 1480; x_wconf 87' lang='lat' dir='ltr'><strong>verba</strong></span> <span class='ocrx_word' id='word_1_219' title='bbox 2291 1421 2816 1499; x_wconf 74' lang='lat' dir='ltr'><strong>snntvrigemium</strong></span> <span class='ocrx_word' id='word_1_220' title='bbox 2852 1438 2981 1492; x_wconf 89' lang='lat' dir='ltr'><strong>eos,</strong></span> <span class='ocrx_word' id='word_1_221' title='bbox 3039 1420 3140 1501; x_wconf 91' lang='lat' dir='ltr'><strong>qui</strong></span> <span class='ocrx_word' id='word_1_222' title='bbox 3203 1421 3581 1485; x_wconf 87' lang='lat' dir='ltr'><strong>multitudine</strong></span> <span class='ocrx_word' id='word_1_223' title='bbox 3636 1442 3703 1483; x_wconf 90' lang='lat' dir='ltr'><strong>ac</strong></span> 
     </span>
    </p>
   </div>
   <div class='ocr_carea' id='block_1_29' title="bbox 2055 1508 3703 1590">
    <p class='ocr_par' dir='ltr' id='par_1_29' title="bbox 2055 1508 3703 1590">
     <span class='ocr_line' id='line_1_29' title="bbox 2055 1508 3703 1590; baseline 0.003 -23"><span class='ocrx_word' id='word_1_224' title='bbox 2055 1508 2275 1568; x_wconf 86' lang='lat' dir='ltr'><strong>robore</strong></span> <span class='ocrx_word' id='word_1_225' title='bbox 2310 1509 2567 1568; x_wconf 85' lang='lat' dir='ltr'><strong>hostium</strong></span> <span class='ocrx_word' id='word_1_226' title='bbox 2611 1509 2890 1588; x_wconf 86' lang='lat' dir='ltr'><strong>prostrati</strong></span> <span class='ocrx_word' id='word_1_227' title='bbox 2923 1518 3085 1569; x_wconf 91' lang='lat' dir='ltr'><strong>sunt.</strong></span> <span class='ocrx_word' id='word_1_228' title='bbox 3122 1508 3193 1569; x_wconf 86' lang='lat' dir='ltr'><strong>Et</strong></span> <span class='ocrx_word' id='word_1_229' title='bbox 3224 1509 3556 1571; x_wconf 83' lang='lat' dir='ltr'><strong>adhortatio</strong></span> <span class='ocrx_word' id='word_1_230' title='bbox 3588 1520 3703 1590; x_wconf 89' lang='lat' dir='ltr'><strong>est,</strong></span> 
     </span>
    </p>
   </div>
   <div class='ocr_carea' id='block_1_30' title="bbox 2056 1596 3705 1679">
    <p class='ocr_par' dir='ltr' id='par_1_30' title="bbox 2056 1596 3705 1679">
     <span class='ocr_line' id='line_1_30' title="bbox 2056 1596 3705 1679; baseline 0.002 -22"><span class='ocrx_word' id='word_1_231' title='bbox 2056 1615 2184 1676; x_wconf 84' lang='lat' dir='ltr'><strong>quae</strong></span> <span class='ocrx_word' id='word_1_232' title='bbox 2217 1607 2402 1656; x_wconf 71' lang='lat' dir='ltr'><strong>totum</strong></span> <span class='ocrx_word' id='word_1_233' title='bbox 2438 1597 2496 1657; x_wconf 90' lang='lat' dir='ltr'><strong>in</strong></span> <span class='ocrx_word' id='word_1_234' title='bbox 2533 1596 2720 1656; x_wconf 90' lang='lat' dir='ltr'><strong>Deum</strong></span> <span class='ocrx_word' id='word_1_235' title='bbox 2756 1596 3074 1677; x_wconf 57' lang='lat' dir='ltr'><strong>projicere,</strong></span> <span class='ocrx_word' id='word_1_236' title='bbox 3108 1605 3168 1657; x_wconf 90' lang='lat' dir='ltr'><strong>et</strong></span> <span class='ocrx_word' id='word_1_237' title='bbox 3194 1615 3264 1657; x_wconf 87' lang='lat' dir='ltr'><strong>ex</strong></span> <span class='ocrx_word' id='word_1_238' title='bbox 3308 1597 3438 1677; x_wconf 83' lang='lat' dir='ltr'><strong>ejus</strong></span> <span class='ocrx_word' id='word_1_239' title='bbox 3464 1618 3570 1679; x_wconf 89' lang='lat' dir='ltr'><strong>spe</strong></span> <span class='ocrx_word' id='word_1_240' title='bbox 3590 1599 3705 1660; x_wconf 87' lang='lat' dir='ltr'><strong>vic-</strong></span> 
     </span>
    </p>
   </div>
   <div class='ocr_carea' id='block_1_31' title="bbox 2054 1685 3704 1769">
    <p class='ocr_par' dir='ltr' id='par_1_31' title="bbox 2054 1685 3704 1769">
     <span class='ocr_line' id='line_1_31' title="bbox 2054 1685 3704 1769; baseline 0.003 -24"><span class='ocrx_word' id='word_1_241' title='bbox 2054 1687 2261 1746; x_wconf 88' lang='lat' dir='ltr'><strong>toriam</strong></span> <span class='ocrx_word' id='word_1_242' title='bbox 2290 1685 2662 1766; x_wconf 63' lang='lat' dir='ltr'><strong>suspendere</strong></span> <span class='ocrx_word' id='word_1_243' title='bbox 2688 1685 2879 1764; x_wconf 85' lang='lat' dir='ltr'><strong>jubet.</strong></span> <span class='ocrx_word' id='word_1_244' title='bbox 2914 1689 2985 1745; x_wconf 84' lang='lat' dir='ltr'><strong>At</strong></span> <span class='ocrx_word' id='word_1_245' title='bbox 3016 1702 3123 1747; x_wconf 90' lang='lat' dir='ltr'><strong>cur</strong></span> <span class='ocrx_word' id='word_1_246' title='bbox 3142 1685 3386 1748; x_wconf 90' lang='lat' dir='ltr'><strong>auribus</strong></span> <span class='ocrx_word' id='word_1_247' title='bbox 3402 1692 3431 1750; x_wconf 85' lang='lat'><strong>?</strong></span> <span class='ocrx_word' id='word_1_248' title='bbox 3448 1707 3704 1769; x_wconf 90' lang='lat' dir='ltr'><strong>quonam</strong></span> 
     </span>
    </p>
   </div>
   <div class='ocr_carea' id='block_1_32' title="bbox 315 1773 1996 1859">
    <p class='ocr_par' dir='ltr' id='par_1_32' title="bbox 315 1777 1996 1858">
     <span class='ocr_line' id='line_1_32' title="bbox 315 1777 1996 1858; baseline -0.001 -22"><span class='ocrx_word' id='word_1_249' title='bbox 315 1779 381 1847; x_wconf 79' lang='grc' dir='ltr'><strong>δὴ</strong></span> <span class='ocrx_word' id='word_1_250' title='bbox 413 1780 574 1855; x_wconf 78' lang='grc' dir='ltr'>μόνος</span> <span class='ocrx_word' id='word_1_251' title='bbox 608 1782 769 1845; x_wconf 62' lang='grc' dir='ltr'>αὐτῆς</span> <span class='ocrx_word' id='word_1_252' title='bbox 795 1777 1214 1853; x_wconf 69' lang='grc' dir='ltr'>ἐπειλημιιένος,</span> <span class='ocrx_word' id='word_1_253' title='bbox 1249 1780 1463 1835; x_wconf 84' lang='grc' dir='ltr'>πάντων</span> <span class='ocrx_word' id='word_1_254' title='bbox 1485 1780 1581 1845; x_wconf 76' lang='grc' dir='ltr'><strong>τὴν</strong></span> <span class='ocrx_word' id='word_1_255' title='bbox 1612 1778 1849 1834; x_wconf 68' lang='grc' dir='ltr'>ἐναντίαν</span> <span class='ocrx_word' id='word_1_256' title='bbox 1873 1779 1967 1854; x_wconf 67' lang='grc' dir='ltr'>βαι</span> <span class='ocrx_word' id='word_1_257' title='bbox 1991 1811 1996 1858; x_wconf 70' lang='grc' dir='ltr'><strong>ι</strong></span> 
     </span>
    </p>
   </div>
   <div class='ocr_carea' id='block_1_33' title="bbox 2083 1773 3700 1859">
    <p class='ocr_par' dir='ltr' id='par_1_33' title="bbox 2091 1773 3700 1855">
     <span class='ocr_line' id='line_1_33' title="bbox 2091 1773 3700 1855; baseline 0.002 -20"><span class='ocrx_word' id='word_1_258' title='bbox 2091 1777 2208 1835; x_wconf 90' lang='lat' dir='ltr'><strong>nim</strong></span> <span class='ocrx_word' id='word_1_259' title='bbox 2260 1776 2375 1836; x_wconf 87' lang='lat' dir='ltr'><strong>alio</strong></span> <span class='ocrx_word' id='word_1_260' title='bbox 2410 1773 2677 1835; x_wconf 88' lang='lat' dir='ltr'><strong>membro</strong></span> <span class='ocrx_word' id='word_1_261' title='bbox 2709 1774 2845 1855; x_wconf 91' lang='lat' dir='ltr'><strong>quis</strong></span> <span class='ocrx_word' id='word_1_262' title='bbox 2869 1775 3071 1836; x_wconf 83' lang='lat' dir='ltr'><strong>audiat</strong></span> <span class='ocrx_word' id='word_1_263' title='bbox 3100 1780 3128 1837; x_wconf 69' lang='grc' dir='ltr'>Ῥ</span> <span class='ocrx_word' id='word_1_264' title='bbox 3158 1775 3509 1839; x_wconf 85' lang='lat' dir='ltr'><strong>Communis</strong></span> <span class='ocrx_word' id='word_1_265' title='bbox 3541 1779 3700 1839; x_wconf 91' lang='lat' dir='ltr'><strong>enim</strong></span> 
     </span>
    </p>
   </div>
   <div class='ocr_carea' id='block_1_34' title="bbox 316 1863 1996 1947">
    <p class='ocr_par' dir='ltr' id='par_1_34' title="bbox 316 1866 1967 1947">
     <span class='ocr_line' id='line_1_34' title="bbox 316 1866 1967 1947; baseline -0.002 -21"><span class='ocrx_word' id='word_1_266' title='bbox 316 1869 588 1946; x_wconf 68' lang='grc' dir='ltr'>διζόντων,</span> <span class='ocrx_word' id='word_1_267' title='bbox 637 1866 720 1922; x_wconf 80' lang='grc' dir='ltr'>ἐπὶ</span> <span class='ocrx_word' id='word_1_268' title='bbox 752 1870 852 1932; x_wconf 75' lang='grc' dir='ltr'>τὴν</span> <span class='ocrx_word' id='word_1_269' title='bbox 876 1875 966 1922; x_wconf 78' lang='grc' dir='ltr'><strong>τοῦ</strong></span> <span class='ocrx_word' id='word_1_270' title='bbox 1012 1875 1143 1922; x_wconf 83' lang='grc' dir='ltr'>Θεοῦ</span> <span class='ocrx_word' id='word_1_271' title='bbox 1164 1869 1415 1944; x_wconf 82' lang='grc' dir='ltr'>πρόνοιαν</span> <span class='ocrx_word' id='word_1_272' title='bbox 1444 1869 1840 1947; x_wconf 71' lang='grc' dir='ltr'>καταφεύγει...</span> <span class='ocrx_word' id='word_1_273' title='bbox 1871 1870 1967 1925; x_wconf 84' lang='grc' dir='ltr'>Καὶ</span> 
     </span>
    </p>
   </div>
   <div class='ocr_carea' id='block_1_35' title="bbox 2083 1863 3708 1947">
    <p class='ocr_par' dir='ltr' id='par_1_35' title="bbox 2083 1863 3708 1947">
     <span class='ocr_line' id='line_1_35' title="bbox 2083 1863 3708 1947; baseline 0.004 -27"><span class='ocrx_word' id='word_1_274' title='bbox 2083 1865 2422 1925; x_wconf 61' lang='grc' dir='ltr'>ηηευοιυάο</span> <span class='ocrx_word' id='word_1_275' title='bbox 2454 1872 2567 1936; x_wconf 89' lang='lat' dir='ltr'><strong>est,</strong></span> <span class='ocrx_word' id='word_1_276' title='bbox 2606 1876 2671 1924; x_wconf 91' lang='lat' dir='ltr'><strong>ut</strong></span> <span class='ocrx_word' id='word_1_277' title='bbox 2701 1863 2937 1943; x_wconf 87' lang='lat' dir='ltr'><strong>quando</strong></span> <span class='ocrx_word' id='word_1_278' title='bbox 2964 1864 3098 1943; x_wconf 87' lang='lat' dir='ltr'><strong>quis</strong></span> <span class='ocrx_word' id='word_1_279' title='bbox 3143 1872 3306 1925; x_wconf 83' lang='lat' dir='ltr'><strong>certa</strong></span> <span class='ocrx_word' id='word_1_280' title='bbox 3342 1875 3565 1947; x_wconf 86' lang='lat' dir='ltr'><strong>narrat,</strong></span> <span class='ocrx_word' id='word_1_281' title='bbox 3596 1867 3708 1928; x_wconf 89' lang='lat' dir='ltr'><strong>ad-</strong></span> 
     </span>
    </p>
   </div>
   <div class='ocr_carea' id='block_1_36' title="bbox 316 1956 1973 2037">
    <p class='ocr_par' dir='ltr' id='par_1_36' title="bbox 316 1956 1973 2037">
     <span class='ocr_line' id='line_1_36' title="bbox 316 1956 1973 2037; baseline -0.025 -23"><span class='ocrx_word' id='word_1_282' title='bbox 316 1959 409 2015; x_wconf 71' lang='grc' dir='ltr'>οὒκ</span> <span class='ocrx_word' id='word_1_283' title='bbox 440 1957 591 2028; x_wconf 76' lang='grc' dir='ltr'>εἶπε,</span> <span class='ocrx_word' id='word_1_284' title='bbox 629 1958 812 2012; x_wconf 58' lang='lat' dir='ltr'><strong>mm</strong></span> <span class='ocrx_word' id='word_1_285' title='bbox 845 1978 935 2034; x_wconf 68' lang='grc' dir='ltr'><strong>με,</strong></span> <span class='ocrx_word' id='word_1_286' title='bbox 986 1957 1059 2012; x_wconf 73' lang='grc' dir='ltr'>ὅτι</span> <span class='ocrx_word' id='word_1_287' title='bbox 1108 1956 1167 2013; x_wconf 70' lang='grc' dir='ltr'><strong>οὗ</strong></span> <span class='ocrx_word' id='word_1_288' title='bbox 1202 1957 1419 2037; x_wconf 78' lang='grc' dir='ltr'>γέγονεν</span> <span class='ocrx_word' id='word_1_289' title='bbox 1454 1956 1621 2037; x_wconf 60' lang='grc' dir='ltr'>ὅσιος,</span> <span class='ocrx_word' id='word_1_290' title='bbox 1657 1957 1803 2028; x_wconf 60' lang='grc' dir='ltr'>ἀλλ’.</span> <span class='ocrx_word' id='word_1_291' title='bbox 1839 1956 1973 2014; x_wconf 60' lang='lat' dir='ltr'><strong>&quot;On</strong></span> 
     </span>
    </p>
   </div>
   <div class='ocr_carea' id='block_1_37' title="bbox 318 2044 1969 2119">
    <p class='ocr_par' dir='ltr' id='par_1_37' title="bbox 318 2044 1969 2119">
     <span class='ocr_line' id='line_1_37' title="bbox 318 2044 1969 2119; baseline -0.001 -15"><span class='ocrx_word' id='word_1_292' title='bbox 318 2046 629 2104; x_wconf 73' lang='grc' dir='ltr'>ἒκλὲλοιπεν</span> <span class='ocrx_word' id='word_1_293' title='bbox 663 2046 831 2107; x_wconf 79' lang='grc' dir='ltr'>ὅσιος⁵</span> <span class='ocrx_word' id='word_1_294' title='bbox 869 2046 1067 2107; x_wconf 70' lang='grc' dir='ltr'>δεικνυς</span> <span class='ocrx_word' id='word_1_295' title='bbox 1128 2045 1207 2102; x_wconf 79' lang='grc' dir='ltr'><strong>ὅτι</strong></span> <span class='ocrx_word' id='word_1_296' title='bbox 1240 2048 1335 2102; x_wconf 73' lang='grc' dir='ltr'><em>καί</em></span> <span class='ocrx_word' id='word_1_297' title='bbox 1368 2048 1416 2102; x_wconf 81' lang='grc' dir='ltr'>οἱ</span> <span class='ocrx_word' id='word_1_298' title='bbox 1461 2044 1607 2112; x_wconf 74' lang='grc' dir='ltr'>ὄντες</span> <span class='ocrx_word' id='word_1_299' title='bbox 1667 2045 1969 2119; x_wconf 78' lang='grc' dir='ltr'>ἀπώλοντο,</span> 
     </span>
    </p>
   </div>
   <div class='ocr_carea' id='block_1_38' title="bbox 320 2135 1974 2215">
    <p class='ocr_par' dir='ltr' id='par_1_38' title="bbox 320 2135 1974 2215">
     <span class='ocr_line' id='line_1_38' title="bbox 320 2135 1974 2215; baseline -0.002 -22"><span class='ocrx_word' id='word_1_300' title='bbox 320 2135 504 2203; x_wconf 76' lang='grc' dir='ltr'>ἐπειδὴ</span> <span class='ocrx_word' id='word_1_301' title='bbox 537 2136 829 2213; x_wconf 77' lang='grc' dir='ltr'>ἐκράτησεν</span> <span class='ocrx_word' id='word_1_302' title='bbox 862 2139 895 2203; x_wconf 77' lang='grc' dir='ltr'>ἡ</span> <span class='ocrx_word' id='word_1_303' title='bbox 928 2139 1165 2198; x_wconf 79' lang='grc' dir='ltr'>κακία...</span> <span class='ocrx_word' id='word_1_304' title='bbox 1206 2137 1449 2214; x_wconf 71' lang='grc' dir='ltr'>Καθάπερ</span> <span class='ocrx_word' id='word_1_305' title='bbox 1476 2136 1688 2193; x_wconf 80' lang='grc' dir='ltr'>ἐπὶτῶν</span> <span class='ocrx_word' id='word_1_306' title='bbox 1737 2137 1974 2215; x_wconf 81' lang='grc' dir='ltr'>χρωμά-</span> 
     </span>
    </p>
   </div>
   <div class='ocr_carea' id='block_1_39' title="bbox 320 2223 1977 2305">
    <p class='ocr_par' dir='ltr' id='par_1_39' title="bbox 320 2223 1977 2305">
     <span class='ocr_line' id='line_1_39' title="bbox 320 2223 1977 2305; baseline -0.001 -24"><span class='ocrx_word' id='word_1_307' title='bbox 320 2248 451 2305; x_wconf 61' lang='grc' dir='ltr'>των,</span> <span class='ocrx_word' id='word_1_308' title='bbox 480 2227 568 2280; x_wconf 83' lang='grc' dir='ltr'>καὶ</span> <span class='ocrx_word' id='word_1_309' title='bbox 596 2230 700 2279; x_wconf 80' lang='grc' dir='ltr'>τῶν</span> <span class='ocrx_word' id='word_1_310' title='bbox 732 2223 908 2279; x_wconf 69' lang='grc' dir='ltr'>ἄλλων</span> <span class='ocrx_word' id='word_1_311' title='bbox 941 2224 1113 2305; x_wconf 73' lang='grc' dir='ltr'><strong>εἰδῶν⁷</strong></span> <span class='ocrx_word' id='word_1_312' title='bbox 1149 2227 1215 2281; x_wconf 78' lang='grc' dir='ltr'><strong>τα</strong></span> <span class='ocrx_word' id='word_1_313' title='bbox 1243 2224 1339 2299; x_wconf 78' lang='grc' dir='ltr'><strong>μέν</strong></span> <span class='ocrx_word' id='word_1_314' title='bbox 1373 2225 1515 2281; x_wconf 78' lang='grc' dir='ltr'>ἐστιν</span> <span class='ocrx_word' id='word_1_315' title='bbox 1568 2225 1769 2305; x_wconf 67' lang='grc' dir='ltr'>ἀληθῆ,</span> <span class='ocrx_word' id='word_1_316' title='bbox 1829 2228 1891 2282; x_wconf 72' lang='grc' dir='ltr'><strong>τὰ</strong></span> <span class='ocrx_word' id='word_1_317' title='bbox 1926 2223 1977 2280; x_wconf 70' lang='grc' dir='ltr'><strong>δὲ</strong></span> 
     </span>
    </p>
   </div>
   <div class='ocr_carea' id='block_1_40' title="bbox 324 2312 1982 2393">
    <p class='ocr_par' dir='ltr' id='par_1_40' title="bbox 324 2312 1982 2393">
     <span class='ocr_line' id='line_1_40' title="bbox 324 2312 1982 2393; baseline 0 -24"><span class='ocrx_word' id='word_1_318' title='bbox 324 2313 564 2391; x_wconf 72' lang='grc' dir='ltr'><strong>ψευδῆ...</strong></span> <span class='ocrx_word' id='word_1_319' title='bbox 595 2312 733 2368; x_wconf 80' lang='grc' dir='ltr'>οὕτω</span> <span class='ocrx_word' id='word_1_320' title='bbox 756 2312 810 2367; x_wconf 74' lang='grc' dir='ltr'>δὲ</span> <span class='ocrx_word' id='word_1_321' title='bbox 844 2316 927 2369; x_wconf 79' lang='grc' dir='ltr'><strong>καὶ</strong></span> <span class='ocrx_word' id='word_1_322' title='bbox 975 2314 1056 2369; x_wconf 66' lang='grc' dir='ltr'>ἐπὶ</span> <span class='ocrx_word' id='word_1_323' title='bbox 1102 2315 1206 2370; x_wconf 78' lang='grc' dir='ltr'>τῶν</span> <span class='ocrx_word' id='word_1_324' title='bbox 1238 2315 1461 2393; x_wconf 81' lang='grc' dir='ltr'>ἀρετῶν.</span> <span class='ocrx_word' id='word_1_325' title='bbox 1510 2314 1765 2384; x_wconf 80' lang='grc' dir='ltr'>Ἀλήθεια</span> <span class='ocrx_word' id='word_1_326' title='bbox 1793 2316 1891 2393; x_wconf 82' lang='grc' dir='ltr'>γὰρ</span> <span class='ocrx_word' id='word_1_327' title='bbox 1921 2315 1982 2369; x_wconf 76' lang='grc' dir='ltr'>τὸ</span> 
     </span>
    </p>
   </div>
   <div class='ocr_carea' id='block_1_41' title="bbox 323 2401 1956 2483">
    <p class='ocr_par' dir='ltr' id='par_1_41' title="bbox 323 2401 1956 2483">
     <span class='ocr_line' id='line_1_41' title="bbox 323 2401 1956 2483; baseline -0.001 -23"><span class='ocrx_word' id='word_1_328' title='bbox 323 2406 488 2466; x_wconf 82' lang='grc' dir='ltr'>ὅντως</span> <span class='ocrx_word' id='word_1_329' title='bbox 522 2403 601 2475; x_wconf 76' lang='grc' dir='ltr'><strong>ὄν,</strong></span> <span class='ocrx_word' id='word_1_330' title='bbox 639 2402 829 2477; x_wconf 78' lang='grc' dir='ltr'>ψεῦδος</span> <span class='ocrx_word' id='word_1_331' title='bbox 861 2401 913 2457; x_wconf 80' lang='grc' dir='ltr'><strong>δὲ</strong></span> <span class='ocrx_word' id='word_1_332' title='bbox 940 2406 999 2459; x_wconf 78' lang='grc' dir='ltr'>τὸ</span> <span class='ocrx_word' id='word_1_333' title='bbox 1033 2404 1108 2479; x_wconf 74' lang='grc' dir='ltr'>μὴ</span> <span class='ocrx_word' id='word_1_334' title='bbox 1139 2404 1218 2469; x_wconf 72' lang='grc' dir='ltr'><strong>ὄν,</strong></span> <span class='ocrx_word' id='word_1_335' title='bbox 1257 2403 1403 2460; x_wconf 75' lang='grc' dir='ltr'>Ἐπεὶ</span> <span class='ocrx_word' id='word_1_336' title='bbox 1435 2407 1521 2461; x_wconf 76' lang='grc' dir='ltr'><strong>οὖν</strong></span> <span class='ocrx_word' id='word_1_337' title='bbox 1557 2412 1720 2460; x_wconf 81' lang='grc' dir='ltr'>ταῦτα</span> <span class='ocrx_word' id='word_1_338' title='bbox 1742 2402 1956 2483; x_wconf 69' lang='grc' dir='ltr'>διέστρα</span> 
     </span>
    </p>
   </div>
   <div class='ocr_carea' id='block_1_42' title="bbox 323 2490 1985 2568">
    <p class='ocr_par' dir='ltr' id='par_1_42' title="bbox 323 2490 1985 2568">
     <span class='ocr_line' id='line_1_42' title="bbox 323 2490 1985 2568; baseline -0.002 -17"><span class='ocrx_word' id='word_1_339' title='bbox 323 2516 423 2551; x_wconf 87' lang='grc' dir='ltr'><strong>πτο</strong></span> <span class='ocrx_word' id='word_1_340' title='bbox 463 2494 552 2549; x_wconf 83' lang='grc' dir='ltr'>καὶ</span> <span class='ocrx_word' id='word_1_341' title='bbox 585 2492 927 2568; x_wconf 67' lang='grc' dir='ltr'>ἡμαύρωντο,</span> <span class='ocrx_word' id='word_1_342' title='bbox 953 2494 1013 2548; x_wconf 75' lang='grc' dir='ltr'><strong>οὗ</strong></span> <span class='ocrx_word' id='word_1_343' title='bbox 1047 2495 1145 2559; x_wconf 76' lang='grc' dir='ltr'><strong>τὴν</strong></span> <span class='ocrx_word' id='word_1_344' title='bbox 1179 2493 1469 2549; x_wconf 78' lang='grc' dir='ltr'>ὑπόστασιν</span> <span class='ocrx_word' id='word_1_345' title='bbox 1542 2492 1882 2549; x_wconf 70' lang='grc' dir='ltr'>ἀπολέσαντα</span> <span class='ocrx_word' id='word_1_346' title='bbox 1932 2490 1985 2556; x_wconf 76' lang='grc' dir='ltr'><strong>ἐξ</strong></span> 
     </span>
    </p>
   </div>
   <div class='ocr_carea' id='block_1_43' title="bbox 330 2579 1983 2663">
    <p class='ocr_par' dir='ltr' id='par_1_43' title="bbox 330 2579 1983 2663">
     <span class='ocr_line' id='line_1_43' title="bbox 330 2579 1983 2663; baseline -0.002 -24"><span class='ocrx_word' id='word_1_347' title='bbox 330 2585 558 2653; x_wconf 74' lang='grc' dir='ltr'>ἑαυτῶν,</span> <span class='ocrx_word' id='word_1_348' title='bbox 622 2580 744 2636; x_wconf 84' lang='grc' dir='ltr'><strong>ἀλλ’</strong></span> <span class='ocrx_word' id='word_1_349' title='bbox 773 2582 876 2636; x_wconf 74' lang='grc' dir='ltr'>ὑπὸ</span> <span class='ocrx_word' id='word_1_350' title='bbox 933 2587 1039 2637; x_wconf 82' lang='grc' dir='ltr'>τῶν</span> <span class='ocrx_word' id='word_1_351' title='bbox 1091 2582 1380 2657; x_wconf 83' lang='grc' dir='ltr'>ἀνθρώπων</span> <span class='ocrx_word' id='word_1_352' title='bbox 1435 2579 1835 2663; x_wconf 58' lang='grc' dir='ltr'>φυγαδευθέντα,</span> <span class='ocrx_word' id='word_1_353' title='bbox 1870 2588 1983 2642; x_wconf 89' lang='lat' dir='ltr'><strong>etc.</strong></span> 
     </span>
    </p>
   </div>
   <div class='ocr_carea' id='block_1_44' title="bbox 325 2668 1989 2750">
    <p class='ocr_par' dir='ltr' id='par_1_44' title="bbox 325 2668 1989 2750">
     <span class='ocr_line' id='line_1_44' title="bbox 325 2668 1989 2750; baseline -0.003 -16"><span class='ocrx_word' id='word_1_354' title='bbox 325 2671 434 2734; x_wconf 82' lang='lat' dir='ltr'><strong>Hic</strong></span> <span class='ocrx_word' id='word_1_355' title='bbox 466 2688 711 2750; x_wconf 90' lang='lat' dir='ltr'><strong>quoque</strong></span> <span class='ocrx_word' id='word_1_356' title='bbox 737 2668 960 2748; x_wconf 89' lang='lat' dir='ltr'><strong>justus,</strong></span> <span class='ocrx_word' id='word_1_357' title='bbox 996 2678 1056 2730; x_wconf 91' lang='lat' dir='ltr'><strong>ut</strong></span> <span class='ocrx_word' id='word_1_358' title='bbox 1086 2670 1189 2747; x_wconf 93' lang='lat' dir='ltr'><strong>qui</strong></span> <span class='ocrx_word' id='word_1_359' title='bbox 1210 2669 1372 2731; x_wconf 91' lang='lat' dir='ltr'><strong>solus</strong></span> <span class='ocrx_word' id='word_1_360' title='bbox 1394 2688 1523 2731; x_wconf 90' lang='lat' dir='ltr'><strong>eam</strong></span> <span class='ocrx_word' id='word_1_361' title='bbox 1554 2670 1989 2750; x_wconf 83' lang='lat' dir='ltr'><strong>apprehendis-</strong></span> 
     </span>
    </p>
   </div>
   <div class='ocr_carea' id='block_1_45' title="bbox 324 2757 1993 2838">
    <p class='ocr_par' dir='ltr' id='par_1_45' title="bbox 324 2757 1993 2838">
     <span class='ocr_line' id='line_1_45' title="bbox 324 2757 1993 2838; baseline -0.004 -14"><span class='ocrx_word' id='word_1_362' title='bbox 324 2768 437 2825; x_wconf 75' lang='grc' dir='ltr'>ερι.</span> <span class='ocrx_word' id='word_1_363' title='bbox 474 2758 711 2820; x_wconf 62' lang='lat' dir='ltr'><strong>caeteris</strong></span> <span class='ocrx_word' id='word_1_364' title='bbox 768 2768 973 2819; x_wconf 86' lang='lat' dir='ltr'><strong>contra</strong></span> <span class='ocrx_word' id='word_1_365' title='bbox 1026 2759 1430 2835; x_wconf 85' lang='lat' dir='ltr'><strong>tendentibus,</strong></span> <span class='ocrx_word' id='word_1_366' title='bbox 1486 2759 1753 2838; x_wconf 79' lang='lat' dir='ltr'><strong>confugit</strong></span> <span class='ocrx_word' id='word_1_367' title='bbox 1782 2758 1855 2819; x_wconf 90' lang='lat' dir='ltr'><strong>ad</strong></span> <span class='ocrx_word' id='word_1_368' title='bbox 1885 2757 1993 2821; x_wconf 89' lang='lat' dir='ltr'><strong>Dei</strong></span> 
     </span>
    </p>
   </div>
   <div class='ocr_carea' id='block_1_46' title="bbox 328 2847 1993 2933">
    <p class='ocr_par' dir='ltr' id='par_1_46' title="bbox 328 2847 1993 2933">
     <span class='ocr_line' id='line_1_46' title="bbox 328 2847 1993 2933; baseline -0.003 -21"><span class='ocrx_word' id='word_1_369' title='bbox 328 2848 844 2933; x_wconf 66' lang='lat' dir='ltr'><strong>providentiam...</strong></span> <span class='ocrx_word' id='word_1_370' title='bbox 882 2850 955 2910; x_wconf 88' lang='lat' dir='ltr'><strong>Et</strong></span> <span class='ocrx_word' id='word_1_371' title='bbox 987 2868 1103 2909; x_wconf 81' lang='lat' dir='ltr'><strong>non</strong></span> <span class='ocrx_word' id='word_1_372' title='bbox 1133 2848 1305 2912; x_wconf 79' lang='lat' dir='ltr'><strong>dixit:</strong></span> <span class='ocrx_word' id='word_1_373' title='bbox 1334 2847 1583 2910; x_wconf 78' lang='lat' dir='ltr'><strong>Salvum</strong></span> <span class='ocrx_word' id='word_1_374' title='bbox 1608 2866 1700 2910; x_wconf 81' lang='lat' dir='ltr'><strong>me</strong></span> <span class='ocrx_word' id='word_1_375' title='bbox 1722 2848 1993 2927; x_wconf 80' lang='lat' dir='ltr'><strong>fac,quo-</strong></span> 
     </span>
    </p>
   </div>
   <div class='ocr_carea' id='block_1_47' title="bbox 336 2935 1991 3015">
    <p class='ocr_par' dir='ltr' id='par_1_47' title="bbox 336 2935 1991 3015">
     <span class='ocr_line' id='line_1_47' title="bbox 336 2935 1991 3015; baseline -0.002 -14"><span class='ocrx_word' id='word_1_376' title='bbox 336 2939 495 3002; x_wconf 88' lang='lat' dir='ltr'><strong>niam</strong></span> <span class='ocrx_word' id='word_1_377' title='bbox 528 2954 648 2997; x_wconf 87' lang='lat' dir='ltr'><strong>non</strong></span> <span class='ocrx_word' id='word_1_378' title='bbox 682 2945 771 2998; x_wconf 92' lang='lat' dir='ltr'><strong>est</strong></span> <span class='ocrx_word' id='word_1_379' title='bbox 800 2946 1060 3010; x_wconf 90' lang='lat' dir='ltr'><strong>sanctus,</strong></span> <span class='ocrx_word' id='word_1_380' title='bbox 1100 2937 1207 2999; x_wconf 91' lang='lat' dir='ltr'><strong>sed</strong></span> <span class='ocrx_word' id='word_1_381' title='bbox 1245 2935 1545 3010; x_wconf 76' lang='lat' dir='ltr'><strong>Quoniam</strong></span> <span class='ocrx_word' id='word_1_382' title='bbox 1565 2935 1784 3015; x_wconf 75' lang='lat' dir='ltr'><strong>defecit</strong></span> <span class='ocrx_word' id='word_1_383' title='bbox 1812 2954 1991 2998; x_wconf 66' lang='lat' dir='ltr'><strong>sanc-</strong></span> 
     </span>
    </p>
   </div>
   <div class='ocr_carea' id='block_1_48' title="bbox 342 3026 1995 3107">
    <p class='ocr_par' dir='ltr' id='par_1_48' title="bbox 342 3026 1995 3107">
     <span class='ocr_line' id='line_1_48' title="bbox 342 3026 1995 3107; baseline -0.004 -14"><span class='ocrx_word' id='word_1_384' title='bbox 342 3040 437 3093; x_wconf 87' lang='lat' dir='ltr'><strong>tus</strong></span> <span class='ocrx_word' id='word_1_385' title='bbox 456 3026 534 3095; x_wconf 71' lang='lat'><strong>73,</strong></span> <span class='ocrx_word' id='word_1_386' title='bbox 570 3026 894 3087; x_wconf 88' lang='lat' dir='ltr'><strong>ostendens</strong></span> <span class='ocrx_word' id='word_1_387' title='bbox 924 3044 1027 3088; x_wconf 88' lang='lat' dir='ltr'><strong>eos</strong></span> <span class='ocrx_word' id='word_1_388' title='bbox 1052 3026 1253 3099; x_wconf 85' lang='lat' dir='ltr'><strong>etiam,</strong></span> <span class='ocrx_word' id='word_1_389' title='bbox 1308 3026 1409 3106; x_wconf 93' lang='lat' dir='ltr'><strong>qui</strong></span> <span class='ocrx_word' id='word_1_390' title='bbox 1471 3034 1661 3107; x_wconf 87' lang='lat' dir='ltr'><strong>erant,</strong></span> <span class='ocrx_word' id='word_1_391' title='bbox 1723 3026 1995 3105; x_wconf 89' lang='lat' dir='ltr'><strong>periisse,</strong></span> 
     </span>
    </p>
   </div>
   <div class='ocr_carea' id='block_1_49' title="bbox 346 3113 1991 3201">
    <p class='ocr_par' dir='ltr' id='par_1_49' title="bbox 346 3113 1991 3201">
     <span class='ocr_line' id='line_1_49' title="bbox 346 3113 1991 3201; baseline -0.002 -23"><span class='ocrx_word' id='word_1_392' title='bbox 346 3130 659 3201; x_wconf 86' lang='lat' dir='ltr'><strong>postquam</strong></span> <span class='ocrx_word' id='word_1_393' title='bbox 687 3115 931 3177; x_wconf 82' lang='lat' dir='ltr'><strong>invaluit</strong></span> <span class='ocrx_word' id='word_1_394' title='bbox 957 3116 1244 3177; x_wconf 82' lang='lat' dir='ltr'><strong>vitium...</strong></span> <span class='ocrx_word' id='word_1_395' title='bbox 1263 3113 1778 3187; x_wconf 85' lang='lat' dir='ltr'><strong>Quemadmodum</strong></span> <span class='ocrx_word' id='word_1_396' title='bbox 1805 3115 1867 3175; x_wconf 91' lang='lat' dir='ltr'><strong>in</strong></span> <span class='ocrx_word' id='word_1_397' title='bbox 1900 3133 1991 3175; x_wconf 84' lang='lat' dir='ltr'><strong>co-</strong></span> 
     </span>
    </p>
   </div>
   <div class='ocr_carea' id='block_1_50' title="bbox 349 3204 1997 3284">
    <p class='ocr_par' dir='ltr' id='par_1_50' title="bbox 349 3204 1997 3284">
     <span class='ocr_line' id='line_1_50' title="bbox 349 3204 1997 3284; baseline -0.004 -12"><span class='ocrx_word' id='word_1_398' title='bbox 349 3207 579 3272; x_wconf 90' lang='lat' dir='ltr'><strong>loribus</strong></span> <span class='ocrx_word' id='word_1_399' title='bbox 610 3216 668 3269; x_wconf 93' lang='lat' dir='ltr'><strong>et</strong></span> <span class='ocrx_word' id='word_1_400' title='bbox 695 3205 824 3267; x_wconf 88' lang='lat' dir='ltr'><strong>aliis</strong></span> <span class='ocrx_word' id='word_1_401' title='bbox 854 3205 1173 3284; x_wconf 85' lang='lat' dir='ltr'><strong>generibus</strong></span> <span class='ocrx_word' id='word_1_402' title='bbox 1231 3205 1348 3266; x_wconf 91' lang='lat' dir='ltr'><strong>alia</strong></span> <span class='ocrx_word' id='word_1_403' title='bbox 1377 3204 1618 3284; x_wconf 91' lang='lat' dir='ltr'><strong>quidem</strong></span> <span class='ocrx_word' id='word_1_404' title='bbox 1666 3213 1809 3265; x_wconf 89' lang='lat' dir='ltr'><strong>sunt</strong></span> <span class='ocrx_word' id='word_1_405' title='bbox 1838 3221 1997 3272; x_wconf 88' lang='lat' dir='ltr'><strong>vera,</strong></span> 
     </span>
    </p>
   </div>
   <div class='ocr_carea' id='block_1_51' title="bbox 348 3293 2003 3363">
    <p class='ocr_par' dir='ltr' id='par_1_51' title="bbox 348 3293 2003 3363">
     <span class='ocr_line' id='line_1_51' title="bbox 348 3293 2003 3363; baseline -0.005 -2"><span class='ocrx_word' id='word_1_406' title='bbox 348 3300 463 3362; x_wconf 90' lang='lat' dir='ltr'><strong>alia</strong></span> <span class='ocrx_word' id='word_1_407' title='bbox 492 3295 803 3363; x_wconf 86' lang='lat' dir='ltr'><strong>falsa...ita</strong></span> <span class='ocrx_word' id='word_1_408' title='bbox 825 3294 1003 3355; x_wconf 90' lang='lat' dir='ltr'><strong>etiam</strong></span> <span class='ocrx_word' id='word_1_409' title='bbox 1036 3294 1097 3354; x_wconf 91' lang='lat' dir='ltr'><strong>in</strong></span> <span class='ocrx_word' id='word_1_410' title='bbox 1128 3293 1706 3355; x_wconf 87' lang='lat' dir='ltr'><strong>virtutibus.Veritas</strong></span> <span class='ocrx_word' id='word_1_411' title='bbox 1728 3294 1889 3355; x_wconf 90' lang='lat' dir='ltr'><strong>enim</strong></span> <span class='ocrx_word' id='word_1_412' title='bbox 1913 3305 2003 3354; x_wconf 89' lang='lat' dir='ltr'><strong>est</strong></span> 
     </span>
    </p>
   </div>
   <div class='ocr_carea' id='block_1_52' title="bbox 349 3384 1998 3474">
    <p class='ocr_par' dir='ltr' id='par_1_52' title="bbox 349 3384 1998 3474">
     <span class='ocr_line' id='line_1_52' title="bbox 349 3384 1998 3474; baseline -0.008 -20"><span class='ocrx_word' id='word_1_413' title='bbox 349 3391 510 3474; x_wconf 90' lang='lat' dir='ltr'><strong>quod</strong></span> <span class='ocrx_word' id='word_1_414' title='bbox 536 3406 675 3450; x_wconf 89' lang='lat' dir='ltr'><strong>vere</strong></span> <span class='ocrx_word' id='word_1_415' title='bbox 702 3395 793 3445; x_wconf 89' lang='lat' dir='ltr'><strong>est</strong></span> <span class='ocrx_word' id='word_1_416' title='bbox 821 3384 1253 3474; x_wconf 52' lang='lat' dir='ltr'><strong>{mendacium</strong></span> <span class='ocrx_word' id='word_1_417' title='bbox 1311 3388 1510 3474; x_wconf 81' lang='lat' dir='ltr'><strong>autem</strong></span> <span class='ocrx_word' id='word_1_418' title='bbox 1542 3384 1701 3462; x_wconf 91' lang='lat' dir='ltr'><strong>quod</strong></span> <span class='ocrx_word' id='word_1_419' title='bbox 1733 3400 1854 3474; x_wconf 80' lang='lat' dir='ltr'><strong>non</strong></span> <span class='ocrx_word' id='word_1_420' title='bbox 1888 3396 1998 3444; x_wconf 74' lang='grc' dir='ltr'>εει.</span> 
     </span>
    </p>
   </div>
   <div class='ocr_carea' id='block_1_53' title="bbox 349 3470 2002 3551">
    <p class='ocr_par' dir='ltr' id='par_1_53' title="bbox 349 3470 2002 3551">
     <span class='ocr_line' id='line_1_53' title="bbox 349 3470 2002 3551; baseline -0.007 -10"><span class='ocrx_word' id='word_1_421' title='bbox 349 3470 641 3551; x_wconf 86' lang='lat' dir='ltr'><strong>Quoniam</strong></span> <span class='ocrx_word' id='word_1_422' title='bbox 667 3492 808 3551; x_wconf 85' lang='lat' dir='ltr'><strong>ergo</strong></span> <span class='ocrx_word' id='word_1_423' title='bbox 850 3473 977 3532; x_wconf 79' lang='lat' dir='ltr'><strong>haec</strong></span> <span class='ocrx_word' id='word_1_424' title='bbox 1021 3479 1284 3546; x_wconf 78' lang='lat' dir='ltr'><strong>inversa,</strong></span> <span class='ocrx_word' id='word_1_425' title='bbox 1322 3480 1379 3530; x_wconf 89' lang='lat' dir='ltr'><strong>et</strong></span> <span class='ocrx_word' id='word_1_426' title='bbox 1401 3470 1719 3532; x_wconf 88' lang='lat' dir='ltr'><strong>obscurata</strong></span> <span class='ocrx_word' id='word_1_427' title='bbox 1747 3470 2002 3543; x_wconf 80' lang='lat' dir='ltr'><strong>fuerant,</strong></span> 
     </span>
    </p>
   </div>
   <div class='ocr_carea' id='block_1_54' title="bbox 352 3559 2001 3648">
    <p class='ocr_par' dir='ltr' id='par_1_54' title="bbox 352 3559 2001 3648">
     <span class='ocr_line' id='line_1_54' title="bbox 352 3559 2001 3648; baseline -0.007 -19"><span class='ocrx_word' id='word_1_428' title='bbox 352 3587 471 3629; x_wconf 88' lang='lat' dir='ltr'><strong>non</strong></span> <span class='ocrx_word' id='word_1_429' title='bbox 505 3564 663 3648; x_wconf 85' lang='lat' dir='ltr'><strong>quod</strong></span> <span class='ocrx_word' id='word_1_430' title='bbox 690 3580 855 3623; x_wconf 90' lang='lat' dir='ltr'><strong>suam</strong></span> <span class='ocrx_word' id='word_1_431' title='bbox 881 3560 1264 3640; x_wconf 87' lang='lat' dir='ltr'><strong>perdiderant</strong></span> <span class='ocrx_word' id='word_1_432' title='bbox 1284 3559 1698 3639; x_wconf 81' lang='lat' dir='ltr'><strong>substantiam,</strong></span> <span class='ocrx_word' id='word_1_433' title='bbox 1718 3559 1825 3620; x_wconf 92' lang='lat' dir='ltr'><strong>sed</strong></span> <span class='ocrx_word' id='word_1_434' title='bbox 1848 3561 2001 3639; x_wconf 82' lang='lat' dir='ltr'><strong>quod</strong></span> 
     </span>
    </p>
   </div>
   <div class='ocr_carea' id='block_1_55' title="bbox 352 3648 2010 3728">
    <p class='ocr_par' dir='ltr' id='par_1_55' title="bbox 352 3648 2010 3728">
     <span class='ocr_line' id='line_1_55' title="bbox 352 3648 2010 3728; baseline -0.007 -9"><span class='ocrx_word' id='word_1_435' title='bbox 352 3658 426 3718; x_wconf 86' lang='lat' dir='ltr'><strong>ab</strong></span> <span class='ocrx_word' id='word_1_436' title='bbox 460 3653 806 3718; x_wconf 86' lang='lat' dir='ltr'><strong>hominibus</strong></span> <span class='ocrx_word' id='word_1_437' title='bbox 838 3650 1031 3728; x_wconf 81' lang='lat' dir='ltr'><strong>fugata</strong></span> <span class='ocrx_word' id='word_1_438' title='bbox 1055 3649 1348 3725; x_wconf 71' lang='lat' dir='ltr'><strong>fuerant,»</strong></span> <span class='ocrx_word' id='word_1_439' title='bbox 1376 3660 1491 3710; x_wconf 90' lang='lat' dir='ltr'><strong>etc.</strong></span> <span class='ocrx_word' id='word_1_440' title='bbox 1516 3649 1662 3710; x_wconf 90' lang='lat' dir='ltr'><strong>Cum</strong></span> <span class='ocrx_word' id='word_1_441' title='bbox 1683 3655 1801 3709; x_wconf 91' lang='lat' dir='ltr'><strong>tam</strong></span> <span class='ocrx_word' id='word_1_442' title='bbox 1823 3648 2010 3709; x_wconf 87' lang='lat' dir='ltr'><strong>multa</strong></span> 
     </span>
    </p>
   </div>
   <div class='ocr_carea' id='block_1_56' title="bbox 356 3738 2011 3821">
    <p class='ocr_par' dir='ltr' id='par_1_56' title="bbox 356 3738 2011 3821">
     <span class='ocr_line' id='line_1_56' title="bbox 356 3738 2011 3821; baseline -0.008 -11"><span class='ocrx_word' id='word_1_443' title='bbox 356 3748 649 3809; x_wconf 88' lang='lat' dir='ltr'><strong>hactenus</strong></span> <span class='ocrx_word' id='word_1_444' title='bbox 673 3741 999 3821; x_wconf 88' lang='lat' dir='ltr'><strong>sumpserit</strong></span> <span class='ocrx_word' id='word_1_445' title='bbox 1027 3739 1646 3819; x_wconf 89' lang='lat' dir='ltr'><strong>pseudo-Theodorus</strong></span> <span class='ocrx_word' id='word_1_446' title='bbox 1686 3756 1756 3798; x_wconf 81' lang='lat' dir='ltr'><strong>ex</strong></span> <span class='ocrx_word' id='word_1_447' title='bbox 1789 3738 2011 3799; x_wconf 87' lang='lat' dir='ltr'><strong>oratio-</strong></span> 
     </span>
    </p>
   </div>
   <div class='ocr_carea' id='block_1_57' title="bbox 358 3825 2014 3913">
    <p class='ocr_par' dir='ltr' id='par_1_57' title="bbox 358 3825 2014 3913">
     <span class='ocr_line' id='line_1_57' title="bbox 358 3825 2014 3913; baseline -0.007 -14"><span class='ocrx_word' id='word_1_448' title='bbox 358 3836 533 3898; x_wconf 91' lang='lat' dir='ltr'><strong>nibus</strong></span> <span class='ocrx_word' id='word_1_449' title='bbox 564 3828 996 3913; x_wconf 81' lang='lat' dir='ltr'><strong>Chrysostomi,</strong></span> <span class='ocrx_word' id='word_1_450' title='bbox 1023 3830 1237 3889; x_wconf 90' lang='lat' dir='ltr'><strong>mirum</strong></span> <span class='ocrx_word' id='word_1_451' title='bbox 1266 3827 1454 3890; x_wconf 89' lang='lat' dir='ltr'><strong>videri</strong></span> <span class='ocrx_word' id='word_1_452' title='bbox 1486 3846 1603 3889; x_wconf 92' lang='lat' dir='ltr'><strong>non</strong></span> <span class='ocrx_word' id='word_1_453' title='bbox 1635 3826 1835 3902; x_wconf 89' lang='lat' dir='ltr'><strong>debet,</strong></span> <span class='ocrx_word' id='word_1_454' title='bbox 1870 3827 1920 3888; x_wconf 91' lang='lat' dir='ltr'><strong>si</strong></span> <span class='ocrx_word' id='word_1_455' title='bbox 1943 3825 2014 3888; x_wconf 90' lang='lat' dir='ltr'><strong>ab</strong></span> 
     </span>
    </p>
   </div>
   <div class='ocr_carea' id='block_1_58' title="bbox 357 3916 2020 4007">
    <p class='ocr_par' dir='ltr' id='par_1_58' title="bbox 357 3916 2020 4007">
     <span class='ocr_line' id='line_1_58' title="bbox 357 3916 2020 4007; baseline -0.006 -20"><span class='ocrx_word' id='word_1_456' title='bbox 357 3927 460 3987; x_wconf 92' lang='lat' dir='ltr'><strong>illo</strong></span> <span class='ocrx_word' id='word_1_457' title='bbox 477 3923 733 4007; x_wconf 89' lang='lat' dir='ltr'><strong>plurima</strong></span> <span class='ocrx_word' id='word_1_458' title='bbox 756 3936 990 4001; x_wconf 89' lang='lat' dir='ltr'><strong>quoque</strong></span> <span class='ocrx_word' id='word_1_459' title='bbox 1012 3919 1071 3978; x_wconf 91' lang='lat' dir='ltr'><strong>in</strong></span> <span class='ocrx_word' id='word_1_460' title='bbox 1089 3918 1464 3999; x_wconf 67' lang='lat' dir='ltr'><strong>etplanando</strong></span> <span class='ocrx_word' id='word_1_461' title='bbox 1486 3916 1844 4007; x_wconf 84' lang='lat' dir='ltr'><strong>duodecimo</strong></span> <span class='ocrx_word' id='word_1_462' title='bbox 1862 3916 2020 3996; x_wconf 82' lang='lat' dir='ltr'><strong>psal-</strong></span> 
     </span>
    </p>
   </div>
   <div class='ocr_carea' id='block_1_59' title="bbox 361 4004 2020 4087">
    <p class='ocr_par' dir='ltr' id='par_1_59' title="bbox 361 4004 2020 4087">
     <span class='ocr_line' id='line_1_59' title="bbox 361 4004 2020 4087; baseline -0.005 -11"><span class='ocrx_word' id='word_1_463' title='bbox 361 4033 458 4076; x_wconf 92' lang='lat' dir='ltr'><strong>mo</strong></span> <span class='ocrx_word' id='word_1_464' title='bbox 479 4004 794 4074; x_wconf 29' lang='lat' dir='ltr'><strong>vmutuatus</strong></span> <span class='ocrx_word' id='word_1_465' title='bbox 821 4010 920 4069; x_wconf 90' lang='lat' dir='ltr'><strong>sit.</strong></span> <span class='ocrx_word' id='word_1_466' title='bbox 945 4010 1018 4070; x_wconf 86' lang='lat' dir='ltr'><strong>Et</strong></span> <span class='ocrx_word' id='word_1_467' title='bbox 1047 4014 1210 4068; x_wconf 90' lang='lat' dir='ltr'><strong>certe</strong></span> <span class='ocrx_word' id='word_1_468' title='bbox 1233 4024 1368 4087; x_wconf 88' lang='lat' dir='ltr'><strong>pars</strong></span> <span class='ocrx_word' id='word_1_469' title='bbox 1383 4004 1639 4066; x_wconf 81' lang='lat' dir='ltr'><strong>maxima</strong></span> <span class='ocrx_word' id='word_1_470' title='bbox 1658 4021 1865 4066; x_wconf 88' lang='lat' dir='ltr'><strong>eorum</strong></span> <span class='ocrx_word' id='word_1_471' title='bbox 1889 4022 2020 4085; x_wconf 67' lang='lat' dir='ltr'><strong>qua:</strong></span> 
     </span>
    </p>
   </div>
   <div class='ocr_carea' id='block_1_60' title="bbox 365 4092 2017 4183">
    <p class='ocr_par' dir='ltr' id='par_1_60' title="bbox 365 4092 2017 4183">
     <span class='ocr_line' id='line_1_60' title="bbox 365 4092 2017 4183; baseline -0.006 -19"><span class='ocrx_word' id='word_1_472' title='bbox 365 4121 400 4165; x_wconf 89' lang='lat' dir='ltr'><strong>a</strong></span> <span class='ocrx_word' id='word_1_473' title='bbox 421 4095 989 4183; x_wconf 81' lang='lat' dir='ltr'><strong>pseudo—Theodoro</strong></span> <span class='ocrx_word' id='word_1_474' title='bbox 1010 4093 1475 4170; x_wconf 86' lang='lat' dir='ltr'><strong>dicuntur,nihil</strong></span> <span class='ocrx_word' id='word_1_475' title='bbox 1498 4092 1659 4155; x_wconf 86' lang='lat' dir='ltr'><strong>aliud</strong></span> <span class='ocrx_word' id='word_1_476' title='bbox 1682 4100 1821 4154; x_wconf 89' lang='lat' dir='ltr'><strong>sunt</strong></span> <span class='ocrx_word' id='word_1_477' title='bbox 1842 4110 2017 4174; x_wconf 89' lang='lat' dir='ltr'><strong>quam</strong></span> 
     </span>
    </p>
   </div>
   <div class='ocr_carea' id='block_1_61' title="bbox 374 4184 2023 4266">
    <p class='ocr_par' dir='ltr' id='par_1_61' title="bbox 374 4184 2023 4266">
     <span class='ocr_line' id='line_1_61' title="bbox 374 4184 2023 4266; baseline -0.004 -16"><span class='ocrx_word' id='word_1_478' title='bbox 374 4192 535 4252; x_wconf 84' lang='lat' dir='ltr'><strong>varia</strong></span> <span class='ocrx_word' id='word_1_479' title='bbox 565 4186 851 4250; x_wconf 87' lang='lat' dir='ltr'><strong>orationis</strong></span> <span class='ocrx_word' id='word_1_480' title='bbox 867 4184 1276 4266; x_wconf 82' lang='lat' dir='ltr'><strong>Cbrysostomi</strong></span> <span class='ocrx_word' id='word_1_481' title='bbox 1293 4185 1845 4264; x_wconf 81' lang='lat' dir='ltr'><strong>fragmenta,eaque</strong></span> <span class='ocrx_word' id='word_1_482' title='bbox 1870 4184 2023 4244; x_wconf 91' lang='lat' dir='ltr'><strong>male</strong></span> 
     </span>
    </p>
   </div>
   <div class='ocr_carea' id='block_1_62' title="bbox 369 4272 2024 4358">
    <p class='ocr_par' dir='ltr' id='par_1_62' title="bbox 369 4272 2024 4358">
     <span class='ocr_line' id='line_1_62' title="bbox 369 4272 2024 4358; baseline -0.004 -16"><span class='ocrx_word' id='word_1_483' title='bbox 369 4288 589 4342; x_wconf 84' lang='lat' dir='ltr'><strong>assuta.</strong></span> <span class='ocrx_word' id='word_1_484' title='bbox 624 4277 768 4358; x_wconf 88' lang='lat' dir='ltr'><strong>Ejus</strong></span> <span class='ocrx_word' id='word_1_485' title='bbox 794 4276 884 4336; x_wconf 85' lang='lat' dir='ltr'><strong>rei</strong></span> <span class='ocrx_word' id='word_1_486' title='bbox 914 4279 1147 4337; x_wconf 80' lang='lat' dir='ltr'><strong>exstant</strong></span> <span class='ocrx_word' id='word_1_487' title='bbox 1174 4273 1452 4354; x_wconf 87' lang='lat' dir='ltr'><strong>exempla</strong></span> <span class='ocrx_word' id='word_1_488' title='bbox 1480 4272 1539 4335; x_wconf 91' lang='lat' dir='ltr'><strong>in</strong></span> <span class='ocrx_word' id='word_1_489' title='bbox 1572 4272 1702 4353; x_wconf 85' lang='lat' dir='ltr'><strong>ipso</strong></span> <span class='ocrx_word' id='word_1_490' title='bbox 1732 4272 2024 4353; x_wconf 88' lang='lat' dir='ltr'><strong>interpre-</strong></span> 
     </span>
    </p>
   </div>
   <div class='ocr_carea' id='block_1_63' title="bbox 370 4361 2024 4444">
    <p class='ocr_par' dir='ltr' id='par_1_63' title="bbox 370 4361 2024 4444">
     <span class='ocr_line' id='line_1_63' title="bbox 370 4361 2024 4444; baseline -0.005 -13"><span class='ocrx_word' id='word_1_491' title='bbox 370 4369 606 4431; x_wconf 89' lang='lat' dir='ltr'><strong>tationis</strong></span> <span class='ocrx_word' id='word_1_492' title='bbox 638 4366 809 4427; x_wconf 90' lang='lat' dir='ltr'><strong>initio</strong></span> <span class='ocrx_word' id='word_1_493' title='bbox 846 4384 863 4439; x_wconf 88' lang='lat'><strong>;</strong></span> <span class='ocrx_word' id='word_1_494' title='bbox 897 4363 1003 4424; x_wconf 90' lang='lat' dir='ltr'><strong>sed</strong></span> <span class='ocrx_word' id='word_1_495' title='bbox 1036 4382 1112 4424; x_wconf 91' lang='lat' dir='ltr'><strong>ne</strong></span> <span class='ocrx_word' id='word_1_496' title='bbox 1143 4364 1312 4444; x_wconf 87' lang='lat' dir='ltr'><strong>copia</strong></span> <span class='ocrx_word' id='word_1_497' title='bbox 1344 4364 1533 4442; x_wconf 87' lang='lat' dir='ltr'><strong>major</strong></span> <span class='ocrx_word' id='word_1_498' title='bbox 1562 4361 1887 4424; x_wconf 87' lang='lat' dir='ltr'><strong>lectoribus</strong></span> <span class='ocrx_word' id='word_1_499' title='bbox 1918 4369 2024 4423; x_wconf 62' lang='lat' dir='ltr'><strong>ta;-</strong></span> 
     </span>
    </p>
   </div>
   <div class='ocr_carea' id='block_1_64' title="bbox 2059 1950 3711 2035">
    <p class='ocr_par' dir='ltr' id='par_1_64' title="bbox 2059 1950 3711 2035">
     <span class='ocr_line' id='line_1_64' title="bbox 2059 1950 3711 2035; baseline 0.005 -28"><span class='ocrx_word' id='word_1_500' title='bbox 2059 1957 2159 2013; x_wconf 66' lang='lat' dir='ltr'><strong>«tat</strong></span> <span class='ocrx_word' id='word_1_501' title='bbox 2181 1954 2430 2014; x_wconf 90' lang='lat' dir='ltr'><strong>auribus</strong></span> <span class='ocrx_word' id='word_1_502' title='bbox 2452 1972 2516 2013; x_wconf 94' lang='lat' dir='ltr'><strong>se</strong></span> <span class='ocrx_word' id='word_1_503' title='bbox 2544 1950 3203 2015; x_wconf 87' lang='lat' dir='ltr'><strong>audivisse...0bserva</strong></span> <span class='ocrx_word' id='word_1_504' title='bbox 3228 1971 3387 2030; x_wconf 86' lang='lat' dir='ltr'><strong>vero,</strong></span> <span class='ocrx_word' id='word_1_505' title='bbox 3414 1957 3711 2035; x_wconf 89' lang='lat' dir='ltr'><strong>quomodo</strong></span> 
     </span>
    </p>
   </div>
   <div class='ocr_carea' id='block_1_65' title="bbox 2059 2041 3715 2122">
    <p class='ocr_par' dir='ltr' id='par_1_65' title="bbox 2059 2041 3715 2122">
     <span class='ocr_line' id='line_1_65' title="bbox 2059 2041 3715 2122; baseline 0.002 -19"><span class='ocrx_word' id='word_1_506' title='bbox 2059 2062 2193 2105; x_wconf 90' lang='lat' dir='ltr'><strong>cum</strong></span> <span class='ocrx_word' id='word_1_507' title='bbox 2227 2060 2445 2122; x_wconf 89' lang='lat' dir='ltr'><strong>aspera</strong></span> <span class='ocrx_word' id='word_1_508' title='bbox 2497 2060 2756 2122; x_wconf 72' lang='lat' dir='ltr'><strong>qumque</strong></span> <span class='ocrx_word' id='word_1_509' title='bbox 2786 2042 2943 2122; x_wconf 88' lang='lat' dir='ltr'><strong>passi</strong></span> <span class='ocrx_word' id='word_1_510' title='bbox 2975 2042 3117 2114; x_wconf 91' lang='lat' dir='ltr'><strong>sint,</strong></span> <span class='ocrx_word' id='word_1_511' title='bbox 3172 2060 3289 2102; x_wconf 92' lang='lat' dir='ltr'><strong>non</strong></span> <span class='ocrx_word' id='word_1_512' title='bbox 3322 2042 3546 2117; x_wconf 89' lang='lat' dir='ltr'><strong>dicant,</strong></span> <span class='ocrx_word' id='word_1_513' title='bbox 3587 2041 3715 2107; x_wconf 80' lang='lat' dir='ltr'><strong>Hoc</strong></span> 
     </span>
    </p>
   </div>
   <div class='ocr_carea' id='block_1_66' title="bbox 2062 2131 3715 2213">
    <p class='ocr_par' dir='ltr' id='par_1_66' title="bbox 2062 2131 3715 2213">
     <span class='ocr_line' id='line_1_66' title="bbox 2062 2131 3715 2213; baseline 0 -19"><span class='ocrx_word' id='word_1_514' title='bbox 2062 2143 2115 2194; x_wconf 85' lang='lat' dir='ltr'><strong>ot</strong></span> <span class='ocrx_word' id='word_1_515' title='bbox 2147 2134 2256 2194; x_wconf 91' lang='lat' dir='ltr'><strong>hoc</strong></span> <span class='ocrx_word' id='word_1_516' title='bbox 2282 2133 2437 2213; x_wconf 84' lang='lat' dir='ltr'><strong>passi</strong></span> <span class='ocrx_word' id='word_1_517' title='bbox 2470 2150 2679 2193; x_wconf 93' lang='lat' dir='ltr'><strong>sumus</strong></span> <span class='ocrx_word' id='word_1_518' title='bbox 2713 2141 2957 2211; x_wconf 91' lang='lat' dir='ltr'><strong>propter</strong></span> <span class='ocrx_word' id='word_1_519' title='bbox 3008 2142 3061 2192; x_wconf 90' lang='lat' dir='ltr'><strong>te</strong></span> <span class='ocrx_word' id='word_1_520' title='bbox 3095 2153 3109 2201; x_wconf 88' lang='lat'><strong>;</strong></span> <span class='ocrx_word' id='word_1_521' title='bbox 3148 2131 3367 2210; x_wconf 80' lang='lat' dir='ltr'><strong>adjuva</strong></span> <span class='ocrx_word' id='word_1_522' title='bbox 3412 2152 3523 2194; x_wconf 88' lang='lat' dir='ltr'><strong>nos</strong></span> <span class='ocrx_word' id='word_1_523' title='bbox 3559 2154 3572 2196; x_wconf 92' lang='lat'>:</span> <span class='ocrx_word' id='word_1_524' title='bbox 3607 2132 3715 2196; x_wconf 90' lang='lat' dir='ltr'><strong>sed</strong></span> 
     </span>
    </p>
   </div>
   <div class='ocr_carea' id='block_1_67' title="bbox 2063 2220 3716 2302">
    <p class='ocr_par' dir='ltr' id='par_1_67' title="bbox 2063 2220 3716 2302">
     <span class='ocr_line' id='line_1_67' title="bbox 2063 2220 3716 2302; baseline 0 -19"><span class='ocrx_word' id='word_1_525' title='bbox 2063 2241 2130 2283; x_wconf 87' lang='lat' dir='ltr'><strong>ac</strong></span> <span class='ocrx_word' id='word_1_526' title='bbox 2163 2224 2211 2283; x_wconf 89' lang='lat' dir='ltr'><strong>si</strong></span> <span class='ocrx_word' id='word_1_527' title='bbox 2247 2221 2394 2282; x_wconf 88' lang='lat' dir='ltr'><strong>nihil</strong></span> <span class='ocrx_word' id='word_1_528' title='bbox 2446 2221 2739 2283; x_wconf 88' lang='lat' dir='ltr'><strong>haberent</strong></span> <span class='ocrx_word' id='word_1_529' title='bbox 2770 2220 2912 2281; x_wconf 90' lang='lat' dir='ltr'><strong>boni</strong></span> <span class='ocrx_word' id='word_1_530' title='bbox 2939 2239 3055 2301; x_wconf 93' lang='lat' dir='ltr'><strong>quo</strong></span> <span class='ocrx_word' id='word_1_531' title='bbox 3129 2220 3449 2302; x_wconf 78' lang='lat' dir='ltr'><strong>conﬁdant,</strong></span> <span class='ocrx_word' id='word_1_532' title='bbox 3504 2223 3716 2283; x_wconf 89' lang='lat' dir='ltr'><strong>confu-</strong></span> 
     </span>
    </p>
   </div>
   <div class='ocr_carea' id='block_1_68' title="bbox 2066 2309 3714 2392">
    <p class='ocr_par' dir='ltr' id='par_1_68' title="bbox 2066 2309 3714 2392">
     <span class='ocr_line' id='line_1_68' title="bbox 2066 2309 3714 2392; baseline 0 -22"><span class='ocrx_word' id='word_1_533' title='bbox 2066 2314 2231 2391; x_wconf 79' lang='lat' dir='ltr'><strong>giunt</strong></span> <span class='ocrx_word' id='word_1_534' title='bbox 2264 2313 2333 2372; x_wconf 86' lang='lat' dir='ltr'><strong>ad</strong></span> <span class='ocrx_word' id='word_1_535' title='bbox 2361 2330 2428 2371; x_wconf 90' lang='lat' dir='ltr'><strong>ea</strong></span> <span class='ocrx_word' id='word_1_536' title='bbox 2459 2330 2590 2392; x_wconf 67' lang='lat' dir='ltr'><strong>quae</strong></span> <span class='ocrx_word' id='word_1_537' title='bbox 2626 2310 2952 2389; x_wconf 81' lang='lat' dir='ltr'><strong>majoribus</strong></span> <span class='ocrx_word' id='word_1_538' title='bbox 2971 2309 3097 2370; x_wconf 90' lang='lat' dir='ltr'><strong>suis</strong></span> <span class='ocrx_word' id='word_1_539' title='bbox 3120 2327 3151 2369; x_wconf 91' lang='lat' dir='ltr'><strong>a</strong></span> <span class='ocrx_word' id='word_1_540' title='bbox 3177 2312 3298 2370; x_wconf 91' lang='lat' dir='ltr'><strong>Deo</strong></span> <span class='ocrx_word' id='word_1_541' title='bbox 3321 2311 3471 2371; x_wconf 87' lang='lat' dir='ltr'><strong>t&#39;acta</strong></span> <span class='ocrx_word' id='word_1_542' title='bbox 3492 2322 3652 2373; x_wconf 92' lang='lat' dir='ltr'><strong>sunt.</strong></span> <span class='ocrx_word' id='word_1_543' title='bbox 3690 2336 3714 2370; x_wconf 72' lang='grc' dir='ltr'><strong>ι</strong></span> 
     </span>
    </p>
   </div>
   <div class='ocr_carea' id='block_1_69' title="bbox 2068 2399 3722 2481">
    <p class='ocr_par' dir='ltr' id='par_1_69' title="bbox 2068 2399 3722 2481">
     <span class='ocr_line' id='line_1_69' title="bbox 2068 2399 3722 2481; baseline -0.003 -18"><span class='ocrx_word' id='word_1_544' title='bbox 2068 2401 2235 2480; x_wconf 84' lang='lat' dir='ltr'><strong>Apud</strong></span> <span class='ocrx_word' id='word_1_545' title='bbox 2275 2400 2761 2480; x_wconf 82' lang='lat' dir='ltr'><strong>Chrysostomum</strong></span> <span class='ocrx_word' id='word_1_546' title='bbox 2794 2407 2993 2460; x_wconf 88' lang='lat' dir='ltr'><strong>autem</strong></span> <span class='ocrx_word' id='word_1_547' title='bbox 3019 2400 3099 2460; x_wconf 90' lang='lat' dir='ltr'><strong>ita</strong></span> <span class='ocrx_word' id='word_1_548' title='bbox 3144 2399 3394 2478; x_wconf 76' lang='lat' dir='ltr'><strong>legitur:</strong></span> <span class='ocrx_word' id='word_1_549' title='bbox 3432 2408 3595 2459; x_wconf 81' lang='grc' dir='ltr'>Τοῦτο</span> <span class='ocrx_word' id='word_1_550' title='bbox 3623 2405 3722 2481; x_wconf 79' lang='grc' dir='ltr'>γὰρ</span> 
     </span>
    </p>
   </div>
   <div class='ocr_carea' id='block_1_70' title="bbox 2069 2489 3721 2568">
    <p class='ocr_par' dir='ltr' id='par_1_70' title="bbox 2069 2489 3721 2568">
     <span class='ocr_line' id='line_1_70' title="bbox 2069 2489 3721 2568; baseline -0.002 -20"><span class='ocrx_word' id='word_1_551' title='bbox 2069 2494 2191 2553; x_wconf 67' lang='grc' dir='ltr'>τοὺς</span> <span class='ocrx_word' id='word_1_552' title='bbox 2265 2491 2637 2568; x_wconf 72' lang='grc' dir='ltr'>ἀσθενέστερον</span> <span class='ocrx_word' id='word_1_553' title='bbox 2668 2492 2800 2567; x_wconf 84' lang='grc' dir='ltr'>πρὸς</span> <span class='ocrx_word' id='word_1_554' title='bbox 2861 2490 2983 2552; x_wconf 74' lang='grc' dir='ltr'>τοὺς</span> <span class='ocrx_word' id='word_1_555' title='bbox 3015 2490 3208 2553; x_wconf 79' lang='grc' dir='ltr'>πόνους</span> <span class='ocrx_word' id='word_1_556' title='bbox 3239 2489 3599 2566; x_wconf 78' lang='grc' dir='ltr'><strong>διακειμένους</strong></span> <span class='ocrx_word' id='word_1_557' title='bbox 3654 2493 3721 2559; x_wconf 81' lang='grc' dir='ltr'><strong>ἦν</strong></span> 
     </span>
    </p>
   </div>
   <div class='ocr_carea' id='block_1_71' title="bbox 2071 2577 3720 2661">
    <p class='ocr_par' dir='ltr' id='par_1_71' title="bbox 2071 2577 3720 2661">
     <span class='ocr_line' id='line_1_71' title="bbox 2071 2577 3720 2661; baseline 0.002 -26"><span class='ocrx_word' id='word_1_558' title='bbox 2071 2581 2526 2653; x_wconf 63' lang='grc' dir='ltr'>ἀνακτωμένουη.</span> <span class='ocrx_word' id='word_1_559' title='bbox 2559 2579 2622 2635; x_wconf 85' lang='grc' dir='ltr'>Ἠ</span> <span class='ocrx_word' id='word_1_560' title='bbox 2683 2578 2824 2657; x_wconf 72' lang='grc' dir='ltr'>εὐχὴ</span> <span class='ocrx_word' id='word_1_561' title='bbox 2852 2577 2987 2644; x_wconf 78' lang='grc' dir='ltr'>αὕτη</span> <span class='ocrx_word' id='word_1_562' title='bbox 3020 2580 3295 2657; x_wconf 79' lang='grc' dir='ltr'>προτροπὴ</span> <span class='ocrx_word' id='word_1_563' title='bbox 3343 2594 3461 2643; x_wconf 78' lang='grc' dir='ltr'>τοῖς</span> <span class='ocrx_word' id='word_1_564' title='bbox 3488 2604 3720 2661; x_wconf 82' lang='grc' dir='ltr'>στρατο-</span> 
     </span>
    </p>
   </div>
   <div class='ocr_carea' id='block_1_72' title="bbox 2075 2667 3725 2747">
    <p class='ocr_par' dir='ltr' id='par_1_72' title="bbox 2075 2667 3725 2747">
     <span class='ocr_line' id='line_1_72' title="bbox 2130 2667 3561 2699; baseline 0.006 -1"><span class='ocrx_word' id='word_1_565' title='bbox 2130 2668 2190 2698; x_wconf 54' lang='lat' dir='ltr'><strong>W.</strong></span> <span class='ocrx_word' id='word_1_566' title='bbox 2317 2669 2335 2699; x_wconf 68' lang='grc' dir='ltr'><strong>ι</strong></span> <span class='ocrx_word' id='word_1_567' title='bbox 2406 2669 2420 2687; x_wconf 61' lang='grc' dir='ltr'><strong>ε</strong></span> <span class='ocrx_word' id='word_1_568' title='bbox 2667 2672 2691 2682; x_wconf 64' lang='grc'><strong>’-</strong></span> <span class='ocrx_word' id='word_1_569' title='bbox 2758 2667 2771 2687; x_wconf 73' lang='grc' dir='ltr'><strong>ν</strong></span> <span class='ocrx_word' id='word_1_570' title='bbox 2824 2668 2837 2685; x_wconf 80' lang='lat'><strong>‘</strong></span> <span class='ocrx_word' id='word_1_571' title='bbox 2931 2669 2944 2687; x_wconf 55' lang='grc' dir='ltr'><strong>κ</strong></span> <span class='ocrx_word' id='word_1_572' title='bbox 3550 2672 3561 2692; x_wconf 81' lang='grc'><em>¹</em></span> 
     </span>
     <span class='ocr_line' id='line_1_73' title="bbox 2075 2667 3725 2747; baseline 0.001 -22"><span class='ocrx_word' id='word_1_573' title='bbox 2075 2686 2250 2733; x_wconf 66' lang='grc' dir='ltr'>πεοΑς</span> <span class='ocrx_word' id='word_1_574' title='bbox 2316 2690 2447 2746; x_wconf 66' lang='grc' dir='ltr'>εστι,</span> <span class='ocrx_word' id='word_1_575' title='bbox 2515 2670 2575 2723; x_wconf 84' lang='grc' dir='ltr'>τὸ</span> <span class='ocrx_word' id='word_1_576' title='bbox 2621 2689 2725 2723; x_wconf 85' lang='grc' dir='ltr'><strong>παν</strong></span> <span class='ocrx_word' id='word_1_577' title='bbox 2755 2689 2841 2722; x_wconf 78' lang='lat' dir='ltr'><strong>sm</strong></span> <span class='ocrx_word' id='word_1_578' title='bbox 2893 2689 2986 2722; x_wconf 82' lang='grc' dir='ltr'><strong>τον</strong></span> <span class='ocrx_word' id='word_1_579' title='bbox 3034 2669 3167 2723; x_wconf 79' lang='grc' dir='ltr'>Θεὸν</span> <span class='ocrx_word' id='word_1_580' title='bbox 3197 2667 3352 2742; x_wconf 76' lang='grc' dir='ltr'>ῥῖψαι</span> <span class='ocrx_word' id='word_1_581' title='bbox 3411 2669 3725 2747; x_wconf 76' lang='grc' dir='ltr'>κελευουσα,</span> 
     </span>
    </p>
   </div>
   <div class='ocr_carea' id='block_1_73' title="bbox 2076 2753 3733 2830">
    <p class='ocr_par' dir='ltr' id='par_1_73' title="bbox 2076 2753 3733 2830">
     <span class='ocr_line' id='line_1_74' title="bbox 2076 2753 3733 2830; baseline 0.002 -16"><span class='ocrx_word' id='word_1_582' title='bbox 2076 2760 2162 2815; x_wconf 78' lang='grc' dir='ltr'><strong>καὶ</strong></span> <span class='ocrx_word' id='word_1_583' title='bbox 2195 2757 2480 2830; x_wconf 70' lang='grc' dir='ltr'>ὲξυιρτῆσλι</span> <span class='ocrx_word' id='word_1_584' title='bbox 2533 2762 2630 2822; x_wconf 81' lang='grc' dir='ltr'>τῆς</span> <span class='ocrx_word' id='word_1_585' title='bbox 2683 2756 2888 2812; x_wconf 71' lang='grc' dir='ltr'>ἐκεῖθεν</span> <span class='ocrx_word' id='word_1_586' title='bbox 2921 2753 3132 2819; x_wconf 64' lang='grc' dir='ltr'><strong>ἐλπίδος</strong></span> <span class='ocrx_word' id='word_1_587' title='bbox 3184 2757 3285 2822; x_wconf 75' lang='grc' dir='ltr'>τὴν</span> <span class='ocrx_word' id='word_1_588' title='bbox 3316 2760 3487 2825; x_wconf 75' lang='grc' dir='ltr'>νίκην,</span> <span class='ocrx_word' id='word_1_589' title='bbox 3527 2761 3623 2815; x_wconf 82' lang='grc' dir='ltr'><strong>Διὰ</strong></span> <span class='ocrx_word' id='word_1_590' title='bbox 3682 2762 3733 2817; x_wconf 77' lang='grc' dir='ltr'>τί</span> 
     </span>
    </p>
   </div>
   <div class='ocr_carea' id='block_1_74' title="bbox 2081 2842 3732 2919">
    <p class='ocr_par' dir='ltr' id='par_1_74' title="bbox 2081 2842 3732 2919">
     <span class='ocr_line' id='line_1_75' title="bbox 2081 2842 3732 2919; baseline 0.002 -19"><span class='ocrx_word' id='word_1_591' title='bbox 2081 2846 2133 2900; x_wconf 77' lang='grc' dir='ltr'><strong>δε</strong></span> <span class='ocrx_word' id='word_1_592' title='bbox 2178 2850 2273 2904; x_wconf 68' lang='grc' dir='ltr'>οὐκ</span> <span class='ocrx_word' id='word_1_593' title='bbox 2305 2849 2480 2917; x_wconf 82' lang='grc' dir='ltr'>εἶπεν,</span> <span class='ocrx_word' id='word_1_594' title='bbox 2518 2845 2875 2919; x_wconf 61' lang='grc' dir='ltr'>Ἠιούσαμεν,</span> <span class='ocrx_word' id='word_1_595' title='bbox 2910 2843 3118 2916; x_wconf 74' lang='grc' dir='ltr'>ἁπλῶς,</span> <span class='ocrx_word' id='word_1_596' title='bbox 3154 2842 3273 2900; x_wconf 81' lang='grc' dir='ltr'><strong>ἀλλ’</strong></span> <span class='ocrx_word' id='word_1_597' title='bbox 3324 2846 3414 2903; x_wconf 82' lang='grc' dir='ltr'><strong>Ἐν</strong></span> <span class='ocrx_word' id='word_1_598' title='bbox 3442 2860 3559 2909; x_wconf 77' lang='grc' dir='ltr'>τοῖς</span> <span class='ocrx_word' id='word_1_599' title='bbox 3604 2848 3732 2904; x_wconf 83' lang='grc' dir='ltr'>ὠσὶν</span> 
     </span>
    </p>
   </div>
   <div class='ocr_carea' id='block_1_75' title="bbox 2081 2934 3730 3014">
    <p class='ocr_par' dir='ltr' id='par_1_75' title="bbox 2081 2934 3730 3014">
     <span class='ocr_line' id='line_1_76' title="bbox 2081 2934 3730 3014; baseline 0.001 -23"><span class='ocrx_word' id='word_1_600' title='bbox 2081 2940 2235 3011; x_wconf 71' lang='grc' dir='ltr'><strong>ἡμῶν</strong></span> <span class='ocrx_word' id='word_1_601' title='bbox 2293 2936 2596 3009; x_wconf 53' lang='grc' dir='ltr'>ἠκούσαμεν</span> <span class='ocrx_word' id='word_1_602' title='bbox 2634 2952 2649 3009; x_wconf 84' lang='grc'>;</span> <span class='ocrx_word' id='word_1_603' title='bbox 2696 2942 2831 3007; x_wconf 64' lang='grc' dir='ltr'>ποίῳ</span> <span class='ocrx_word' id='word_1_604' title='bbox 2882 2936 2981 3012; x_wconf 80' lang='grc' dir='ltr'>γὰρ</span> <span class='ocrx_word' id='word_1_605' title='bbox 3011 2934 3173 3012; x_wconf 77' lang='grc' dir='ltr'>ἑτέρῳ</span> <span class='ocrx_word' id='word_1_606' title='bbox 3222 2936 3369 3014; x_wconf 83' lang='grc' dir='ltr'>μέρει</span> <span class='ocrx_word' id='word_1_607' title='bbox 3427 2958 3508 3000; x_wconf 88' lang='grc' dir='ltr'>τις</span> <span class='ocrx_word' id='word_1_608' title='bbox 3554 2938 3730 2994; x_wconf 72' lang='grc' dir='ltr'>ἀκούει</span> 
     </span>
    </p>
   </div>
   <div class='ocr_carea' id='block_1_76' title="bbox 2085 3023 3729 3102">
    <p class='ocr_par' dir='ltr' id='par_1_76' title="bbox 2085 3023 3729 3102">
     <span class='ocr_line' id='line_1_77' title="bbox 2085 3023 3729 3102; baseline 0 -21"><span class='ocrx_word' id='word_1_609' title='bbox 2085 3034 2175 3081; x_wconf 73' lang='grc' dir='ltr'><strong>τοὺ</strong></span> <span class='ocrx_word' id='word_1_610' title='bbox 2234 3028 2605 3101; x_wconf 71' lang='grc' dir='ltr'><strong>σώματοςς...</strong></span> <span class='ocrx_word' id='word_1_611' title='bbox 2658 3026 2845 3082; x_wconf 79' lang='grc' dir='ltr'>Κοινὸν</span> <span class='ocrx_word' id='word_1_612' title='bbox 2908 3023 3020 3085; x_wconf 78' lang='grc' dir='ltr'>ἔθος</span> <span class='ocrx_word' id='word_1_613' title='bbox 3082 3025 3186 3079; x_wconf 81' lang='grc' dir='ltr'><strong>τῶν</strong></span> <span class='ocrx_word' id='word_1_614' title='bbox 3216 3024 3506 3101; x_wconf 83' lang='grc' dir='ltr'>ἀνθρώπων</span> <span class='ocrx_word' id='word_1_615' title='bbox 3566 3027 3729 3102; x_wconf 65' lang='grc' dir='ltr'>ἐστὶν,</span> 
     </span>
    </p>
   </div>
   <div class='ocr_carea' id='block_1_77' title="bbox 2085 3112 3730 3194">
    <p class='ocr_par' dir='ltr' id='par_1_77' title="bbox 2085 3112 3730 3194">
     <span class='ocr_line' id='line_1_78' title="bbox 2085 3112 3730 3194; baseline 0.002 -23"><span class='ocrx_word' id='word_1_616' title='bbox 2085 3114 2209 3171; x_wconf 75' lang='grc' dir='ltr'>ὅταν</span> <span class='ocrx_word' id='word_1_617' title='bbox 2243 3117 2358 3170; x_wconf 75' lang='grc' dir='ltr'>τινὰ</span> <span class='ocrx_word' id='word_1_618' title='bbox 2379 3112 2693 3191; x_wconf 73' lang='grc' dir='ltr'>διηγῶντιι,</span> <span class='ocrx_word' id='word_1_619' title='bbox 2727 3115 2855 3193; x_wconf 82' lang='grc' dir='ltr'>ὑπὲρ</span> <span class='ocrx_word' id='word_1_620' title='bbox 2874 3122 2948 3170; x_wconf 80' lang='grc' dir='ltr'>ὧν</span> <span class='ocrx_word' id='word_1_621' title='bbox 2980 3116 3078 3169; x_wconf 78' lang='grc' dir='ltr'>εἱσι</span> <span class='ocrx_word' id='word_1_622' title='bbox 3112 3113 3730 3194; x_wconf 78' lang='grc' dir='ltr'><strong>πεπληροφορημένοι...</strong></span> 
     </span>
    </p>
   </div>
   <div class='ocr_carea' id='block_1_78' title="bbox 2088 3203 3728 3284">
    <p class='ocr_par' dir='ltr' id='par_1_78' title="bbox 2088 3203 3728 3284">
     <span class='ocr_line' id='line_1_79' title="bbox 2088 3203 3728 3284; baseline 0.001 -23"><span class='ocrx_word' id='word_1_623' title='bbox 2088 3205 2453 3284; x_wconf 73' lang='grc' dir='ltr'>προστιθέασιν</span> <span class='ocrx_word' id='word_1_624' title='bbox 2484 3206 2561 3260; x_wconf 80' lang='grc' dir='ltr'><strong>ἀεὶ</strong></span> <span class='ocrx_word' id='word_1_625' title='bbox 2612 3207 2677 3261; x_wconf 82' lang='grc' dir='ltr'><strong>τὰ</strong></span> <span class='ocrx_word' id='word_1_626' title='bbox 2720 3207 2855 3279; x_wconf 77' lang='grc' dir='ltr'>ὦτα,</span> <span class='ocrx_word' id='word_1_627' title='bbox 2917 3203 3206 3284; x_wconf 64' lang='grc' dir='ltr'>φάσκοντες</span> <span class='ocrx_word' id='word_1_628' title='bbox 3255 3218 3374 3267; x_wconf 77' lang='grc' dir='ltr'>τοῖς</span> <span class='ocrx_word' id='word_1_629' title='bbox 3430 3206 3557 3262; x_wconf 84' lang='grc' dir='ltr'>ὠσὶν</span> <span class='ocrx_word' id='word_1_630' title='bbox 3589 3206 3728 3275; x_wconf 78' lang='grc' dir='ltr'><strong>ἄκη·</strong></span> 
     </span>
    </p>
   </div>
   <div class='ocr_carea' id='block_1_79' title="bbox 2084 3292 3737 3360">
    <p class='ocr_par' dir='ltr' id='par_1_79' title="bbox 2084 3292 3737 3360">
     <span class='ocr_line' id='line_1_80' title="bbox 2084 3292 3737 3360; baseline 0.001 -9"><span class='ocrx_word' id='word_1_631' title='bbox 2084 3294 2285 3351; x_wconf 70' lang='grc' dir='ltr'>κοέιαι.</span> <span class='ocrx_word' id='word_1_632' title='bbox 2328 3340 2338 3352; x_wconf 93' lang='grc'><strong>.</strong></span> <span class='ocrx_word' id='word_1_633' title='bbox 2379 3302 2615 3351; x_wconf 77' lang='grc' dir='ltr'>Τοσαῦτα</span> <span class='ocrx_word' id='word_1_634' title='bbox 2648 3298 2737 3349; x_wconf 77' lang='grc' dir='ltr'><strong>καὶ</strong></span> <span class='ocrx_word' id='word_1_635' title='bbox 2803 3293 3097 3360; x_wconf 64' lang='lat' dir='ltr'><strong>mhan</strong></span> <span class='ocrx_word' id='word_1_636' title='bbox 3129 3293 3383 3354; x_wconf 75' lang='grc' dir='ltr'>παθόντες</span> <span class='ocrx_word' id='word_1_637' title='bbox 3443 3292 3589 3351; x_wconf 77' lang='grc' dir='ltr'>δεινὰ</span> <span class='ocrx_word' id='word_1_638' title='bbox 3647 3296 3737 3352; x_wconf 81' lang='grc' dir='ltr'><strong>διὰ</strong></span> 
     </span>
    </p>
   </div>
   <div class='ocr_carea' id='block_1_80' title="bbox 2086 3380 3739 3461">
    <p class='ocr_par' dir='ltr' id='par_1_80' title="bbox 2086 3380 3739 3461">
     <span class='ocr_line' id='line_1_81' title="bbox 2086 3380 3739 3461; baseline 0.001 -22"><span class='ocrx_word' id='word_1_639' title='bbox 2086 3387 2177 3439; x_wconf 80' lang='grc' dir='ltr'>τὸν</span> <span class='ocrx_word' id='word_1_640' title='bbox 2199 3384 2403 3443; x_wconf 62' lang='grc' dir='ltr'><strong>Θεόν...</strong></span> <span class='ocrx_word' id='word_1_641' title='bbox 2442 3384 2588 3439; x_wconf 71' lang='grc' dir='ltr'>οὗδὲν</span> <span class='ocrx_word' id='word_1_642' title='bbox 2621 3384 2818 3439; x_wconf 71' lang='grc' dir='ltr'>τούτων</span> <span class='ocrx_word' id='word_1_643' title='bbox 2846 3384 2971 3461; x_wconf 75' lang='grc' dir='ltr'>φασὶ</span> <span class='ocrx_word' id='word_1_644' title='bbox 2993 3382 3148 3452; x_wconf 83' lang='grc' dir='ltr'>τέως,</span> <span class='ocrx_word' id='word_1_645' title='bbox 3182 3380 3262 3437; x_wconf 85' lang='grc' dir='ltr'>ὅτι</span> <span class='ocrx_word' id='word_1_646' title='bbox 3298 3386 3356 3439; x_wconf 85' lang='grc' dir='ltr'>τὸ</span> <span class='ocrx_word' id='word_1_647' title='bbox 3388 3386 3474 3439; x_wconf 82' lang='grc' dir='ltr'>καὶ</span> <span class='ocrx_word' id='word_1_648' title='bbox 3507 3388 3567 3441; x_wconf 87' lang='grc' dir='ltr'>τὸ</span> <span class='ocrx_word' id='word_1_649' title='bbox 3598 3385 3739 3441; x_wconf 82' lang='grc' dir='ltr'><strong>ἐπά-</strong></span> 
     </span>
    </p>
   </div>
   <div class='ocr_carea' id='block_1_81' title="bbox 2087 3470 3731 3554">
    <p class='ocr_par' dir='ltr' id='par_1_81' title="bbox 2087 3470 3731 3554">
     <span class='ocr_line' id='line_1_82' title="bbox 2087 3470 3731 3554; baseline 0.002 -26"><span class='ocrx_word' id='word_1_650' title='bbox 2087 3476 2247 3546; x_wconf 84' lang='grc' dir='ltr'>θομεν</span> <span class='ocrx_word' id='word_1_651' title='bbox 2274 3471 2359 3527; x_wconf 79' lang='grc' dir='ltr'><strong>διὰ</strong></span> <span class='ocrx_word' id='word_1_652' title='bbox 2390 3474 2470 3545; x_wconf 73' lang='grc' dir='ltr'><strong>σὲ,</strong></span> <span class='ocrx_word' id='word_1_653' title='bbox 2503 3474 2770 3547; x_wconf 74' lang='grc' dir='ltr'>βοήθησον</span> <span class='ocrx_word' id='word_1_654' title='bbox 2808 3476 2960 3547; x_wconf 67' lang='grc' dir='ltr'>ἡμῖν,</span> <span class='ocrx_word' id='word_1_655' title='bbox 2995 3470 3118 3527; x_wconf 79' lang='grc' dir='ltr'>ἀλλ’</span> <span class='ocrx_word' id='word_1_656' title='bbox 3149 3473 3297 3537; x_wconf 84' lang='grc' dir='ltr'><strong>ὡς...</strong></span> <span class='ocrx_word' id='word_1_657' title='bbox 3351 3475 3444 3529; x_wconf 81' lang='grc' dir='ltr'>οὒκ</span> <span class='ocrx_word' id='word_1_658' title='bbox 3509 3473 3731 3554; x_wconf 76' lang='grc' dir='ltr'>ἔχοντες</span> 
     </span>
    </p>
   </div>
   <div class='ocr_carea' id='block_1_82' title="bbox 2087 3560 3733 3639">
    <p class='ocr_par' dir='ltr' id='par_1_82' title="bbox 2087 3560 3733 3639">
     <span class='ocr_line' id='line_1_83' title="bbox 2087 3560 3733 3639; baseline 0.002 -22"><span class='ocrx_word' id='word_1_659' title='bbox 2087 3561 2142 3626; x_wconf 62' lang='lat' dir='ltr'>EE</span> <span class='ocrx_word' id='word_1_660' title='bbox 2173 3562 2378 3617; x_wconf 66' lang='grc' dir='ltr'>οἰκείων</span> <span class='ocrx_word' id='word_1_661' title='bbox 2408 3563 2830 3639; x_wconf 73' lang='grc' dir='ltr'>κατορθωμάτων</span> <span class='ocrx_word' id='word_1_662' title='bbox 2863 3560 3180 3639; x_wconf 71' lang='grc' dir='ltr'>παρρησίαν,</span> <span class='ocrx_word' id='word_1_663' title='bbox 3216 3561 3382 3624; x_wconf 83' lang='grc' dir='ltr'>οὕτως</span> <span class='ocrx_word' id='word_1_664' title='bbox 3414 3564 3487 3625; x_wconf 72' lang='grc' dir='ltr'><strong>εἰς</strong></span> <span class='ocrx_word' id='word_1_665' title='bbox 3519 3566 3585 3619; x_wconf 79' lang='grc' dir='ltr'>τὰ</span> <span class='ocrx_word' id='word_1_666' title='bbox 3614 3578 3733 3625; x_wconf 71' lang='grc' dir='ltr'>τοῖς</span> 
     </span>
    </p>
   </div>
   <div class='ocr_carea' id='block_1_83' title="bbox 2093 3651 3740 3730">
    <p class='ocr_par' dir='ltr' id='par_1_83' title="bbox 2093 3651 3740 3730">
     <span class='ocr_line' id='line_1_84' title="bbox 2093 3651 3740 3730; baseline 0.001 -24"><span class='ocrx_word' id='word_1_667' title='bbox 2093 3653 2370 3729; x_wconf 74' lang='grc' dir='ltr'>προγόνοις</span> <span class='ocrx_word' id='word_1_668' title='bbox 2424 3651 2737 3729; x_wconf 70' lang='grc' dir='ltr'>ὑπηργμένα</span> <span class='ocrx_word' id='word_1_669' title='bbox 2781 3652 2922 3728; x_wconf 73' lang='grc' dir='ltr'>παρὰ</span> <span class='ocrx_word' id='word_1_670' title='bbox 2978 3653 3071 3705; x_wconf 70' lang='grc' dir='ltr'>τοῦ</span> <span class='ocrx_word' id='word_1_671' title='bbox 3132 3656 3264 3705; x_wconf 77' lang='grc' dir='ltr'>Θεοῦ</span> <span class='ocrx_word' id='word_1_672' title='bbox 3323 3653 3740 3730; x_wconf 81' lang='grc' dir='ltr'>καταφεύγουσι.</span> 
     </span>
    </p>
   </div>
   <div class='ocr_carea' id='block_1_84' title="bbox 2103 3736 3743 3820">
    <p class='ocr_par' dir='ltr' id='par_1_84' title="bbox 2103 3736 3743 3820">
     <span class='ocr_line' id='line_1_85' title="bbox 2103 3736 3743 3820; baseline 0.006 -27"><span class='ocrx_word' id='word_1_673' title='bbox 2103 3764 2127 3793; x_wconf 80' lang='grc' dir='ltr'>α</span> <span class='ocrx_word' id='word_1_674' title='bbox 2164 3736 2290 3799; x_wconf 85' lang='lat' dir='ltr'><strong>Hoc</strong></span> <span class='ocrx_word' id='word_1_675' title='bbox 2320 3748 2407 3800; x_wconf 85' lang='lat' dir='ltr'><strong>est</strong></span> <span class='ocrx_word' id='word_1_676' title='bbox 2439 3739 2595 3799; x_wconf 91' lang='lat' dir='ltr'><strong>enim</strong></span> <span class='ocrx_word' id='word_1_677' title='bbox 2632 3739 2762 3818; x_wconf 79' lang='lat' dir='ltr'><strong>ejus</strong></span> <span class='ocrx_word' id='word_1_678' title='bbox 2790 3744 2888 3818; x_wconf 87' lang='lat' dir='ltr'><strong>qui</strong></span> <span class='ocrx_word' id='word_1_679' title='bbox 2912 3756 3015 3798; x_wconf 88' lang='lat' dir='ltr'><strong>eos</strong></span> <span class='ocrx_word' id='word_1_680' title='bbox 3042 3747 3277 3798; x_wconf 89' lang='lat' dir='ltr'><strong>recreat</strong></span> <span class='ocrx_word' id='word_1_681' title='bbox 3308 3747 3365 3798; x_wconf 90' lang='lat' dir='ltr'><strong>et</strong></span> <span class='ocrx_word' id='word_1_682' title='bbox 3397 3740 3611 3817; x_wconf 84' lang='lat' dir='ltr'><strong>reﬁcit,</strong></span> <span class='ocrx_word' id='word_1_683' title='bbox 3639 3743 3743 3820; x_wconf 85' lang='lat' dir='ltr'><strong>qui</strong></span> 
     </span>
    </p>
   </div>
   <div class='ocr_carea' id='block_1_85' title="bbox 2103 3824 3743 3889">
    <p class='ocr_par' dir='ltr' id='par_1_85' title="bbox 2103 3824 3743 3889">
     <span class='ocr_line' id='line_1_86' title="bbox 2103 3824 3743 3889; baseline 0.001 -1"><span class='ocrx_word' id='word_1_684' title='bbox 2103 3836 2239 3888; x_wconf 91' lang='lat' dir='ltr'><strong>sunt</strong></span> <span class='ocrx_word' id='word_1_685' title='bbox 2272 3826 2526 3888; x_wconf 85' lang='lat' dir='ltr'><strong>molliori</strong></span> <span class='ocrx_word' id='word_1_686' title='bbox 2555 3838 2613 3889; x_wconf 90' lang='lat' dir='ltr'><strong>et</strong></span> <span class='ocrx_word' id='word_1_687' title='bbox 2642 3824 3025 3888; x_wconf 87' lang='lat' dir='ltr'><strong>imbecilliori</strong></span> <span class='ocrx_word' id='word_1_688' title='bbox 3038 3827 3237 3887; x_wconf 84' lang='lat' dir='ltr'><strong>animo</strong></span> <span class='ocrx_word' id='word_1_689' title='bbox 3256 3828 3327 3887; x_wconf 90' lang='lat' dir='ltr'><strong>ad</strong></span> <span class='ocrx_word' id='word_1_690' title='bbox 3354 3827 3590 3889; x_wconf 88' lang='lat' dir='ltr'><strong>labores</strong></span> <span class='ocrx_word' id='word_1_691' title='bbox 3610 3848 3743 3889; x_wconf 72' lang='lat' dir='ltr'><strong>sus—</strong></span> 
     </span>
    </p>
   </div>
   <div class='ocr_carea' id='block_1_86' title="bbox 2101 3915 3750 4000">
    <p class='ocr_par' dir='ltr' id='par_1_86' title="bbox 2101 3915 3750 4000">
     <span class='ocr_line' id='line_1_87' title="bbox 2101 3915 3750 4000; baseline 0.001 -22"><span class='ocrx_word' id='word_1_692' title='bbox 2101 3917 2436 3998; x_wconf 87' lang='lat' dir='ltr'><strong>cipiemlos.</strong></span> <span class='ocrx_word' id='word_1_693' title='bbox 2471 3915 2609 3979; x_wconf 67' lang='lat' dir='ltr'><strong>Haec</strong></span> <span class='ocrx_word' id='word_1_694' title='bbox 2644 3919 2910 3998; x_wconf 84' lang='lat' dir='ltr'><strong>precatio</strong></span> <span class='ocrx_word' id='word_1_695' title='bbox 2934 3924 3023 3976; x_wconf 89' lang='lat' dir='ltr'><strong>est</strong></span> <span class='ocrx_word' id='word_1_696' title='bbox 3053 3915 3126 3977; x_wconf 93' lang='lat' dir='ltr'><strong>ad</strong></span> <span class='ocrx_word' id='word_1_697' title='bbox 3153 3916 3368 3977; x_wconf 87' lang='lat' dir='ltr'><strong>milites</strong></span> <span class='ocrx_word' id='word_1_698' title='bbox 3390 3918 3750 4000; x_wconf 81' lang='lat' dir='ltr'><strong>adhortatio,</strong></span> 
     </span>
    </p>
   </div>
   <div class='ocr_carea' id='block_1_87' title="bbox 2104 4004 3749 4086">
    <p class='ocr_par' dir='ltr' id='par_1_87' title="bbox 2104 4004 3749 4086">
     <span class='ocr_line' id='line_1_88' title="bbox 2104 4004 3749 4086; baseline 0 -17"><span class='ocrx_word' id='word_1_699' title='bbox 2104 4025 2236 4086; x_wconf 64' lang='lat' dir='ltr'><strong>quae</strong></span> <span class='ocrx_word' id='word_1_700' title='bbox 2259 4004 2431 4085; x_wconf 86' lang='lat' dir='ltr'><strong>jubet</strong></span> <span class='ocrx_word' id='word_1_701' title='bbox 2462 4010 2739 4067; x_wconf 89' lang='lat' dir='ltr'><strong>universa</strong></span> <span class='ocrx_word' id='word_1_702' title='bbox 2770 4007 2830 4067; x_wconf 91' lang='lat' dir='ltr'><strong>in</strong></span> <span class='ocrx_word' id='word_1_703' title='bbox 2876 4005 3065 4066; x_wconf 87' lang='lat' dir='ltr'><strong>Deum</strong></span> <span class='ocrx_word' id='word_1_704' title='bbox 3114 4005 3419 4085; x_wconf 88' lang='lat' dir='ltr'><strong>conjicere</strong></span> <span class='ocrx_word' id='word_1_705' title='bbox 3451 4014 3749 4069; x_wconf 84' lang='lat' dir='ltr'><strong>statuere-</strong></span> 
     </span>
    </p>
   </div>
   <div class='ocr_carea' id='block_1_88' title="bbox 2104 4095 3751 4176">
    <p class='ocr_par' dir='ltr' id='par_1_88' title="bbox 2104 4095 3751 4176">
     <span class='ocr_line' id='line_1_89' title="bbox 2104 4095 3751 4176; baseline 0.003 -20"><span class='ocrx_word' id='word_1_706' title='bbox 2104 4115 2222 4176; x_wconf 90' lang='lat' dir='ltr'><strong>qne</strong></span> <span class='ocrx_word' id='word_1_707' title='bbox 2247 4114 2312 4156; x_wconf 83' lang='lat' dir='ltr'><strong>ex</strong></span> <span class='ocrx_word' id='word_1_708' title='bbox 2348 4113 2453 4176; x_wconf 88' lang='lat' dir='ltr'><strong>spe</strong></span> <span class='ocrx_word' id='word_1_709' title='bbox 2484 4097 2544 4157; x_wconf 91' lang='lat' dir='ltr'><strong>in</strong></span> <span class='ocrx_word' id='word_1_710' title='bbox 2567 4096 2738 4157; x_wconf 89' lang='lat' dir='ltr'><strong>illum</strong></span> <span class='ocrx_word' id='word_1_711' title='bbox 2767 4096 3033 4176; x_wconf 69' lang='lat' dir='ltr'><strong>pendere</strong></span> <span class='ocrx_word' id='word_1_712' title='bbox 3058 4095 3387 4156; x_wconf 87' lang='lat' dir='ltr'><strong>victoriam.</strong></span> <span class='ocrx_word' id='word_1_713' title='bbox 3414 4097 3532 4159; x_wconf 86' lang='lat' dir='ltr'><strong>Cur</strong></span> <span class='ocrx_word' id='word_1_714' title='bbox 3551 4109 3751 4161; x_wconf 52' lang='lat' dir='ltr'><strong>autem</strong></span> 
     </span>
    </p>
   </div>
   <div class='ocr_carea' id='block_1_89' title="bbox 2108 4183 3754 4260">
    <p class='ocr_par' dir='ltr' id='par_1_89' title="bbox 2108 4183 3754 4260">
     <span class='ocr_line' id='line_1_90' title="bbox 2108 4183 3754 4260; baseline 0.001 -15"><span class='ocrx_word' id='word_1_715' title='bbox 2108 4204 2225 4246; x_wconf 91' lang='lat' dir='ltr'><strong>non</strong></span> <span class='ocrx_word' id='word_1_716' title='bbox 2258 4184 2405 4245; x_wconf 77' lang='lat' dir='ltr'><strong>dixit</strong></span> <span class='ocrx_word' id='word_1_717' title='bbox 2424 4184 2719 4260; x_wconf 85' lang='lat' dir='ltr'><strong>absolute,</strong></span> <span class='ocrx_word' id='word_1_718' title='bbox 2746 4185 3120 4259; x_wconf 87' lang='lat' dir='ltr'><strong>Audivimus,</strong></span> <span class='ocrx_word' id='word_1_719' title='bbox 3157 4185 3286 4258; x_wconf 89' lang='lat' dir='ltr'><strong>sed,</strong></span> <span class='ocrx_word' id='word_1_720' title='bbox 3309 4183 3554 4248; x_wconf 75' lang='lat' dir='ltr'><strong>Nostris</strong></span> <span class='ocrx_word' id='word_1_721' title='bbox 3574 4192 3754 4248; x_wconf 76' lang='lat' dir='ltr'><strong>auri-</strong></span> 
     </span>
    </p>
   </div>
   <div class='ocr_carea' id='block_1_90' title="bbox 2109 4274 3760 4357">
    <p class='ocr_par' dir='ltr' id='par_1_90' title="bbox 2109 4274 3760 4357">
     <span class='ocr_line' id='line_1_91' title="bbox 2109 4274 3760 4357; baseline 0.001 -18"><span class='ocrx_word' id='word_1_722' title='bbox 2109 4275 2215 4339; x_wconf 77' lang='lat' dir='ltr'><strong>bus</strong></span> <span class='ocrx_word' id='word_1_723' title='bbox 2238 4276 2589 4337; x_wconf 73' lang='lat' dir='ltr'><strong>audivimus</strong></span> <span class='ocrx_word' id='word_1_724' title='bbox 2609 4274 2692 4338; x_wconf 68' lang='lat'><strong>7“?</strong></span> <span class='ocrx_word' id='word_1_725' title='bbox 2712 4274 2965 4357; x_wconf 89' lang='lat' dir='ltr'><strong>quadam</strong></span> <span class='ocrx_word' id='word_1_726' title='bbox 2994 4291 3153 4334; x_wconf 80' lang='lat' dir='ltr'><strong>enim</strong></span> <span class='ocrx_word' id='word_1_727' title='bbox 3176 4274 3289 4335; x_wconf 90' lang='lat' dir='ltr'><strong>alia</strong></span> <span class='ocrx_word' id='word_1_728' title='bbox 3306 4276 3577 4355; x_wconf 87' lang='lat' dir='ltr'><strong>corporis</strong></span> <span class='ocrx_word' id='word_1_729' title='bbox 3591 4287 3760 4357; x_wconf 84' lang='lat' dir='ltr'><strong>parte</strong></span> 
     </span>
    </p>
   </div>
   <div class='ocr_carea' id='block_1_91' title="bbox 2108 4364 3760 4447">
    <p class='ocr_par' dir='ltr' id='par_1_91' title="bbox 2108 4364 3760 4447">
     <span class='ocr_line' id='line_1_92' title="bbox 2108 4364 3760 4447; baseline 0 -20"><span class='ocrx_word' id='word_1_730' title='bbox 2108 4364 2451 4428; x_wconf 84' lang='lat' dir='ltr'><strong>auditur?...</strong></span> <span class='ocrx_word' id='word_1_731' title='bbox 2474 4364 2580 4427; x_wconf 76' lang='lat' dir='ltr'><strong>ilic</strong></span> <span class='ocrx_word' id='word_1_732' title='bbox 2612 4375 2701 4426; x_wconf 89' lang='lat' dir='ltr'><strong>est</strong></span> <span class='ocrx_word' id='word_1_733' title='bbox 2731 4384 2856 4425; x_wconf 88' lang='lat' dir='ltr'><strong>mos</strong></span> <span class='ocrx_word' id='word_1_734' title='bbox 2889 4365 3226 4425; x_wconf 83' lang='lat' dir='ltr'><strong>communis</strong></span> <span class='ocrx_word' id='word_1_735' title='bbox 3281 4365 3614 4439; x_wconf 88' lang='lat' dir='ltr'><strong>hominum,</strong></span> <span class='ocrx_word' id='word_1_736' title='bbox 3662 4371 3760 4447; x_wconf 80' lang='lat' dir='ltr'><strong>qui</strong></span> 
     </span>
    </p>
   </div>
   <div class='ocr_carea' id='block_1_92' title="bbox 371 4451 3760 4536">
    <p class='ocr_par' dir='ltr' id='par_1_92' title="bbox 371 4451 3760 4536">
     <span class='ocr_line' id='line_1_93' title="bbox 371 4451 3760 4536; baseline -0.002 -15"><span class='ocrx_word' id='word_1_737' title='bbox 371 4460 535 4521; x_wconf 90' lang='lat' dir='ltr'><strong>dium</strong></span> <span class='ocrx_word' id='word_1_738' title='bbox 562 4452 987 4534; x_wconf 79' lang='lat' dir='ltr'><strong>atferat,missa</strong></span> <span class='ocrx_word' id='word_1_739' title='bbox 1010 4470 1081 4514; x_wconf 89' lang='lat' dir='ltr'><strong>ea</strong></span> <span class='ocrx_word' id='word_1_740' title='bbox 1112 4451 1387 4514; x_wconf 82' lang='lat' dir='ltr'><strong>facimus.</strong></span> <span class='ocrx_word' id='word_1_741' title='bbox 1415 4451 1577 4515; x_wconf 88' lang='lat' dir='ltr'><strong>Urdo</strong></span> <span class='ocrx_word' id='word_1_742' title='bbox 1610 4453 1939 4531; x_wconf 84' lang='lat' dir='ltr'><strong>postularet</strong></span> <span class='ocrx_word' id='word_1_743' title='bbox 1966 4464 2027 4514; x_wconf 94' lang='lat' dir='ltr'><strong>ut</strong></span> <span class='ocrx_word' id='word_1_744' title='bbox 2049 4528 2088 4536; x_wconf 82' lang='lat'><em>_</em></span> <span class='ocrx_word' id='word_1_745' title='bbox 2111 4455 2348 4536; x_wconf 88' lang='lat' dir='ltr'><strong>quando</strong></span> <span class='ocrx_word' id='word_1_746' title='bbox 2379 4455 2579 4535; x_wconf 89' lang='lat' dir='ltr'><strong>aliqua</strong></span> <span class='ocrx_word' id='word_1_747' title='bbox 2601 4452 2950 4532; x_wconf 76' lang='lat' dir='ltr'><strong>narrant,dc</strong></span> <span class='ocrx_word' id='word_1_748' title='bbox 2982 4454 3197 4532; x_wconf 79' lang='lat' dir='ltr'><strong>quibus</strong></span> <span class='ocrx_word' id='word_1_749' title='bbox 3228 4462 3368 4515; x_wconf 90' lang='lat' dir='ltr'><strong>sunt</strong></span> <span class='ocrx_word' id='word_1_750' title='bbox 3397 4453 3532 4516; x_wconf 83' lang='lat' dir='ltr'><strong>facti</strong></span> <span class='ocrx_word' id='word_1_751' title='bbox 3577 4456 3760 4516; x_wconf 85' lang='lat' dir='ltr'><strong>certi-</strong></span> 
     </span>
    </p>
   </div>
   <div class='ocr_carea' id='block_1_93' title="bbox 369 4528 3766 4628">
    <p class='ocr_par' dir='ltr' id='par_1_93' title="bbox 369 4528 3766 4628">
     <span class='ocr_line' id='line_1_94' title="bbox 369 4528 3766 4628; baseline -0.001 -19"><span class='ocrx_word' id='word_1_752' title='bbox 369 4550 448 4611; x_wconf 93' lang='lat' dir='ltr'><strong>de</strong></span> <span class='ocrx_word' id='word_1_753' title='bbox 480 4548 709 4628; x_wconf 92' lang='lat' dir='ltr'><strong>psalmo</strong></span> <span class='ocrx_word' id='word_1_754' title='bbox 751 4528 931 4605; x_wconf 83' lang='lat' dir='ltr'><strong>tertio</strong></span> <span class='ocrx_word' id='word_1_755' title='bbox 966 4542 1200 4603; x_wconf 88' lang='lat' dir='ltr'><strong>decimo</strong></span> <span class='ocrx_word' id='word_1_756' title='bbox 1246 4539 1530 4602; x_wconf 80' lang='lat' dir='ltr'><strong>nonnulla</strong></span> <span class='ocrx_word' id='word_1_757' title='bbox 1567 4528 1975 4620; x_wconf 78' lang='lat' dir='ltr'><strong>proferrentur</strong></span> <span class='ocrx_word' id='word_1_758' title='bbox 2011 4528 2328 4607; x_wconf 72' lang='lat' dir='ltr'><strong>:Dores...</strong></span> <span class='ocrx_word' id='word_1_759' title='bbox 2350 4528 2586 4624; x_wconf 77' lang='lat' dir='ltr'><strong>semper</strong></span> <span class='ocrx_word' id='word_1_760' title='bbox 2606 4562 2781 4606; x_wconf 89' lang='lat' dir='ltr'><strong>aures</strong></span> <span class='ocrx_word' id='word_1_761' title='bbox 2803 4528 3116 4623; x_wconf 75' lang='lat' dir='ltr'><strong>adjiciunt,</strong></span> <span class='ocrx_word' id='word_1_762' title='bbox 3144 4544 3411 4605; x_wconf 75' lang='lat' dir='ltr'><strong>dicentes</strong></span> <span class='ocrx_word' id='word_1_763' title='bbox 3435 4561 3500 4604; x_wconf 89' lang='lat' dir='ltr'><strong>se</strong></span> <span class='ocrx_word' id='word_1_764' title='bbox 3516 4544 3766 4605; x_wconf 81' lang='lat' dir='ltr'><strong>auribus</strong></span> 
     </span>
    </p>
   </div>
   <div class='ocr_carea' id='block_1_94' title="bbox 367 4627 2031 4716">
    <p class='ocr_par' dir='ltr' id='par_1_94' title="bbox 367 4627 2031 4716">
     <span class='ocr_line' id='line_1_95' title="bbox 367 4627 2031 4716; baseline -0.006 -16"><span class='ocrx_word' id='word_1_765' title='bbox 367 4627 631 4700; x_wconf 83' lang='lat' dir='ltr'><strong>sedcum</strong></span> <span class='ocrx_word' id='word_1_766' title='bbox 667 4633 929 4716; x_wconf 88' lang='lat' dir='ltr'><strong>psalmus</strong></span> <span class='ocrx_word' id='word_1_767' title='bbox 950 4629 1053 4693; x_wconf 91' lang='lat' dir='ltr'><strong>ille</strong></span> <span class='ocrx_word' id='word_1_768' title='bbox 1083 4637 1143 4692; x_wconf 86' lang='lat' dir='ltr'><strong>et</strong></span> <span class='ocrx_word' id='word_1_769' title='bbox 1170 4629 1273 4692; x_wconf 89' lang='lat' dir='ltr'><strong>alii</strong></span> <span class='ocrx_word' id='word_1_770' title='bbox 1307 4628 1475 4691; x_wconf 92' lang='lat' dir='ltr'><strong>multi</strong></span> <span class='ocrx_word' id='word_1_771' title='bbox 1500 4628 1563 4691; x_wconf 92' lang='lat' dir='ltr'><strong>in</strong></span> <span class='ocrx_word' id='word_1_772' title='bbox 1580 4627 1827 4706; x_wconf 87' lang='lat' dir='ltr'><strong>vulgatis</strong></span> <span class='ocrx_word' id='word_1_773' title='bbox 1842 4629 2031 4710; x_wconf 81' lang='lat' dir='ltr'><strong>Chry—</strong></span> 
     </span>
    </p>
   </div>
   <div class='ocr_carea' id='block_1_95' title="bbox 370 4717 2036 4787">
    <p class='ocr_par' dir='ltr' id='par_1_95' title="bbox 370 4717 2036 4787">
     <span class='ocr_line' id='line_1_96' title="bbox 370 4717 2036 4787; baseline -0.005 1"><span class='ocrx_word' id='word_1_774' title='bbox 370 4726 613 4787; x_wconf 89' lang='lat' dir='ltr'><strong>sostomi</strong></span> <span class='ocrx_word' id='word_1_775' title='bbox 636 4720 1005 4785; x_wconf 89' lang='lat' dir='ltr'><strong>editionibus</strong></span> <span class='ocrx_word' id='word_1_776' title='bbox 1035 4718 1486 4787; x_wconf 84' lang='lat' dir='ltr'><strong>desiderentur,</strong></span> <span class='ocrx_word' id='word_1_777' title='bbox 1529 4717 1606 4779; x_wconf 90' lang='lat' dir='ltr'><strong>de</strong></span> <span class='ocrx_word' id='word_1_778' title='bbox 1637 4717 1729 4778; x_wconf 89' lang='lat' dir='ltr'><strong>his</strong></span> <span class='ocrx_word' id='word_1_779' title='bbox 1754 4718 2036 4781; x_wconf 74' lang='lat' dir='ltr'><strong>omnibus</strong></span> 
     </span>
    </p>
   </div>
   <div class='ocr_carea' id='block_1_96' title="bbox 377 4807 2032 4876">
    <p class='ocr_par' dir='ltr' id='par_1_96' title="bbox 377 4807 2032 4876">
     <span class='ocr_line' id='line_1_97' title="bbox 377 4807 2032 4876; baseline -0.004 0"><span class='ocrx_word' id='word_1_780' title='bbox 377 4815 526 4876; x_wconf 88' lang='lat' dir='ltr'><strong>nihil</strong></span> <span class='ocrx_word' id='word_1_781' title='bbox 558 4812 762 4874; x_wconf 87' lang='lat' dir='ltr'><strong>dicere</strong></span> <span class='ocrx_word' id='word_1_782' title='bbox 793 4810 1108 4871; x_wconf 82' lang='lat' dir='ltr'><strong>habemus.</strong></span> <span class='ocrx_word' id='word_1_783' title='bbox 1134 4809 1209 4871; x_wconf 83' lang='lat' dir='ltr'><strong>At</strong></span> <span class='ocrx_word' id='word_1_784' title='bbox 1241 4807 1345 4869; x_wconf 91' lang='lat' dir='ltr'><strong>ubi</strong></span> <span class='ocrx_word' id='word_1_785' title='bbox 1375 4824 1586 4870; x_wconf 88' lang='lat' dir='ltr'><strong>novam</strong></span> <span class='ocrx_word' id='word_1_786' title='bbox 1612 4824 1777 4868; x_wconf 88' lang='lat' dir='ltr'><strong>suam</strong></span> <span class='ocrx_word' id='word_1_787' title='bbox 1809 4807 2032 4871; x_wconf 89' lang='lat' dir='ltr'><strong>editio-</strong></span> 
     </span>
    </p>
   </div>
   <div class='ocr_carea' id='block_1_97' title="bbox 378 4896 2037 4983">
    <p class='ocr_par' dir='ltr' id='par_1_97' title="bbox 378 4896 2037 4983">
     <span class='ocr_line' id='line_1_98' title="bbox 378 4896 2037 4983; baseline -0.001 -22"><span class='ocrx_word' id='word_1_788' title='bbox 378 4918 516 4963; x_wconf 90' lang='lat' dir='ltr'><strong>nem</strong></span> <span class='ocrx_word' id='word_1_789' title='bbox 541 4900 861 4983; x_wconf 85' lang='lat' dir='ltr'><strong>perfecerit</strong></span> <span class='ocrx_word' id='word_1_790' title='bbox 880 4898 1353 4960; x_wconf 82' lang='lat' dir='ltr'><strong>Montfauconius</strong></span> <span class='ocrx_word' id='word_1_791' title='bbox 1383 4905 1613 4976; x_wconf 88' lang='lat' dir='ltr'><strong>noster,</strong></span> <span class='ocrx_word' id='word_1_792' title='bbox 1641 4896 1703 4956; x_wconf 89' lang='lat' dir='ltr'><strong>in</strong></span> <span class='ocrx_word' id='word_1_793' title='bbox 1734 4914 1853 4974; x_wconf 90' lang='lat' dir='ltr'><strong>qua</strong></span> <span class='ocrx_word' id='word_1_794' title='bbox 1882 4898 2037 4960; x_wconf 90' lang='lat' dir='ltr'><strong>inter</strong></span> 
     </span>
    </p>
   </div>
   <div class='ocr_carea' id='block_1_98' title="bbox 379 4983 2035 5069">
    <p class='ocr_par' dir='ltr' id='par_1_98' title="bbox 379 4983 2035 5069">
     <span class='ocr_line' id='line_1_99' title="bbox 379 4983 2035 5069; baseline -0.002 -18"><span class='ocrx_word' id='word_1_795' title='bbox 379 4998 594 5052; x_wconf 66' lang='lat' dir='ltr'><strong>caetera</strong></span> <span class='ocrx_word' id='word_1_796' title='bbox 624 4989 914 5051; x_wconf 88' lang='lat' dir='ltr'><strong>anecdota</strong></span> <span class='ocrx_word' id='word_1_797' title='bbox 942 4987 1031 5048; x_wconf 91' lang='lat' dir='ltr'><strong>illi</strong></span> <span class='ocrx_word' id='word_1_798' title='bbox 1052 5005 1289 5069; x_wconf 89' lang='lat' dir='ltr'><strong>quoque</strong></span> <span class='ocrx_word' id='word_1_799' title='bbox 1316 4985 1529 5066; x_wconf 85' lang='lat' dir='ltr'><strong>psalmi</strong></span> <span class='ocrx_word' id='word_1_800' title='bbox 1558 4983 2035 5069; x_wconf 87' lang='lat' dir='ltr'><strong>prodibunt,non</strong></span> 
     </span>
    </p>
   </div>
   <div class='ocr_carea' id='block_1_99' title="bbox 380 5076 2038 5161">
    <p class='ocr_par' dir='ltr' id='par_1_99' title="bbox 380 5076 2038 5161">
     <span class='ocr_line' id='line_1_100' title="bbox 380 5076 2038 5161; baseline -0.002 -19"><span class='ocrx_word' id='word_1_801' title='bbox 380 5078 588 5142; x_wconf 90' lang='lat' dir='ltr'><strong>dubito</strong></span> <span class='ocrx_word' id='word_1_802' title='bbox 607 5079 753 5161; x_wconf 84' lang='lat' dir='ltr'><strong>quin</strong></span> <span class='ocrx_word' id='word_1_803' title='bbox 793 5078 870 5139; x_wconf 87' lang='lat' dir='ltr'><strong>sit</strong></span> <span class='ocrx_word' id='word_1_804' title='bbox 905 5078 1196 5151; x_wconf 87' lang='lat' dir='ltr'><strong>futurum,</strong></span> <span class='ocrx_word' id='word_1_805' title='bbox 1234 5084 1296 5139; x_wconf 86' lang='lat' dir='ltr'><strong>ut</strong></span> <span class='ocrx_word' id='word_1_806' title='bbox 1326 5076 1467 5137; x_wconf 91' lang='lat' dir='ltr'><strong>hinc</strong></span> <span class='ocrx_word' id='word_1_807' title='bbox 1499 5077 1674 5137; x_wconf 91' lang='lat' dir='ltr'><strong>etiam</strong></span> <span class='ocrx_word' id='word_1_808' title='bbox 1700 5076 1920 5139; x_wconf 89' lang='lat' dir='ltr'><strong>similia</strong></span> <span class='ocrx_word' id='word_1_809' title='bbox 1944 5077 2038 5138; x_wconf 87' lang='lat' dir='ltr'><strong>his</strong></span> 
     </span>
    </p>
   </div>
   <div class='ocr_carea' id='block_1_100' title="bbox 384 5165 2036 5248">
    <p class='ocr_par' dir='ltr' id='par_1_100' title="bbox 384 5165 2036 5248">
     <span class='ocr_line' id='line_1_101' title="bbox 384 5165 2036 5248; baseline 0 -19"><span class='ocrx_word' id='word_1_810' title='bbox 384 5186 515 5248; x_wconf 80' lang='lat' dir='ltr'><strong>quae</strong></span> <span class='ocrx_word' id='word_1_811' title='bbox 542 5166 1150 5248; x_wconf 83' lang='lat' dir='ltr'><strong>retulimus,ubertim</strong></span> <span class='ocrx_word' id='word_1_812' title='bbox 1170 5165 1299 5228; x_wconf 89' lang='lat' dir='ltr'><strong>erui</strong></span> <span class='ocrx_word' id='word_1_813' title='bbox 1325 5165 1821 5246; x_wconf 79' lang='lat' dir='ltr'><strong>possintJnterim</strong></span> <span class='ocrx_word' id='word_1_814' title='bbox 1857 5184 2036 5247; x_wconf 89' lang='lat' dir='ltr'><strong>pseu-</strong></span> 
     </span>
    </p>
   </div>
   <div class='ocr_carea' id='block_1_101' title="bbox 381 5253 2037 5336">
    <p class='ocr_par' dir='ltr' id='par_1_101' title="bbox 381 5253 2037 5336">
     <span class='ocr_line' id='line_1_102' title="bbox 381 5253 2037 5336; baseline -0.002 -14"><span class='ocrx_word' id='word_1_815' title='bbox 381 5255 867 5322; x_wconf 87' lang='lat' dir='ltr'><strong>do-Theodorum</strong></span> <span class='ocrx_word' id='word_1_816' title='bbox 890 5258 953 5319; x_wconf 91' lang='lat' dir='ltr'><strong>in</strong></span> <span class='ocrx_word' id='word_1_817' title='bbox 986 5255 1377 5334; x_wconf 88' lang='lat' dir='ltr'><strong>sequentibus</strong></span> <span class='ocrx_word' id='word_1_818' title='bbox 1395 5253 1641 5336; x_wconf 87' lang='lat' dir='ltr'><strong>psalmis</strong></span> <span class='ocrx_word' id='word_1_819' title='bbox 1667 5258 2037 5335; x_wconf 80' lang='lat' dir='ltr'><strong>exponendis</strong></span> 
     </span>
    </p>
   </div>
   <div class='ocr_carea' id='block_1_102' title="bbox 385 5342 2038 5427">
    <p class='ocr_par' dir='ltr' id='par_1_102' title="bbox 385 5342 2038 5427">
     <span class='ocr_line' id='line_1_103' title="bbox 385 5342 2038 5427; baseline 0.001 -19"><span class='ocrx_word' id='word_1_820' title='bbox 385 5364 522 5408; x_wconf 90' lang='lat' dir='ltr'><strong>eum</strong></span> <span class='ocrx_word' id='word_1_821' title='bbox 548 5348 815 5424; x_wconf 85' lang='lat' dir='ltr'><strong>esse,qui</strong></span> <span class='ocrx_word' id='word_1_822' title='bbox 831 5347 941 5408; x_wconf 90' lang='lat' dir='ltr'><strong>fuit</strong></span> <span class='ocrx_word' id='word_1_823' title='bbox 960 5346 1019 5407; x_wconf 91' lang='lat' dir='ltr'><strong>in</strong></span> <span class='ocrx_word' id='word_1_824' title='bbox 1042 5343 1434 5427; x_wconf 81' lang='lat' dir='ltr'><strong>explanandis</strong></span> <span class='ocrx_word' id='word_1_825' title='bbox 1449 5342 1751 5425; x_wconf 88' lang='lat' dir='ltr'><strong>prioribus</strong></span> <span class='ocrx_word' id='word_1_826' title='bbox 1762 5347 2038 5409; x_wconf 88' lang='lat' dir='ltr'><strong>ostenda-</strong></span> 
     </span>
    </p>
   </div>
   <div class='ocr_carea' id='block_1_103' title="bbox 386 5434 2038 5517">
    <p class='ocr_par' dir='ltr' id='par_1_103' title="bbox 386 5434 2038 5517">
     <span class='ocr_line' id='line_1_104' title="bbox 386 5434 2038 5517; baseline -0.004 -20"><span class='ocrx_word' id='word_1_827' title='bbox 386 5453 544 5499; x_wconf 88' lang='lat' dir='ltr'><strong>mus.</strong></span> <span class='ocrx_word' id='word_1_828' title='bbox 568 5434 712 5513; x_wconf 88' lang='lat' dir='ltr'><strong>Ejus</strong></span> <span class='ocrx_word' id='word_1_829' title='bbox 732 5434 914 5513; x_wconf 74' lang='lat' dir='ltr'><strong>igitur</strong></span> <span class='ocrx_word' id='word_1_830' title='bbox 940 5437 1121 5497; x_wconf 81' lang='lat' dir='ltr'><strong>verba</strong></span> <span class='ocrx_word' id='word_1_831' title='bbox 1150 5444 1312 5512; x_wconf 87' lang='lat' dir='ltr'><strong>sunt,</strong></span> <span class='ocrx_word' id='word_1_832' title='bbox 1348 5434 1541 5515; x_wconf 89' lang='lat' dir='ltr'><strong>prima</strong></span> <span class='ocrx_word' id='word_1_833' title='bbox 1555 5434 1764 5515; x_wconf 88' lang='lat' dir='ltr'><strong>psalmi</strong></span> <span class='ocrx_word' id='word_1_834' title='bbox 1789 5436 2038 5517; x_wconf 77' lang='lat' dir='ltr'><strong>quadra.</strong></span> 
     </span>
    </p>
   </div>
   <div class='ocr_carea' id='block_1_104' title="bbox 463 5593 1593 5675">
    <p class='ocr_par' dir='ltr' id='par_1_104' title="bbox 463 5593 1593 5675">
     <span class='ocr_line' id='line_1_105' title="bbox 463 5593 1593 5675; baseline 0.002 -17"><span class='ocrx_word' id='word_1_835' title='bbox 463 5595 703 5659; x_wconf 77' lang='lat' dir='ltr'><strong>73Psal.</strong></span> <span class='ocrx_word' id='word_1_836' title='bbox 739 5611 824 5675; x_wconf 72' lang='grc' dir='ltr'><strong>χι,</strong></span> <span class='ocrx_word' id='word_1_837' title='bbox 853 5593 912 5655; x_wconf 77' lang='lat'><strong>2.</strong></span> <span class='ocrx_word' id='word_1_838' title='bbox 1006 5598 1067 5646; x_wconf 70' lang='grc' dir='ltr'><strong>τι</strong></span> <span class='ocrx_word' id='word_1_839' title='bbox 1102 5594 1263 5660; x_wconf 87' lang='lat' dir='ltr'><strong>Psal.</strong></span> <span class='ocrx_word' id='word_1_840' title='bbox 1289 5612 1458 5668; x_wconf 77' lang='lat' dir='ltr'><strong>mn,</strong></span> <span class='ocrx_word' id='word_1_841' title='bbox 1494 5595 1593 5660; x_wconf 82' lang='lat'><strong>26.</strong></span> 
     </span>
    </p>
   </div>
   <div class='ocr_carea' id='block_1_105' title="bbox 710 5734 1408 5802">
    <p class='ocr_par' dir='ltr' id='par_1_105' title="bbox 710 5734 1408 5802">
     <span class='ocr_line' id='line_1_106' title="bbox 710 5734 1408 5802; baseline 0.001 -5"><span class='ocrx_word' id='word_1_842' title='bbox 710 5734 951 5802; x_wconf 66' lang='lat' dir='ltr'><strong>Parem.</strong></span> <span class='ocrx_word' id='word_1_843' title='bbox 1020 5737 1135 5800; x_wconf 78' lang='lat' dir='ltr'><strong>Gn.</strong></span> <span class='ocrx_word' id='word_1_844' title='bbox 1183 5735 1408 5799; x_wconf 79' lang='lat' dir='ltr'><strong>XXIX.</strong></span> 
     </span>
    </p>
   </div>
   <div class='ocr_carea' id='block_1_106' title="bbox 2116 4634 3767 4714">
    <p class='ocr_par' dir='ltr' id='par_1_106' title="bbox 2116 4634 3767 4714">
     <span class='ocr_line' id='line_1_107' title="bbox 2116 4634 3767 4714; baseline -0.001 -18"><span class='ocrx_word' id='word_1_845' title='bbox 2116 4635 2434 4696; x_wconf 85' lang='lat' dir='ltr'><strong>audivisse.</strong></span> <span class='ocrx_word' id='word_1_846' title='bbox 2479 4638 2664 4697; x_wconf 88' lang='lat' dir='ltr'><strong>.Cum</strong></span> <span class='ocrx_word' id='word_1_847' title='bbox 2694 4636 2777 4695; x_wconf 85' lang='lat' dir='ltr'><strong>tot</strong></span> <span class='ocrx_word' id='word_1_848' title='bbox 2798 4645 2857 4695; x_wconf 90' lang='lat' dir='ltr'><strong>et</strong></span> <span class='ocrx_word' id='word_1_849' title='bbox 2878 4639 3038 4694; x_wconf 77' lang='lat' dir='ltr'><strong>tanta</strong></span> <span class='ocrx_word' id='word_1_850' title='bbox 3085 4634 3245 4713; x_wconf 85' lang='lat' dir='ltr'><strong>passi</strong></span> <span class='ocrx_word' id='word_1_851' title='bbox 3269 4643 3488 4697; x_wconf 88' lang='lat' dir='ltr'><strong>essent.</strong></span> <span class='ocrx_word' id='word_1_852' title='bbox 3526 4643 3767 4714; x_wconf 61' lang='lat' dir='ltr'><strong>Proliter</strong></span> 
     </span>
    </p>
   </div>
   <div class='ocr_carea' id='block_1_107' title="bbox 2120 4720 3767 4796">
    <p class='ocr_par' dir='ltr' id='par_1_107' title="bbox 2120 4720 3767 4796">
     <span class='ocr_line' id='line_1_108' title="bbox 2120 4720 3767 4796; baseline -0.004 -8"><span class='ocrx_word' id='word_1_853' title='bbox 2120 4727 2334 4788; x_wconf 86' lang='lat' dir='ltr'><strong>Deum.</strong></span> <span class='ocrx_word' id='word_1_854' title='bbox 2371 4723 3009 4786; x_wconf 89' lang='lat' dir='ltr'><strong>.nihileoruminterim</strong></span> <span class='ocrx_word' id='word_1_855' title='bbox 3027 4720 3695 4796; x_wconf 67' lang='lat' dir='ltr'><strong>«licunt,\&#39;idelicet:Hoc</strong></span> <span class='ocrx_word' id='word_1_856' title='bbox 3712 4736 3767 4783; x_wconf 90' lang='lat' dir='ltr'><strong>et</strong></span> 
     </span>
    </p>
   </div>
   <div class='ocr_carea' id='block_1_108' title="bbox 2121 4810 3767 4894">
    <p class='ocr_par' dir='ltr' id='par_1_108' title="bbox 2121 4810 3767 4894">
     <span class='ocr_line' id='line_1_109' title="bbox 2121 4810 3767 4894; baseline -0.002 -18"><span class='ocrx_word' id='word_1_857' title='bbox 2121 4814 2263 4876; x_wconf 90' lang='lat' dir='ltr'><strong>illud</strong></span> <span class='ocrx_word' id='word_1_858' title='bbox 2287 4813 2443 4894; x_wconf 87' lang='lat' dir='ltr'><strong>passi</strong></span> <span class='ocrx_word' id='word_1_859' title='bbox 2461 4832 2668 4875; x_wconf 82' lang='lat' dir='ltr'><strong>smnus</strong></span> <span class='ocrx_word' id='word_1_860' title='bbox 2681 4822 2923 4893; x_wconf 88' lang='lat' dir='ltr'><strong>propter</strong></span> <span class='ocrx_word' id='word_1_861' title='bbox 2939 4822 3016 4887; x_wconf 92' lang='lat' dir='ltr'><strong>te,</strong></span> <span class='ocrx_word' id='word_1_862' title='bbox 3040 4812 3113 4872; x_wconf 84' lang='lat' dir='ltr'><strong>da</strong></span> <span class='ocrx_word' id='word_1_863' title='bbox 3133 4810 3627 4887; x_wconf 83' lang='lat' dir='ltr'><strong>nobisauxilium;</strong></span> <span class='ocrx_word' id='word_1_864' title='bbox 3661 4812 3767 4873; x_wconf 87' lang='lat' dir='ltr'><strong>sed</strong></span> 
     </span>
    </p>
   </div>
   <div class='ocr_carea' id='block_1_109' title="bbox 2120 4899 3767 4986">
    <p class='ocr_par' dir='ltr' id='par_1_109' title="bbox 2120 4899 3767 4986">
     <span class='ocr_line' id='line_1_110' title="bbox 2120 4899 3767 4986; baseline -0.003 -19"><span class='ocrx_word' id='word_1_865' title='bbox 2120 4916 2396 4986; x_wconf 88' lang='lat' dir='ltr'><strong>tanquam</strong></span> <span class='ocrx_word' id='word_1_866' title='bbox 2417 4903 2691 4964; x_wconf 81' lang='lat' dir='ltr'><strong>fiduciam</strong></span> <span class='ocrx_word' id='word_1_867' title='bbox 2707 4919 2781 4963; x_wconf 81' lang='lat' dir='ltr'><strong>ex</strong></span> <span class='ocrx_word' id='word_1_868' title='bbox 2795 4900 2922 4961; x_wconf 80' lang='lat' dir='ltr'><strong>suis</strong></span> <span class='ocrx_word' id='word_1_869' title='bbox 2938 4900 3112 4962; x_wconf 84' lang='lat' dir='ltr'><strong>factis</strong></span> <span class='ocrx_word' id='word_1_870' title='bbox 3126 4919 3242 4960; x_wconf 92' lang='lat' dir='ltr'><strong>non</strong></span> <span class='ocrx_word' id='word_1_871' title='bbox 3258 4899 3654 4981; x_wconf 80' lang='lat' dir='ltr'><strong>haberent,ad</strong></span> <span class='ocrx_word' id='word_1_872' title='bbox 3675 4920 3767 4978; x_wconf 87' lang='lat' dir='ltr'><strong>ea,</strong></span> 
     </span>
    </p>
   </div>
   <div class='ocr_carea' id='block_1_110' title="bbox 2120 4988 3764 5076">
    <p class='ocr_par' dir='ltr' id='par_1_110' title="bbox 2120 4988 3764 5076">
     <span class='ocr_line' id='line_1_111' title="bbox 2120 4988 3764 5076; baseline -0.002 -23"><span class='ocrx_word' id='word_1_873' title='bbox 2120 5014 2253 5076; x_wconf 63' lang='lat' dir='ltr'><strong>quae</strong></span> <span class='ocrx_word' id='word_1_874' title='bbox 2276 4993 2433 5055; x_wconf 82' lang='lat' dir='ltr'><strong>Deus</strong></span> <span class='ocrx_word' id='word_1_875' title='bbox 2453 4990 3035 5070; x_wconf 86' lang='lat' dir='ltr'><strong>majoribusillorum</strong></span> <span class='ocrx_word' id='word_1_876' title='bbox 3058 4988 3301 5063; x_wconf 86' lang='lat' dir='ltr'><strong>fecerat,</strong></span> <span class='ocrx_word' id='word_1_877' title='bbox 3337 4990 3705 5067; x_wconf 80' lang='lat' dir='ltr'><strong>confugiunt.</strong></span> <span class='ocrx_word' id='word_1_878' title='bbox 3741 5014 3764 5049; x_wconf 70' lang='grc' dir='ltr'>ιο</span> 
     </span>
    </p>
   </div>
   <div class='ocr_carea' id='block_1_111' title="bbox 2124 5076 3774 5160">
    <p class='ocr_par' dir='ltr' id='par_1_111' title="bbox 2124 5076 3774 5160">
     <span class='ocr_line' id='line_1_112' title="bbox 2124 5076 3774 5160; baseline -0.004 -12"><span class='ocrx_word' id='word_1_879' title='bbox 2124 5089 2208 5148; x_wconf 88' lang='lat' dir='ltr'><strong>De</strong></span> <span class='ocrx_word' id='word_1_880' title='bbox 2237 5091 2454 5145; x_wconf 59' lang='lat' dir='ltr'><strong>caetero</strong></span> <span class='ocrx_word' id='word_1_881' title='bbox 2486 5081 2661 5143; x_wconf 89' lang='lat' dir='ltr'><strong>velim</strong></span> <span class='ocrx_word' id='word_1_882' title='bbox 2698 5079 2969 5142; x_wconf 64' lang='lat' dir='ltr'><strong>conferas</strong></span> <span class='ocrx_word' id='word_1_883' title='bbox 3023 5080 3180 5140; x_wconf 90' lang='lat' dir='ltr'><strong>inter</strong></span> <span class='ocrx_word' id='word_1_884' title='bbox 3207 5096 3340 5139; x_wconf 89' lang='lat' dir='ltr'><strong>sese</strong></span> <span class='ocrx_word' id='word_1_885' title='bbox 3372 5076 3774 5160; x_wconf 76' lang='lat' dir='ltr'><strong>Chrysostomi</strong></span> 
     </span>
    </p>
   </div>
   <div class='ocr_carea' id='block_1_112' title="bbox 2125 5167 3775 5250">
    <p class='ocr_par' dir='ltr' id='par_1_112' title="bbox 2125 5167 3775 5250">
     <span class='ocr_line' id='line_1_113' title="bbox 2125 5167 3775 5250; baseline -0.004 -12"><span class='ocrx_word' id='word_1_886' title='bbox 2125 5173 2451 5238; x_wconf 89' lang='lat' dir='ltr'><strong>orationem</strong></span> <span class='ocrx_word' id='word_1_887' title='bbox 2474 5181 2530 5232; x_wconf 93' lang='lat' dir='ltr'><strong>et</strong></span> <span class='ocrx_word' id='word_1_888' title='bbox 2547 5171 3137 5242; x_wconf 81' lang='lat' dir='ltr'><strong>conimentariuir,et</strong></span> <span class='ocrx_word' id='word_1_889' title='bbox 3160 5167 3475 5248; x_wconf 80' lang='lat' dir='ltr'><strong>experiare</strong></span> <span class='ocrx_word' id='word_1_890' title='bbox 3491 5170 3775 5250; x_wconf 85' lang='lat' dir='ltr'><strong>quemad—</strong></span> 
     </span>
    </p>
   </div>
   <div class='ocr_carea' id='block_1_113' title="bbox 2125 5259 3775 5340">
    <p class='ocr_par' dir='ltr' id='par_1_113' title="bbox 2125 5259 3775 5340">
     <span class='ocr_line' id='line_1_114' title="bbox 2125 5259 3775 5340; baseline -0.004 -14"><span class='ocrx_word' id='word_1_891' title='bbox 2125 5264 2369 5326; x_wconf 90' lang='lat' dir='ltr'><strong>modum</strong></span> <span class='ocrx_word' id='word_1_892' title='bbox 2386 5259 2546 5322; x_wconf 91' lang='lat' dir='ltr'><strong>illius</strong></span> <span class='ocrx_word' id='word_1_893' title='bbox 2557 5260 2713 5322; x_wconf 87' lang='lat' dir='ltr'><strong>dicta</strong></span> <span class='ocrx_word' id='word_1_894' title='bbox 2725 5260 2785 5320; x_wconf 90' lang='lat' dir='ltr'><strong>in</strong></span> <span class='ocrx_word' id='word_1_895' title='bbox 2802 5261 2913 5321; x_wconf 88' lang='lat' dir='ltr'><strong>hoc</strong></span> <span class='ocrx_word' id='word_1_896' title='bbox 2926 5260 3297 5339; x_wconf 80' lang='lat' dir='ltr'><strong>explananda</strong></span> <span class='ocrx_word' id='word_1_897' title='bbox 3313 5259 3540 5338; x_wconf 81' lang='lat' dir='ltr'><strong>psalmo</strong></span> <span class='ocrx_word' id='word_1_898' title='bbox 3554 5262 3775 5340; x_wconf 79' lang='lat' dir='ltr'><strong>passim</strong></span> 
     </span>
    </p>
   </div>
   <div class='ocr_carea' id='block_1_114' title="bbox 2123 5347 3769 5433">
    <p class='ocr_par' dir='ltr' id='par_1_114' title="bbox 2123 5347 3769 5433">
     <span class='ocr_line' id='line_1_115' title="bbox 2123 5347 3769 5433; baseline -0.005 -17"><span class='ocrx_word' id='word_1_899' title='bbox 2123 5352 2461 5433; x_wconf 87' lang='lat' dir='ltr'><strong>compilarit</strong></span> <span class='ocrx_word' id='word_1_900' title='bbox 2492 5348 3116 5430; x_wconf 84' lang='lat' dir='ltr'><strong>pseudo-Theodorus,</strong></span> <span class='ocrx_word' id='word_1_901' title='bbox 3144 5347 3358 5429; x_wconf 66' lang='lat' dir='ltr'><strong>saepius</strong></span> <span class='ocrx_word' id='word_1_902' title='bbox 3388 5350 3769 5419; x_wconf 88' lang='lat' dir='ltr'><strong>contrahens,</strong></span> 
     </span>
    </p>
   </div>
   <div class='ocr_carea' id='block_1_115' title="bbox 2126 5438 3778 5516">
    <p class='ocr_par' dir='ltr' id='par_1_115' title="bbox 2126 5438 3778 5516">
     <span class='ocr_line' id='line_1_116' title="bbox 2126 5438 3778 5516; baseline -0.006 -10"><span class='ocrx_word' id='word_1_903' title='bbox 2126 5442 2423 5506; x_wconf 89' lang='lat' dir='ltr'><strong>interdum</strong></span> <span class='ocrx_word' id='word_1_904' title='bbox 2471 5438 3088 5501; x_wconf 72' lang='lat' dir='ltr'><strong>nonnihilimmutam</strong></span> <span class='ocrx_word' id='word_1_905' title='bbox 3128 5441 3279 5514; x_wconf 48' lang='grc' dir='ltr'><strong>μού</strong></span> <span class='ocrx_word' id='word_1_906' title='bbox 3332 5438 3410 5498; x_wconf 88' lang='lat' dir='ltr'><strong>ita</strong></span> <span class='ocrx_word' id='word_1_907' title='bbox 3459 5450 3676 5516; x_wconf 81' lang='lat' dir='ltr'><strong>tamen,</strong></span> <span class='ocrx_word' id='word_1_908' title='bbox 3715 5445 3778 5497; x_wconf 92' lang='lat' dir='ltr'><strong>ut</strong></span> 
     </span>
    </p>
   </div>
  </div>
