2087 3210
234 193 324 220 CCXIV

939 184 1143 217 PROLEGOM
1149 183 1234 217 ENA.

232 260 345 296 partem
358 254 515 285 maximam
532 261 647 291 eorum,
660 263 726 294 quae
739 253 1042 294 profert,eChrysosto

1085 254 1159 290 ,θείῳ
1178 255 1252 292 νόμῳ
1267 255 1298 282 τὸ
1314 255 1414 283 οἰκεῖοι
1435 254 1539 292 θέλημα
1555 261 1755 294 συναρμόττωι.
1778 268 1790 284 α
1808 255 1923 288 Etenim

231 312 278 333 mo
289 302 325 332 ad
335 300 453 331 verbum
464 305 611 340 sumptam
624 309 690 331 esse
697 310 783 330 nemo
792 310 850 330 non
859 300 1055 337 videat.Quod

231 347 254 378 si
271 346 420 386 quispiam
437 346 530 376 libros
541 345 623 376 adire
639 345 723 385 nolit,
736 345 862 376 libentes
871 345 1015 376 addemus
1028 352 1056 377 et

230 401 294 432 quae.
307 391 343 422 ab
353 395 477 430 utroque
488 389 635 430 scriptore
645 390 786 420 dicuntur
795 391 823 420 in
838 390 940 420 ultima
951 387 1056 430 psalmi

230 436 329 473 verba,
341 445 400 475 quo
413 434 519 465 melius
536 434 573 464 de
588 435 703 474 reliqua
715 435 993 475 pseudo-Theodori
1005 434 1054 465 in-

229 480 442 520 terpretatione
470 478 641 509 existimare
666 479 768 519 possit.
788 479 855 509 Haec
872 483 940 509 sunt
966 479 1056 518 igitur

228 524 435 564 Chrysostomi
451 523 538 554 verba
556 524 585 554 in
607 523 679 554 illud
699 534 705 554 :
723 523 878 564 Exsurge,
914 524 1053 562 Domine,

227 571 344 609 adjuva
359 568 463 600 110815:
496 571 577 602 Στῆθι
600 568 860 606 ἀντιλαμϐανόμενος
889 569 978 609 ἡμῶν,
1010 569 1054 597 κιῖ

225 617 299 655 ῥῦσαι
316 617 386 652 ἡμᾶς
409 613 451 642 διὰ
467 615 495 642 τὲ
512 614 585 646 ἔλεός
598 625 656 644 σου.
680 614 757 652 "Op:
782 615 832 642 ποῦ
847 614 892 642 τὸν
905 617 917 641 λ
931 614 985 652 ἲγον
1000 625 1053 642 κα-

225 660 374 689 τέκλεισαν.
413 659 486 687 Μετὰ
519 659 597 697 μυρία
627 660 711 688 αὐτῶν
740 659 943 697 κατορθώματα,
975 659 1053 686 πόθεν

226 705 325 737 ἀξιοῦσι
339 705 480 741 σώζεσθαις
498 703 568 731 Ἀπὲι
586 703 686 739 ἐλέους,
701 702 753 731 ὰπὸ
770 703 966 743 φιλπινθρωπίκς
1024 704 1053 731 Τί

224 753 306 787 ἔστιν,
326 749 440 778 ’Ἕνεκεν
456 751 501 776 τοὺ
517 747 647 786 ὀνόματός
665 759 711 776 σου
727 758 735 788 ;
751 748 814 776 "iv:
828 749 866 785 μὴ
890 749 951 776 αὐτὸ
966 747 1051 786 βεϐη-

226 795 310 833 λωθῇ.
332 806 345 822 α
363 794 413 825 Sta
430 802 484 823 nos
499 792 674 828 defendens,
694 796 723 824 et
739 792 831 823 libera
849 801 903 823 nos
931 797 1051 832 propter

227 839 462 870 misericordiam
483 843 575 869 tuam.
590 837 665 868 Vide
679 842 826 877 quomodo
839 837 1053 868 concluserunt

225 884 400 915 orationem.
419 882 488 914 Post
504 881 734 913 innumerabilia
750 891 815 920 quae
830 882 867 912 ab
877 882 920 912 eis
930 887 1011 912 recte
1023 886 1052 912 et

1097 297 1214 329 virtutis
1225 299 1344 330 athletaa
1360 298 1495 330 laborum
1507 299 1628 340 quidem
1655 300 1769 332 fructus
1784 301 1814 332 in
1828 302 1926 333 futura

1097 343 1154 373 vita
1172 343 1406 384 reportabunt...
1426 348 1455 374 et
1470 344 1559 375 animi
1577 345 1776 376 delectatione
1793 346 1926 377 laborum

1098 388 1263 419 molestiam
1273 389 1388 420 fallunt.
1396 413 1402 418 .
1410 389 1502 421 .Nihil
1509 390 1690 421 contrarium
1700 390 1928 431 divinislegibus

1100 433 1271 473 hujusmodi
1287 433 1376 465 homo
1390 435 1487 465 facere
1515 435 1601 475 volet,
1622 441 1653 466 ut
1669 437 1718 476 qui
1734 436 1842 467 divinae
1869 437 1926 475 legi

1099 487 1183 508 suam
1200 478 1293 518 ipsius
1306 479 1487 510 voluntatem
1500 480 1840 514 accommodet.)Vetba
1856 490 1924 513 vero

1100 522 1383 563 pseudo-Theodori
1396 524 1458 555 haec
1473 529 1550 556 sunt:
1574 528 1621 554 Καὶ
1644 526 1693 565 γὰρ
1716 528 1739 554 οἱ
1755 529 1804 559 τῆς
1827 527 1922 566 ἀρετῆς

1098 568 1209 601 ἀθληταὶ
1230 569 1291 600 τοὺς
1308 569 1356 607 μὲν
1372 573 1424 598 τῶν
1446 571 1534 598 πόνων
1556 574 1672 609 κιρποὺς
1689 572 1756 600 χατὰ
1777 573 1807 599 τὸ
1823 571 1921 603 μέλλον

1095 613 1287 649 κομίζονται...
1314 615 1358 642 καὶ
1373 614 1515 643 κλέπτουσι
1536 616 1569 653 τῇ
1601 617 1763 655 ψυχιγωγίᾳ
1791 616 1840 649 τὴν
1869 619 1920 643 τῶν

1094 658 1184 685 πόνων
1198 658 1371 696 paphum.”
1392 658 1471 687 Οὖδέν
1487 660 1536 698 γὰρ
1548 661 1664 688 ἐναντίον
1675 667 1732 693 τοῖς
1739 661 1817 692 θείοις
1829 662 1920 698 νόμοις

1094 701 1272 742 διενεργήσει,
1289 706 1327 740 τῷ
1341 708 1389 731 τοῦ
1404 705 1485 742 νόμον
1509 704 1663 742 βουλήματι
1687 706 1875 743 συναρμόττων
1892 706 1921 733 τὸ

1094 747 1213 783 θέλημα.
1240 759 1250 775 ιι
1285 748 1440 788 Siquidem
1469 749 1587 780 athleta:
1617 750 1736 781 virtutis
1765 750 1796 780 in
1826 750 1921 781 futura

1094 791 1215 832 quidem
1242 793 1300 823 vita
1327 793 1460 823 laborum
1490 793 1604 825 fructus
1629 795 1801 826 referent...
1832 799 1922 835 atque

1093 836 1186 867 animi
1202 837 1355 869 alacritate
1368 838 1501 869 laborum
1519 839 1685 871 molestiam
1705 840 1808 870 fallunt
1826 863 1833 870 .
1864 840 1919 871 Ni-

1093 881 1134 911 hil
1161 881 1240 912 enim
1269 883 1377 914 divinis
1393 883 1506 922 legibus
1522 884 1705 914 contrarium
1723 885 1919 924 perpetrabit,

224 938 259 960 ex
274 929 382 959 virtute
397 928 472 959 facta
482 927 612 964 fuerant,
630 926 779 957 undenam
793 927 918 957 salutem
930 926 1050 964 assequi
1064 941 1080 965 p,
1092 936 1159 956 cum
1177 926 1251 966 legis
1262 927 1384 958 decreto
1402 929 1581 959 Voluntatem
1594 929 1811 959 conformans.»
1826 930 1919 960 Mutat

223 984 338 1014 aequum
356 977 482 1004 censent
496 976 510 1004 ‘?
526 974 546 1002 A
559 971 779 1011 misericordia,
791 981 808 1002 a
823 971 1005 1011 benignitate
1022 976 1050 1001 et

222 1017 501 1054 clementia...Quid
512 1018 698 1057 est,Propter
710 1025 819 1047 nomen
832 1017 929 1047 tuum?
941 1016 984 1046 Ne
1002 1017 1047 1056 ip—

221 1073 285 1093 sum
304 1063 508 1103 profanetur.»
527 1061 575 1093 Sic
590 1066 690 1092 autem
705 1061 818 1092 editum
836 1061 1005 1091 invenimus
1018 1061 1047 1090 in

220 1107 459 1139 commentario:
490 1107 634 1140 Ἀνάστηθι
663 1105 926 1143 ἀντιλχμϐινόμενος
955 1107 1045 1143 ἡμων,

221 1155 263 1181 καὶ
274 1154 348 1191 ῥῦσαι
364 1154 434 1190 ἡμᾶς
451 1151 493 1180 διὰ
509 1153 539 1179 τὸ
555 1151 629 1182 ἐλεός
645 1162 701 1182 σοι).
728 1150 802 1189 ’Ὅρα
816 1154 866 1178 πού
893 1151 938 1178 τὸν
965 1150 1044 1190 λῦγοη

220 1197 403 1226 κατέκλεισεν.
421 1197 515 1236 Ἀφεὶς
532 1197 582 1236 γὰρ
596 1197 629 1224 τὰ
644 1195 848 1234 κατορθώμλτίι,
882 1195 933 1222 ἀπὸ
957 1195 1043 1225 ἐλέους

219 1244 262 1270 καὶ
278 1242 473 1283 φιλανθρωπίη
489 1241 559 1274 ἀξιοῖ
574 1240 717 1276 σώζεσθαι,
746 1240 775 1268 Τί
788 1239 815 1267 δέ
841 1240 923 1276 ἐστιν,
958 1239 1043 1268 ’Ἕνε-

221 1299 264 1316 κεν
281 1291 326 1315 τοῦ
341 1288 470 1324 ὀνόματός
489 1298 534 1315 σου
555 1296 562 1324 ;
578 1286 642 1315 "1v:
654 1289 692 1323 μὴ
708 1286 782 1320 αὐτὸ,
797 1286 871 1324 φησὶ,
889 1283 1040 1323 βεϐηλωθῇ.

222 1345 234 1360 α
251 1333 397 1371 Exsurge,
414 1335 572 1372 protegens
588 1340 652 1367 nos,
671 1333 700 1360 et
730 1329 823 1360 libera
838 1338 893 1359 nos
922 1336 1044 1369 propter

219 1376 454 1408 misericordiam
473 1381 564 1406 tuam.
593 1375 670 1407 Vide
695 1375 845 1413 quomodo
873 1383 1042 1405 sermonem

218 1421 365 1453 clauserit.
383 1420 508 1453 Omissis
535 1420 615 1451 enim
640 1419 724 1450 bonis
742 1418 895 1459 operibus,
923 1423 1044 1459 propter

218 1466 453 1497 misericordiam
476 1470 506 1496 et
535 1464 749 1504 benignitatem
774 1463 902 1504 postulat
925 1463 1041 1498 salvari,

216 1511 292 1547 Quid
308 1519 407 1551 porro,
428 1510 556 1550 Propter
564 1517 675 1541 nomen
686 1508 832 1539 tuum‘lNe
844 1508 1042 1548 illutl.inquit.

217 1556 446 1587 contaminetur.
467 1567 477 1582 ι
498 1556 654 1595 Potsquam
672 1553 842 1593 singillatim
858 1555 894 1583 de
923 1552 1045 1593 psalmis

1093 971 1212 1002 voculas
1228 973 1370 1012 quasdam
1385 972 1688 1013 pseudo-Theodorus
1701 983 1782 1003 more
1794 975 1914 1004 suo:sed

1091 1018 1374 1057 nemo,opinor,nisi
1384 1017 1485 1047 volens
1497 1017 1625 1057 falletur,
1643 1027 1709 1048 cum
1723 1017 1913 1057 perspicuum

1090 1061 1126 1091 sit
1138 1061 1201 1092 haec
1211 1071 1269 1092 non
1286 1062 1404 1092 aliunde
1416 1071 1502 1101 quam
1516 1071 1532 1091 e
1544 1061 1726 1092 Theodoreti
1736 1058 1926 1092 commenta-'

1088 1107 1140 1136 riis
1154 1111 1271 1146 sumpta
1287 1116 1365 1137 esse.
1378 1107 1483 1137 Sciens
1494 1110 1638 1146 praetereo
1652 1106 1751 1147 aliqua
1766 1116 1799 1137 ex
1812 1106 1914 1145 expla-

1089 1152 1206 1181 natione
1219 1151 1341 1181 SBCUHtll
1357 1151 1471 1190 psalmi,
1481 1156 1510 1181 et
1523 1152 1665 1192 deinceps
1680 1152 1837 1191 praeteribo
1850 1161 1916 1191 quae

1087 1205 1103 1225 a
1115 1196 1246 1235 quolibet
1275 1196 1303 1224 in
1335 1196 1581 1235 interpretatione
1594 1197 1718 1233 aliorum
1736 1196 1914 1236 psalmorum

1087 1240 1143 1279 legi
1159 1244 1290 1279 possunt;
1298 1250 1393 1280 neque
1403 1241 1482 1272 enim
1497 1242 1569 1272 mihi
1583 1242 1767 1282 propositum
1777 1246 1823 1271 est
1837 1242 1916 1281 (quis

1087 1286 1165 1315 enim
1179 1285 1299 1324 possit?)
1316 1286 1416 1317 omnia
1431 1286 1587 1317 adnotare.
1615 1286 1736 1317 Interim
1756 1291 1865 1321 tamen,
1883 1290 1914 1315 ut

1085 1330 1158 1360 alios
1173 1329 1346 1361 difﬁcultate
1375 1332 1528 1372 quaerendi
1543 1332 1710 1364 eximanus.
1736 1330 1881 1361 nonnulla
1894 1339 1911 1360 e

1086 1374 1172 1405 tertio
1189 1376 1302 1414 psalmo
1319 1377 1514 1407 ascribamus.
1542 1375 1724 1407 Theodoreti
1740 1375 1831 1414 igitur
1848 1375 1910 1405 haec

1085 1423 1154 1450 sunt
1169 1420 1199 1450 in
1216 1420 1277 1461 illa,
1298 1420 1375 1452 Voce
1389 1430 1451 1452 mea
1468 1421 1508 1451 ad
1535 1421 1696 1451 Dominum
1714 1420 1843 1451 clamavi
1861 1420 1887 1441 77
1904 1432 1909 1449 :

1086 1466 1120 1494 Τὸ
1136 1464 1176 1504 δὲ,
1193 1466 1338 1500 Εἰσήκουσέ
1366 1477 1417 1499 μου
1436 1466 1461 1498 ἐξ
1489 1465 1565 1504 {apd-ac
1580 1467 1654 1504 ἁγίου
1667 1467 1757 1505 πιῦ-εοῦ⁷
1777 1466 1845 1494 κατὰ
1861 1466 1911 1499 τὴν

1085 1509 1168 1538 πάλαι
1191 1510 1362 1550 κατέχουσαν
1379 1510 1486 1549 εἴρητκι
1502 1510 1589 1543 δόξαν,
1610 1512 1749 1547 Ενομίζετο
1765 1511 1813 1549 γὰρ
1836 1510 1863 1538 ἐν
1878 1510 1911 1548 τῇ

1086 1558 1174 1593 σκηνῇ
1190 1562 1327 1584 κατοικεῖν
1343 1557 1356 1583 ὁ
1381 1558 1434 1583 τῶν
1460 1555 1529 1583 ὅλων
1553 1556 1629 1591 Θεὸς,
1658 1554 1749 1589 ἐπειδὴ
1779 1556 1822 1584 xxi
1850 1556 1910 1587 τοὺς

216 1611 275 1632 non
286 1603 388 1640 paucis
408 1600 590 1640 disputatum
614 1603 670 1635 est,
688 1599 828 1629 universe
845 1606 922 1628 nunc
946 1597 1039 1628 dicam

1086 1602 1228 1639 χρησμοὺς
1244 1600 1345 1628 ἐγετθεν
1368 1604 1428 1632 τοῦς
1457 1602 1567 1637 ἱερεῦσιν
1583 1599 1674 1630 ἐδίδου.
1694 1599 1728 1630 Ει
1743 1600 1831 1640 paulo
1848 1605 1913 1640 pOSl

218 1646 345 1685 psalmos
356 1644 616 1685 quadragesimum
628 1642 1040 1684 quartum,quadragesimum

218 1691 353 1731 quintum
360 1689 630 1730 ,quadragesimum
646 1692 760 1719 sextum
779 1686 1041 1728 quadragesimum

217 1735 389 1775 septimum,
404 1734 662 1775 quadragesimum
680 1737 815 1764 octavum
834 1738 862 1763 et
873 1731 1039 1772 quadrage-

216 1781 324 1812 simum
335 1789 445 1812 nonum
458 1780 630 1819 fragmentis
641 1778 711 1810 hinc
720 1778 803 1810 illinc
810 1777 1039 1818 eChrysostomo

217 1827 368 1866 excerptis
378 1825 525 1856 referciri.
537 1824 581 1855 Ad
598 1824 656 1854 alia
671 1822 907 1864 properabimus.
924 1822 948 1852 si
960 1822 1040 1862 prius

218 1871 422 1901 monuerimus
449 1869 480 1900 in
507 1868 734 1905 commentario,
753 1873 831 1898 tomo
870 1868 976 1907 primo,
1008 1877 1037 1906 p.

215 1916 285 1953 836,
298 1915 357 1946 dici
374 1915 411 1947 ab
426 1914 541 1946 Helena
557 1913 747 1953 Eudociaque
763 1911 839 1943 etab
854 1911 921 1942 aliis
935 1920 1038 1950 regum

216 1960 335 1991 ﬁliabus
342 1960 477 2000 plurimis
486 1962 654 1990 constructa
661 1958 753 1988 fuisse
764 1956 957 1997 Jerosolyutis
968 1961 1041 1987 tem-

216 2006 262 2045 pla
270 2005 499 2045 magniﬁcazquo
513 2003 607 2044 magis
619 2003 711 2033 miror
727 2003 783 2033 hoc
799 2011 873 2042 opus
883 2001 1039 2032 Theodoro

215 2050 397 2081 ileracleotm
413 2048 522 2079 ascribi
542 2048 684 2088 potuisse.
702 2048 777 2078 Nam
809 2047 936 2078 libenter
955 2055 1038 2087 quaa-

213 2104 325 2132 rerem,
343 2104 407 2135 qua:
419 2094 507 2125 fuerit
532 2092 666 2124 Eudocia
678 2092 738 2123 illa.
757 2101 823 2130 qua;
854 2092 953 2122 multae
982 2091 1039 2122 illae

212 2149 314 2179 regum
351 2140 430 2176 ﬁliae,
449 2148 514 2179 quae
544 2138 654 2177 templa
683 2141 857 2177 sumptuosa
885 2136 1037 2167 Theodori

213 2190 298 2216 relate
312 2184 509 2225 Jerosolymis
532 2183 714 2214 ediﬁcarint.
743 2182 827 2217 Nam,
861 2185 893 2212 ut
920 2182 1037 2212 interim

212 2230 315 2261 sileam
333 2230 369 2260 de
386 2230 485 2259 multis
501 2229 559 2259 illis
587 2236 688 2267 regum
719 2226 846 2265 filiabus,
881 2237 939 2257 non
968 2227 1038 2257 satis

210 2275 344 2313 intelligo
361 2284 419 2314 qua
432 2274 468 2304 de
485 2273 616 2304 Eudocia
629 2273 676 2302 hic
691 2281 790 2302 sermo
807 2271 963 2303 habeatur.

252 2321 300 2351 48.
321 2321 362 2351 Ex
376 2320 410 2350 iis
422 2328 487 2359 quae
503 2319 659 2349 retulimus
671 2317 757 2348 facile
769 2317 944 2356 intelligitur
955 2327 1034 2348 com-

212 2365 389 2396 mentarium
407 2364 456 2404 qui
477 2363 596 2394 nomine
612 2362 762 2393 Theodori
775 2361 960 2393 Heracleotae
971 2363 1033 2393 cir-

211 2410 385 2450 cumfertur,
400 2410 465 2449 ejus
480 2418 536 2438 non
555 2417 633 2446 esse,
650 2416 706 2437 nec
723 2407 749 2437 ei
762 2406 850 2437 tribui
867 2407 927 2438 ullo
945 2407 1032 2437 modo

210 2465 307 2495 posse.
321 2455 457 2486 Attamen
471 2463 507 2483 ne
518 2452 726 2482 Theodoretus
737 2451 905 2491 asymbolus
917 2461 981 2482 esse
993 2451 1033 2482 vl-

209 2500 324 2537 deatur,
342 2498 485 2529 nonnulla
501 2507 535 2528 ex
550 2506 586 2527 eo
602 2497 712 2527 addere
728 2496 809 2527 libet.
827 2496 1032 2527 Theodoretus

208 2546 297 2584 igitur
314 2545 362 2575 illa
379 2543 465 2582 primi
484 2541 589 2581 psalmi
603 2541 762 2581 verba,«Et
777 2541 881 2572 folium
897 2541 961 2581 ejus
973 2551 1030 2572 non

206 2590 317 2620 detinet
332 2588 370 2626 ⁷⁸,
389 2600 402 2615 »
422 2592 492 2623 etc.,
506 2587 790 2627 interpretaturhoc
805 2586 903 2617 modo:
923 2587 1030 2626 Καὶγέιρ

204 2637 227 2663 οἱ
242 2636 290 2667 τῆς
309 2634 405 2673 ἀρετῆς
423 2632 534 2665 ἀθληταὶ
549 2636 602 2659 τῶν
633 2632 681 2669 μὲν
708 2633 796 2659 πόνων
817 2632 885 2659 κατὰ
900 2633 945 2659 τὸν
962 2631 1029 2668 μέλ-

203 2679 283 2708 λοντι
300 2679 355 2715 βίον
369 2676 525 2714 κομίσονται
540 2677 601 2709 τοὺς
617 2677 745 2716 καρποὺς,
766 2700 772 2708 ,
801 2677 844 2704 καὶ
867 2675 965 2704 συλῶσι
996 2680 1029 2715 τῇ

203 2723 364 2764 ψυχαγωγίᾳ
380 2723 428 2755 τὴν
450 2726 503 2751 τῶν
521 2724 609 2751 πόνων
622 2723 796 2761 βαιρύτητᾶ...
816 2721 894 2751 Οὖδὲν
909 2723 1027 2751 ἐναντίον

201 2776 260 2800 τοῖς
281 2768 361 2799 θείοις
373 2769 465 2805 νόμοις
482 2767 526 2807 ὅγε
544 2771 661 2799 τοιοῦτος
678 2767 770 2806 δρᾶσαι
799 2767 971 2806 βουλήσεται.
988 2771 1026 2805 τῷ

238 2854 270 2880 75
284 2853 361 2886 Psal.
379 2860 462 2892 mn,
480 2852 530 2884 26.

1047 2286 1068 2311 υ
1080 2272 1233 2309 Ἐνομίζετο
1249 2272 1298 2312 γὰρ
1314 2272 1341 2300 ἐν
1356 2275 1390 2310 τῇ
1414 2275 1502 2310 σκηνῇ
1517 2279 1665 2311 κατοικεῖν,

575 2852 607 2878 ⁷6
620 2853 703 2885 Psal.
719 2861 743 2894 ι,
759 2852 789 2885 3.
832 2852 862 2877 ’Π
877 2852 956 2884 Psal.
972 2861 1015 2890 tu,
1033 2853 1063 2884 5.

1084 1645 1247 1685 explanans
1263 1644 1347 1684 illud,
1365 1645 1432 1685 Ego
1448 1645 1583 1676 dormivi
1597 1643 1635 1685 ⁷³,
1652 1649 1723 1685 etc.,
1742 1644 1785 1675 sic
1813 1644 1911 1683 loqui-

1085 1694 1150 1720 tur:
1170 1689 1279 1723 ἘπειδὲΙ
1295 1691 1330 1720 ὡς
1354 1690 1380 1717 ἐν
1396 1692 1485 1719 σκότει
1500 1690 1599 1729 διάγειν
1620 1691 1772 1728 νομίζουσιν
1799 1691 1822 1717 οἱ
1850 1697 1910 1722 τοῖς

1083 1734 1149 1774 ἄγαν
1166 1735 1286 1774 ἀνιαροῖς
1322 1735 1564 1773 περιπίπτοντες...
1584 1735 1708 1773 σημαίνει
1729 1736 1814 1765 τοίνυν
1842 1736 1909 1763 κατὰ

1082 1780 1177 1808 ταυτὸν
1198 1780 1245 1811 τὰς
1260 1779 1361 1817 θλίψεις
1383 1780 1426 1808 καὶ
1444 1781 1492 1814 τὴν
1508 1780 1608 1808 τούτων
1624 1779 1796 1819 ἀπαλλαγήν.
1816 1792 1827 1807 ι
1846 1779 1908 1810 Hoc

1083 1827 1197 1864 autem,
1226 1824 1399 1855 Exaudivit
1428 1833 1475 1855 me
1505 1824 1541 1855 de
1561 1828 1660 1856 monte
1674 1828 1777 1856 sancto
1799 1833 1853 1855 suo
1868 1824 1906 1862 79,

1082 1868 1191 1899 dictum
1209 1873 1253 1899 est
1267 1873 1388 1909 propter
1398 1869 1584 1909 opinionem,
1602 1878 1668 1909 quae
1678 1869 1748 1899 olim
1765 1868 1904 1901 obtinuit.

1081 1912 1311 1944 Existimabatur
1326 1913 1406 1944 enim
1418 1913 1625 1944 universorum
1638 1913 1715 1944 Deus
1726 1914 1755 1944 in
1771 1913 1908 1945 taberna-

1080 1958 1147 1989 culo
1161 1958 1305 1998 habitare,
1322 1958 1463 1999 quoniam
1478 1962 1506 1988 et
1522 1957 1732 1988 oraculaiilinc
1741 1958 1907 1988 sacerdoti-

1081 2003 1137 2034 bus
1153 2003 1339 2044 pandebat...
1357 2003 1432 2040 Quia
1446 2002 1525 2034 velut
1545 2002 1575 2033 in
1593 2002 1727 2034 tenebris
1747 2002 1847 2034 vivere
1874 2011 1907 2033 se

1080 2048 1251 2079 existimant
1268 2047 1322 2083 illi,
1338 2047 1387 2087 qui
1405 2047 1434 2077 in
1446 2056 1493 2078 res
1510 2047 1669 2078 admodum
1686 2048 1787 2078 tristes
1802 2047 1906 2078 incur-

1079 2092 1256 2125 runt...Una
1267 2092 1358 2132 igitur
1374 2091 1558 2123 demonstrat
1568 2092 1743 2123 amictiones
1758 2092 1834 2123 etab
1846 2092 1907 2124 illis

1080 2136 1424 2169 liberationem.»Verba
1432 2137 1715 2177 pseudo-Theodori
1725 2138 1785 2177 jam
1797 2137 1908 2168 exscri-

1080 2182 1196 2223 bamus,
1208 2191 1274 2222 quae
1287 2186 1356 2212 sunt
1371 2181 1519 2221 ejusmodi
1537 2191 1544 2213 ε
1562 2184 1598 2211 Τὸ
1610 2184 1665 2222 καὶ,
1683 2182 1833 2217 Ἐπῆκουσέ
1857 2194 1907 2220 μου

1080 2227 1105 2260 ἐξ
1134 2227 1220 2266 ὅρους,
1238 2228 1305 2255 κατὰ
1324 2228 1373 2261 τὴν
1389 2226 1472 2255 πάλαι
1492 2227 1659 2267 κατέχουσιν
1683 2228 1788 2267 silentur.
1816 2227 1903 2260 δόξαν.

1694 2271 1785 2306 ἐπειδὴ
1800 2272 1905 2300 ἐκεῖθεν

1077 2318 1120 2346 καὶ
1133 2319 1156 2345 oi
1183 2318 1302 2357 χρησμοὶ
1317 2324 1377 2349 τοῖς
1392 2317 1504 2356 ἱερεῦσιν
1537 2316 1690 2348 ἐδίδοντο...
1714 2317 1761 2348 Ὠς
1792 2318 1842 2356 γὰρ
1877 2317 1904 2345 ἐν

1075 2362 1163 2399 σκότῳ
1177 2363 1220 2389 καὶ
1243 2361 1317 2398 ὕπνῳ
1347 2361 1447 2400 διάγειν
1475 2362 1625 2399 νομίζουσιν
1647 2363 1670 2390 οἱ
1686 2362 1808 2401 ἀγιπιροῐς
1824 2373 1902 2401 περι-

1074 2408 1226 2444 πίπτοντες,
1250 2407 1317 2435 κατὰ
1332 2407 1427 2435 τιυτὸν
1447 2407 1490 2434 οὖν
1507 2408 1630 2444 σημαίνει
1646 2408 1688 2435 καὶ
1719 2407 1766 2438 τὰς
1783 2407 1898 2445 θλίψεις,

1074 2453 1118 2480 καὶ
1133 2452 1181 2485 τὴν
1195 2452 1296 2480 τούτων
1311 2450 1483 2490 ἀπαλλαγήν.
1506 2462 1516 2478 α
1550 2450 1623 2481 [llud
1655 2455 1765 2489 autem,
1791 2452 1901 2482 Exau-

1074 2496 1152 2527 divit
1183 2505 1231 2527 me
1262 2495 1299 2526 de
1325 2498 1434 2535 monte,
1463 2495 1574 2526 dictum
1607 2496 1743 2536 estjuxla
1758 2501 1898 2535 veterem,

1074 2545 1220 2582 quaetunc
1236 2539 1399 2577 obtinebat,
1419 2541 1605 2580 opinionem.
1632 2541 1793 2572 Putabatur
1821 2540 1901 2571 enim

1074 2587 1103 2616 in
1119 2585 1310 2617 tabernaculo
1326 2585 1475 2622 habitare,
1488 2586 1630 2626 quoniam
1643 2586 1684 2617 ibi
1695 2585 1904 2617 sacerdotibus

1072 2639 1193 2670 quoque
1207 2630 1329 2661 oracula
1357 2629 1540 2662 dabantur...
1570 2631 1655 2662 Sicut
1672 2631 1751 2661 enim
1768 2634 1796 2659 in
1815 2633 1903 2659 tene-

1072 2676 1134 2706 bris
1149 2680 1178 2706 et
1190 2685 1296 2706 somno
1305 2674 1415 2705 versari
1430 2684 1463 2705 se
1476 2675 1649 2706 existimant
1661 2676 1709 2714 qui
1724 2674 1753 2704 in
1769 2683 1818 2704 res
1831 2674 1903 2704 tris-

1071 2725 1115 2752 tes
1131 2720 1280 2757 incidunt,
1298 2719 1342 2750 sic
1358 2719 1447 2749 etiam
1464 2729 1481 2750 a
1506 2720 1596 2750 simili
1614 2719 1747 2760 explicat
1761 2718 1900 2750 afﬂictio-

1069 2775 1136 2806 nes,
1149 2771 1180 2796 et
1195 2765 1301 2796 harum
1319 2764 1541 2796 liberationem.
1561 2777 1573 2794 ι
1589 2763 1647 2795 Sed
1660 2767 1688 2795 et
1703 2764 1783 2795 aliud
1800 2773 1901 2795 exem-

1106 2851 1137 2876 78
1153 2850 1225 2882 ibid.
1242 2850 1273 2882 6.
1317 2848 1348 2874 79
1358 2848 1436 2881 ibid.
1452 2849 1481 2882 5.
