4174 6408
1833 315 2126 380 PROLEG
2136 318 2429 382 OMENA.

425 460 535 515 est.
569 450 696 514 Hoc
730 460 927 514 autem
952 451 1155 514 dicere
1184 451 1416 514 videtur
1447 454 1747 534 interpres
1778 452 2018 516 Graecus
2054 472 2066 514 :

2160 453 2519 529 αἰσθανόμενοι
2562 461 2661 522 τῆς
2720 456 2845 537 παρ’
2892 461 3082 516 ἑαυτοῦ
3143 456 3341 532 δωρεᾶς
3377 472 3389 485 ⁸
3441 458 3487 511 οἱ
3544 454 3620 514 δέ.
3684 464 3800 519 etc.

426 564 454 603 ι
490 540 661 603 Nunc
686 550 884 603 autem
917 541 1122 616 timeo,
1155 561 1252 617 ne,
1282 551 1348 603 ut
1377 543 1518 604 olim
1546 544 1604 603 in
1632 543 1872 605 Judaica
1905 542 2071 603 sedi-
2160 539 2320 603 Idem
2353 542 2580 620 vitium,
2616 545 2773 625 quod
2805 546 2969 607 alias.
3019 545 3338 624 Participia
3387 543 3507 615 illa,
3558 544 3704 611 ὄντες
3749 552 3808 605 et

428 632 587 694 tione
619 640 786 693 erant
815 631 1170 713 quiseipsos
1192 631 1628 694 arbitrarentur
1651 631 1950 711 indignos,
1973 631 2075 713 qui
2162 633 2553 707 αέσθανόμενοι,
2589 634 2834 695 verbum
2894 634 3133 718 aliquod
3178 634 3523 713 adjunctum
3556 633 3814 696 habeant

412 326 649 379 cexvm

422 724 650 783 caeteris
682 722 1363 802 przeticerentur,utpote
1395 741 1516 784 suae
1538 722 1800 803 ipsorum
1824 740 2079 802 pauper-
2164 738 2417 782 necesse
2443 730 2554 798 est,
2589 733 2651 783 ut
2682 726 2979 786 sententia
3031 725 3249 786 idonea
3290 724 3604 799 efficiatur,
3642 742 3809 784 com—

426 811 558 873 tatis
590 811 843 892 conscii,
894 813 975 873 ita
1018 812 1129 872 hoc
1163 819 1436 891 tempore
1483 812 1601 872 sint
1641 812 1939 885 nonnulli,
1975 811 2075 891 qui

426 902 565 963 licet
594 901 893 965 Christum
926 910 985 963 et
1013 901 1414 963 miserationis
1442 902 1671 963 viscera
1717 902 1907 963 induti
1957 920 2073 960 non

422 991 900 1068 sint,secuuduin
937 991 1307 1071 Apostolum,
1330 991 1377 1050 si
1408 991 1541 1072 quis
1565 999 1765 1052 tamen
1797 1009 1902 1053 eos
1931 1010 2072 1069 pro-

423 1090 676 1163 moveat,
711 1100 829 1143 non
860 1080 1310 1142 contradicant:
1348 1081 1469 1142 etsi
1495 1088 1837 1161 promoveat
1870 1099 2068 1160 nemo,

424 1180 620 1233 tamen
655 1170 892 1249 plurimi
926 1189 989 1230 se
1013 1170 1344 1231 intrudunt.
1376 1192 1403 1229 ν
1433 1168 1769 1231 Notandum
1804 1178 1863 1232 et
1894 1171 2067 1249 illud,

422 1261 602 1322 verba
630 1260 832 1323 Graeca
883 1258 1237 1339 perturbari,
1298 1278 1408 1321 nec
1453 1278 1558 1321 suo
1613 1259 1741 1319 loco
1794 1260 1952 1339 poni.
1989 1259 2072 1319 lta

424 1354 586 1414 enim
613 1350 789 1412 scribi
815 1358 1173 1430 oportuerat:
1201 1350 1321 1407 Ἐπὶ
1342 1350 1391 1406 δὲ
1421 1353 1526 1406 τῶν
1548 1351 1953 1427 παρόντων,κᾶὶν
1976 1353 2074 1408 ὠσί

422 1464 561 1505 τινες
594 1443 671 1516 μὴ
699 1440 1025 1515 ἐνδεδυμένοι
1065 1438 1602 1519 Χριστόι,θιο,«8θά
1627 1439 1738 1500 hoc
1772 1446 2068 1521 tempore,

423 1530 653 1593 etiamsi
678 1530 1058 1591 inveniantur
1078 1530 1177 1610 qui
1208 1529 1507 1591 Christum
1543 1528 1736 1590 induti
1756 1548 1872 1591 non
1892 1532 2028 1609 sint,
2049 1556 2065 1584 ι

426 1629 544 1684 etc.
580 1619 880 1700 Interpres
922 1619 1247 1699 explanans
1296 1619 1395 1679 illa
1454 1618 1617 1679 Isaiae
1645 1619 1730 1689 δι,
1762 1620 1837 1681 Et
1868 1619 2071 1679 humi-

426 1711 767 1788 liabuntur,
824 1716 877 1772 et
938 1707 1222 1785 lugebant
1257 1708 1438 1771 thecae
1468 1718 1724 1771 ornatus
1746 1711 1951 1787 vestri,
1986 1710 2072 1771 sic

423 1800 686 1881 loquitur
733 1808 922 1866 (num.
960 1798 1091 1859 132!
1147 1820 1159 1855 :

423 1892 510 1948 καὶ
566 1890 785 1956 ἐσθῆτος
826 1887 1173 1967 πολυτελοῦς,
1221 1890 1308 1944 καὶ
1352 1888 1507 1945 λίθων
1582 1890 1905 1967 βαρυτίιιων,
1966 1889 2068 1951 ἕως

425 1982 522 2057 μὲν
574 1979 635 2036 ἂν
679 1979 787 2059 ἔχῃ
847 1980 912 2035 τὰ
956 1976 1240 2053 κειμήλια,
1298 1977 1504 2045 πολλῆς
1561 1977 1790 2042 ἀξιοῦται
1837 1978 2067 2047 σπουδῆς

425 2071 511 2127 καὶ
560 2068 865 2143 ἐπιμελείας
898 2084 915 2101 ⁸
965 2068 1019 2123 ὲν
1078 2068 1250 2129 οἴκοις
1306 2069 1531 2146 ὀχυροῖς
1598 2067 1924 2142 ἀποκείμεναι
1985 2068 2067 2123 ἐπὶ

421 2158 647 2235 ὑψηλῶν
678 2158 880 2231 τόπων,
915 2158 1002 2214 καὶ
1037 2155 1259 2236 μοχλοὶ,
1294 2158 1382 2213 καὶ
1414 2156 1588 2229 κλεῖς,
1622 2157 1709 2211 καὶ
1756 2157 2065 2236 σφραγῖδες,

422 2251 507 2306 καὶ
555 2247 806 2327 φύλακες,
843 2248 928 2303 οιαὶ
972 2268 1142 2302 παντα
1174 2248 1239 2302 τὰ
1292 2248 1422 2323 πρὸς
1456 2244 1747 2324 ἀσφαλειαν
1782 2249 1869 2302 καὶ
1900 2246 2072 2325 φυλαο

422 2340 525 2406 κήν
553 2342 921 2412 ὶπινοοὺμενα,
960 2334 1205 2393 Ἐπειδὰν
1236 2335 1289 2390 δὲ
1349 2336 1497 2408 κενά,
1550 2344 1663 2395 etc.
1712 2334 1843 2408 Quo
1866 2355 2071 2397 exem-

425 2429 523 2509 plo
554 2426 867 2508 perspicue
889 2423 1178 2506 probatur
1199 2424 1587 2503 interpretem
1620 2424 1963 2492 ἓλλειπτιθιῶς
1996 2430 2069 2487 si-

426 2516 546 2578 mul
579 2524 638 2578 et
666 2515 919 2579 obscure
942 2515 1206 2576 locutum
1238 2513 1442 2574 fuisse.
1477 2512 1622 2574 Nam
1658 2523 1788 2594 post
1832 2514 1950 2588 illa,
1987 2520 2071 2573 κιὶ

427 2606 651 2688 μοχολοῖ,
686 2609 773 2663 καὶ
803 2606 982 2680 κλεῖς,
1035 2611 1181 2677 etc.,
1240 2602 1466 2683 aliquid
1505 2604 1904 2684 supplendum
1940 2624 2071 2667 esse

428 2714 603 2758 nemo
621 2714 737 2757 non
761 2695 955 2777 videt;
985 2712 1094 2755 nec
1121 2711 1369 2755 necesse
1392 2692 1584 2755 habeo
1617 2698 1692 2756 de
1714 2692 2072 2758 obscuritate

427 2786 652 2859 dicere,
688 2804 822 2846 cum
854 2803 926 2847 ea
956 2802 1062 2866 per
1092 2802 1155 2844 se
1210 2782 1351 2845 satis
1404 2791 1616 2863 pateat.
1666 2783 1836 2846 Alius
1880 2786 2072 2864 quivis

1220 1801 1439 1864 Χρυσίου
1487 1802 1574 1855 καὶ
1626 1800 1867 1878 ἀργυρίου
1913 1800 2069 1866 θῆκαι
2095 1831 2132 1880 Β
2157 1794 2435 1853 εστέλλετο
2492 1800 2554 1853 τὸ
2589 1800 2768 1875 ἓτερον
2800 1801 2999 1854 τούτων
3033 1820 3049 1869 ;

2163 808 2818 891 pleaturque.Fortasse
2838 822 3100 876 mentem
3117 813 3425 894 scriptoris
3448 814 3808 893 assequeris,

2158 901 2206 960 si
2242 900 2321 959 ita
2351 900 2786 980 interpretere:
2832 929 2856 959 α
2904 904 3016 977 Qui
3050 903 3293 981 quidem
3354 902 3461 965 Dei
3518 922 3631 982 ope
3663 903 3812 964 tales

2157 990 2699 1070 exsistunt,donum
2722 993 2869 1055 illud
2895 993 2968 1055 ab
2992 1012 3062 1055 eo
3091 992 3386 1073 proﬁcisci
3408 1001 3800 1071 agnoscunt.»

2156 1077 2339 1150 Quam
2403 1081 2605 1154 inepta
2658 1083 2732 1142 sit
2790 1083 2913 1144 haec
2959 1083 3242 1164 loquendi
3300 1083 3471 1155 ratio,
3507 1101 3805 1162 quamque

2153 1167 2349 1229 aliena
2370 1188 2401 1230 a
2426 1168 2631 1231 Basilii
2670 1173 2951 1251 stylo,hic
2968 1172 3171 1235 dicere
3192 1172 3339 1233 nihil
3359 1172 3590 1235 attinet.
3628 1173 3805 1233 Eum-

2154 1257 2289 1318 dem
2314 1256 2388 1318 ad
2413 1258 2652 1320 modum
2673 1262 2880 1323 mutila
2893 1261 3072 1324 dictio
3088 1261 3805 1341 est,ubiexplicanturi|la

2159 1347 2347 1423 (num.
2364 1348 2493 1410 183;
2523 1366 2536 1408 :
2565 1349 2647 1411 Et
2666 1352 2733 1411 in
2755 1369 2941 1413 manu
2962 1370 3071 1413 sua
3101 1351 3355 1413 habebat
3382 1351 3701 1412 carbonem
3721 1351 3807 1411 88.

2159 1436 2259 1497 Sic
2288 1437 2448 1499 enim
2479 1438 2747 1519 loquitur
2782 1458 2794 1503 ε
2836 1444 2891 1499 Εἰ
2944 1444 3065 1521 γὰρ,
3119 1441 3248 1520 ὅπερ
3308 1441 3704 1521 ἐφαντάσθησάν
3732 1464 3811 1495 τι·

2160 1548 2268 1600 νες,
2303 1530 2367 1583 τὰ
2398 1527 2485 1585 δύο
2519 1529 2610 1585 τοῦ
2669 1535 2887 1608 οὐρανοῦ
2942 1534 3286 1610 ἡμισφαίρια,
3340 1532 3439 1586 ἀνὰ
3470 1530 3623 1607 μέρος
3684 1532 3813 1608 ὑπὲρ

2157 1623 2258 1695 γῆς
2292 1620 2602 1698 φαινόμενα,
2642 1619 2694 1685 ἓξ
2730 1622 2942 1697 μέρεσιν
2997 1622 3281 1699 ἑκατέρων,
3335 1623 3492 1677 οἱονεί
3540 1644 3644 1677 τισι
3677 1642 3809 1676 πτε-

2158 1720 2299 1785 ροῗε²
2334 1709 2464 1783 πρὸς
2495 1709 2592 1775 τὴν
2624 1708 2800 1775 ὀξεῖαν
2841 1712 3047 1776 κίνησιν
3114 1711 3494 1789 κεχρημένων,
3550 1718 3661 1771 πῶς
3696 1710 3808 1765 ἀπ-

3108 1801 3246 1859 Post
3283 1816 3485 1859 vocem
3518 1800 3807 1871 φαινόμενα

2155 1883 2402 1945 verbum
2416 1885 2655 1966 aliquod
2673 1888 3117 1967 exspectas,sed
3135 1887 3279 1947 illud
3303 1887 3405 1947 tibi
3419 1887 3803 1947 divinandum

2152 1972 2961 2055 reliquitinterprestidem
2991 1976 3267 2052 legimus:
3294 1976 3443 2031 Ἀλλ’
3468 1976 3596 2054 ὅπερ
3618 1977 3801 2054 εἶπον,

2153 2062 2395 2138 δυνάμεις
2460 2067 2842 2147 ὑπερκόσμιαι,
2907 2072 3006 2133 τῆς
3091 2067 3366 2144 ἐγγυτάτω
3427 2068 3661 2129 στάσεως
3720 2064 3805 2119 διὰ

2152 2154 2251 2220 τὴν
2284 2154 2337 2209 ἐν
2391 2158 2642 2234 ἁγιασμῷ
2674 2157 2950 2233 ἀκρότητα
2996 2155 3392 2227 κατηξιωμὲναι
3428 2172 3439 2185 ·
3494 2155 3567 2210 ὦν
3598 2157 3653 2224 ἦ,
3691 2163 3810 2213 etc.

2159 2241 2270 2303 Tot
2304 2244 2833 2326 participia,verbo
2860 2243 3317 2311 destituta.nihil
3354 2243 3677 2323 quidquam
3708 2245 3814 2303 Ba-

2158 2332 2438 2394 silianum
2465 2335 2935 2415 praeferunt,nec
2952 2352 3155 2414 parum
3182 2330 3810 2393 habentobscuritatis.

2157 2422 2248 2484 Ad
2284 2422 2443 2485 idem
2467 2442 2657 2503 genus
2679 2424 2945 2503 pertinet
2968 2422 3137 2496 illud,
3166 2442 3282 2503 quo
3315 2422 3497 2483 utitur
3521 2421 3816 2501 interpres

2156 2513 2230 2573 ad
2253 2514 2617 2594 explananda
2644 2514 2745 2575 illa
2770 2515 3037 2594 (numﬂl
3056 2522 3076 2574 t
3096 2514 3141 2593 ):
3173 2512 3249 2575 Et
3273 2513 3814 2591 quodcunquecon-

2154 2602 2363 2665 silium
2389 2606 2656 2666 inieritis
2678 2604 2886 2686 89,θιε.
2932 2625 2945 2665 :
2976 2605 3195 2682 ”Ωσπερ
3226 2606 3325 2680 γὰρ
3357 2606 3401 2656 οἱ
3431 2608 3498 2675 τῇ
3532 2603 3807 2677 προσθήκη

2154 2700 2249 2759 τῆς
2282 2694 2414 2761 ὕλης
2439 2701 2539 2763 τῆς
2586 2697 2906 2773 καιομένης,
2965 2694 3048 2750 ἐπὶ
3110 2695 3169 2747 τὸ
3203 2700 3385 2763 μεῖζον
3420 2690 3662 2767 αἴροντες
3708 2693 3805 2757 την

2154 2784 2352 2865 φλόγα,
2377 2785 2539 2860 οὕτω,
2577 2784 2922 2847 etc.Deesse
2942 2781 3167 2857 aliquid
3203 2787 3335 2857 post
3364 2797 3571 2839 vocem
3603 2779 3799 2857 φλόγα,

427 2875 680 2954 scriptor
708 2871 973 2953 diligens
996 2872 1074 2932 ita
1104 2870 1479 2951 scripsisset:
1538 2873 1760 2950 Χρυσίου
1785 2876 1870 2930 καὶ
1902 2876 2067 2953 ἆργυ-
2153 2873 2353 2934 vident
2411 2892 2639 2934 omnes.
2702 2872 2989 2935 Similiter
3040 2889 3176 2932 cum
3235 2869 3664 2947 interpretatur
3702 2867 3804 2928 illa

425 2965 534 3042 ρίου
562 2964 719 3031 θῆκαι
780 2964 866 3019 καὶ
924 2962 1141 3028 ἐσθῆτος
1193 2960 1536 3034 πολυτελοῦς,
1599 2964 1685 3018 καὶ
1717 2962 1870 3019 λίθων
1901 2966 2067 3043 βαρυ-

2160 2962 2495 3043 (num.2‘26}
2526 2984 2540 3024 :
2574 2963 2739 3039 Quia
2766 2963 3068 3043 parvulus
3098 2968 3276 3021 natus
3307 2968 3395 3020 est
3418 2959 3588 3020 nobis
3605 2959 3691 3030 90,
3716 2957 3806 3018 sui

422 3056 615 3129 τίμων,
676 3050 776 3116 ἕως
840 3052 937 3126 μὲν
996 3050 1055 3107 ἂν
1115 3050 1286 3131 ἔχωσι
1364 3052 1429 3107 τὰ
1498 3052 1778 3128 κειμήλια,
1841 3052 2067 3118 πολλοῖς

2160 3069 2273 3115 non
2305 3052 2615 3114 dissimilis
2664 3060 2755 3113 est
2780 3052 3104 3131 interpres,
3131 3049 3217 3110 sic
3252 3049 3500 3129 loquens
3535 3066 3548 3107 :
3586 3059 3748 3108 Οῦτος
3784 3050 3810 3103 ὁ

422 3143 788 3209 ἀξιοῦνται....
825 3141 1274 3215 ἂποκείμεναιν...
1308 3139 1657 3215 ἒπινοούμενα
1681 3143 2063 3218 προστίθενταιτ
2097 3212 2128 3220 Α
2154 3149 2252 3207 τήν
2308 3142 2549 3220 μεγάλην
2617 3142 2817 3219 βουλὴν
2862 3145 2959 3207 τὴν
3020 3139 3498 3218 ἀποκεκρυμμένην
3559 3138 3664 3194 ἀπὸ
3709 3144 3811 3193 τῶν

420 3230 583 3312 quod
617 3231 699 3293 ita
748 3212 1131 3308 interpretari
1194 3227 1462 3290 licuisset
1495 3212 1572 3291 :_«
1607 3212 1821 3291 Tliecw
1853 3230 1981 3290 auri
2014 3240 2071 3291 et

2160 3212 2667 3311 αἰώνιον-γνωρίσας
2720 3246 2843 3296 ταῖς
2904 3231 3105 3309 ἑτέραις
3161 3212 3374 3308 γενεαῒς
3430 3230 3507 3303 μὴ
3566 3250 3811 3307 φανερω-

421 3322 649 3401 argenti
670 3322 971 3401 vestisque
1001 3326 1365 3398 sumptuosa:
1396 3326 1452 3379 et
1498 3317 1892 3397 pretiosorum
1923 3318 2070 3398 lapi-

422 3409 865 3490 dum,quandiu
899 3407 1299 3487 suppellectili
1334 3407 1591 3488 pretiosa
1621 3406 2071 3489 replentur,stu-

423 3502 521 3565 dio
554 3501 739 3562 multo
770 3510 946 3580 atque
998 3497 1308 3573 diligentia
1359 3506 1758 3567 asservantur,
1792 3516 1861 3560 ac
1892 3516 2071 3577 sepo-

423 3598 649 3654 nuntur
678 3590 739 3651 in
764 3590 904 3651 tutis
930 3586 1146 3648 aedium
1174 3585 1440 3667 partibus
1458 3600 1515 3648 et
1537 3587 1595 3647 in
1632 3587 1881 3649 excelsis
1903 3588 2072 3665 locis;

423 3679 903 3760 adhibenturque
948 3685 1167 3751 vectes,
1203 3676 1419 3743 claves.
1476 3702 1498 3732 κ
1540 3686 1653 3740 etc.
1712 3677 1849 3755 Legi
1884 3688 2076 3757 potest

423 3789 496 3833 ea
526 3787 700 3850 quam
734 3767 807 3829 ad
834 3768 989 3829 hunc
1022 3766 1217 3827 locum
1248 3766 1455 3829 addidi
1487 3765 1772 3828 nota.Nec
1804 3767 2073 3830 dissimi-

425 3861 482 3923 le
516 3859 689 3940 illud,
721 3876 836 3937 quo
870 3856 1260 3937 explanantur
1297 3855 1472 3919 verba
1507 3857 1631 3919 haec
1663 3869 1849 3927 (num.
1892 3857 2027 3934 t35)
2061 3880 2072 3919 :

425 3953 497 4014 In
550 3950 651 4012 die
700 3954 903 4010 autem
964 3945 1075 4008 illa
1122 3946 1494 4027 splendescat
1557 3948 1642 4020 85,
1703 3959 1820 4009 etc.
1872 3966 1886 4006 :

425 4132 607 4209 ὄντας,
654 4128 963 4206 ἐπείγοντας
1024 4124 1076 4182 δὲ
1111 4126 1208 4193 τὴν
1260 4125 1465 4204 ἡμέραν
1520 4127 1619 4192 τῆς
1651 4124 2079 4186 ἀνταποδόσεσοις,

427 4220 581 4300 ”Ινα,
619 4226 736 4280 etc.
768 4212 1323 4289 «Quemadmodum
1368 4222 1426 4275 et
1450 4214 1736 4294 propheta
1767 4214 1824 4275 in
1860 4234 1960 4276 eos
1984 4215 2079 4274 in-

2156 3326 2339 3379 θεϊσαν
2377 3340 2389 3353 ‘

2158 3412 2557 3493 ἀνεξιχνίαστον
2605 3414 2793 3470 ἑαυτοῦ
2851 3411 3080 3468 πλοῦτον
3138 3412 3190 3466 ἐν
3234 3423 3354 3471 τοῖς
3413 3410 3632 3481 ἔθνεσιν,
3668 3408 3810 3464 εἶναι

2156 3502 2222 3559 τὰ
2253 3501 2376 3570 ἔθνη
2409 3501 2821 3582 συγκληρονομα
2867 3506 2953 3559 καὶ
3011 3502 3265 3575 σύσσωμα
3302 3517 3316 3531 ’
3363 3501 3520 3556 αῦτοῦ
3552 3500 3649 3576 γὰρ
3686 3498 3805 3554 τού-

2157 3614 2274 3668 του,
2309 3583 2368 3648 οῦ
2397 3594 2430 3660 ἡ
2494 3592 2638 3673 ἀρχή
2699 3592 2807 3649 ἐστι
2862 3592 2948 3649 ἐπὶ
2976 3602 3070 3651 τοῦ
3098 3592 3251 3663 ὤμου
3285 3593 3464 3662 αὐτοῦ,
3514 3592 3807 3666 τουτέστιν,

2158 3684 2192 3749 ἡ
2223 3681 2464 3757 βασιλεία
2523 3685 2610 3739 καὶ
2654 3685 2687 3747 ἡ
2746 3682 2961 3757 δύναμις
3023 3682 3077 3736 ὲν
3125 3688 3200 3754 τῷ
3233 3683 3462 3757 σταυρῷ.
3522 3676 3643 3735 Ἐπὶ
3690 3688 3801 3738 τοῦ.

2159 3768 2329 3832 Nunc
2360 3773 2565 3833 omitto
2599 3770 2911 3851 participia
2955 3769 3078 3842 illa,
3126 3770 3409 3845 γνωρίσας,
3464 3766 3809 3844 ἀνκγίείλκς,

2165 3862 2492 3941 φανερώσας,
2550 3879 2683 3941 quae.
2731 3861 3008 3921 videntur
3063 3856 3374 3918 indefinite
3433 3855 3671 3935 posita:
3710 3854 3811 3913 sed

2485 3334 2636 3385 ουτος
2712 3325 2739 3377 ὁ
2816 3321 3136 3399 ἆναγγείλας
3201 3321 3285 3375 καὶ
3358 3319 3665 3397 φανερώσας
3724 3320 3813 3373 τὸν

1945 3950 2082 4005 Κκθὸ
2164 3968 2367 4027 quaero
2395 3950 2536 4032 quid
2570 3951 2683 4011 sibi
2711 3950 2851 4011 velit
2872 3949 3040 4021 illud,
3070 3950 3244 4003 εἶναι.
3284 3948 3416 4008 Νοιι
3450 3944 3609 4006 enim
3645 3943 3815 4005 video

428 4044 516 4101 καὶ
574 4042 602 4098 δ
647 4040 925 4119 προφήτης
981 4040 1111 4115 πρὸς
1158 4038 1279 4100 τοὺς
1324 4041 1377 4093 ιν
1442 4037 1618 4115 ἔργοις
1669 4037 1767 4110 μὲν
1822 4051 2081 4112 πονηροῖς

2168 4059 2285 4121 quo
2306 4048 2637 4119 rogatur,et
2653 4041 2724 4101 ad
2747 4039 2908 4119 quod
2933 4037 3150 4099 referri
3184 4034 3667 4116 possit.Scriptor
3690 4034 3813 4093 for—

2168 4139 2324 4192 tasse
2354 4129 2539 4192 voluit
2570 4129 2835 4210 suppleri
2896 4128 3002 4190 has
3032 4126 3181 4188 duas
3234 4143 3429 4198 voces,
3480 4127 3552 4188 είς
3583 4125 3640 4180 τό
3673 4125 3758 4203 (τι)
3798 4140 3811 4185 :

2170 4221 2332 4298 quod
2358 4220 2436 4281 ita
2462 4218 2937 4298 interpretabere
2967 4236 2980 4279 ε
3015 4244 3035 4271 ιι
3076 4227 3139 4279 ut
3162 4217 3372 4278 ﬁerent
3394 4223 3603 4293 gentes
3624 4214 3816 4275 cohae-

427 4309 688 4383 vehilur,
723 4304 825 4387 qui
857 4305 1089 4369 etiamsi
1135 4302 1195 4364 in
1228 4303 1514 4383 operibus
1540 4302 1847 4381 ﬂagitiosis
1879 4323 2081 4367 versa-
2165 4308 2342 4371 redes
2373 4316 2432 4371 et
2460 4308 2979 4388 concorporales.»
3012 4305 3445 4385 Accedit,quod
3479 4303 3816 4375 illud,z-3too

426 4393 1058 4478 rentur,nihilominus
1076 4399 1273 4455 tamen
1290 4391 1447 4453 diem
1470 4391 1881 4454 retributionis
1907 4413 2077 4473 urge-

2167 4401 2265 4478 γὰρ
2290 4397 2814 4478 roorou,indeftuite
2831 4415 3074 4476 quoque
3094 4396 3345 4476 positum
3374 4411 3504 4455 esse
3523 4393 3809 4454 videatur.

427 4489 591 4552 baut.
625 4486 703 4553 Ut
722 4484 893 4565 quid,
921 4509 949 4542 ι
986 4492 1102 4546 etc.
1128 4482 1304 4546 Certe
1328 4481 1572 4543 verbum
1598 4484 1834 4562 aliquod
1860 4484 2081 4545 excidit
2164 4487 2287 4550 Nec
2308 4487 2582 4549 absimile
2608 4486 2883 4568 est,quo.l
2912 4485 3163 4565 legimus
3194 4485 3253 4545 in
3293 4484 3397 4544 illa
3422 4483 3766 4562 (nutu.145)
3796 4502 3808 4541 :

428 4576 769 4659 interpreti,
800 4574 905 4657 qui
928 4572 1093 4637 aliud
1125 4571 1398 4651 cogitans
1429 4573 1756 4633 oralionem
1792 4574 2077 4654 imperfe-
2107 4582 2145 4631 Ο
2168 4578 2247 4640 Et
2279 4581 2401 4639 erit
2434 4580 2496 4639 in
2514 4578 2612 4640 die
2640 4577 2773 4657 illa,
2803 4594 2927 4639 ηυη
2958 4575 3127 4638 ultra
3157 4575 3478 4655 adjiciatur
3522 4573 3603 4644 91ν
3639 4582 3757 4633 etc,
3798 4592 3811 4633 ε

429 4680 591 4735 ctam
613 4665 956 4749 reliquit.In
989 4660 1363 4743 explicandis
1389 4660 1542 4723 illis:
1576 4663 1707 4724 Non
1731 4664 2077 4742 putabitur,

429 4775 623 4840 neque
645 4754 920 4838 fodietur
949 4751 1217 4832 amplius
1257 4749 1342 4827 86,
1378 4749 1458 4812 ita
1486 4768 1550 4811 se
1583 4752 1858 4832 exprimit
1889 4760 2077 4823 (num.

430 4846 551 4914 147
586 4867 601 4913 ζ
636 4847 724 4913 Εἰς
757 4852 847 4902 οῦν
879 4843 979 4911 τὴν
1030 4841 1375 4921 ἀγεώργητον
1436 4842 1620 4921 ψυχήι
1680 4842 1814 4899 πολὺ
1842 4846 1904 4900 τὸ
1936 4843 2081 4910 πλῆ.

428 4942 520 5003 θος
551 4943 656 4994 τῶν
686 4938 983 5011 μεριμνῶν.
1024 4931 1142 5005 Διό,
1174 4940 1292 4993 etc.
1349 4933 1423 4992 Et
1477 4930 1574 4991 hic
1623 4950 1861 5011 quoque
1919 4944 2083 4993 curta

432 5031 528 5091 est
544 5030 608 5087 et
623 5021 832 5085 mutila
856 5020 1343 5085 oratio.Verbum
1371 5020 1419 5081 si
1450 5019 1752 5100 suppleas,
1790 5021 1866 5081 ita
1893 5022 2082 5083 inter-

432 5112 653 5197 proteri
685 5108 891 5174 licebit
943 5131 955 5174 :
995 5130 1025 5171 ‹
1075 5109 1277 5193 Itaque
1331 5109 1541 5188 ingens
1580 5127 1855 5171 curarum
1894 5120 2087 5172 turma

432 5200 656 5265 invadit
674 5198 735 5263 in
757 5200 1379 5264 auimamincultam.»
1408 5197 1512 5260 llla
1548 5223 1562 5259 ;
1600 5199 1691 5259 Vae
1712 5204 1817 5277 qui
1850 5201 2082 5263 intem-

430 5296 632 5372 gentes
648 5296 790 5354 estis
808 5291 873 5353 in
887 5288 1331 5371 vobismetipsis
1350 5287 1818 5368 87,explicantur
1837 5290 1947 5351 hoc
1967 5310 2087 5352 mo-

433 5382 511 5445 do
548 5380 901 5462 (num.175l
938 5402 950 5439 :
998 5386 1056 5441 Οἱ
1102 5383 1200 5458 μὲν
1257 5381 1364 5437 ἀπὸ
1396 5386 1526 5437 Θεοῦ
1555 5376 1700 5442 ὅντες
1732 5389 1960 5438 τοιοῦτοι
1991 5401 2002 5413 '
2037 5383 2085 5437 οἱ

514 5542 581 5593 δι
604 5540 721 5607 lsa.
755 5560 842 5619 ιιι,
875 5542 975 5605 26.
1064 5542 1133 5593 85
1161 5542 1273 5604 lsa.
1304 5554 1383 5620 tv,
1420 5536 1479 5597 2.
1565 5536 1632 5589 86
1662 5540 1776 5602 lea.
1809 5556 1862 5614 v,
1891 5543 1951 5603 6.

430 5640 518 5709 ιι,
550 5624 611 5690 6.
698 5622 750 5668 οι
783 5622 896 5686 lsa.
932 5640 995 5698 ι,
1029 5624 1128 5686 20.

2037 5543 2099 5593 87
2132 5544 2281 5609 ibid.
2303 5544 2373 5606 Ἦ
2391 5594 2404 5607 .

2166 4668 2381 4732 Τούτοις
2413 4667 2776 4745 προστιθέντες
2821 4667 3001 4740 ὥσπερ
3061 4664 3245 4725 παῖδες
3304 4664 3519 4729 ἀνόητοι
3566 4676 3682 4724 τοῖς
3718 4663 3814 4717 ἆν-

2165 4755 2565 4837 δραποδιστατς,
2600 4760 2655 4812 o'i
2686 4755 3097 4834 πολλάκιςβιε.
3135 4752 3363 4816 Ibidem
3403 4773 3415 4811 :
3448 4752 3817 4828 Προττιοὲντες

2167 4857 2253 4905 οῦν
2298 4846 2537 4904 κάκεῖνοι
2568 4859 2685 4908 τοῖς
2718 4843 2993 4901 ἀδικοῦσι·
3024 4867 3111 4900 και
3133 4846 3321 4919 ἡμεῖς,
3358 4840 3605 4904 etc.Sub
3639 4841 3818 4902 linem

2168 4934 2375 5015 capitis
2411 4935 2485 4996 14
2513 4934 2600 4996 sic
2658 4933 2924 5011 loquitur
2969 4932 3271 5011 interpres
3307 4950 3319 4994 :
3358 4935 3417 4990 ot
3554 4936 3643 4987 τὸν

2170 5028 2367 5085 ἑαυτῶν
2423 5026 2814 5103 κεκαθαρμένον
2864 5023 3107 5104 ἔχοντες,
3170 5024 3225 5084 ὅς
3277 5020 3590 5096 ὀνομάζεται
3657 5022 3814 5080 Σιών.

2171 5113 2410 5195 Ἐπειδὴ,
2445 5122 2562 5176 etc.
2590 5113 2770 5175 Plura
2798 5114 3085 5175 adnotare
3112 5112 3286 5173 facile
3338 5120 3445 5183 est,
3480 5129 3613 5171 cum
3646 5126 3816 5169 com-

2172 5205 2500 5266 mentarius
2516 5203 2811 5265 similibus
2831 5203 3124 5284 exemplis
3138 5201 3395 5263 refertus
3411 5199 3511 5269 sit;
3535 5198 3636 5257 sed
3656 5196 3812 5277 nolo,

2172 5301 2230 5355 ut
2252 5294 2536 5375 loquendi
2557 5312 2795 5375 quoque
2814 5294 2888 5354 de
2904 5291 3155 5371 reliquis
3177 5289 3333 5351 vitiis
3350 5288 3609 5369 supersit
3628 5294 3809 5349 locus.

2170 5385 2300 5446 Non
2320 5402 2560 5465 possum
2582 5392 2778 5445 tamen
2803 5382 2945 5463 quin
2960 5381 3237 5460 adjiciam
3255 5379 3450 5440 locum
3471 5379 3818 5460 quemdam,

2489 5542 2690 5608 8815a.
2724 5559 2806 5621 v1,
2844 5543 2903 5605 6.
2992 5538 3195 5605 8915a.
3247 5555 3369 5621 vm,
3404 5539 3502 5603 10.
3586 5539 3651 5590 90
3705 5538 3820 5603 Isa.

3700 4938 3819 4986 νοῦν

512 5760 600 5845 (α)
616 5756 774 5827 Vide
804 5756 1222 5827 Putationem
1250 5753 1396 5820 tomi
1425 5754 1501 5837 ll,
1531 5752 1693 5837 apud
1718 5772 1827 5820 nos
1855 5753 1957 5836 ΙΙΙ,
1994 5757 2027 5842 5
2055 5774 2180 5826 xxv.
2210 5755 2375 5825 Enn.
