2087 3192
209 179 290 206 σω

899 170 1105 204 PROLEGOM
1109 173 1196 206 ENA.

212 251 270 273 non
287 247 332 273 est
344 242 524 282 conjectare.
550 242 618 274 Haec
633 247 730 273 autem
756 247 845 274 sunt:
877 241 952 270 Ἀλλ’
983 241 1067 269 ἀπὸΛ
1078 242 1206 274 recurrit
1235 244 1266 274 in
1293 244 1521 285 commentario,
1552 248 1585 275 ut
1610 245 1774 276 satietatem
1798 253 1900 276 creare

211 289 268 318 ἐνὸς
285 288 476 327 ἁμαρτήματος
491 287 648 320 διατατικῶς
672 288 712 327 ἐφ’
729 287 777 316 ὅλα
793 288 825 316 τὰ
837 287 896 320 εἴδη
913 287 960 321 τῆς
981 297 1033 314 χα-

212 333 268 364 χίας
285 332 416 365 ἔξακοὺειν
428 333 554 371 προσήκει
570 337 620 366 τὴς
635 332 744 371 mpsim.
764 334 792 361 Οἱ
808 333 868 371 γαρ,
882 336 938 361 etc.
954 332 1032 362 Rur-

212 387 273 414 sus,
292 377 316 407 si
332 377 521 416 interpretari
537 377 620 413 velis.
632 377 668 408 ad
681 377 869 417 conjecturas
881 376 1034 415 confugias

213 430 335 452 necesse
350 427 404 453 est.
423 422 483 453 Nec
510 422 584 454 forte
601 423 678 453 male
697 421 893 462 augurabere,
911 421 935 452 si
954 421 1034 451 dicas

214 466 298 504 illud,
323 469 353 496 τὸ
368 469 526 507 ἁμάρτημα,
543 468 743 508 supplendum
756 476 822 497 esse
856 474 906 496 n'e
920 475 1033 504 vorem,

212 512 322 552 ὕϐρεως,
340 516 371 542 ut
386 512 484 544 verbis
500 513 546 544 his
561 513 610 544 hic
635 512 730 543 subsit
745 521 860 543 sensus:
884 525 895 538 ει
908 510 964 542 Sed
985 519 1035 549 par

213 561 258 587 est
272 558 460 589 contumelia:
468 563 620 598 peccatum
631 557 671 588 ita
680 556 917 596 interpretari,nt
929 555 964 586 ab
977 565 1034 585 uno

216 606 337 642 peccato
350 602 386 633 ad
400 604 499 634 omnia
515 602 654 643 nequitia
675 611 785 642 genera
798 601 975 632 extendatur
991 600 1033 630 si-

214 646 374 684 gniﬁcatio.
393 661 404 675 η
420 647 477 680 Sed
494 657 595 686 quaero
612 657 649 678 an
661 647 787 682 homini,
806 656 864 677 non
874 646 940 676 dico
957 647 1033 676 Grai-

214 700 261 729 co,
280 692 329 722 sed
344 692 481 730 barbaro,
500 693 540 724 ita
555 693 635 733 loqui
649 693 734 724 liceat
747 695 761 723 ?

258 737 424 768 57Addam
442 738 545 773 etalia,
562 747 628 776 quae
640 737 879 777 peregrinitatem
889 736 1035 775 itaapi-rte

217 782 347 815 olenl,ea
363 787 505 821 utnemo,
520 783 576 813 nisi
601 783 790 822 praajudicata
818 780 918 820 opinio
928 780 1034 814 obstet,

216 826 363 857 Basiliana
374 827 681 867 dixerit.thu0niam
691 827 726 857 de
736 827 841 857 ordine
852 826 879 855 in
889 825 1035 864 ejusmodi

217 871 306 902 rebus
334 881 391 902 non
423 873 545 902 multum
573 872 766 902 laborandum
782 877 824 901 est
839 882 845 904 ι
863 875 892 901 ut
908 871 1036 908 quidque

218 916 341 955 primam
358 918 386 947 in
402 923 534 948 mentem
547 918 671 955 venerit,
688 917 726 946 ita
745 917 871 956 primum
893 923 1037 955 propone-

219 970 294 992 mus.
313 963 384 992 Dico
396 962 488 1001 igitur
502 972 589 992 voces
606 962 777 992 desinentes
788 961 817 991 in
834 962 903 999 τέο-ι,
917 970 1036 996 σημειω-

216 1006 287 1044 τέον,
306 1007 428 1043 νοητέον,
445 1008 605 1046 χωριστέον,
624 1011 652 1037 el.
669 1006 726 1036 alia
743 1006 770 1036 id
783 1014 876 1043 genus
893 1003 1037 1043 permulta

219 1051 327 1091 passim
343 1061 501 1081 occurrere
518 1051 546 1081 in
563 1051 617 1081 hoc
634 1050 861 1088 commentario,
876 1052 905 1079 in
933 1048 1037 1079 Basilio

219 1105 287 1125 vero
304 1095 390 1134 longe
404 1096 509 1126 rarius.
527 1096 653 1126 Basilius
679 1096 719 1126 ita
737 1094 835 1135 jungit
861 1092 1036 1124 infinitivum

221 1140 470 1180 prmpo<itioni,ut
481 1150 515 1170 eo
532 1140 672 1180 loquendi
685 1148 796 1177 genere
813 1147 899 1179 parce
915 1142 1012 1167 utatur
1030 1148 1036 1168 ι

219 1190 247 1215 at
263 1185 376 1215 auctori
386 1190 485 1215 nostro
495 1185 549 1215 hac
559 1185 679 1216 (licendi
691 1184 816 1214 formula
828 1183 900 1213 nihil
917 1182 1040 1213 familia-

219 1230 292 1261 rius.
310 1229 401 1269 Cujus
414 1230 531 1269 generis
556 1235 602 1260 est
618 1229 688 1260 illud
706 1237 712 1259 :
730 1229 804 1257 Ἐπεὶ
836 1230 880 1256 οὖν
914 1228 943 1256 οὔ
972 1239 1038 1265 μετ-

220 1275 372 1309 εϐλήθησαν
396 1275 448 1303 ἀπὸ
471 1279 516 1303 τοῦ
533 1274 621 1302 ἄδικοι
638 1275 722 1310 εἶναι,
744 1274 786 1301 καὶ
804 1273 895 1301 mlta
911 1273 984 1313 ἔχειν
1009 1274 1039 1300 τα

221 1319 367 1349 ὲπιϐούλια.
385 1318 457 1350 Item
475 1319 546 1349 illud
566 1330 573 1348 :
595 1319 667 1358 Παρᾶ
683 1319 724 1356 τὸ,
742 1319 783 1345 καὶ
802 1318 828 1345 ἐκ
848 1319 980 1354 στὸματος
995 1322 1040 1345 τιν)

221 1368 286 1391 Θεοῦ
301 1364 421 1402 λέγεσθαι
439 1363 655 1403 προεληλυθέναι.
674 1362 746 1393 Item
767 1363 836 1393 illud
856 1373 861 1393 ε
890 1363 970 1400 ’Υπὲρ
995 1374 1041 1390 ταν)

220 1412 299 1437 πᾶσιν
315 1411 399 1438 αὐτῶν
415 1410 447 1437 τὰ
463 1409 593 1449 πρόσωπα
605 1408 676 1436 εῖναι
693 1412 843 1448 καταφανῆ.
862 1409 934 1439 [tem
947 1407 1018 1438 illud
1033 1418 1039 1435 :

221 1458 340 1483 Τοσαῦτα
357 1455 392 1485 εἷς
408 1454 438 1481 τὸ
454 1453 614 1493 σαφέστερον
631 1453 758 1486 νοηθῆναι
777 1475 798 1482 ..
816 1453 884 1480 κατὰ
899 1454 929 1481 τῗ)
947 1474 968 1482 ..
1006 1453 1042 1483 εἷς

221 1500 263 1537 τὸ,
288 1498 388 1537 ἡμέρας
420 1499 468 1536 μὲν
496 1499 612 1533 σκιάζειν
637 1498 729 1529 αὖτοὺς
745 1498 792 1531 τὴν
816 1496 929 1535 νεφέλην
971 1496 1041 1525 Item

1077 288 1182 325 possit.

1117 332 1166 364 58.
1182 332 1340 374 Postquam
1357 333 1394 364 de
1413 333 1510 365 verbis
1526 334 1623 375 deque
1639 343 1743 365 eorum
1760 338 1897 364 constru-

1075 377 1174 408 ctione
1184 378 1428 419 disceptavituus,
1440 379 1588 419 reliquum
1601 384 1645 409 est
1655 383 1687 409 ut
1696 378 1733 409 de
1745 379 1901 410 sententiis

1077 421 1150 461 ipsis
1164 422 1279 463 aliquid
1295 423 1441 454 dicamus.
1458 423 1533 455 Sunt
1547 428 1645 454 autem
1665 424 1818 463 nonnulla,
1835 433 1902 464 qua:

1076 466 1119 497 sic
1134 466 1260 498 fabulam
1273 468 1403 508 sapiunt,
1418 472 1448 498 ut
1464 478 1498 499 ea
1514 469 1594 499 Patri
1608 469 1784 508 gravissimo
1808 469 1899 499 tribui

1077 520 1136 541 non
1148 521 1235 552 posse
1251 512 1415 544 videantur.
1433 512 1552 552 insigne
1568 513 1706 553 est,quod
1718 517 1855 543 narratur
1865 513 1901 543 de

1078 555 1336 588 daamonibus.Sed
1346 558 1542 597 interpretem
1553 559 1649 598 ipsum
1661 558 1764 589 audire
1772 561 1900 598 praestat.

1078 600 1248 638 illud(nuiu.
1263 602 1327 642 95):
1341 602 1454 634 Plenus
1465 612 1531 634 sum
1542 602 1555 624 ³
1572 603 1805 643 ,explanantem.
1814 614 1825 630 α
1838 603 1902 633 Dte-

1076 646 1305 686 monesquidem
1316 651 1416 687 utpote
1427 647 1625 687 voluptatibus
1633 648 1849 688 affectibuqu
1857 647 1885 677 in
1893 661 1903 666 -

1076 689 1243 729 dulgeutes,
1256 701 1290 722 ex
1305 692 1434 723 victimis
1446 702 1505 723 non
1520 692 1593 723 nihil
1606 693 1729 733 capiunt
1740 692 1903 732 voluptatis

1076 744 1110 765 ac
1119 735 1327 767 emolumenti.
1340 737 1458 777 Quippe
1473 737 1543 767 dum
1561 737 1903 777 incenduntur,sanguis

1080 787 1132 818 per
1146 779 1331 812 adustionem
1350 782 1534 813 convertitur
1545 783 1574 812 in
1589 792 1741 822 vaporem,
1759 783 1861 822 sicque
1873 782 1900 812 in

1078 823 1226 861 ejusmodi
1243 826 1370 856 minutas
1382 836 1426 865 pa:
1438 831 1481 857 tes
1493 827 1640 858 resolutus
1659 828 1688 857 in
1713 836 1816 858 eorum
1829 826 1903 857 sub-

1080 868 1215 899 stantiam
1229 870 1375 901 subit.nld
1391 871 1512 909 quidem
1525 871 1683 902 ridiculum
1696 877 1740 902 est
1753 881 1805 911 per
1816 881 1880 901 sese
1896 881 1904 908 ;

1080 912 1131 943 sed
1148 912 1239 951 longe
1251 914 1343 953 magis
1359 914 1487 946 ridicula
1497 920 1540 945 est
1552 916 1735 954 comparatio
1745 925 1851 955 ea,qua
1867 916 1902 945 ad

1080 957 1108 987 id
1127 957 1311 997 probandum
1324 959 1425 989 utitur.
1441 959 1512 999 Ejus
1524 960 1586 990 haec
1599 959 1688 990 verba
1697 965 1765 989 sunt
1779 969 1785 990 :
1804 972 1815 985 ιι
1830 958 1903 991 Οιηη

1081 1001 1150 1031 nino
1164 1002 1242 1032 enim
1261 1003 1312 1032 toli
1337 1003 1494 1042 vaporibus
1510 1004 1640 1040 aluntur,
1660 1014 1717 1034 non
1749 1004 1826 1043 quod
1854 1012 1905 1033 eos

1082 1046 1234 1084 mandant,
1249 1051 1298 1078 aut
1310 1047 1448 1088 injiciant
1459 1049 1487 1079 in
1504 1053 1651 1084 ventrem.
1668 1049 1721 1079 sed
1735 1048 1860 1088 perinde
1876 1052 1907 1077 ut

1080 1091 1254 1122 animalium
1272 1092 1334 1132 pili,
1353 1103 1478 1133 ungues,
1497 1098 1526 1123 et
1550 1103 1740 1133 quaecunque
1756 1100 1825 1123 sunt
1841 1093 1908 1131 ejus

1082 1135 1212 1176 generis,
1230 1137 1266 1166 ad
1284 1147 1366 1167 suam
1385 1142 1475 1168 totam
1486 1138 1725 1168 constituendam
1739 1137 1907 1168 substanti-

1082 1190 1128 1211 am
1140 1180 1314 1212 slimentum
1325 1182 1678 1223 excipiunt.Quapropter
1689 1181 1909 1221 avidegaudent

1083 1225 1288 1267 nidoribus,ac
1296 1227 1409 1258 fumum
1419 1237 1455 1259 ex
1468 1228 1555 1259 thure
1562 1228 1907 1267 prodeuntem'tanquam

1082 1270 1183 1301 sibiad
1191 1271 1360 1302 alimoniam
1371 1273 1628 1304 accommodatum
1637 1271 1845 1303 exsorbent.Et
1854 1271 1910 1301 for-

1082 1320 1159 1346 tasse
1170 1315 1200 1346 in
1212 1315 1392 1348 animaiibus
1405 1317 1586 1356 inestaliqua
1597 1326 1663 1347 cum
1675 1316 1908 1347 danuonicorum

1083 1369 1240 1399 corporum
1267 1362 1501 1401 proprietatibus
1531 1361 1731 1391 necessitudo.
1751 1360 1840 1391 Porro
1859 1359 1909 1397 qui

1084 1404 1159 1434 votis
1179 1404 1347 1435 daemonum
1360 1405 1515 1445 explendis
1531 1405 1663 1445 student,
1678 1404 1728 1435 alii
1744 1405 1823 1435 aliud
1840 1405 1907 1435 οπε-

1085 1451 1308 1489 runt,tanquam
1322 1449 1365 1480 eis
1375 1450 1411 1480 ad
1423 1450 1593 1480 alimoniam
1610 1449 1874 1480 accommodatius.
1898 1464 1908 1474 ι

1086 1492 1242 1531 Graeca,ne
1257 1493 1372 1533 longior
1382 1503 1492 1535 essem,
1503 1504 1561 1524 non
1573 1494 1697 1534 apposui
1714 1493 1786 1532 ;sed
1802 1503 1818 1524 a
1834 1503 1910 1534 quo--

222 1536 295 1573 illud
314 1550 320 1573 Ζ
340 1543 413 1571 Κατὰ
435 1543 464 1571 τὸ
481 1542 726 1582 ἐμπιριειληφέναι.
744 1541 816 1572 Item
842 1540 912 1571 illud
929 1551 935 1569 ε
968 1539 1045 1571 ’Ὶιέξω

1088 1536 1161 1568 libet
1175 1537 1233 1577 legi
1247 1543 1371 1577 possunt
1392 1548 1426 1569 eo
1450 1548 1538 1579 quem
1555 1539 1616 1569 dixi
1639 1539 1714 1569 loco.
1731 1539 1819 1578 Quid,
1832 1538 1909 1578 quod

222 1588 303 1626 δσμὲν
331 1591 378 1615 τοὺ
406 1588 587 1623 ταλανίζεσθαι
616 1587 658 1615 ἐπὶ
704 1594 763 1617 τοϊς
792 1587 932 1617 τοιούτοις.
973 1584 1044 1614 Item

1089 1590 1192 1622 parum
1210 1582 1312 1613 habuit
1333 1583 1461 1623 scriptor
1482 1584 1621 1624 prmclara
1639 1584 1688 1614 illa
1705 1584 1797 1615 semel
1814 1584 1910 1615 effuti-

224 1632 294 1664 illud
315 1643 321 1663 ε
340 1633 388 1660 Διᾶ
409 1633 458 1672 γὰρ
474 1634 505 1661 τὸ
532 1633 676 1672 χαίροντας
704 1632 797 1662 αὖτοὺς
827 1632 869 1658 καὶ
897 1630 1044 1668 ὑϐρίζοντας

1090 1627 1165 1659 visse
1180 1630 1194 1658 ?
1210 1628 1295 1659 Dicas
1310 1637 1378 1659 eum
1391 1629 1447 1659 hoc
1464 1632 1634 1659 commento
1648 1638 1841 1668 summopere
1857 1629 1911 1659 de-

223 1678 340 1717 τρέχειν.
358 1677 403 1708 Ad
414 1676 494 1708 idem
507 1686 613 1717 genus,
631 1686 698 1707 cum
715 1676 751 1706 de
768 1675 912 1705 inﬁnitivo
928 1683 1046 1713 quoque

225 1726 338 1761 agatur,
357 1721 485 1761 pertinet
504 1721 634 1760 quodam
653 1722 740 1752 modo
758 1725 786 1751 et
799 1720 869 1751 illud
888 1729 895 1749 :
921 1719 1013 1748 Οόκέτι
1032 1720 1045 1751 ii

226 1772 270 1796 τοῦ
292 1766 493 1806 ἐγκαταλείπειν
508 1768 553 1795 τὸν
572 1767 664 1804 Κύριον
681 1767 796 1805 ἁμαρτία
815 1765 1043 1804 ἐνεργηθήσεται..

227 1812 295 1843 Haec
325 1811 425 1850 retuli,
456 1821 514 1842 non
531 1811 607 1851 quod
637 1815 734 1850 putem
749 1810 895 1850 ejuSmodi
912 1808 1047 1848 exempla

228 1856 309 1887 nulla
332 1860 449 1887 exstare
463 1856 542 1896 apud
567 1855 695 1895 optimos
711 1865 847 1895 quosque
864 1855 1023 1895 scriptores
1039 1864 1045 1884 :

226 1900 278 1931 sed
291 1900 370 1941 quod
387 1903 492 1931 horum
505 1909 575 1931 usus
589 1900 773 1940 frequentior
785 1901 876 1930 multo
890 1901 927 1929 sit
940 1902 968 1928 in
982 1908 1048 1928 nos-

230 1950 274 1976 tro
290 1950 423 1981 auctore.
435 1954 522 1986 quam
540 1944 570 1976 in
591 1945 708 1976 Basilio.
728 1946 760 1975 Et
774 1946 850 1985 quod
877 1947 968 1982 magis
981 1953 1046 1973 mo-

228 1999 296 2021 vere
312 1989 413 2028 debet,
432 1999 490 2020 non
505 1999 599 2030 pauca
614 1993 682 2020 sunt
697 1989 736 2019 ita
752 1999 837 2022 nova,
857 1989 894 2019 ita
919 1988 1048 2023 insolita,

232 2040 263 2067 ut
275 2034 384 2065 similia
400 2034 471 2065 alibi
483 2034 614 2065 nancisci
629 2034 751 2064 difﬁcile
768 2035 815 2064 sit.
831 2033 931 2069 Qualia
948 2033 1050 2062 fortas-

231 2090 264 2112 se
279 2078 350 2110 illa:
368 2079 443 2118 Παρὰ
457 2080 499 2118 τὸ,
516 2080 558 2107 χαὶ
574 2080 602 2106 ΞΑ
630 2080 761 2115 στόματος
779 2084 823 2107 τοῦ
841 2082 904 2106 θεοῦ
929 2078 1051 2116 λέγεσθαι

231 2123 446 2164 προεληλυθέναι·
490 2123 540 2156 ἕξω
569 2124 649 2161 ἐσμὲν
691 2129 736 2153 τοῦ
763 2123 958 2159 ταλανίζεσθαι·
989 2124 1002 2150 ὁ
1026 2121 1053 2149 δὲ

233 2169 390 2206 ίπισῑήμων
405 2168 473 2196 κατὰ
487 2169 518 2196 τὸ
547 2168 781 2208 ἐμπεριειληφέναι
798 2169 829 2196 τὰ
860 2168 994 2207 ἀνα-(κατα
1019 2168 1054 2198 εἷς

234 2213 418 2254 μακαριότητα
433 2214 604 2253 Θεωρήματα,
634 2214 701 2251 μετὰ
720 2215 777 2246 τοὺς
794 2213 844 2246 ἤδη
872 2213 983 2241 Enixa):
1013 2213 1056 2239 καὶ

1089 1672 1226 1703 lectatum
1240 1678 1351 1712 esse,et
1362 1673 1550 1714 timuisse,ne
1561 1674 1584 1704 si
1595 1674 1689 1704 semel
1700 1678 1814 1704 tantum
1823 1674 1912 1704 dixis-

1089 1716 1277 1755 set,lectores
1284 1717 1469 1758 fugeret.Sed
1478 1728 1581 1749 rursus
1594 1718 1760 1749 audiendus
1770 1723 1825 1749 est.
1844 1719 1916 1758 Ejus

1090 1762 1180 1802 igitur
1192 1763 1254 1794 haec
1263 1767 1342 1797 sunt,
1354 1763 1404 1794 illa
1414 1763 1734 1804 (num.236):Ulutale,
1745 1763 1914 1804 sculptilia,

1090 1809 1303 1839 inlerusalem
1318 1807 1330 1828 ⁴
1348 1813 1431 1848 ,etc.,
1446 1809 1682 1848 interpretantis:
1702 1820 1712 1835 ι
1729 1809 1911 1846 Ουοιιὶ;1111,η

1090 1852 1196 1893 inquit,
1215 1863 1229 1882 ι
1260 1853 1347 1892 lignis
1368 1853 1405 1884 ab
1426 1854 1566 1884 humanis
1584 1853 1720 1883 manibus
1742 1853 1866 1883 formam
1883 1862 1916 1883 a:

1091 1897 1214 1936 ﬁguram
1227 1897 1456 1929 habentibus...
1467 1903 1516 1928 aut
1527 1897 1651 1937 reliquis
1661 1897 1762 1928 idolis,
1771 1906 1917 1936 quascun-

1092 1951 1150 1981 que
1164 1942 1221 1972 alia
1236 1946 1305 1972 sunt
1321 1952 1355 1972 ex
1369 1941 1496 1982 pretiosa
1509 1942 1552 1972 vel
1569 1941 1616 1971 vili
1634 1941 1757 1971 materia
1783 1941 1869 1980 facta,
1888 1947 1917 1971 et

1091 1995 1157 2026 qum
1167 1995 1184 2016 a
1194 1986 1331 2025 gentibus
1343 1987 1514 2027 adorantur,
1532 1987 1658 2016 latenter
1670 1985 1805 2016 assident
1817 1984 1916 2024 praesi-

1093 2031 1146 2061 des
1154 2031 1274 2071 quidam
1285 2031 1489 2071 daamones,ex
1502 2031 1628 2071 impuris
1634 2030 1727 2061 sacris
1736 2031 1916 2068 voluptatem

1093 2076 1255 2116 capientes.
1273 2075 1529 2112 Quemadmodum
1544 2075 1623 2106 enim
1643 2075 1674 2105 in
1689 2075 1761 2105 locis
1774 2075 1914 2105 macello~

1097 2130 1176 2158 rum,
1185 2119 1235 2151 ubi
1245 2129 1335 2151 cruor
1346 2126 1376 2152 et
1387 2121 1575 2161 sanguisjam
1584 2124 1742 2160 corruptus
1756 2120 1917 2158 invenitur,

1099 2175 1186 2196 canes
1202 2165 1338 2206 cupediis
1350 2166 1444 2197 dediti
1461 2170 1695 2196 commorantur:
1712 2164 1750 2195 ita
1765 2168 1793 2195 et
1808 2164 1921 2194 deamo-

1099 2219 1152 2241 nes
1168 2210 1244 2249 gula;
1256 2211 1615 2251 servientes;voluptatem
1627 2219 1663 2240 ex
1676 2209 1817 2249 sanguine
1828 2218 1862 2239 ac
1878 2212 1923 2238 ui-

234 2259 336 2297 παγίως
349 2257 471 2298 συνέχειν
480 2258 505 2286 ἰν
519 2259 604 2295 ἑαυτῷ
630 2257 712 2294 Quod
726 2263 823 2288 autem
839 2257 935 2288 notavi
953 2256 1045 2286 ultimt

1100 2255 1173 2286 dore
1189 2255 1403 2286 sacrificiorum
1417 2255 1666 2296 captantes,cirra
1677 2263 1744 2284 aras
1755 2258 1925 2293 statuasque

237 2304 315 2340 loco,
332 2302 419 2332 οὐκέτι
431 2303 448 2337 ἠ
463 2303 508 2331 τοῦ
523 2303 725 2342 ἐγκαταλείπει-ι
753 2305 797 2331 τόν

238 2348 457 2388 ἐνεργηθήσεται,
474 2347 511 2378 de
522 2348 578 2378 heo
595 2347 691 2378 habeo
723 2348 867 2387 polliceri,
895 2347 981 2377 talem
1015 2348 1059 2376 Io-

238 2392 350 2434 quendi
362 2392 484 2423 modum
500 2392 531 2422 in
545 2393 680 2432 genuinis
695 2392 796 2423 Basilii
821 2392 961 2431 operibus
986 2400 1060 2421 nus-

239 2447 328 2478 quam
343 2436 561 2477 reperiri.Leve
572 2437 719 2467 videbitur
737 2437 814 2475 quod
829 2435 1061 2477 uddam;addere

239 2480 510 2521 tamenlibet,quod
522 2481 558 2512 ad
566 2491 629 2513 rem
641 2481 969 2520 faciat:nempe,vocem
983 2492 1063 2508 mu-

238 2528 329 2561 νόησις
345 2534 413 2557 raro
430 2527 591 2557 admodum
608 2525 747 2557 adhiberi
763 2536 777 2556 a
803 2526 922 2557 Basilio.
936 2535 971 2555 ea
994 2535 1062 2555 vero

239 2581 310 2603 voce
326 2572 518 2611 interpretem
546 2572 585 2601 uti
602 2581 689 2611 quam
720 2570 968 2609 frequentissime.
1003 2569 1066 2601 Hoc

239 2616 320 2647 idem
338 2616 399 2647 fere
414 2616 526 2646 dictum
542 2616 678 2646 volumus
695 2616 731 2645 de
747 2616 809 2654 illo,
829 2614 986 2653 Diog-uixi.
1005 2614 1066 2645 Nec

239 2661 326 2692 aliter
341 2661 531 2692 sentiendum
550 2660 586 2691 de
601 2670 672 2691 voce
687 2662 844 2699 ἡγεμονικός
862 2660 929 2690 Scio
946 2659 1066 2700 quidem

240 2707 317 2737 hanc
332 2716 434 2736 vocem
449 2710 479 2736 ut
494 2705 641 2739 aBasilio.
654 2705 694 2735 ita
710 2715 726 2735 a
740 2704 928 2745 politioribus
939 2704 1067 2744 scripto-

241 2751 324 2783 ribus
335 2751 465 2783 libenter
479 2750 630 2791 usurpari:
641 2751 693 2781 sed
707 2759 742 2781 ea
756 2759 812 2781 vox
827 2755 884 2780 tam
898 2749 1069 2790 frequenter

278 2838 296 2864 5
315 2838 371 2869 Isa.
388 2838 473 2876 t,1t.
516 2835 647 2874 Παλ,
667 2836 715 2868 10.

822 2304 913 2342 Κύριον
943 2302 1041 2340 ἀμαρῖί

1088 2298 1158 2330 >sibi
1168 2304 1357 2330 consecratas
1375 2300 1550 2330 volutantur.
1565 2300 1655 2331 Forte
1667 2299 1746 2329 enim
1757 2298 1928 2328 nutriuntur

1102 2344 1190 2374 etiam
1207 2353 1311 2374 eorum
1331 2353 1468 2385 corpora,
1486 2354 1551 2385 qua:
1567 2344 1650 2374 aeria
1675 2349 1743 2374 sunt
1759 2347 1809 2372 aut
1826 2342 1926 2381 ignita,

1102 2394 1151 2421 aut
1167 2398 1200 2419 ex
1228 2393 1355 2429 utroque
1372 2389 1520 2420 elemento
1537 2389 1740 2429 composita...
1770 2386 1846 2417 Hinc
1875 2387 1926 2426 qui

1103 2438 1266 2465 vescuntur
1281 2433 1466 2474 idolothytis,
1481 2433 1643 2474 participes
1660 2432 1802 2462 dicuntur
1820 2440 1930 2461 meusm

1105 2478 1408 2510 dtemoniorum.Cum
1423 2478 1501 2509 enim
1509 2478 1628 2509 victima
1636 2476 1931 2514 oﬂ'erturidolo,.uu-

1106 2524 1145 2554 tio
1153 2523 1251 2563 aliqua
1260 2523 1348 2554 etiam
1359 2523 1501 2554 assidenti
1515 2523 1642 2554 daemoni
1657 2522 1929 2559 destinaturzquan-

1107 2569 1269 2609 doquidem
1285 2568 1463 2599 daemonium
1481 2573 1509 2599 et
1526 2577 1561 2599 ex
1576 2567 1720 2607 sanguine
1732 2565 1783 2606 qui
1801 2565 1888 2595 veluti
1902 2565 1930 2595 iu

1108 2622 1208 2644 aerem
1223 2622 1325 2643 versus
1340 2617 1395 2650 est,
1413 2618 1442 2644 el
1458 2623 1491 2643 e.\
1509 2613 1598 2654 adipe
1615 2612 1833 2650 suifuuigante,
1852 2614 1881 2640 ct
1898 2620 1930 2639 t'X

1109 2658 1234 2699 reliquis
1243 2658 1423 2689 holocaustis
1429 2662 1542 2699 partem
1550 2658 1709 2698 quamdam
1718 2656 1774 2686 sibi
1781 2665 1845 2686 assu
1852 2656 1911 2688 mil,
1920 2669 1930 2680 ιι

1110 2708 1168 2735 etc.
1184 2704 1275 2743 Legas
1291 2703 1379 2733 velim
1396 2704 1499 2735 Graeca
1510 2703 1614 2743 inipso
1631 2702 1848 2733 commentario
1866 2700 1933 2731 llaec

1112 2749 1234 2790 quidem
1262 2753 1414 2789 utcunque
1430 2748 1583 2779 toleranda
1602 2751 1706 2779 essent
1720 2747 1797 2787 apud
1832 2751 1936 2786 poetas
