4174 6412
1456 349 1525 410 D.
1571 348 1732 410 JUL.
1781 343 2161 408 GARNERII
2212 346 2633 409 PR/EFATIO.

3560 361 3742 410 CCXXI

353 496 454 552 aut
479 486 631 568 apud
660 486 935 566 jocosum
968 481 1329 562 scriptorem
1349 480 1768 568 Ιιιιοίιιηυιητει
1782 480 1997 541 eadem
2020 488 2057 537 Α
2080 480 2279 559 ipsum
2305 480 2795 558 coarguith’lios
2824 485 3010 561 genui
3039 489 3093 543 et
3112 480 3739 544 emattavi6.Genera-

356 578 414 640 in
444 566 676 638 Patrum
707 572 1058 654 gravissimo
1085 572 1299 633 Basilio
1323 570 1458 646 quis
1478 568 1657 631 ferat?
1689 566 1825 631 Scio
1859 567 1997 649 qui-

355 667 489 727 dem
516 664 776 727 cmlestia
808 661 1073 743 quaedam
1130 679 1378 741 corpora
1425 659 1651 737 angelis
1682 677 1713 718 a
1745 657 1996 738 quibus-

356 758 487 818 dam
508 754 783 819 Patribus
800 752 1021 816 Graecis
1047 750 1360 814 tribuizsed
1377 748 1762 828 nullus,quod
1788 748 1995 825 sciam,

356 844 653 925 ejusmodi
677 861 861 921 nugas
892 860 1150 921 unquam
1183 839 1443 920 garrivit.
1472 839 1748 901 Arbitror
1800 846 1997 897 autem

356 936 631 998 Basilium
684 951 717 995 a
770 935 944 993 tantis
976 929 1383 991 deliramentis
1442 927 1698 989 maxime
1730 926 1995 987 omnium

351 1023 760 1087 abhorruisse.
784 1022 887 1083 Vir
917 1039 1186 1081 summus
1219 1037 1292 1080 ne
1324 1018 1544 1098 optima
1571 1016 1837 1097 quidem,
1869 1033 1997 1094 quae

352 1124 477 1176 erat
507 1116 636 1195 ejus
689 1109 979 1173 mirabilis
1022 1109 1193 1189 copia
1222 1107 1486 1189 dicendi,
1511 1116 1786 1187 repetere
1818 1105 1991 1168 solet.

353 1204 667 1278 Quomodo
706 1220 849 1281 ergo
896 1200 989 1260 sui
1023 1208 1135 1259 tam
1172 1197 1481 1260 dissimilis
1512 1214 1644 1258 esse
1677 1195 1887 1275 potuit,
1941 1202 2001 1255 ut

350 1292 535 1355 semel
569 1303 626 1354 et
658 1291 873 1353 iterum
908 1289 1097 1349 aniles
1148 1286 1379 1349 fabulas
1439 1283 1811 1347 narraverit?
1865 1282 2001 1360 Legi

351 1383 527 1445 etiam
563 1388 834 1461 possunt,
869 1396 1001 1458 quae
1026 1376 1307 1439 dicuntur
1329 1374 1403 1437 de
1429 1373 1712 1437 Calvariaa
1754 1373 1884 1434 loco
1908 1382 2000 1433 at-

352 1496 463 1555 que
494 1478 764 1541 nomine.
800 1491 917 1533 non
952 1470 1155 1550 procul
1201 1470 1273 1531 ab
1321 1468 1487 1530 initio
1538 1467 1751 1548 capitis
1781 1465 1998 1547 quinti.

350 1563 458 1625 His
481 1574 643 1625 certe
675 1562 821 1623 nihil
849 1561 1128 1641 lepidius,
1156 1560 1302 1622 nihil
1326 1559 1594 1622 facetius.

431 1652 711 1715 59.Hunc
725 1651 825 1732 qui
846 1652 905 1713 in
933 1651 1205 1711 manibus
1228 1657 1321 1711 est
1345 1647 1843 1709 commentarium
1868 1664 2001 1706 cum

352 1743 851 1822 interpretarer,a
882 1739 1168 1820 plagiario
1205 1738 1541 1799 confectum
1573 1755 1708 1799 esse
1729 1736 2002 1814 suspica-

2082 569 2261 632 tionis
2281 570 2415 631 dure
2438 570 2670 650 species
2702 580 3123 652 sunt,quarum
3151 570 3265 632 alia
3286 579 3373 632 est
3400 570 3500 633 illa
3529 590 3742 632 secun-

2082 661 2221 721 dum
2259 659 2445 721 Deum
2471 661 2823 741 forma,qu:e
2846 679 2917 722 ex
2935 660 3219 742 operibus
3242 670 3299 722 et
3332 679 3400 722 ex
3436 660 3741 722 mandato-

2083 768 2213 811 rum
2250 752 2633 830 perceptione
2658 753 3108 832 perficiturzqna
3138 752 3368 813 ratione
3402 752 3619 813 Paulus
3642 751 3736 811 dio

2082 839 2346 918 scipulos
2370 860 2513 901 suos
2538 859 2643 921 per
2674 842 3064 919 Evangelium
3100 840 3304 920 gignit.
3342 863 3368 901 ι
3402 840 3620 902 Eadem
3646 859 3737 903 re-

2085 929 2278 1009 peries
2308 950 2415 992 suo
2447 932 2581 992 loco
2627 932 2784 1010 apud
2822 932 3377 1013 pseudo-Basilium
3430 937 3488 991 in
3523 931 3733 992 eadem

2085 1021 2387 1099 prophetae
2412 1020 2790 1099 verba(num.
2807 1030 2823 1081 t
2841 1026 2924 1100 5),
2948 1022 3135 1083 Filios
3156 1023 3341 1101 genui
3364 1029 3419 1083 et
3439 1020 3731 1084 exultaui.

2081 1110 2291 1170 Moneo
2346 1108 2676 1183 tamen,ubi
2736 1110 2954 1189 legitur
3000 1110 3057 1170 in
3116 1109 3397 1177 Eusebio,
3452 1111 3734 1187 μαρτυρίαν

2083 1198 2442 1279 ἐλέγχειδθεί
2458 1200 2611 1279 apud
2647 1200 3189 1280 pseudo-Basilium
3202 1200 3480 1280 ,ἁμαρτίαν
3493 1199 3730 1279 ἐλέγχει,

2085 1286 2201 1350 Sed
2239 1290 2518 1351 mendum
2540 1308 2672 1352 esse
2704 1291 2969 1351 arbitror
3000 1287 3539 1353 librariorum.Non
3573 1287 3731 1349 enim

2085 1376 2289 1438 dubito
2308 1379 2451 1459 quin
2478 1379 2793 1457 legendum
2828 1382 3341 1456 8Ῐῐ,ἀυ.αρτίαν,ῐυῐη
3363 1378 3517 1458 quod
3548 1396 3735 1439 eavox

2087 1468 2442 1530 sententiam
2476 1470 2661 1549 magis
2689 1470 2965 1531 idoneam
3002 1470 3374 1549 efﬁciat,tum
3409 1466 3566 1549 quod
3585 1466 3734 1529 Pro-

2087 1558 2421 1638 copius,qui
2453 1567 2509 1619 et
2540 1559 2668 1638 ipse
2700 1579 2936 1640 quoque
2958 1558 3292 1621 Eusebiana
3315 1559 3533 1639 passim
3576 1576 3737 1619 com-

2090 1644 2311 1721 pilavit,
2350 1647 2661 1728 scripserit
2707 1649 2918 1710 eodem
2955 1649 3154 1729 modo,
3186 1651 3443 1729 ἁμαρτίαν
3493 1649 3731 1726 ἐλέγχει.

2086 1734 2333 1798 Eusebii
2365 1739 2575 1799 iterum
2603 1738 2777 1801 verba
2800 1747 2959 1817 sunt,
2984 1738 3126 1801 illud
3157 1759 3169 1797 :
3197 1740 3470 1800 Eversaa
3497 1736 3737 1818 populis

351 1832 720 1895 bar.Etenim
747 1848 863 1891 non
892 1847 1026 1890 raro
1052 1829 1261 1890 eadem
1295 1827 1600 1908 prophetae
1630 1828 1758 1888 loca
1790 1825 1885 1886 bis
1904 1831 2006 1886 aut
2031 1856 2065 1903 Β
2087 1824 2306 1888 alienis
2334 1830 2413 1889 sic
2426 1837 2489 1889 ut
2512 1829 2975 1891 tabernaculum
3004 1834 3071 1890 in
3093 1831 3271 1891 vinea
3291 1829 3344 1908 7,
3380 1836 3521 1909 etc.;
3555 1834 3736 1889 inter-

349 1931 438 1983 ter
466 1919 1120 2002 explanatscriptor;ob
1152 1918 1331 1999 idque
1356 1917 1504 1979 mihi
1535 1917 1595 1976 in
1624 1928 1882 1977 mentem
1898 1934 2005 1977 ve-

2089 1916 2421 1997 pretantis:
2464 1921 2548 1984 Εἷς
2582 1921 2809 1998 φρουρὰν
2869 1920 2972 1976 τῶν
3033 1918 3084 1974 ἐν
3144 1932 3264 1980 ταῖς
3314 1918 3572 1993 ἀμπέλοις
3601 1940 3734 1995 καρ-

344 2009 545 2072 niebat
574 2027 711 2070 eum
733 2007 847 2071 alia
877 2009 1117 2070 aliunde
1135 2009 1489 2088 sumpsisse.
1524 2006 1831 2087 Exempla,
1867 2024 1994 2068 cum

2087 2014 2201 2064 πῶν
2232 2010 2283 2063 αἱ
2314 2011 2505 2075 σκηναὶ
2550 2011 2865 2087 πήγνυνται,
2915 2007 3098 2068 ’Ὅταν
3129 2010 3226 2084 μὲν
3260 2009 3350 2066 οὖν
3392 2010 3586 2083 εῦθῆνῇ
3617 2020 3734 2070 τοῖς

344 2100 519 2161 obvia
549 2100 690 2173 sint,
724 2099 937 2160 inutile
974 2098 1151 2160 fuerit
1172 2098 1370 2179 aliqua
1402 2097 1693 2177 proferre.
1731 2094 1994 2175 Augebat

2086 2100 2295 2162 οίκεῖοις
2342 2112 2572 2176 καρποῖς
2603 2101 2637 2167 ἡ
2672 2098 2937 2173 ἄμπελος,
2972 2098 3318 2169 σπουδάζεται
3343 2100 3376 2165 ἡ
3404 2098 3601 2171 σκηνὴ,
3647 2099 3735 2153 καὶ

346 2189 776 2269 suspicionem,
798 2188 955 2266 quod
988 2188 1333 2268 scriptionis
1359 2205 1550 2267 genus
1571 2185 1815 2249 Eusebii
1848 2186 1994 2268 stylo

2086 2188 2261 2254 πάσης
2291 2187 2524 2253 ἂξιοῦται
2562 2187 2893 2265 ἐπιμελείας³
2932 2188 3070 2246 ὥστε
3115 2188 3207 2244 ἀπ’
3242 2192 3405 2255 αοότῆς
3435 2186 3734 2244 κατοπτεύ-

346 2296 522 2355 quam
559 2278 827 2358 proxime
848 2276 1341 2340 accedit.Norunt
1361 2278 1520 2338 enim
1547 2276 1649 2356 qui
1671 2274 1997 2338 Eusebium

343 2367 432 2427 Vel
458 2367 917 2447 primoribus,ut
942 2367 1181 2438 dicitur,
1218 2367 1403 2428 labris
1431 2366 1776 2444 attigerunt,
1821 2384 1996 2445 quam

343 2457 395 2519 ei
432 2456 719 2518 familiare
751 2455 830 2518 sit
875 2455 1218 2517 nominibus
1250 2456 1310 2517 in
1329 2478 1422 2519 κος
1456 2454 1868 2517 desinentibus
1890 2456 1993 2535 uti;

342 2546 403 2607 id
428 2546 681 2625 quod,ut
704 2546 1197 2625 monuimus,non
1218 2545 1483 2606 insolens
1515 2544 1652 2605 facit
1675 2544 1993 2621 interpres.

345 2634 538 2698 Voces
586 2636 805 2697 multas
839 2653 984 2716 quas
1032 2634 1345 2696 inusitatas
1369 2633 1524 2713 apud
1558 2633 1841 2696 Basilium
1866 2651 1997 2694 esse

345 2734 598 2787 etnovas
630 2723 1014 2805 putabam,in
1046 2723 1304 2785 Eusebio
1338 2724 1537 2803 legere
1571 2724 1993 2785 memineram.

344 2812 487 2895 Ejus
516 2813 755 2893 generis
804 2822 941 2874 sunt
981 2831 1177 2884 voces,
1226 2811 1568 2894 ἀσεϐήματα,
1621 2814 1756 2869 κατὰ
1802 2835 1997 2888 συναρ-

343 2904 546 2983 παγίν,
581 2902 940 2981 δεκάπληγος,
968 2909 1083 2965 etc.
1112 2905 1237 2965 lmo
1275 2921 1397 2963 non
1420 2902 1599 2983 verba
1630 2901 1853 2981 solum,
1891 2900 1996 2962 sed

343 2990 671 3054 sententias
702 2992 876 3053 etiam
913 2991 1070 3073 ipsas
1100 2991 1173 3053 ab
1208 2991 1465 3053 Eusebio
1503 2991 1720 3053 mutari
1752 2991 1898 3052 mihi
1919 2992 1999 3049 vi—

344 3080 688 3143 debatur.Et
703 3090 792 3155 ,ut
823 3081 1006 3143 multa
1024 3082 1582 3161 omittam,scriptor
1606 3081 1684 3142 ita
1705 3080 2000 3160 interpre-

2082 2299 2157 2332 ειν
2188 2280 2276 2333 τὸν
2310 2277 2540 2357 φύλακα,
2563 2280 2773 2354 μὴποτε
2804 2284 3066 2356 ταυγῶσιν
3103 2279 3263 2345 αὐτὴν
3289 2280 3335 2333 οἱ
3366 2275 3738 2354 παραπορευό-

2082 2387 2231 2441 μενοι
2263 2368 2360 2433 τὴν
2394 2366 2535 2429 ὁδόν,
2584 2365 2762 2426 ’³Οταν
2795 2367 2848 2424 δὲ
2895 2367 3129 2445 ἄκαρπος
3162 2372 3225 2449 ᾗ,
3255 2366 3537 2441 ἀμελεῖται
3568 2367 3729 2445 ἀναγ-

2081 2456 2244 2520 καίως
2290 2459 2387 2523 τῆς
2448 2458 2689 2533 ἀμπέλου
2732 2459 2797 2515 τὰ
2865 2457 3220 2538 φυλακτήρια,
3288 2459 3386 2513 Διὰ
3433 2467 3587 2516 τοῦτο
3644 2464 3737 2514 τοῦ

2084 2544 2480 2622 ἰσραηλιτικοῦ
2560 2546 2691 2603 λαοῦ
2745 2550 2844 2613 τηθ
2900 2547 3280 2626 ἐγκατάλειψιν
3353 2546 3592 2619 ἀπειλεῖ,
3658 2549 3730 2612 ὡς

2084 2634 2160 2709 μη
2221 2644 2678 2715 καρποτοροῦντος
2730 2638 2795 2693 τὰ
2854 2636 3230 2699 ἐπιϐάλλοντα,
3275 2640 3601 2713 Φοϐηθῶμεν
3646 2637 3735 2694 οὖν

2084 2724 2226 2780 εἶναι
2261 2724 2512 2804 ἄκαρποι,
2547 2728 2624 2801 μὴ
2665 2724 3167 2806 ἐγκαταλειφθῶμεν
3195 2729 3297 2786 ὕπὸ
3323 2727 3416 2793 τῆς
3446 2729 3610 2803 ὂργῆς
3643 2726 3736 2784 τοῦ

2086 2815 2239 2876 Θεοῦ.
2268 2816 2339 2873 Τὸ
2391 2814 2658 2894 φυλάσσον
2722 2818 2885 2894 ἡμᾶς,
2933 2819 2993 2872 τὸ
3027 2823 3241 2891 Πνεῦμα
3271 2818 3332 2874 τὸ
3363 2815 3513 2893 ἅγιόν
3567 2816 3733 2878 ἐστιν,

2082 2900 2263 2960 ’Ὅταν
2296 2905 2393 2979 μὲν
2426 2904 2516 2960 οῦν
2573 2912 2881 2983 καρποφορῇ
2921 2908 2949 2973 ἡ
2995 2906 3148 2985 ψυχὴ
3186 2903 3303 2971 ἄξια
3361 2905 3465 2961 τῶν
3514 2906 3737 2961 αἰωνίων

2081 2993 2389 3067 ἁποθηκῶν,
2445 2996 2734 3073 παραμένει
2795 2996 2881 3051 καὶ
2955 2994 3234 3075 φυλάσσει,
3311 2997 3397 3051 καί
3474 2994 3737 3072 πόρρωθεν

2082 3082 2317 3161 ἀπείργει
2347 3085 2441 3145 τὰς
2480 3092 2573 3141 τοῦ
2632 3091 2817 3157 μονιοῦ
2884 3092 2977 3142 τοῦ
3030 3086 3210 3163 ἀγρίιυ
3265 3082 3570 3147 ἐπιϐουλάς·
3608 3082 3735 3141 ὅταν

344 3179 499 3277 tatur
529 3171 1105 3277 ill.a(num.‘27.3).:.Et
1129 3173 1241 3233 erit
1277 3171 1552 3277 Babylon
1582 3188 1721 3272 quae.
1739 3176 1994 3271 vocatur

2081 3171 2140 3227 δὲ
2196 3174 2466 3252 σταφυλὴν
2513 3174 2686 3254 χολής
2744 3181 2983 3254 γεωργῇ⁷
3015 3176 3101 3230 καὶ
3131 3175 3317 3252 βότρυν
3369 3174 3579 3252 πικρίας
3636 3175 3733 3229 ἑκ·-

342 3260 569 3341 inclyta
588 3263 621 3313 5
644 3269 856 3342 etc.,ut
878 3260 1126 3322 dubium
1163 3280 1283 3322 non
1315 3261 1598 3323 haberem
1624 3260 1767 3340 quin
1796 3259 1994 3320 nomi-

2081 3262 2238 3343 φέρη,
2284 3262 2740 3341 ἔγκαταλιμπάειει
2781 3265 2878 3320 τὴν
2946 3263 3178 3341 ἄκαρπον
3237 3265 3445 3343 ψυχήν·
3480 3264 3564 3319 καὶ
3609 3263 3730 3319 τότε

343 3369 481 3411 num
515 3352 911 3430 quorumdam
946 3351 1479 3430 interpretationes
1536 3349 1889 3432 sumpsisset
1922 3349 1994 3411 ab

2081 3355 2182 3412 ὑπὸ
2243 3356 2439 3418 παντὸς
2493 3353 2756 3431 λογισμοῦ
2826 3352 3114 3428 θηριώδους
3164 3355 3251 3410 καὶ
3308 3354 3485 3419 πάσης
3540 3352 3737 3431 ἀλόγου

347 3439 783 3511 Eusebio.Quid
816 3441 1013 3519 plura?
1044 3440 1548 3501 Commentarium
1582 3439 1851 3520 eum,qui
1883 3459 1994 3500 no-

2082 3442 2356 3517 ἐπιθυμίας
2402 3456 2812 3506 καταπεσεϊται,
2876 3442 3165 3523 Πολλαχοῦ
3195 3445 3282 3501 καὶ
3312 3448 3576 3522 τροπικῶς
3620 3441 3731 3517 ἆμ-

346 3527 507 3589 mine
535 3528 739 3589 Basilii
764 3529 1203 3608 circumfertur,
1226 3529 1508 3590 attentius
1538 3548 1671 3590 cum
1706 3529 1991 3607 legerem.

348 3617 759 3699 eumdemque
782 3637 915 3679 cum
949 3616 1189 3679 Eusebii
1222 3620 1650 3679 commentario
1682 3618 2004 3697 diligenter

352 3707 969 3789 compararem,illius
1020 3718 1319 3769 auctorem
1356 3718 1712 3788 purumputo
1780 3707 2000 3788 plagia-

345 3798 499 3859 rium
534 3817 666 3860 esse
691 3797 1136 3879 comperi.Ejus
1158 3804 1247 3859 rei
1278 3817 1437 3859 nunc
1460 3797 1771 3877 subjiciam
1806 3816 1998 3858 exem-

345 3887 438 3967 pla
457 3887 660 3968 multa,
688 3907 756 3949 ex
788 3887 1007 3966 quibus
1036 3887 1337 3949 constabit
1373 3886 1793 3966 imperfectum
1828 3887 1991 3947 illum

348 3976 408 4037 in
440 3977 655 4040 Isaiam
689 3976 1183 4038 commentarium
1223 3996 1338 4038 non
1374 3994 1587 4055 magno
1637 3976 1725 4038 illi
1776 3976 1995 4038 Basilio

340 4066 691 4128 Caesariensi
725 4066 1145 4148 episcopo.sed
1167 4067 1338 4128 alteri
1371 4066 1558 4127 cuivis
1579 4066 1859 4145 scriptori
1884 4066 1994 4125 tri-

344 4155 650 4217 buendum
683 4156 1157 4220 esse.Neminem
1174 4157 1333 4218 enim
1362 4164 1499 4235 puto
1516 4156 1817 4217 hominem
1838 4157 1989 4226 fore,

345 4245 447 4323 qui
481 4254 598 4306 tam
627 4245 862 4327 iniquus
886 4247 962 4307 sit
1001 4265 1202 4307 rerum
1236 4247 1580 4321 aestimator,
1612 4254 1676 4306 ut
1706 4245 1991 4307 Basilium

345 4338 622 4414 Magnum
658 4336 813 4397 inter
846 4336 1107 4413 insignes
1138 4336 1453 4416 plagiarios
1485 4354 1802 4397 recensere
1832 4336 1989 4397 velit.

341 4426 690 4505 Exemplum
716 4424 977 4507 primum
1003 4444 1070 4486 ex
1096 4424 1223 4503 ipso
1239 4424 1555 4486 Eusebiani
1575 4424 1996 4488 commentarii

2080 3530 2296 3587 πελῶνα
2354 3533 2445 3587 τὸν
2496 3531 2710 3609 Ἰσραὴλ
2770 3535 2797 3588 6
2843 3532 3004 3609 λόγος
3056 3534 3457 3611 προσαγορεόει’
3514 3534 3586 3594 ὡς
3646 3534 3728 3587 τό·

2089 3616 2380 3692 ’Ἄμπελον
2463 3619 2514 3685 ἐξ
2579 3622 2842 3697 Αἰγύπτου
2901 3623 3159 3698 μετήραςο
3248 3624 3377 3693 καὶ,
3451 3619 3732 3695 Ἀμπελὼν

2086 3707 2312 3785 ἐγενήθη
2385 3714 2463 3781 τῷ
2527 3709 2889 3786 ἠγαπημένῳ·
2967 3712 3081 3788 καὶ,
3140 3709 3285 3788 Ἐγὼ
3354 3709 3408 3765 δὲ
3476 3710 3733 3788 ἐφύτευσά

2086 3821 2143 3855 σε
2200 3797 2443 3873 ἄμπελον
2524 3800 2861 3879 καρποφόρον
2896 3848 2911 3879 ,
2970 3806 3144 3856 πᾶσαν
3200 3799 3481 3870 ἀληθινήν,
3554 3801 3609 3854 Εἰ
3679 3796 3732 3854 δὲ

2086 3891 2112 3945 6
2174 3886 2387 3967 ’[σραιῖλ
2432 3887 2716 3965 ἁμπελὼν,
2777 3890 2951 3956 σκηνή
2998 3894 3094 3955 νῆς
3148 3889 3392 3963 ἀμπέλου
3464 3891 3659 3957 ταύτης
3705 3891 3732 3945 ὃ

2082 3978 2236 4040 οἶκος
2297 3979 2442 4057 τάχα
2486 3980 2513 4032 6
2551 3985 2643 4034 τοῦ
2687 3985 2835 4036 ναοῦ.
2875 3979 3146 4053 Σκήνωμα
3180 3980 3278 4057 γὰρ
3308 3976 3461 4045 δόξης
3494 3977 3731 4058 ἐλέγετο,

2080 4069 2166 4123 καὶ
2244 4069 2504 4142 σκήνωμα
2540 4113 2557 4140 ,
2635 4070 2695 4122 οὗ
2773 4070 3179 4137 κατεσκήνωσεν
3267 4069 3321 4124 ἐι
3408 4068 3729 4147 ἀνθρὼποις’

2079 4154 2237 4219 ’Ἕως
2287 4158 2384 4231 μὲν
2437 4158 2525 4211 οὖν
2575 4154 2663 4211 ὅτε
2695 4156 2861 4213 ἐποίει
2896 4160 3094 4236 καρπὸν
3140 4157 3325 4232 πολὺν,
3372 4160 3522 4226 καὶὴ
3557 4159 3731 4226 σκηνὴ

2079 4244 2160 4301 διὰ
2192 4247 2289 4313 τὴν
2332 4246 2438 4301 τῶν
2481 4253 2699 4325 καρπῶν
2752 4244 2993 4325 φυλακην
3054 4249 3414 4316 συνειστῆκει·
3447 4249 3558 4303 ἐπεὶ
3604 4246 3659 4302 δὲ
3704 4250 3731 4303 6

2079 4336 2337 4416 φυτεύσας
2385 4338 2549 4402 αὐτὴν
2584 4334 2755 4409 ἕμεὶνε
2788 4345 2881 4392 τοῦ
2934 4343 3155 4403 ποιῆσαι
3214 4336 3508 4416 σταφυλὴν,
3542 4336 3732 4404 ἐποίη-

2078 4447 2137 4481 σε
2189 4427 2280 4481 καὶ
2326 4426 2579 4499 ἀκάνθας,
2644 4430 2734 4489 αἶς
2795 4428 2885 4481 τὸν
2957 4425 3148 4503 Κύριον
3206 4428 3597 4508 ἐστεφάνωσαν,
3644 4429 3733 4484 καὶ

342 4513 510 4576 initio
544 4514 868 4595 petam.Sic
901 4515 1080 4596 igitur
1110 4516 1379 4595 loquitur
1426 4514 1713 4576 Eusebius
1749 4536 1763 4578 :
1798 4517 1994 4572 Σύνθε-

2081 4517 2313 4596 ὲστράφτ.
2365 4524 2510 4571 πᾶσα
2567 4518 2638 4577 εἰς
2720 4516 2957 4595 πικρίαν·
3022 4519 3239 4585 εποίησε
3294 4522 3391 4596 γὰρ
3461 4518 3734 4596 σταφυλὴν

340 4627 430 4669 τος
477 4609 504 4662 6
535 4605 807 4685 ἅνθρωπος
855 4605 915 4661 ἐκ
943 4610 1128 4686 ψυχῆς
1183 4608 1269 4662 καὶ
1318 4609 1594 4681 σώματας,
1642 4609 1676 4674 ἡ
1720 4605 1844 4684 σὰρξ
1890 4607 1995 4662 ἀπὸ

338 4700 435 4762 τῆς
494 4699 623 4776 γῆς,
668 4698 702 4764 ἡ
736 4696 891 4776 ψυχὴ
925 4698 1160 4772 οὐρανία.
1214 4694 1363 4753 Ἐπεὶ
1416 4697 1504 4753 οῦν
1548 4698 1677 4775 πρὸς
1724 4694 1994 4774 eaedem

341 4786 569 4853 αῦτῶνή
615 4786 895 4866 συγγένειά
951 4787 1112 4858 ἑσθιν,
1145 4788 1231 4842 επὶ
1289 4793 1394 4842 τῶν
1456 4787 1791 4843 οἰκειοτάτων
1838 4785 1995 4842 αὒτοῦ

339 4874 439 4940 τὴν
495 4878 779 4952 μαρτυρίαν
824 4874 1040 4955 ἐλέγχει
1122 4876 1273 4939 Υίοὺς
1332 4877 1593 4953 ἐγέννησα
1638 4878 1725 4931 καὶ
1778 4873 1988 4950 ὕψωσα.

342 4966 641 5032 Γεννήαεως
676 4961 796 5030 εἴδη
828 4963 939 5038 δύο,
981 4966 1015 5031 ἡ
1062 4965 1158 5039 μὲν
1201 4969 1234 5033 ἡ
1268 4970 1403 5021 κατα
1462 4968 1590 5021 Θεὸν
1633 4967 1907 5043 μόρφωσις
1938 4964 1989 5030 ἒξ

342 5051 510 5131 ἔργων
569 5055 657 5113 καὶ
715 5052 1031 5133 παραδοχῆς
1093 5052 1373 5131 δογμάτων
1446 5054 1852 5129 ἐπιτελουμέιη·
1915 5057 1989 5119 ὡς

339 5149 498 5220 γεννᾷ
555 5142 756 5209 Παῦλος
840 5140 905 5198 δι’
988 5143 1308 5223 Εὗαγγελίου
1388 5147 1508 5209 τοὺς
1587 5146 1826 5220 μαθητὰς
1888 5147 1986 5201 αὒ-

338 5242 451 5294 τοῦ.
493 5255 513 5288 ι
554 5231 745 5293 Homo
776 5249 845 5292 ex
879 5232 1079 5294 anima
1103 5242 1158 5292 et
1193 5252 1444 5313 corpore
1468 5235 1819 5295 constitutus
1845 5243 1934 5296 est
1969 5255 1982 5297 :

340 5337 476 5382 caro
530 5339 598 5383 ex
635 5331 815 5400 terra,
851 5322 1050 5382 anima
1079 5321 1339 5383 (scelestis
1373 5325 1624 5387 exsistit.
1671 5324 1819 5397 Quia
1850 5341 1986 5385 vero

338 5428 471 5471 cum
506 5420 760 5491 utroque
783 5427 989 5471 eorum
1016 5412 1432 5490 cognationem
1467 5414 1644 5476 habet
1669 5414 1988 5487 homo,cir-

339 5516 410 5561 ca
439 5518 508 5561 ea
530 5518 665 5581 quae
683 5498 799 5581 ipsi
820 5499 1077 5561 maxime
1100 5501 1341 5581 propria
1361 5504 1863 5586 sunt,testimonio
1879 5522 1986 5567 suo

416 5671 449 5722 ὅ
476 5671 590 5733 lsa.
627 5686 756 5744 xm,
794 5671 893 5734 t9.
977 5669 1011 5722 ϐ
1039 5672 1154 5736 lsa.
1187 5688 1231 5749 ι,
1259 5673 1319 5737 2.
1406 5672 1437 5726 7
1473 5674 1621 5739 ibid.
1660 5677 1719 5740 8.

2081 4604 2257 4685 χολῆς
2290 4607 2376 4661 καὶ
2406 4607 2593 4685 βότρυν
2625 4610 2858 4683 πικρίας.
2913 4608 3012 4662 Διὸ
3056 4610 3141 4664 καὶ
3171 4609 3243 4671 είς
3299 4611 3359 4663 τὸ
3382 4610 3571 4684 βρῶμα
3599 4606 3730 4664 ἔδων

2078 4717 2177 4751 καν
2231 4703 2306 4768 τῷ
2359 4696 2527 4774 Κυρίῳ
2583 4695 2783 4775 χολήν.
2866 4698 2963 4751 Διὰ
3033 4700 3188 4755 τοῦτο
3259 4698 3640 4776 ἐγκατελείφθη

2078 4785 2254 4852 σκηνὴ
2311 4792 2402 4841 τοῦ
2473 4785 2819 4859 ἀμπελῶνος,
2881 4784 3015 4843 ἰδοὺ
3072 4788 3195 4864 γὰρ,
3260 4788 3472 4865 φησὶν,
3524 4787 3732 4865 ἀφίεται

2078 4876 2206 4949 ὑμῖν
2239 4878 2454 4940 ὁτοῖκος
2502 4876 2652 4949 ὑμῶν
2700 4874 2921 4952 ἕρημος,
2971 4875 3101 4933 Τότε
3142 4875 3426 4945 ἐπληρώθη
3489 4878 3522 4942 ἡ
3568 4876 3728 4931 ἀπειρ-

2077 4963 2145 5031 λὴ
2215 4963 2371 5030 αὕτη
2430 4963 2847 5043 Ἐγκατελεινρθη
2906 4965 3004 5042 γὰρ
3065 4966 3135 5030 ὡς
3186 4967 3363 5031 σκηνὶΙ
3434 4965 3487 5020 ἐν
3546 4964 3729 5037 ἀμπε-

2073 5053 2223 5115 λῶνί,
2271 5051 2359 5119 ἘΞ
2392 5054 2588 5110 ἐκείνου
2619 5057 2807 5110 λοιπὸν
2863 5058 2946 5109 καὶ
2997 5068 3116 5116 ταῖς
3162 5054 3404 5133 νεφέλαις
3462 5054 3731 5111 ἒντείλατο

2071 5150 2162 5200 τοῦ
2194 5145 2271 5218 μὴ
2328 5143 2503 5221 βρέξαι
2548 5145 2632 5198 ἐπὶ
2675 5144 2767 5199 τὸν
2814 5142 3126 5217 ἀμπελῶνα.
3195 5146 3294 5200 Διὰ
3343 5154 3497 5202 τοῦτο
3555 5146 3730 5203 οὒκέτι

2070 5236 2337 5311 προφῆται
2397 5231 2525 5304 παρ’
2594 5235 2800 5305 αὐτοῖς,
2868 5232 3040 5288 οὐκέτι
3097 5238 3305 5311 οὖρα-ιια
3348 5236 3510 5315 χάρις
3590 5234 3730 5291 ἀλλὰ

2072 5322 2287 5401 γέγονεν
2345 5324 2417 5385 εἰς
2469 5321 2663 5401 χέρσον
2711 5324 2797 5378 καὶ
2856 5324 3245 5399 καταπάτημα,
3292 5325 3347 5382 οῗ
3404 5348 3460 5383 τε
3494 5332 3729 5405 φραγμοί

2071 5420 2163 5469 τοῦ
2224 5413 2354 5468 ναοῦ
2399 5411 2598 5467 ἐκείνου
2645 5412 3039 5491 καθῃρέθησαν,
3100 5416 3128 5470 ὁ
3170 5415 3570 5493 ιὸπὲρασπισμὸς
3621 5422 3726 5471 τῶν

2072 5504 2236 5581 ἁγίων
2266 5499 2558 5576 δυνάμεων,
2607 5498 2702 5557 κᾶἱν
2746 5523 2797 5557 τι
2850 5501 3182 5583 ἐργάσωνται
3230 5506 3369 5562 κατὰ
3412 5505 3505 5561 τὸν
3536 5504 3723 5580 νόμον,
