4174 6436
1379 372 1446 435 D.
1495 373 1655 435 JUL.
1704 370 2086 436 GARNERII
2134 369 2556 435 PREFATIO.
3524 387 3724 439 ccxxv

331 514 429 579 τῆς
490 506 833 578 διαλεκτικῆς
895 514 1045 587 φύσις
1118 512 1352 587 μάλιστα
1410 513 1752 569 πεπίστευται
1817 527 1980 567 ταυτι

2076 503 2381 565 oentesimi
2418 504 2546 566 fuse
2578 512 2637 566 et
2669 505 3089 585 intempestive
3142 504 3259 567 sibi
3308 505 3727 587 explicandam

333 600 594 681 παρέχειν
665 600 932 675 δύνασθαι,
968 602 1191 681 διαιρεῖν
1235 600 1454 679 ἀκριϐῶι
1521 604 1615 664 τὰς
1683 626 1787 657 των
1839 623 1979 677 πρα-

2076 591 2630 672 proposuissemch
2652 605 2813 658 certe
2846 580 3126 676 scriptori
3153 580 3734 674 ultimae-sortismon

333 716 358 767 γ
382 691 562 764 μάτων
597 692 796 771 ιρέσεις,
832 694 919 747 καὶ
951 694 1013 747 τὰ
1047 692 1205 766 ὅμοια
1261 693 1548 767 γνωρίζειν,
1586 694 1671 746 καὶ
1730 694 1794 745 τὰ
1856 692 1982 746 ἑαυ-

2076 684 2289 744 oratori
2313 683 2520 763 primze
2555 694 2711 748 nota;
2741 690 2804 747 in
2838 693 3101 748 mentem
3134 684 3339 747 venire
3370 692 3722 764 potuerunt.

333 786 431 846 τῆς
488 778 797 857 διακρίνειν.
868 783 1061 859 Διόπερ
1132 780 1377 844 συνειδὼς
1457 783 1627 853 ἑαυῖῴ
1686 783 1783 846 τὴν
1845 782 1984 836 Οείαν

336 867 672 936 διαλεκτικὴν
746 870 951 950 ἔχοντι,
1020 870 1199 947 ἔλεγεν
1247 873 1273 925 ὸ
1338 869 1493 926 Δαὸἶδ
1551 873 1635 949 τὸ,
1715 870 1984 935 Ἠδυνθείη

2153 862 2217 925 (il
2239 862 2499 925 .Eusebii
2522 866 2989 928 commentarios
3015 874 3074 927 et
3098 862 3554 946 pseudo-Basilii
3589 883 3726 926 cum

339 961 480 1025 σοιὴ
514 957 734 1038 διαλογὴ
770 984 896 1034 μοι),
952 962 1015 1016 Ἠ
1056 962 1154 1038 γὰρ
1212 961 1317 1016 τῶν
1376 960 1651 1038 ἐριστικῶς
1701 963 1785 1017 καὶ
1842 959 1990 1040 φιλο-

2076 952 2417 1029 considero,
2452 973 2571 1014 non
2606 974 2841 1034 possum
2877 956 3019 1035 quin
3054 954 3295 1015 credam
3333 954 3493 1014 hunc
3523 954 3596 1014 ab
3632 955 3731 1017 illo

339 1050 519 1111 νείκως
601 1048 1029 1123 ἐπεμϐαινόντων
1113 1064 1229 1107 τοῖς
1303 1053 1577 1127 πράγμασι
1651 1048 1984 1115 διαλεκτικὴ.

2076 1042 2390 1101 maximam
2417 1043 2508 1103 sui
2530 1051 2729 1122 operis
2754 1054 2981 1124 partem
3010 1043 3083 1106 ad
3104 1043 3349 1104 verbum
3376 1042 3727 1125 sumpsisse.

337 1139 439 1217 οὐχ
496 1136 675 1216 ἡδεῖα,
712 1138 849 1194 ἀλλὰ
881 1140 1376 1217 παραπικραίνουσά
1417 1141 1493 1203 τίς
1550 1142 1715 1196 ἔστιν.
1763 1161 1785 1191 ιι
1826 1138 1990 1199 Multi

2076 1132 2257 1192 Tanta
2283 1139 2372 1191 est
2394 1134 2552 1192 enim
2572 1133 2630 1193 in
2655 1140 2907 1213 utroque
2927 1133 3359 1215 commentario
3374 1132 3731 1194 convenien-

338 1234 593 1304 quaastus
620 1245 800 1286 causa
838 1244 1117 1305 perverse
1144 1226 1373 1305 judicia
1397 1226 1620 1301 ferunt,
1646 1227 1751 1287 sed
1789 1236 1848 1288 et
1879 1244 1989 1287 an—
2078 1220 2155 1281 tia
2187 1220 2343 1299 styli,
2374 1230 2658 1301 tantaque
2687 1223 3040 1300 similitudo,
3076 1222 3133 1284 id
3187 1232 3247 1283 ut
3293 1221 3437 1282 mihi
3484 1223 3728 1283 minime

338 1321 577 1391 tequam
612 1333 717 1394 per
743 1325 1083 1375 accuratum
1111 1334 1359 1377 examen
1384 1327 1439 1377 et
1468 1317 1988 1397 perquigiﬁonem,
2075 1307 2321 1369 dubium
2352 1328 2488 1370 esse
2517 1311 2809 1375 videatur.
2831 1313 2945 1375 Sed
2977 1331 3109 1374 cum
3137 1330 3273 1393 pars
3300 1311 3581 1373 duntaxat
3601 1310 3725 1372 Eu-

337 1421 454 1478 qua
483 1403 558 1463 de
589 1423 653 1463 re
684 1412 890 1480 agatur
923 1404 1281 1481 intelligant,
1313 1414 1542 1467 temere
1566 1406 1814 1485 singulis
1845 1424 1990 1467 sen—
2076 1397 2306 1459 sebiani
2338 1401 2753 1462 commentarii
2807 1402 2877 1462 ad
2915 1421 3022 1463 nos
3050 1401 3411 1483 pervenerit,
3445 1420 3623 1481 quam
3658 1420 3727 1462 ex

341 1490 546 1551 tentiis
565 1511 877 1552 assensum
916 1492 1200 1570 praebent.
1236 1494 1307 1556 At
1337 1513 1405 1555 ea
1429 1495 1756 1557 dialecticae
1786 1505 1993 1556 natura
2077 1488 2302 1548 catenis
2357 1489 2648 1551 edendam
2712 1493 2936 1552 curavit
2993 1491 3493 1558 Montfauconius.
3529 1490 3733 1552 omnia

338 1587 453 1647 est,
483 1588 545 1639 ut
563 1598 760 1641 rerum
784 1591 1020 1643 naturas
1044 1593 1319 1644 accurate
1339 1584 1834 1664 distinguendi,et
1859 1603 1992 1663 quae
2076 1576 2545 1655 pseudo-Basilii
2578 1579 2732 1642 furta
2762 1582 3045 1658 detegere
3080 1581 3302 1643 frustra
3332 1598 3718 1643 conaremur.
3798 1632 3801 1635 ι

337 1668 407 1727 ad
444 1685 507 1728 se
544 1669 883 1748 pertineant
918 1672 1298 1734 discernendi
1332 1674 1676 1737 facultatem
1712 1685 1989 1755 praestare
2074 1667 2351 1727 Altamen
2385 1678 2600 1747 praeter
2622 1687 2690 1729 ea
2712 1671 2986 1749 quaejam
3013 1668 3559 1749 notavimus,etalia
3582 1688 3722 1749 quo-

337 1775 511 1837 posse
543 1769 804 1839 putetur.
840 1761 1235 1832 Quamobrem
1277 1763 1448 1824 David
1507 1783 1638 1825 cum
1673 1783 1738 1826 se
1790 1766 1990 1827 divina
2073 1773 2187 1834 que
2221 1776 2337 1817 non
2375 1776 2560 1837 pauca
2594 1760 2803 1819 eodem
2838 1779 2909 1821 ex
2965 1760 3125 1821 fonte
3156 1760 3229 1821 ab
3255 1760 3467 1820 eodem
3520 1760 3730 1822 hausta

335 1847 650 1908 dialectica
682 1850 1039 1912 instructum
1075 1872 1208 1914 esse
1258 1864 1669 1933 cognosceret,
1708 1854 1983 1918 dicebat:

2076 1862 2207 1905 esse
2242 1846 2403 1908 nullo
2450 1848 2707 1926 negotio,
2749 1848 2863 1909 nisi
2913 1849 3083 1909 valde
3144 1847 3334 1920 fallor,
3363 1849 3727 1927 pervincam.

333 1939 681 1998 JuCundum
703 1943 779 1999 sit
804 1939 917 2000 tibi
938 1941 1243 2020 eloquium
1276 1961 1494 2015 meum,
1529 1943 1652 2004 sive
1672 1945 1991 2007 dialectica

339 2044 490 2086 mea.
516 2023 660 2087 Nam
693 2029 1003 2091 dialectica
1033 2050 1242 2092 eorum
1276 2033 1377 2113 qui
1401 2034 1732 2095 altercandi
1755 2053 1821 2095 ac
1842 2054 1986 2095 con-

339 2116 622 2177 tendendi
645 2117 844 2179 animo
873 2138 968 2181 res
992 2122 1990 2204 aggrediuntur,nonjucunda,sed

343 2204 540 2283 potius
564 2224 927 2286 exaspernns
951 2220 1097 2272 est.»
1120 2210 1187 2271 Et
1214 2212 1337 2273 Ιιιξιιτ
1359 2231 1596 2292 quoque
1625 2214 1995 2292 pseudo-Ba-

344 2293 517 2353 silius
537 2294 595 2353 iu
621 2314 790 2356 suum
819 2302 1310 2363 commentarium
1337 2302 1659 2363 transferre
1684 2322 1800 2364 non
1826 2304 1995 2365 dubi-

344 2383 481 2443 tavit
509 2395 705 2462 (num.
748 2387 912 2467 173),
938 2408 1069 2448 cum
1107 2390 1227 2471 illa,
1275 2391 1363 2452 νω
1395 2394 1501 2470 qui
1528 2394 1733 2455 dicitis
1761 2397 1992 2455 malum

344 2470 1115 2556 bonttm93,etc.,cxplicaret
1144 2478 1494 2561 Exemplum
1513 2481 1779 2542 ultimum
1799 2491 1990 2562 petam

342 2578 373 2620 e
404 2562 631 2640 psalmo
664 2572 991 2627 centesimo
1022 2570 1314 2643 secundo,
1344 2571 1513 2649 cujus
1536 2571 1770 2631 initium
1803 2572 1995 2634 sicin-

340 2658 700 2730 terpretatur
731 2653 1067 2720 Eusebius:
1105 2669 1232 2721 Τοϊς
1294 2661 1441 2723 ἐντὸς
1504 2665 1661 2720 αὑτοῦ
1719 2665 1990 2738 προστάσ-

339 2762 417 2796 σει
472 2741 715 2820 εὐλογεῖν
776 2747 837 2800 τὸ
919 2745 1085 2822 ὄνομα
1150 2751 1356 2821 Κυρίου,
1421 2751 1657 2807 τουτέστι
1724 2759 1788 2828 τῇ
1843 2754 1991 2831 φύσει

336 2832 443 2885 τῶν
503 2830 695 2888 ἔσωθεν
749 2833 1112 2914 ἐξερχομένων
1169 2838 1553 2917 διαλογισμῶν,
1620 2843 1695 2893 ὧν
1775 2830 1990 2899 διττλοῡν

2076 1932 2297 1997 Monuit
2320 1936 2380 1998 in
2406 1937 2561 1999 notis
2586 1937 2708 1999 suis
2738 1939 2898 2000 idem
2921 1938 3232 2015 ille,quem
3257 1956 3391 1997 mox
3406 1936 3728 2013 nominavi,

2075 2023 2416 2087 Bernardus
2445 2026 2943 2101 Montfauconius,
2977 2027 3402 2107 Hieronymum
3437 2026 3621 2087 multa
3652 2044 3726 2087 ex

2080 2115 2322 2176 Eusebii
2354 2122 2421 2179 in
2445 2116 2673 2180 Isaiam
2711 2118 3142 2181 commentario
3200 2119 3273 2178 ad
3325 2114 3573 2178 verbum
3603 2116 3730 2178 fere

2078 2206 2467 2280 convertisse,
2502 2226 2690 2287 eaque
2719 2209 2778 2269 in
2811 2227 2985 2269 suum
3020 2205 3429 2268 transtulisse:
3467 2206 3624 2286 quod
3657 2224 3730 2268 ex

2080 2293 2349 2356 locorum
2382 2297 2703 2360 collatione
2729 2300 3107 2379 perspicuum
3141 2305 3251 2358 est.
3280 2297 3433 2375 Ergo
3456 2297 3505 2357 si
3525 2305 3727 2357 osten-

2082 2384 2228 2445 dero
2255 2386 2442 2448 multa
2470 2387 2588 2467 legi
2620 2390 2777 2468 apud
2812 2386 3265 2469 Hieronymum,
3289 2404 3420 2467 qua;
3436 2395 3641 2465 aperte
3658 2404 3729 2447 ex

2081 2472 2551 2553 pseudo—Basilii
2582 2476 3029 2538 commentariis
3055 2494 3333 2556 expressa
3355 2476 3493 2548 sint,
3498 2474 3637 2554 jure
3661 2494 3731 2538 ac

2079 2562 2291 2624 merito
2315 2575 2568 2645 uterque
2589 2577 2709 2626 tum
2735 2564 3134 2646 Hieronymus
3157 2574 3281 2626 tum
3309 2565 3726 2645 pseudo-Basi-

2079 2649 2195 2712 lius
2218 2653 2342 2713 baac
2372 2652 2447 2714 ab
2479 2654 2736 2717 Eusebio
2796 2655 3127 2736 sumpsisse
3188 2653 3571 2735 putabuntur.
3606 2653 3730 2717 Nec

2078 2758 2437 2819 quemquam
2471 2744 2769 2806 dicturum
2795 2744 3397 2826 puto,Hieronymum
3433 2744 3729 2824 ejusmodi

2074 2827 2203 2891 loca
2227 2850 2298 2893 ex
2329 2832 2443 2894 hoc
2476 2833 2602 2913 ipso
2635 2836 2735 2914 qni
2767 2834 2972 2896 Basilii
3008 2836 3253 2895 nomine
3311 2834 3728 2896 circumfertur

338 2922 448 2977 ἐστι
531 2924 592 2978 τὸ
675 2926 875 3003 ταγμα.
940 2930 999 2984 Οἱ
1060 2931 1157 3000 μὲν
1217 2931 1317 3006 γὰρ
1388 2933 1658 3010 μοχθηροί
1719 2933 1840 3005 εἰσι,
1889 2936 1988 3013 φό-

2076 2923 2508 2984 commentario
2554 2925 2815 2986 mutuari
2843 2925 3130 3004 potuisse,
3163 2942 3299 2985 cum
3339 2923 3400 2984 id
3431 2943 3580 3004 opus
3613 2924 3729 3006 ipsi

337 3035 443 3091 νοι,
518 3029 794 3093 μοιχεῖαι,
849 3016 1068 3074 κλοπαί*
1105 3021 1151 3076 οἱ
1196 3018 1249 3074 δὲ
1299 3021 1505 3077 ἀστεῖοι
1565 3024 1651 3078 καὶ
1709 3012 1986 3103 σωτήριοι,

2076 3017 2281 3072 notum
2297 3029 2415 3073 non
2436 3012 2618 3075 fuisse
2632 3012 3367 3095 videamus.Hieronymus
3381 3015 3541 3075 enim
3559 3015 3727 3076 Isaias

338 3100 723 3181 φιλανθρωπία,
786 3109 1122 3188 σωφροσύνη,
1183 3112 1244 3167 τὸ
1301 3113 1635 3171 κοινωνικόν,
1697 3108 1759 3195 ᾯ
1815 3098 1988 3171 τοίνον

2076 3098 2431 3182 interpretes
2448 3100 2510 3163 in
2532 3121 2640 3166 suo
2668 3104 2912 3183 prologo
2937 3104 3427 3182 recensens,ejus
3448 3105 3550 3184 qui
3570 3105 3731 3165 Basi-

340 3191 509 3246 πάντα
538 3193 602 3248 τὰ
634 3193 781 3258 ἐντὸς
813 3199 1153 3275 κατώρθωται
1210 3202 1281 3263 εἷς
1327 3202 1651 3276 ἑτοιμότητα
1708 3189 1801 3260 τοῦ
1832 3203 1986 3261 εὔλο-
2007 3210 2047 3260 C
2073 3189 2136 3251 lii
2150 3210 2370 3253 nomen
2385 3192 3293 3273 Ρτὲἓῖθνιοοῐηῐηθηῑπίίηυηᾶῐῐι
3307 3194 3552 3256 omnino
3568 3212 3731 3256 Πιθη-

338 3293 458 3356 γεϊν
490 3282 551 3336 τὸ
578 3280 745 3357 ὄνομα
770 3295 861 3344 τοῦ
911 3294 1040 3342 Θεο·›
1090 3291 1150 3344 τὸ
1196 3288 1367 3365 ἅγιον,
1403 3293 1557 3354 οὗτος
1614 3292 1792 3357 καλῶς
1848 3316 1989 3369 συμ-

339 3369 745 3445 παραλαμϐάνει
805 3377 903 3440 τὴν
961 3376 1105 3433 ἔνδον
1164 3376 1414 3457 διάθεσιν,
1477 3382 1550 3443 εἰς
1583 3381 1681 3447 τὴν
1739 3389 1830 3438 τοῦ
1861 3389 1991 3440 Θεοῦ

339 3460 703 3548 εὐχαριστίαν.
775 3484 796 3515 α
835 3460 1069 3523 Nomini
1104 3466 1339 3526 Domini
1397 3466 1762 3530 benedicere
1819 3469 1990 3548 jubet

340 3544 629 3607 interiora
652 3566 785 3622 sua,
808 3550 867 3609 id
893 3560 983 3611 est
1013 3553 1405 3627 cogitationes
1436 3573 1595 3634 suas,
1631 3575 1764 3635 quae
1788 3544 1862 3618 ab
1892 3558 1991 3619 in-

341 3640 431 3693 tus
467 3638 816 3719 procednnt,
849 3657 1096 3718 quarum
1121 3642 1336 3722 duplex
1358 3656 1447 3705 est
1480 3644 1813 3707 ordoAliaa
1834 3646 1992 3708 enim

341 3740 535 3803 prava:
592 3736 752 3800 sunt,
781 3747 1001 3809 nempe
1044 3731 1262 3805 caedes,
1297 3732 1725 3795 fornicationes
1755 3743 1813 3797 et
1843 3735 1996 3797 furta

339 3820 713 3906 spectantes;
748 3817 880 3878 alia;
920 3837 1058 3880 vero
1092 3820 1339 3883 urbanm
1369 3830 1426 3883 et
1457 3823 1995 3906 salutares,nempe

338 3901 696 3996 humanitas,
737 3912 1134 3988 temperantia
1166 3920 1221 3971 et
1254 3913 1672 3976 communitas.
1707 3913 1763 3974 Is
1799 3901 1993 3996 itaque

338 3992 506 4071 cujus
533 3996 733 4057 omnia
753 3996 1041 4059 interiora
1060 4013 1226 4061 recta
1247 4008 1386 4061 sunt
1408 4010 1464 4063 et
1490 4010 1691 4081 parata
1712 4003 1783 4063 ad
1816 3992 1996 4066 bene-

2075 3278 2296 3342 tionem
2330 3281 2488 3345 facit.
2517 3284 2723 3363 Neque
2752 3301 2893 3345 vero
2921 3279 3087 3345 credi
3121 3282 3330 3344 merito
3366 3290 3559 3365 potest
3590 3284 3728 3346 Hie-

2073 3372 2511 3450 ronymusideo
2546 3372 2620 3432 de
2653 3373 2765 3434 hoc
2791 3372 3224 3434 commentario
3272 3381 3492 3448 tacere,
3521 3381 3585 3434 ut
3611 3391 3717 3435 sua

2076 3457 2230 3519 furta
2260 3460 2453 3538 celet;
2488 3480 2623 3522 cum
2651 3461 2725 3523 de
2762 3461 3097 3523 Eusebiano
3139 3462 3569 3523 commentario
3624 3464 3717 3523 lo-

2079 3555 2313 3626 quatur,
2351 3568 2383 3610 e
2414 3568 2529 3629 quo
2564 3551 2858 3631 permulta
2887 3559 3238 3612 convertere
3294 3569 3411 3610 non
3467 3551 3720 3618 dubitat.

2078 3633 2308 3698 Rursus
2342 3638 2559 3699 dixerit
2609 3657 2810 3714 nemo,
2849 3639 3184 3719 imperfecti
3218 3640 3376 3700 illius
3408 3658 3722 3702 commen-

2082 3724 2212 3786 tarii
2242 3734 2544 3789 auctorem
2581 3746 2651 3788 ea
2709 3746 2840 3807 quae
2900 3727 3117 3790 Latine
3150 3730 3209 3787 in
3241 3727 3599 3807 Hieronymo
3632 3732 3723 3791 le-

2077 3815 2474 3894 gerat,Gr:ece
2497 3816 3314 3879 reddidisse.Alienissimum
3342 3816 3571 3879 enimid
3593 3837 3726 3882 esse

2076 3923 2109 3965 a
2140 3903 2480 3966 Grmcorum
2516 3905 2779 3967 moribus
2839 3923 3071 3986 omnes,
3102 3913 3169 3965 ut
3227 3906 3459 3986 opinor,
3492 3906 3712 3970 sciunt.

2078 3997 2372 4057 Praeterea
2428 4015 2563 4057 cum
2623 4003 2927 4058 exstarent
2977 3996 3348 4076 temporibus
3378 3996 3501 4059 illis
3556 3998 3725 4059 multi

339 4081 656 4144 dicendum
680 4088 905 4148 nomini
934 4098 1137 4150 sancto
1170 4088 1296 4169 Dei,
1330 4090 1603 4153 interiori
1632 4110 1739 4153 suo
1772 4093 1983 4155 affectu
2077 4082 2265 4147 Graeci
2289 4087 2348 4146 in
2372 4086 2581 4148 Isaiam
2611 4086 3302 4161 commentarii,dubium
3328 4105 3448 4146 non
3469 4095 3559 4148 est
3581 4095 3723 4168 quin

340 4181 497 4260 recte
525 4174 706 4235 utitur
737 4176 810 4237 ad
842 4177 1167 4254 gratiarum
1203 4181 1464 4242 actiones
1495 4180 1616 4243 Deo
1641 4183 1921 4260 agendas.
1956 4210 1978 4241 ιι
2078 4175 2333 4256 scriptor
2362 4180 2602 4240 Graecus
2652 4174 2888 4239 Graecos
2936 4177 3130 4256 potius
3180 4176 3518 4257 compilarit
3549 4196 3726 4257 quam

342 4257 736 4353 Haectotidem
761 4265 999 4345 syllabis
1014 4257 1725 4349 etvocibusreperiuntnir
1740 4272 1984 4353 quidem
2081 4282 2262 4325 unum
2289 4265 2549 4343 aliquem
2584 4266 2944 4347 scriptorem
2971 4265 3263 4328 Latinum.
3286 4267 3604 4347 Reliquum
3639 4278 3729 4329 est

339 4349 492 4427 apud
521 4352 1075 4429 pseudo-Basiliam
1100 4358 1294 4436 (num.
1318 4349 1823 4439 314),verbailla:
1851 4364 1989 4426 Ideo
2080 4354 2257 4433 igitur
2290 4364 2353 4417 ut
2383 4365 2657 4438 uterque,
2692 4356 3087 4437 Hieronymus
3119 4366 3177 4418 et
3207 4355 3727 4437 pseudo-Basilius

337 4446 522 4526 center
543 4455 694 4497 meus
719 4458 882 4516 super
899 4443 1050 4502 Moab
1078 4446 1236 4517 quasi
1263 4447 1473 4503 cithara
1500 4450 1717 4507 sonabit
1751 4449 1823 4517 99,
1855 4463 1986 4520 etc.,
2074 4444 2204 4507 loca
2237 4445 2336 4507 illa
2363 4446 2477 4508 sibi
2508 4446 2850 4508 communia
2882 4447 2955 4508 ab
2996 4446 3194 4526 aliquo
3253 4454 3552 4508 mutuatus
3604 4448 3720 4509 sit:

342 4524 828 4618 interpretantem
867 4552 880 4593 :
922 4531 1029 4593 sed
1079 4531 1168 4593 sic
1216 4540 1439 4609 tamen,
1474 4544 1539 4597 ut
1588 4536 1650 4597 in
1707 4555 1777 4599 eo
1812 4538 1989 4618 paulo
2074 4552 2249 4615 quem
2271 4555 2378 4616 ego
2400 4538 2696 4600 affirmare
2721 4555 2896 4618 posse
2914 4524 3120 4598 videor
3149 4537 3330 4598 alium
3361 4537 3436 4598 ab
3468 4534 3722 4600 Eusebio

341 4614 459 4675 sint
487 4616 729 4709 fusiora.
752 4620 832 4681 Ex
868 4640 985 4702 quo
1020 4623 1106 4705 ﬁt,
1133 4631 1196 4683 ut
1227 4622 1501 4686 librarios
1532 4626 1630 4707 qui
1650 4614 1990 4690 Eusebiana
2010 4653 2056 4707 ι)
2076 4614 2192 4686 non
2210 4614 2495 4704 esse,cum
2514 4614 3013 4709 etHieronymum
3030 4626 3721 4691 etcommentariiGrzeci

345 4706 813 4797 exscripserunt,
847 4711 1072 4792 aliquid
1102 4712 1212 4774 hoc
1238 4713 1370 4775 loco
1395 4706 1668 4778 omisisse
1695 4719 1986 4797 suspicer,

344 4790 495 4885 satis
524 4807 634 4871 est,
668 4800 730 4860 ni
763 4790 967 4873 fallor,
991 4802 1115 4863 haec
1147 4804 1524 4879 retulisse,ut
1554 4790 1887 4885 imperfecti
1913 4790 1987 4869 il-L

343 4881 456 4944 lius
489 4890 547 4946 in
585 4889 794 4951 Isaiam
823 4893 1233 4954 commentarii
1276 4895 1439 4951 δοθεία
1457 4881 1850 4973 ostendatur;
1877 4915 1988 4959 nec

342 4974 544 5036 multis
575 4978 773 5040 verbis
806 4998 953 5061 opus
986 4999 1119 5043 esse
1146 4980 1222 5043 ad
1275 4982 1333 5045 id
1390 4984 1762 5064 probandum
1823 4985 1988 5048 arbi-

341 5071 489 5128 tror.
516 5070 668 5131 Nam
700 5087 797 5131 res
830 5071 958 5150 ipsa
1001 5070 1238 5145 clamat,
1266 5071 1759 5136 facundissimum
1789 5087 1990 5139 orato-

337 5171 463 5214 rem
491 5157 796 5231 Basilium,
832 5160 881 5221 si
945 5159 1153 5222 Isaiam
1214 5162 1643 5242 interpretatus
1703 5175 1879 5246 esset,
1915 5167 1990 5229 de

337 5262 465 5304 com
476 5246 718 5326 pilando
741 5250 1172 5312 commentario
1186 5249 1428 5314 Eusebii
1444 5253 1989 5327 inPsalqusneco-

335 5337 653 5410 gitaturum
671 5337 913 5419 quidem
926 5339 1210 5402 fnisse.Et
1224 5350 1461 5415 vero,ut
1474 5342 1770 5423 neloquar
1784 5345 1861 5407 de
1878 5364 1990 5407 cte-

338 5423 649 5513 teris,quis
670 5427 782 5489 sibi
803 5427 975 5490 facile
995 5429 1670 5509 persuadebitBasilium
1685 5432 1985 5513 Magnum,

336 5526 469 5573 eum
500 5512 709 5578 Isaiam
749 5517 1131 5599 interpretari
1156 5519 1486 5594 debuisset,
1514 5531 1739 5604 partem
1776 5512 1988 5606 psalmi

415 5692 613 5760 93183.
653 5714 707 5777 v,
740 5698 841 5759 ao.
926 5696 984 5742 '9
1011 5696 1264 5778 Isa.xvr,
1292 5703 1391 5763 tl.

2073 4718 2426 4797 scriptorem
2459 4717 2642 4778 multa
2672 4718 2748 4779 ab
2793 4716 3055 4779 Eusebio
3104 4718 3433 4798 sumpsisse
3474 4719 3719 4780 aliunde

2072 4815 2324 4871 constet.
2349 4810 2479 4869 Jam
2505 4808 2880 4888 proferamus
2902 4806 3202 4885 exempla,
3242 4806 3462 4886 quibus
3482 4818 3716 4869 utrum-

2072 4913 2187 4975 que
2202 4896 2277 4958 ab
2301 4897 2510 4959 eodem
2536 4897 2696 4958 fonte
2726 4896 2999 4959 hausisse
3021 4907 3184 4958 certo
3203 4897 3485 4974 cognosci
3508 4896 3714 4977 possit.

2070 4984 2172 5049 Sic
2195 4986 2371 5065 igitur
2392 4987 2653 5068 loquitur
2673 4985 3189 5068 pseudo-Basilius
3209 4987 3712 5069 (2,13,num.91):

2072 5077 2225 5157 Φέρει
2258 5074 2313 5133 δὲ
2344 5078 2405 5134 τὸ
2437 5077 2644 5157 δένδρον
2682 5083 2838 5135 τοῦτο
2889 5078 3117 5157 καρπὸν,
3158 5075 3293 5133 ἀλλὰ
3354 5078 3553 5158 χοίρων
3597 5101 3718 5159 τρο-

2072 5166 2200 5246 φήν.
2239 5169 2336 5224 Διὰ
2382 5175 2536 5225 τοῦτο
2598 5167 2802 5246 δένδρον
2855 5168 3115 5247 αἶσχύνης
3164 5167 3460 5249 ὠνόμασεε
3491 5171 3562 5227 Τὸ
3619 5172 3718 5249 γὰρ

2075 5245 2249 5313 Βασὰν
2281 5259 2352 5321 εἰς
2401 5259 2500 5326 τὴν
2559 5245 2823 5339 αἰσχύνην
2875 5245 3396 5333 μεταλαμϐάνουσιν,
3432 5245 3527 5315 Ὧν
3561 5245 3649 5316 ουν

2073 5343 2195 5411 δόξα
2225 5347 2320 5415 τῆς
2367 5352 2727 5428 καρποφορίας
2773 5348 3006 5428 αἰσχύνη
3060 5347 3193 5424 ἐστὶ,
3226 5350 3315 5406 καὶ
3386 5349 3468 5407 ἐπὶ
3515 5352 3719 5415 τούτοις

2073 5436 2220 5494 ἔσται
2249 5440 2282 5505 ἡ
2316 5438 2489 5518 ἡμέρα
2517 5448 2608 5497 τοῦ
2639 5440 2846 5515 Κυρίου.
2882 5437 3027 5510 Quae
3055 5443 3142 5500 sic
3192 5456 3475 5520 expressa
3505 5438 3720 5518 legun-

2074 5534 2166 5588 tur
2214 5527 2373 5608 apud
2425 5527 2849 5609 Hieronymum
2900 5544 3038 5608 pag.
3070 5528 3174 5603 27,
3205 5527 3478 5610 liberius,
3513 5529 3571 5590 id
3603 5535 3714 5603 est.
