4174 6402
473 340 741 389 GCXXVIH

1909 322 2306 387 PROLEGOM
2319 322 2491 386 ENA.

475 447 659 510 αὐτοὺς
689 448 743 504 ἐν
771 450 904 527 ὀργῇ
934 448 1130 541 αὐτοῦ..
1164 461 1329 528 χεῖρα
1387 447 1558 525 λέγων
1625 448 1723 514 τὴν
1796 446 2118 515 κολαστικὴν

2205 454 2307 541 aut
2334 463 2613 541 expressa
2645 463 2796 541 esse.
2824 447 2973 510 Cum
3006 447 3188 527 igitur
3203 454 3705 514 commentarium
3728 472 3864 517 eum

473 539 713 616 δύναμιν,
779 538 913 592 κατὰ
978 539 1069 593 τὸν
1116 534 1255 594 Ἰώϐ·
1298 539 1418 616 Χεὶρ
1479 539 1577 615 γὰρ
1641 538 1826 614 Κυρίου
1883 540 1915 604 ἠ
1976 538 2123 611 ἆψαιι

473 629 609 705 μένη
668 626 768 684 μού
797 625 931 705 ἐστι,
989 629 1075 683 καὶ
1124 630 1175 683 ἓν
1230 628 1401 701 τούτῳ
1431 633 1522 682 τοῦ
1550 624 1801 682 διαϐόλου
1834 648 1997 705 χεορα
2029 626 2124 682 λέ-

472 740 657 795 γοντος
717 716 770 772 ἐν
983 724 1152 794 καιρῷ
1212 717 1307 784 τῆς
1366 716 1657 777 κολάσεως·
1736 718 1808 774 Οὔ
1880 718 1986 790 μὴν
2043 715 2121 795 δὲ,

469 806 607 864 ἀλλὰ
664 805 977 861 ἀπόστειλον
1038 810 1138 872 τὴν
1174 807 1338 885 χεῖρά
1372 828 1487 877 σου,
1514 808 1600 861 καὶ
1634 806 1761 880 ἅψαι
1794 813 1899 860 τῶν
1954 807 2119 862 ὁςτῶν

474 899 652 957 αὑτοῦ.
701 893 1097 974 Hieronymus
1128 896 1244 956 col.
1272 898 1335 959 6|
1377 916 1391 958 :
1428 920 1453 948 α
1486 898 1555 958 Et
1597 894 1919 965 Abraham,
1957 904 2122 975 post-

470 1004 648 1062 quam
673 982 818 1045 vidit
846 982 1189 1058 Dominum,
1225 994 1283 1045 et
1304 984 1526 1045 audivit
1556 1002 1760 1045 vocem
1806 985 1958 1063 ejus,
1996 994 2121 1045 ter-

468 1093 595 1138 ram
640 1082 699 1135 et
729 1074 995 1135 cinerem
1033 1091 1164 1135 esse
1191 1093 1257 1135 se
1287 1074 1432 1135 dicit
1461 1075 1538 1133 51.
1606 1099 1631 1128 η
1699 1073 2115 1135 Pseudo-Basi-

469 1164 723 1242 lius(v1,
759 1163 1222 1241 l,num.189):
1290 1165 1438 1220 Ἐπεὶ
1488 1166 1573 1220 καὶ
1634 1168 1658 1220 ὁ
1719 1162 1981 1239 Ἀϐρααμ,
2036 1165 2122 1221 ὅτε

470 1257 622 1334 ὤφθη
655 1256 797 1325 αὒτῷ
827 1256 854 1309 ὁ
906 1254 1059 1325 Θεὸς,
1120 1256 1239 1309 τότε
1297 1253 1690 1332 ἀναγέγραπται
1752 1255 1975 1329 εἷρηκῶς
2038 1257 2120 1328 τὸ,

470 1344 616 1421 Ἐγὼ
646 1342 700 1399 δέ
743 1348 849 1417 εἰμι
879 1348 950 1420 γῆ
982 1347 1069 1400 καὶ
1100 1342 1309 1405 σποδός.
1372 1342 1769 1423 Hieronymus
1818 1342 1932 1406 cul.
1999 1343 2117 1406 69:

470 1453 501 1493 ‹
536 1434 691 1511 Ergo
724 1431 878 1494 sicut
904 1431 1291 1510 profundum,
1331 1433 1634 1493 infernum
1659 1431 1958 1510 signiﬁcat
1989 1453 2004 1510 ;
2039 1432 2115 1493 ita

464 1523 774 1587 excelsum
803 1539 979 1599 supra
1001 1522 1185 1583 caalos
1208 1521 1544 1600 intelligere
1570 1522 1905 1583 debemus..
1925 1522 2117 1593 .Quod

468 1622 786 1692 utrumque
817 1613 888 1672 ad
946 1620 1143 1691 typum
1196 1611 1451 1691 pertinet
1511 1614 1718 1673 mortis
1770 1611 2005 1673 Domini
2062 1620 2120 1672 et

467 1700 873 1763 ascensionis:
913 1700 1029 1774 Qui
1059 1702 1217 1762 enim
1247 1701 1568 1770 descendit,
1630 1703 1759 1780 ipse
1813 1707 1901 1763 est
1932 1702 2037 1781 qui
2066 1708 2120 1763 et
2146 1739 2179 1787 Β

465 1790 735 1853 ascendit
756 1787 908 1850 “.Et
941 1790 999 1849 in
1025 1789 1317 1869 Apostolo
1342 1791 1619 1870 legimus:
1669 1790 1757 1853 Ne
1787 1791 2021 1853 dixeris
2052 1792 2118 1853 in

464 1880 643 1941 corde
664 1887 789 1941 tuo:
802 1878 947 1951 Quis
965 1879 1244 1941 ascendet
1266 1882 1333 1940 in
1348 1878 1701 1942 ctelum?hoc
1716 1880 2119 1942 estChristum

464 1970 922 2048 deducere;aut,
945 1968 1099 2043 Quis
1120 1970 1445 2031 descendet
1474 1970 1541 2031 in
1565 1968 1889 2047 abyssum?
1908 1969 2013 2032 hoc
2033 1980 2119 2031 est

464 2058 782 2121 Christum
808 2058 881 2119 de
924 2060 1174 2119 mortuis
1197 2060 1488 2121 reducere
1508 2057 1585 2119 ⁵³.
1626 2084 1650 2114 »
1688 2059 2119 2121 Pseudo-Basi-

468 2147 581 2209 lius
602 2148 685 2227 (7,
724 2152 823 2228 ll,
858 2166 1024 2210 num.
1056 2147 1190 2219 198)
1220 2169 1233 2208 :
1280 2146 1365 2205 ’Ἢ
1398 2148 1544 2229 τάχα
1568 2150 1724 2226 βάθος
1774 2152 2023 2223 σημαίνει
2054 2153 2120 2206 τὰ

464 2238 745 2294 κατώτατα
812 2244 904 2293 τοῦ
965 2236 1112 2310 ἅδου,
1173 2237 1307 2313 ὕψος
1352 2236 1405 2293 δὲ
1439 2241 1537 2304 την
1592 2241 1962 2318 ὑπερουράνιον
1994 2242 2116 2319 χώ-

471 2350 589 2406 ραν,
652 2329 725 2389 ὡς
786 2329 812 2383 ὁ
874 2324 1203 2391 Ἀπόστολος
1241 2329 1377 2404 ήμτν
1433 2330 1715 2404 παρίστησι
1780 2328 1969 2407 λέγων·
2033 2330 2117 2395 Μὴ

468 2416 632 2494 εἴπῃς
692 2417 744 2473 ἐν
790 2421 859 2493 τῇ
910 2414 1094 2494 καρδίᾳ
1166 2440 1282 2493 σου,
1337 2422 1414 2479 τίς
1490 2416 1814 2486 ἀναϐήσεται
1871 2421 1945 2482 εἰς
2027 2422 2117 2476 τὸν

467 2507 730 2587 οὒρανόν;
781 2508 1019 2565 τουτέστι
1082 2510 1303 2583 Χριστὸν
1363 2522 1719 2586 καταγαγεῖν·
1783 2508 1818 2576 ἥ
1865 2511 1942 2575 τίς
2014 2532 2114 2565 κα-

466 2595 757 2667 ταϐήσεται
845 2597 916 2661 εἷς
998 2596 1096 2662 τὴν
1198 2594 1476 2669 ἅϐυσσονς
1561 2599 1798 2654 τουτέστι
1895 2600 2118 2676 Χριστὸν

463 2689 527 2743 ἔκ
582 2686 780 2764 νεκρῶν
837 2685 1153 2763 ἀναγαγεῖν,
1229 2685 1374 2743 Ἐπεὶ
1434 2689 1523 2743 οὖν
1580 2690 1608 2744 ὁ
1666 2687 1900 2752 καταϐὰς
1962 2687 2116 2752 αὐτός

465 2776 575 2832 ἐστι
657 2777 743 2831 καὶ
836 2773 1053 2849 ἀναϐὰς,
1170 2776 1231 2831 τὸ
1316 2777 1387 2839 εἷς
1484 2778 1639 2853 βάθος
1717 2780 1805 2834 καὶ
1857 2780 1930 2843 εἷς
1984 2777 2115 2849 ὕψος

466 2880 696 2941 σημεῖον
754 2868 873 2943 περὶ
930 2864 1027 2931 τῆς
1078 2864 1302 2922 καθόδου
1356 2865 1418 2921 ἄν
1450 2866 1542 2935 εἴη
1574 2867 1866 2945 λεγόμενον
1896 2874 1992 2935 τῆς
2027 2870 2119 2923 τοῦ

469 2955 676 3034 Κυρίου·
711 2956 798 3011 καὶ
858 2956 885 3009 ὀ
942 2951 1139 3016 ἀναϐὰς
1200 2955 1353 3019 αὐτός
1414 2955 1554 3012 ἐστιν
1607 2958 1849 3034 ὑπεράνω
1903 2959 2116 3012 πάντων

465 3052 569 3101 τῶν
630 3044 889 3116 οὒρανῶδ.
934 3040 1330 3123 Hieronymus
1360 3044 1474 3107 col.
1511 3043 1592 3106 '70
1626 3063 1640 3108 :
1677 3065 1707 3105 ‹
1758 3044 1828 3106 Et
1860 3046 1973 3106 hoc
2003 3062 2173 3125 [ιο-π,

469 3131 713 3194 tandum
748 3131 905 3212 quod
937 3131 1134 3192 Acbaz
1164 3118 1311 3211 rege
1344 3133 1697 3213 impiissimo
1757 3135 1998 3195 nolente
2027 3118 2175 3193 si-"

468 3240 648 3303 gnum
683 3231 906 3301 petere,
940 3239 1137 3282 sermo
1170 3223 1557 3303 propheticus
1613 3221 1685 3283 ad
1711 3223 1955 3284 domum
1993 3224 2113 3284 Da-

468 3312 642 3374 vid...
667 3318 1064 3373 convertatur.
1097 3334 1123 3367 ι
1152 3309 1681 3373 Pseudo-Basilius
1714 3312 1795 3390 ('7,
1824 3313 1922 3391 l2,
1946 3329 2112 3377 num.

474 3401 610 3482 199)
650 3422 665 3462 ε
699 3402 770 3459 Οὖ
802 3405 900 3481 γὰρ
930 3399 1171 3473 εὐλαϐείᾳ
1220 3406 1320 3457 τινὶ
1385 3414 1685 3481 παρῃτεῖτο
1739 3402 1835 3468 τὴν
1895 3400 2112 3468 αἴτησιν

468 3501 560 3550 τοῦ
612 3492 833 3569 σημείδυ
877 3495 903 3549 ὀ
965 3491 1215 3573 Ἀχάζη.
1273 3491 1615 3569 ἀποστρέψας
1662 3491 1761 3569 γὰρ
1810 3493 1898 3547 τὸν
1956 3491 2114 3571 λόγον

467 3584 553 3640 ἐπὶ
582 3584 673 3641 τοῦ
701 3581 880 3658 Δαϐίό,
921 3586 1039 3645 etc.
1076 3581 1221 3654 Quae
1247 3578 1408 3641 refer
1430 3578 1848 3661 Hieronymus,
1877 3580 1991 3643 col.
2012 3586 2113 3657 71,

468 3672 544 3733 de
576 3674 771 3752 puella
803 3673 974 3752 cujus
1000 3672 1064 3733 ﬁt
1086 3670 1307 3732 mentio
1340 3668 1398 3729 in
1427 3669 1917 3749 Deuterouomio,
1955 3681 2011 3734 et
2043 3672 2117 3735 de

468 3763 712 3843 Abisag,
747 3782 817 3825 ea
838 3768 969 3842 ipsa
993 3778 1231 3840 quoque
1247 3777 1279 3819 e
1301 3754 1523 3820 Graacis
1543 3776 1826 3841 expressa
1850 3779 1983 3839 esse
2003 3780 2116 3823 ne-

470 3855 595 3931 gari
627 3873 745 3915 non
780 3849 1202 3933 potest.Velim
1237 3847 1508 3909 conferas
1526 3848 1731 3911 Latina
1755 3850 2118 3914 cumGraecis

469 3963 635 4005 num.
656 3944 797 4008 901.
824 3941 1218 4019 Hieronymus
1238 3938 1354 4000 col.
1387 3938 1482 3999 76:
1522 3958 1551 3997 ›
1584 3939 1835 4011 Quidam
1861 3940 2119 4020 prophe-

470 4034 671 4095 tissam
704 4038 967 4094 sanctam
990 4027 1239 4092 Mariam
1262 4028 1753 4108 interpretantur,
1774 4046 1952 4104 quam
1975 4046 2118 4107 pro-

468 4123 675 4204 phetin
700 4123 881 4183 fuisse
911 4136 1029 4180 non
1057 4115 1302 4178 dubium
1334 4125 1424 4177 est
1463 4137 1476 4178 :
1512 4116 1639 4196 ipsa
1661 4118 1821 4178 enim
1855 4116 2120 4197 loquitur

468 4212 531 4273 in
562 4209 1063 4292 Evangelio:Ecce
1088 4210 1246 4268 enim
1268 4206 1486 4267 amodo
1517 4205 1758 4268 beatam
1791 4224 1890 4267 me
1916 4207 2119 4267 dicent

2209 535 2311 613 qui
2331 554 2545 597 nomen
2566 534 2766 597 Basilii
2783 536 3172 617 praafcrtmon
3191 540 3425 601 noverit
3441 540 3863 623 Hieronymus,

2210 644 2317 685 nec
2337 625 2624 714 credibile
2647 628 2722 685 sit
2745 628 3164 692 commentarii
3189 630 3546 709 scriptorem
3571 631 3862 714 Hierony-

2210 714 2406 775 miana
2439 713 2643 777 Graece
2673 714 3033 781 reddidisse.
3060 720 3393 796 praesertim
3418 738 3552 781 cum
3582 722 3638 782 in
3665 713 3861 783 mani-

2208 802 2319 864 bus
2349 804 2615 864 omnium
2649 813 2849 864 essent
2868 807 3503 891 commentariiGraaci,
3541 810 3701 871 unde
3722 811 3865 873 faci-

2207 894 2320 955 lius
2353 893 2594 954 haurire
2631 900 2881 973 poterat,
2915 904 3080 956 certe
3114 905 3327 957 neuter
3357 896 3431 958 ab
3462 898 3650 961 altero
3683 901 3863 980 quid-

2206 1000 2383 1060 quam
2417 984 2744 1063 sumpsisse
2769 984 3065 1061 putandus
3090 984 3429 1061 est.Quare,
3458 996 3519 1049 ut
3543 989 3687 1049 mihi
3722 989 3860 1069 qui-

2207 1072 2339 1134 dem
2374 1074 2632 1152 videtur,
2655 1072 2916 1134 dubitari
2945 1073 3042 1135 vix
3076 1084 3268 1153 potest
3299 1076 3441 1156 quin
3496 1085 3765 1157 uterque,
3805 1086 3865 1139 et

2210 1162 2605 1244 Hieronymus
2626 1172 2681 1223 et
2696 1163 3109 1225 commentarii
3134 1165 3390 1244 scriptor
3413 1183 3482 1227 ea
3500 1185 3627 1247 qua
3646 1168 3864 1228 exscri-

2208 1254 2435 1336 psimus
2463 1255 2587 1313 loca
2618 1251 2690 1313 ab
2723 1250 2983 1312 Eusebio
3008 1253 3351 1333 sumpserit,
3379 1254 3860 1336 quandoquidem

2206 1344 2259 1422 ej
2272 1335 2649 1404 usinIsaiam
2675 1342 3139 1402 commentarios
3152 1344 3224 1402 ab
3242 1350 3496 1424 utroque
3507 1335 3862 1425 compilatos

2206 1450 2338 1493 esse
2368 1432 2613 1495 aliunde
2641 1431 2943 1494 novimus.
2978 1431 3129 1492 lllud
3167 1441 3362 1493 tamen
3394 1443 3661 1495 notatum
3696 1435 3856 1505 volo,

2200 1523 2553 1602 scriptorem
2586 1521 3003 1581 commentarii
3037 1517 3486 1604 abHieronymo
3514 1526 3569 1585 in
3597 1543 3666 1585 eo
3689 1524 3861 1585 dissi-

2204 1611 2534 1692 dere,quod
2562 1609 2903 1671 illeEusebii
2929 1610 3260 1689 fragmenta
3288 1616 3532 1674 insuum
3558 1632 3859 1675 commen-

2204 1701 2413 1761 tarium
2448 1700 2521 1762 ad
2553 1698 2799 1759 verbum
2825 1699 3263 1772 transferat;hic
3286 1720 3422 1763 vcro
3447 1702 3861 1764 itaEusebiana

2204 1798 2529 1865 mutuetur,
2564 1798 2627 1849 ut
2656 1808 2727 1849 ea
2785 1798 2843 1849 et
2872 1789 3144 1849 ornando
3182 1798 3240 1850 et
3268 1790 3546 1852 addendo
3570 1810 3673 1852 sua
3704 1810 3860 1871 quo-

2202 1879 2521 1940 dammodo
2553 1878 2791 1940 efﬁciat.
2832 1878 2912 1939 Ex
2939 1877 3156 1958 quibus
3186 1880 3467 1940 omnibus
3487 1881 3772 1958 colligere
3793 1881 3861 1941 li-

2202 1969 2577 2049 ceteum,qui
2597 1969 3014 2048 imperfectum
3040 1967 3205 2028 illum
3230 1968 3297 2029 in
3313 1967 3534 2030 Isaiam
3556 1987 3685 2028 com
3698 1986 3858 2029 men-

2202 2057 2413 2118 tarium
2468 2058 2726 2138 scripsit,
2799 2059 3114 2120 maximam
3149 2057 3241 2118 sui
3292 2057 3490 2138 operis
3524 2064 3749 2136 partem
3782 2056 3856 2118 ab

2202 2147 2465 2210 Eusebio
2488 2148 2557 2209 ad
2579 2147 2823 2209 verbum
2853 2156 3174 2208 mutuatum
3196 2165 3353 2209 esse.
3380 2145 3544 2219 Quod
3567 2145 3726 2209 enim
3755 2165 3859 2204 no-

2205 2238 2454 2299 tavimus
2482 2246 2783 2316 sumptum
2801 2237 2982 2299 fuisse
3010 2237 3081 2299 ab
3105 2237 3464 2316 Hieronymo
3491 2255 3523 2297 e
3541 2254 3818 2296 commen
3838 2268 3857 2280 -

2205 2329 2369 2389 tariis
2394 2326 2659 2403 Eusebii,
2693 2327 2749 2388 id
2784 2345 3022 2407 quoque
3054 2334 3272 2408 praeter
3300 2335 3516 2386 caetera
3550 2323 3664 2387 sibi
3693 2344 3858 2388 sum—

2203 2418 2321 2499 psit
2345 2417 2440 2479 hic
2465 2416 2801 2498 plagiarius.
2840 2416 2989 2489 Quis
3010 2424 3205 2479 autem
3234 2414 3468 2477 futurus
3492 2424 3580 2475 est
3605 2423 3721 2477 tam
3749 2414 3860 2476 ini.

2201 2526 2355 2588 quus
2389 2526 2589 2569 rerum
2615 2506 2962 2580 aestimator,
3002 2515 3066 2567 ut
3097 2524 3374 2584 magnum
3416 2504 3700 2567 Basilium
3776 2512 3858 2566 tot

2200 2614 2270 2658 ac
2301 2606 2599 2658 tantorum
2635 2597 2924 2659 furtorum
2968 2614 3136 2656 reum
3162 2593 3460 2655 existimet
3490 2600 3518 2657 ’ἰ

2284 2774 2384 2836 62.
2411 2773 2668 2837 Temere
2693 2793 2809 2836 non
2840 2772 2977 2851 fuit,
3012 2770 3167 2852 quod
3193 2775 3523 2831 notavimus
3548 2771 3854 2852 aliquanto

2201 2875 2542 2939 ante,num.
2578 2867 2681 2939 66,
2715 2871 3018 2925 auctorem
3052 2858 3380 2940 imperfecti
3440 2862 3855 2924 commentarii

2198 2972 2236 3017 θ
2291 2952 2587 3014 variorum
2664 2952 3020 3033 scriptorum
3075 2949 3419 3028 fragmentis
3469 2969 3618 3030 opus
3674 2969 3847 3011 suum

2200 3041 2798 3122 composuisse.(a)Et
2830 3039 3073 3122 quidem
3109 3058 3177 3101 ea
3199 3049 3285 3101 est
3313 3040 3628 3100 verborum
3670 3049 3851 3120 atque

2203 3133 2635 3193 :enlentiarum
2669 3132 2938 3193 confusio
2971 3130 3033 3190 in
3064 3132 3175 3191 hoc
3207 3130 3663 3210 commentario,
3695 3140 3847 3190 tam-

2201 3243 2315 3305 que
2344 3242 2499 3304 saapo
2524 3223 2732 3283 eadem
2759 3218 3080 3300 Scriptura:
3102 3219 3230 3280 loca
3260 3219 3349 3278 bis
3375 3228 3474 3279 aut
3498 3226 3586 3279 ter
3608 3227 3704 3279 aut
3723 3236 3849 3279 am-

2199 3313 2356 3394 plius
2378 3311 2849 3393 explicantur,ut
2881 3310 3135 3391 quodam
3171 3307 3339 3389 quasi
3368 3308 3594 3388 impetu
3614 3308 3675 3369 in
3694 3308 3854 3387 ejus-

2202 3402 2360 3464 modi
2385 3402 2792 3483 suspicionem
2826 3399 3063 3462 adducti
3099 3402 3307 3461 simus.
3346 3400 3429 3461 lta
3458 3406 3655 3459 autem
3689 3415 3849 3471 esse,

2200 3511 2332 3575 quae
2363 3512 2432 3557 ex
2463 3492 2593 3574 ipso
2626 3492 2841 3555 Basilio
2874 3489 3225 3569 subjicimus
3250 3488 3521 3569 exempla
3544 3488 3854 3550 evidenter

2200 3584 2473 3664 probant.
2503 3582 2705 3645 Basilii
2737 3582 2915 3662 igitur
2935 3581 3061 3643 haac
3099 3585 3239 3641 sunt
3271 3597 3303 3641 e
3337 3579 3531 3660 prima
3581 3577 3855 3639 oratione

2200 3677 2266 3737 in
2291 3675 2597 3752 jejunium
2623 3690 2637 3735 ζ
2672 3680 2836 3731 Τοῦτο
2881 3672 2977 3750 γὰρ
3005 3671 3146 3726 ἐστιν
3178 3669 3207 3725 ὅ
3238 3692 3401 3745 φησιν
3426 3672 3453 3724 ὁ
3491 3667 3851 3741 Ἀπόστολος,

2200 3764 2280 3822 ὅτι
2326 3764 2504 3821 ’Ὅσον
2576 3766 2602 3819 ὁ
2660 3761 2849 3826 ἔξωθεν
2927 3758 3195 3835 ἄνθρωπος
3291 3756 3663 3835 διαφθείρεται,
3753 3778 3850 3812 το·-

2201 3864 2384 3913 σοῦτον
2458 3856 2485 3909 ὁ
2570 3851 2762 3907 ἔσωθεν
2853 3849 3246 3903 ἆνιίκαινοῦται.
3350 3846 3445 3900 Καὶ
3524 3846 3610 3921 τὸ⁷
3673 3843 3855 3900 ’Ὅταν

2200 3944 2424 4017 ἀσθενῶ,
2454 3943 2573 3997 τότε
2631 3935 2847 3999 δυνατός
2922 3936 3109 4009 εἶμι...
3146 3932 3241 3989 Ἐκ
3316 3932 3411 4009 γὰρ
3462 3935 3564 3997 τῆς
3624 3930 3853 4007 παχείας

2200 4030 2396 4110 τροφῆς
2429 4030 2549 4087 οἷον
2592 4023 2897 4087 αἰθαλώδεις
2952 4021 3327 4095 ἀναθυμιάσεις
3382 4020 3847 4094 ἀναπεμπόμεναι,

2203 4118 2427 4199 νεφέλης
2459 4117 2608 4183 δίκην
2661 4113 2889 4193 πυκνῖκ,
2934 4112 3020 4174 τὰς
3051 4112 3157 4167 ἀπὸ
3188 4116 3281 4167 τοῦ
3338 4111 3487 4187 ἁγίου
3546 4111 3858 4183 Πνεύματος

2203 4196 2548 4286 ἐγνινομένας
2578 4202 2871 4278 ἐλλάμψειε
2905 4202 2987 4258 ἐπὶ
3010 4203 3100 4258 τὸν
3126 4208 3244 4257 νοῦν
3260 4196 3653 4256 διακόπτιιυσιν.
3672 4221 3697 4251 α
3726 4197 3854 4258 Hoc

467 4320 675 4367 omnes
694 4287 1138 4382 generationes.
1170 4321 1198 4354 ι
1229 4296 1752 4358 Pseudo-Basilius
1776 4301 1858 4375 (8,
1880 4297 2117 4372 3,num.
2140 4298 2365 4379 Denim
2395 4303 2483 4357 est
2515 4292 2673 4374 quod
2698 4292 2776 4353 ait
2824 4290 3167 4372 Apostolus,
3204 4287 3361 4382 quod
3410 4289 3719 4361 Quantum
3756 4302 3863 4348 ea:-

468 4392 696 4474 208)54:
736 4391 870 4452 ’Ὅτι
898 4390 952 4446 δὲ
982 4393 1255 4469 προφῆτις
1287 4390 1321 4454 ἡ
1367 4386 1620 4465 Μαρία...
1655 4386 1822 4450 οὐδεὶς
1880 4387 2115 4465 ἀντερεῖ,

466 4485 810 4561 μεμνημένος
847 4482 1011 4549 αὒτῆς
1037 4485 1141 4535 τῶν
1191 4477 1525 4555 ῥημάτων...
1570 4475 1701 4533 ἰδου
1730 4478 1831 4555 γὰρ
1880 4477 1985 4533 ἀπὸ
2027 4482 2121 4531 τοῦ

469 4582 555 4631 νῦν
585 4573 899 4655 μακαριουσί
928 4592 995 4644 με
1018 4575 1183 4625 πᾶσαι
1219 4569 1268 4622 αἱ
1299 4567 1497 4644 γενεαί.
1558 4566 1947 4646 Hieronymus
2002 4566 2117 4626 col.

468 4664 548 4727 89
578 4682 593 4725 :
625 4683 655 4725 ‹
714 4659 843 4725 Hoc
889 4660 1044 4721 scire
1085 4655 1340 4737 debetis,
1396 4656 1555 4735 quod
1581 4672 1950 4736 unaquaeque
1976 4672 2122 4734 gens

469 4753 745 4835 proprios
776 4748 1047 4813 consulat
1071 4745 1308 4835 deos,et
1330 4744 1405 4805 de
1442 4745 1710 4835 vivorum
1741 4744 1931 4805 salute
1956 4762 2119 4805 mor-

467 4834 603 4905 tuus
626 4834 1567 4905 sciscitetur.)Pseudo-Basilius
1588 4834 2117 4910 (8,19,num.‘218):

470 4933 750 4992 ’Ἔκαστον
797 4933 943 4993 ἔθνος
971 4936 1046 5002 τῷ
1078 4924 1264 4982 ἑαυτοῦ
1293 4928 1397 4997 θεῷ
1446 4926 1705 5005 προσάγει
1737 4927 1832 4992 τὴν
1892 4927 2009 5004 περὶ
2064 4927 2125 4981 οὗ

468 5022 717 5099 βούλεται
748 5023 940 5096 μαθεῖν
968 5019 1244 5089 ζήτησιν..
1279 5016 1493 5093 νεκροὺς
1525 5015 1624 5094 γὰρ
1672 5015 1817 5076 θεοὺς
1855 5014 2121 5090 ὒποθὲμι-

469 5134 573 5187 νοι²
604 5112 791 5173 αὐτοὺς
827 5109 1135 5186 ἐπερωτῶσι
1167 5106 1284 5182 περὶ
1316 5110 1423 5161 τῶν
1472 5105 1711 5175 ζώντων,
1776 5103 1850 5164 Et
1906 5103 2017 5164 alia
2062 5103 2122 5165 id

469 5218 657 5281 genus
691 5215 1018 5278 congerere
1052 5211 1397 5277 paraveram
1429 5214 1444 5274 ;
1473 5192 1579 5254 sed
1631 5192 1784 5254 nihil
1818 5211 1967 5272 opus
1990 5210 2124 5255 esse

469 5289 753 5366 arbitror,
787 5308 922 5351 cum
959 5306 1029 5351 ex
1060 5285 1254 5348 allatis
1281 5283 1635 5345 testimoniis
1656 5282 1799 5345 satis
1822 5300 2120 5364 superque

471 5387 701 5444 constet
731 5378 915 5443 multa
947 5378 1020 5439 ab
1047 5374 1408 5455 Hieronymo
1432 5392 1463 5436 e
1483 5371 1706 5438 Graecis
1725 5378 1825 5434 aut
1841 5391 2126 5435 conversa

2207 4394 2415 4449 ternas
2426 4384 2601 4447 homo
2612 4382 3294 4462 corrumpitur,tantum
3316 4380 3597 4439 internus
3612 4392 3862 4437 renova-

2208 4484 2308 4538 tur
2334 4477 2417 4538 55.
2454 4476 2599 4537 ltem
2650 4471 2799 4535 illud
2836 4494 2849 4529 :
2914 4470 3066 4534 Cum
3096 4470 3396 4545 inﬁrmor,
3454 4475 3598 4528 tunc
3648 4472 3861 4545 potens

2202 4564 2484 4627 sum“...
2511 4564 2660 4625 Nam
2683 4561 3024 4640 luliginosaa
3072 4558 3342 4638 quaedam
3376 4554 3783 4617 exhalationes
3828 4571 3863 4614 e

2207 4653 2409 4736 pingui
2443 4653 2725 4715 alimento
2758 4650 3020 4724 emissas,
3050 4648 3252 4709 densae
3276 4644 3449 4736 nubis
3480 4644 3669 4736 instar
3699 4644 3861 4736 infu-

2206 4732 2332 4806 sam
2354 4745 2571 4805 anima:
2588 4759 2622 4803 a
2640 4738 2866 4820 Spiritu
2897 4745 3103 4799 sancto
3128 4735 3591 4796 illustrationem
3625 4732 3865 4793 interci-

2205 4832 2588 4916 piunt.»H:ec
2604 4830 2720 4891 sibi
2734 4829 2991 4910 sumpsit
3012 4822 3695 4916 psettdofBasilius(iiuni
3712 4822 3860 4901 .32),

2206 4915 2337 4986 cum
2362 4924 2861 5002 interpretaretur
2882 4915 3370 4995 illudzlejunium
3393 4922 3452 4974 et
3473 4919 3663 5002 otium
3686 4920 3739 4971 et
3756 4928 3861 5002 so-

2207 4998 2547 5076 lemnitates
2592 5018 2827 5072 vestras
2848 5008 2975 5070 odit
2996 5008 3206 5068 anima
3235 5021 3368 5064 mea
3384 5000 3633 5073 57.0uin
3668 5007 3728 5060 et
3747 4998 3866 5060 alia

2205 5104 2381 5183 adjici
2410 5108 2660 5183 possunt
2690 5118 2723 5160 e
2748 5097 3012 5160 secunda
3070 5095 3339 5157 oratione
3360 5090 3435 5152 de
3454 5091 3712 5183 jejunio,
3756 5087 3863 5149 ubi

2204 5181 2293 5255 sic
2321 5181 2536 5271 legitur
2552 5188 2662 5251 sub
2698 5190 2903 5251 tinem:
2938 5188 3011 5245 Οὒ
3055 5186 3238 5263 μέντοι
3279 5183 3489 5260 ἐξαρκεῖ
3514 5182 3632 5237 καθ’
3665 5181 3862 5246 ἑαυτην

2205 5287 2239 5353 ἡ
2266 5270 2446 5362 ἐποχὴ
2475 5281 2580 5337 τῶν
2627 5281 2925 5355 βρωμάτιον
2956 5278 3088 5356 πρὸς
3118 5276 3215 5341 τὴν
3269 5272 3554 5337 ἰπαινετην
3582 5270 3855 5337 νηστείαν·

2207 5374 2343 5431 ἀλλὰ
2421 5371 2762 5444 νηστεύωμεν
2837 5367 3083 5435 νηστείαν
3134 5362 3348 5433 δεκτὴν,
3421 5363 3698 5440 εὐάρεστον
3783 5363 3863 5433 τῷ

549 5543 597 5588 ⁵¹
633 5540 784 5606 Gen.
818 5555 986 5615 xvul,
1018 5539 1119 5603 27.
1206 5533 1260 5578 ⁸9
1286 5534 1511 5616 Ephes.
1542 5551 1621 5615 tv,
1660 5533 1758 5596 10.
1841 5531 1897 5577 ⁸³
1926 5532 2102 5597 Rom.

2228 5538 2289 5609 6,
2323 5534 2386 5596 7.
2470 5530 2698 5592 5‘Luc.
2735 5528 2909 5604 t,48.
2996 5525 3052 5569 ⁵⁵
3078 5522 3130 5588 ll
3160 5526 3301 5587 Cor.
3356 5540 3431 5597 tv,
3498 5520 3599 5586 16.
3681 5520 3747 5573 5‘3
3803 5521 3856 5583 ll

466 5626 608 5691 Cor.
639 5643 698 5701 x,
734 5624 835 5686 12.
920 5620 981 5672 57
1013 5619 1126 5682 Isa.
1164 5634 1206 5695 ι,
1242 5618 1339 5679 14.

556 5755 643 5836 (ιι)
676 5753 830 5833 Lege
861 5747 1420 5831 interpretationem
1450 5740 1663 5824 capitis
1692 5756 1753 5805 ν.
