4174 6408
1399 322 1468 383 D.
1514 319 1673 382 JUL.
1720 315 2099 382 GARNERII
2147 317 2567 383 PRIEFATIO.

3453 343 3684 394 (XXXIX

306 464 497 532 Θεῷ...
529 455 668 512 Ἀπὸ
699 454 880 532 μέντοι
909 454 1006 523 τῆς
1052 456 1108 509 ἓν
1156 460 1234 527 τῷ
1289 460 1504 532 κρυπτῷ
1562 454 1808 519 νηστείας
1857 476 1970 534 φυοη

2048 459 2237 512 natum
2272 454 2745 534 expendendi,ut
2768 476 2838 521 ex
2861 466 3028 522 recto
3045 460 3256 523 borum
3276 459 3683 541 ordineOpiﬁ-

306 546 608 624 λαξώμεθα,
665 545 783 624 περὶ
838 547 903 611 ἧς
979 546 1006 600 ὁ
1064 544 1343 623 προφήτης
1401 543 1695 621 απεύχεται
1755 541 1944 620 λέγων·

310 637 382 696 Οὔ
443 637 820 711 λιμοκτονήσει
881 633 1068 713 Κύριος
1155 633 1335 711 ψυχὰς
1410 630 1644 688 δικαίων·
1721 634 1808 688 καὶ
1864 635 1951 711 τὸ,

310 729 415 783 Οὔκ
472 724 616 783 εἶδον
701 724 898 781 δίκαιον
991 720 1569 801 ἐγκαταλελειμμένον,
1689 719 1806 778 οὐδὲ
1894 725 1954 778 τὸ

310 815 520 892 σπέρμα
551 814 707 870 αὐτοῦ
737 818 926 884 ζητοῦν
958 809 1165 891 ἄρτους.
1206 830 1230 866 ιι
1266 809 1543 871 Attamen
1591 808 1663 872 ad
1722 810 1859 888 hoc,
1893 819 1959 872 ut

310 903 547 965 laudem
583 909 997 982 promereatur
1035 899 1362 980 jejunium,
1425 918 1546 960 non
1595 908 1685 961 est
1747 919 1853 981 per
1895 919 1962 963 se

313 993 457 1055 satis
490 991 795 1054 abstinere
827 1009 860 1052 a
891 989 1187 1065 cibis,sed
1199 987 1500 1069 jejunium
1509 989 1854 1068 jejunemus
1870 1009 1962 1052 ac-

312 1079 629 1162 ceptabile,
663 1083 788 1144 Deo
808 1087 1117 1159 gratum...
1146 1081 1372 1140 Rursus
1393 1078 1466 1140 ab
1484 1077 1722 1141 interno
1747 1081 1965 1142 mentis

311 1171 541 1252 jejunio
565 1188 901 1250 caveamus,
935 1169 1092 1250 quod
1143 1176 1200 1230 et
1232 1168 1524 1248 prOpheta
1583 1169 1963 1248 deprecatur,

315 1262 409 1324 his
436 1261 634 1323 verbis
659 1281 672 1321 :
701 1260 836 1322 Non
858 1260 1080 1322 occidet
1106 1259 1398 1321 Dominus
1421 1258 1584 1335 fame
1605 1260 1966 1339 animasju-

312 1359 549 1415 storum
571 1351 730 1431 δεμ
754 1367 983 1412 rursus:
1004 1347 1141 1409 Non
1161 1347 1290 1410 vidi
1309 1349 1549 1427 justum
1575 1348 1965 1429 derelictum,

316 1460 429 1504 nec
458 1460 660 1503 semen
703 1442 834 1519 ejus
856 1456 1129 1518 quaerens
1143 1455 1365 1516 panem
1396 1437 1480 1498 59.
1510 1461 1539 1492 ι
1574 1437 1711 1500 Hac
1732 1458 1968 1520 quoque

319 1532 589 1612 reperire
613 1540 702 1593 est
722 1530 877 1611 apud
901 1529 1442 1610 pseudo-Basiliam
1473 1529 1538 1610 (ι,
1573 1530 1672 1611 14,
1699 1548 1864 1592 num.
1892 1530 1959 1594 31

315 1633 375 1687 et
404 1623 504 1688 32)
528 1625 592 1685 in
616 1624 825 1686 eadem
852 1621 1018 1685 lsaire
1046 1621 1254 1694 verba,
1304 1621 1392 1682 sic
1418 1629 1634 1695 tamen,
1669 1631 1731 1683 ut
1754 1623 1828 1684 de
1854 1635 1965 1684 suo

315 1715 513 1796 aliqua
541 1721 876 1775 interserat.
924 1711 1277 1792 Exemplum
1316 1710 1477 1772 aliud
1502 1711 1599 1772 hic
1626 1731 1966 1792 proponere

2036 557 2164 600 cem
2190 542 2666 624 intelligant.Sed
2690 548 2886 610 statim
2906 549 3227 630 incipiente
3250 549 3348 612 die
3371 551 3677 613 convivio-

2037 648 2166 690 rum
2193 651 2433 693 suorum
2458 633 2590 695 loca
2614 635 2910 714 tapetibus
2929 639 3107 700 variis
3127 660 3194 703 ac
3217 640 3444 703 floridis
3473 645 3684 710 aulaeis

2039 730 2249 782 ornant
2278 742 2292 802 ;
2318 735 2495 816 atque
2525 723 2787 788 studium
2816 744 2885 788 ac
2937 727 3308 809 diligentiam
3348 733 3408 796 in
3457 739 3684 816 poculis

2041 810 2398 890 apparandis
2410 813 2894 895 ostendunt,vasa
2907 817 2977 878 ad
2997 810 3472 898 refrigerandum
3485 826 3682 888 vinum

2043 909 2422 982 craterasque
2435 910 2492 964 et
2513 904 2740 980 phialas
2757 906 2915 968 velut
2930 907 2990 969 in
3006 927 3219 991 pompa
3237 912 3438 990 aliqua
3459 933 3527 977 ac
3546 934 3687 978 con-

2043 999 2218 1050 ventu
2234 991 2470 1070 publico
2486 992 2968 1074 disponentes,ut
2984 1015 3248 1061 vasorum
3267 1001 3579 1067 diversitas
3599 1023 3689 1067 sa-

2050 1080 2309 1140 tietatem
2335 1081 2479 1173 ipsis
2502 1083 2876 1163 surripiat,et
2897 1086 3209 1150 alternatio
3235 1092 3585 1173 poculorum
3618 1113 3687 1156 ac

2053 1172 2403 1250 permutatio
2426 1190 2527 1234 eos
2545 1173 2645 1234 diu
2669 1173 2728 1235 in
2749 1173 3010 1236 bibendo
3034 1172 3317 1243 detineat.
3338 1182 3572 1246 Adsunt
3589 1185 3688 1246 in-

2050 1277 2232 1340 super
2260 1262 2498 1341 quidam
2524 1263 2771 1324 convivii
2822 1266 3108 1344 magistri,
3143 1286 3212 1330 ac
3261 1270 3688 1353 pincernarum

2053 1350 2621 1431 principes,necnon
2652 1353 3045 1419 architriclini
3073 1379 3086 1421 :
3120 1359 3242 1424 imo
3262 1350 3424 1424 iordo
3455 1365 3512 1426 in
3544 1382 3689 1425 con-

2051 1440 2382 1515 fusione,ac
2400 1442 2709 1522 dispositio
2727 1443 2787 1504 in
2803 1463 2868 1507 re
2892 1445 3287 1529 incomposita
3302 1452 3690 1536 excogitatur;

2054 1544 2114 1590 ut
2139 1531 2640 1610 quemadmodum
2659 1535 2856 1596 saeculi
2873 1537 3311 1616 magisiratibus
3336 1560 3408 1604 ex
3427 1531 3696 1605 satelliti-

2051 1618 2160 1679 bus
2203 1622 2391 1699 major
2421 1622 2741 1686 auctoritas
2769 1626 3020 1707 accedit,
3063 1627 3143 1689 ita
3184 1629 3360 1691 etiam
3419 1631 3695 1694 ebrietati

2050 1710 2208 1769 velut
2240 1715 2460 1788 reginae
2485 1711 2718 1774 cuidam
2742 1713 3090 1777 famulitium
3125 1718 3692 1797 prtebentes,studio

317 1803 549 1865 libitum
612 1811 705 1864 est
737 1820 810 1864 ex
839 1801 1109 1862 oratione
1147 1800 1208 1860 in
1241 1799 1589 1860 ebrietatem
1615 1807 1674 1861 et
1730 1800 1959 1882 luxum,
1986 1817 2029 1870 Β
2052 1818 2223 1878 quam
2248 1799 2498 1860 maximo
2522 1800 2785 1863 dedecus
2810 1803 2941 1883 ejus
2958 1822 3026 1865 ac
3042 1806 3467 1887 turpitudinem
3493 1819 3695 1872 conte-

318 1892 418 1955 ubi
449 1891 702 1954 Basilius
733 1891 819 1951 sic
844 1890 1106 1970 loquitur
1139 1907 1154 1948 :
1200 1889 1417 1968 Σίκερα,
1450 1894 1554 1946 πᾶν
1586 1892 1646 1946 τὸ
1678 1888 1962 1966 δυνάμενον

2048 1898 2207 1966 gant.
2236 1887 2524 1950 Praeterea
2553 1892 3024 1967 coronae,ilores,
3054 1898 3614 1978 unguenta,suflitus
3639 1907 3699 1960 et

316 1982 484 2058 μέθην
503 1981 796 2056 ἐμποιῆσαι
820 1980 969 2056 πόμα
993 1991 1111 2042 τοῖς
1137 1975 1399 2056 ⁹Εϐραίοις
1426 1978 1705 2052 ὀνομάζειν
1719 1979 1962 2046 σύνηθες.

2050 1977 2365 2068 innumera
2390 1979 2657 2058 quaedam
2691 1988 2938 2043 externa
2963 1975 3398 2051 oblectamenta
3435 1987 3699 2068 perditos

317 2074 376 2130 Οἱ
419 2073 508 2127 οὖν
534 2070 846 2150 ἀρχομένης
876 2067 1082 2147 ἡμέρας
1116 2076 1589 2147 περισκοποῦντες,
1631 2075 1733 2124 ποῦ
1803 2070 1966 2127 πότοι

2049 2065 2270 2156 diutius
2295 2075 2607 2148 occupant.
2665 2090 2688 2125 ο
2726 2067 2865 2131 Haec
2885 2070 3085 2148 legere
3115 2082 3207 2134 est
3243 2075 3398 2154 apud
3433 2065 3695 2156 pseudo-

317 2162 576 2239 γίνονται,
608 2160 695 2217 καὶ
755 2158 1044 2216 οἱνοπώλια
1076 2158 1164 2213 καὶ
1220 2169 1497 2222 καπηΛεϊα
1541 2160 1962 2236 περιαθροῦντες,

2049 2154 2329 2216 Basilium
2357 2175 2427 2217 eo
2451 2155 2720 2233 loco,ubi
2740 2158 3166 2239 interpretatur
3183 2163 3283 2226 illa
3299 2164 3376 2244 (v,
3405 2154 3465 2229 ll
3484 2215 3499 2241 ,
3526 2185 3691 2229 num.

319 2251 408 2306 καὶ
463 2248 728 2315 ἂλλάλους
775 2250 862 2304 ἐπὶ
914 2249 973 2303 τὸ
1038 2248 1207 2302 πίνειν
1280 2244 1813 2324 παραλαμϐάνοντες,
1879 2251 1963 2307 καὶ

2054 2245 2188 2326 154)
2202 2263 2215 2307 :
2231 2244 2465 2326 Va,qui
2480 2255 2746 2327 surgunt
2769 2257 3042 2329 mane,et
3058 2251 3314 2315 siceram
3333 2265 3694 2336 sequuntur,

320 2359 493 2395 ,τασαν
549 2342 648 2402 τῆς
722 2341 907 2416 ψυχῆς
964 2336 1061 2403 τὴν
1092 2334 1349 2413 μέριμναν
1381 2336 1499 2412 περὶ
1528 2336 1624 2403 τὴν
1653 2339 1759 2393 τῶν
1789 2339 1965 2394 τοιού-

2049 2337 2157 2414 qui
2204 2341 2552 2428 «inspectant
2605 2353 2917 2418 vesperam
2956 2337 3032 2420 ω,
3057 2348 3173 2402 etc.
3211 2334 3431 2407 Videas
3455 2345 3697 2428 quidem

320 2453 427 2488 των
487 2426 731 2511 φροντίδα
801 2424 1301 2505 καταναλίσκοντες,
1353 2423 1494 2481 οὗτοι
1549 2427 1650 2482 ὑπὸ
1702 2431 1798 2485 τοῦ
1832 2453 1967 2506 προ-

2058 2424 2591 2512 pseudo-Basilium
2632 2435 2695 2487 ut
2726 2428 3023 2508 superius,
3054 2433 3130 2491 ita
3166 2429 3262 2493 hic
3289 2423 3568 2512 pauca-de
3593 2453 3700 2497 sua

319 2522 488 2601 φήτου
545 2520 1020 2596 καταθρηνοῦνται,
1110 2516 1183 2579 ὡς
1274 2515 1461 2593 καιρὸν
1518 2512 1700 2571 οὐδένα
1759 2518 1970 2585 ἑαυτοῖς

321 2612 453 2689 πρὸς
512 2610 609 2675 τὴν
691 2612 796 2662 τῶν
854 2604 1162 2679 θαυμασίων
1238 2610 1333 2659 τοῦ
1433 2609 1564 2659 Θεοῦ
1650 2610 1972 2674 κατανόησιν

321 2698 726 2758 ἀπολείποντες.
789 2693 862 2751 Οὐ
921 2694 1025 2771 γὰρ
1081 2691 1265 2770 ἄγουσι
1337 2689 1549 2771 σχολὴν
1596 2695 1643 2750 οἱ
1714 2695 1975 2776 ὀφθαλμοὶ

2056 2511 2368 2574 Basilianis
2391 2515 2810 2577 immiscuisse:
2849 2518 2954 2578 sed
2985 2535 3191 2581 eorum
3234 2511 3371 2602 pars
3394 2525 3459 2585 in
3489 2524 3702 2586 eadem

2056 2603 2322 2667 oratione
2337 2603 2529 2664 statim
2555 2603 2791 2683 legitur.
2818 2605 3004 2677 Quale
3035 2617 3126 2670 est
3145 2608 3294 2672 illud
3323 2629 3337 2673 :
3369 2615 3430 2671 οἱ
3447 2615 3700 2691 ἡττώμε-

2058 2720 2156 2770 νοι,
2203 2700 2476 2767 νικῶντες,
2507 2694 2700 2757 πάντες
2731 2695 3030 2769 μεθύουσιν.
3065 2696 3211 2760 Ιιθω
3239 2699 3388 2762 illud
3423 2721 3440 2762 ε
3498 2703 3705 2766 ἘΑεειο

321 2788 495 2844 αὐτῶν
564 2785 842 2841 ἀνανεῦσαι
931 2783 1062 2860 πρὸς
1122 2781 1367 2860 οὐρανὸν,
1444 2782 1532 2837 καὶ
1583 2782 1649 2840 τὰ
1713 2784 1770 2839 ἐν
1831 2791 1975 2863 αὐτῷ
2059 2789 2144 2843 νὸν
2172 2785 2346 2859 θέαμα
2376 2783 2702 2862 Χριστιανῶν
2742 2783 3063 2864 ὀφθαλμοῖς.
3124 2787 3331 2870 Neque
3386 2809 3524 2853 vero
3566 2794 3708 2856 satis

322 2876 497 2943 κάλλη
540 2875 895 2949 καταμαθεῖν,
966 2871 1056 2927 καὶ
1109 2875 1284 2926 πᾶοαν
1382 2868 1483 2936 τὴν
1551 2868 1607 2925 ἐν
1668 2884 1787 2937 τοῖς
1860 2875 1970 2932 οὖσι

2055 2875 2164 2936 fuit
2183 2870 2654 2954 pseudo-Basilio
2677 2871 3072 2951 fragmentum
3099 2868 3326 2939 tantum
3360 2897 3432 2941 ex
3461 2881 3571 2943 hac
3596 2879 3707 2943 Ba-

323 2964 686 3041 διακόσμησιν
781 2960 1198 3039 ὶπισκέψασθαι,
1286 2958 1424 3016 ὥστε
1484 2957 1544 3014 ἐκ
1627 2965 1727 3029 τῆς
1775 2965 1970 3022 τούτων

2059 2964 2173 3024 silii
2208 2962 2476 3022 oratione
2514 2960 2630 3021 sibi
2661 2979 2923 3022 sumere.
2959 2961 3186 3026 Ibidem
3219 2983 3296 3028 ex
3329 2985 3402 3030 ea
3451 2973 3708 3051 sumpsit

323 3055 557 3121 εὐταξίας
586 3055 678 3109 τὸν
724 3058 1063 3129 Δημιουργον
1090 3051 1367 3116 ἐννοῆσαι·
1414 3046 1535 3104 ἀλλ’
1593 3049 1740 3116 εὐθὺς
1797 3055 1975 3135 ἀρχο-
2059 3063 2118 3116 et
2155 3052 2292 3113 illa:
2329 3054 2386 3109 Οἱ
2420 3052 2668 3126 μένοντες
2700 3053 2762 3107 τὸ
2797 3053 2924 3132 ὀψὲ,
2984 3055 3070 3109 καὶ
3129 3055 3526 3137 διημερεύοντες
3552 3046 3607 3115 ἓν
3637 3066 3704 3140 τῇ

324 3144 489 3222 μένης
544 3143 772 3216 ἡμέρας.
823 3141 1110 3214 κοσμοῦσιν
1169 3137 1370 3194 ἑαυτῶν
1400 3139 1467 3194 τὰ
1489 3140 1761 3216 συμπόσια
1789 3148 1974 3212 ταίπη-
1993 3178 2036 3231 c
2061 3144 2195 3221 μέθῃ
2227 3145 2299 3205 ὡς
2331 3140 2533 3231 μηδένα
2556 3143 2740 3220 καιρὸν
2761 3141 2974 3206 έαυτοῦς
3011 3145 3266 3225 παρέχειν
3285 3150 3359 3213 είς
3397 3151 3459 3205 τὸ
3483 3151 3546 3206 τὰ
3579 3137 3708 3230 ἔργα

325 3258 376 3292 σι
435 3231 697 3295 ποικίλοις
729 3231 816 3287 καὶ
849 3230 1075 3292 ἀνθίνοις
1129 3227 1605 3308 παραπετάσμασι,
1658 3232 1888 3302 σπουδήν
1919 3256 1977 3291 τε
2005 3227 2034 3231 ν
2067 3235 2252 3312 Κυρίου
2282 3229 2588 3307 ἐμϐλέπειν,
2622 3231 2793 3287 καὶτὰ
2824 3230 2951 3310 ἔργα
2980 3238 3086 3289 τῶν
3120 3237 3320 3315 χειρξόν
3353 3240 3511 3297 αὐτοῦ
3534 3262 3707 3297 κατα-

325 3326 413 3380 καὶ
467 3320 777 3398 ἐπιμέλειαν
830 3320 905 3382 εἷς
948 3317 1047 3385 τὴν
1103 3317 1211 3372 τῶν
1255 3316 1591 3384 ἐκπωμάτων
1641 3325 1980 3400 παρασκευὴν
2064 3338 2228 3385 νοεῖν,
2267 3322 2323 3380 Ὀ
2347 3323 2446 3400 γὰρ
2469 3320 2617 3382 οἶνος
2669 3321 2856 3382 αὐτοὺς
2915 3325 3219 3401 συγκαύπν
3269 3325 3399 3385 διότι
3441 3333 3503 3386 τὸ
3531 3331 3590 3387 ἐκ
3619 3341 3710 3390 τοῦ

325 3411 731 3490 ἐπιδείκνυνται,
769 3412 1046 3485 ψυκτῆρας
1081 3407 1165 3462 καὶ
1209 3411 1475 3495 κρατῆρας
1506 3409 1594 3464 καὶ
1654 3411 1848 3490 φιάλας
1857 3464 1872 3491 ,
1907 3417 1980 3473 ὡς
2066 3415 2213 3473 οἴνου
2243 3412 2432 3489 θερμὸν
2464 3409 2806 3486 ἐγγινόμενον
2833 3411 2902 3486 τῇ
2930 3413 3104 3491 σαρκὶ,
3141 3413 3349 3492 ἔξαμμα
3380 3418 3577 3495 γίνεται
3602 3427 3708 3478 τῶν

329 3503 383 3559 ἐν
440 3505 636 3576 πομπῇ
691 3520 794 3554 τινι
851 3498 939 3553 καὶ
997 3495 1313 3574 πανηγύρει,
1348 3494 1685 3572 διατιθέντες,
1719 3502 1793 3564 ὡς
1825 3502 1888 3560 ἄν
1916 3507 1979 3562 τὸ
2065 3500 2460 3579 πεπυρωμένων
2491 3497 2662 3588 βελῶν
2683 3505 2775 3554 τοῦ
2803 3498 3018 3588 ἐχθροῦ·
3053 3503 3141 3559 τὸν
3174 3505 3272 3580 μὲν
3303 3494 3403 3585 γὰρ
3447 3505 3707 3588 λογισμὸν

330 3599 438 3650 τῶν
484 3591 715 3669 ἀγγείων
744 3585 991 3666 διάφορον
1048 3586 1138 3640 τὸν
1189 3582 1347 3660 κόρον
1402 3588 1587 3648 αὐτοῖς
1642 3588 1974 3676 ὑποκλέπτῃ,
2062 3594 2148 3648 καὶ
2180 3591 2269 3644 τὸν
2312 3597 2419 3644 δοῦν
2466 3585 2666 3676 ὁοίᾼνος
2699 3585 3098 3676 καταᾷαπτίζει.
3141 3617 3164 3646 ει
3202 3582 3326 3662 Οιιῖ
3370 3582 3717 3676 respectant

330 3684 418 3740 καὶ
447 3683 481 3750 ἦ
535 3686 642 3736 τῶν
699 3675 1036 3751 ἐκπωμάτων
1108 3672 1396 3752 ὑπαλλαγὴ
1419 3675 1508 3730 καὶ
1537 3675 1826 3750 μετάϐασις
1855 3672 1970 3740 ἱκαέ

2061 3681 2506 3766 vesperam,_e_t
2528 3673 2687 3734 diem
2730 3679 2789 3735 in
2821 3673 3112 3766 ebrietate
3141 3672 3613 3766 transigunt'sic,
3647 3698 3712 3750 ut

331 3774 427 3841 νῆν
487 3773 672 3835 αὐτοις
696 3769 768 3832 εἰς
797 3766 858 3821 τὸ
901 3765 1068 3821 πίνειν
1112 3761 1387 3842 διατριϐὴν
1446 3762 1671 3842 ἐμποιῇ,
1749 3775 1970 3846 Συμπο-

2064 3768 2290 3830 nullum
2319 3763 2432 3824 sibi
2466 3761 2606 3822 dent
2628 3771 2864 3844 tempus
2902 3765 2975 3825 ad
3000 3785 3182 3848 opera
3225 3761 3464 3834 Domini
3512 3761 3706 3856 inspi-

328 3867 542 3942 σίαρχοι
563 3857 619 3915 δέ
647 3877 786 3919 τινες
818 3854 904 3911 ἐπὶ
945 3853 1152 3916 τούτοις
1204 3853 1291 3908 καὶ
1316 3852 1722 3942 ,ἀρχιοινοχόοῃ
1757 3863 1844 3918 καὶ
1876 3863 1970 3942 ἂρ-

2062 3855 2275 3921 cienda
2305 3861 2362 3916 et
2407 3853 2480 3914 ad
2523 3869 2705 3932 opera
2765 3873 3044 3916 manuum
3086 3859 3217 3936 ejus
3247 3852 3707 3930 consideranda.

327 3940 668 4038 χιτρίκλινοι,
739 3946 829 4003 καὶ
884 3940 1029 4038 τάξις
1087 3941 1142 4038 έν
1198 3940 1405 4038 ἀταξία,
1468 3945 1554 4038 καὶ
1623 3943 1853 4016 διάθεσις
1915 3940 1970 4010 ’ἐκ

2074 3951 2292 4012 Vinum
2338 3943 2498 4004 enim
2544 3960 2642 4003 eos
2691 3943 3022 4021 comburet,
3051 3956 3366 4028 propterea
3401 3954 3556 4032 quod
3593 3956 3711 4017 vini

329 4029 552 4120 άκόσμῳ
595 4037 867 4118 πράγματι
892 4031 1251 4123 ἐπινενόηται·
1287 4029 1391 4112 θίν’,
1435 4031 1642 4123 ,ὥσπερ
1699 4051 1820 4107 ταῖς
1877 4042 1970 4123 ἀρ.

2064 4040 2226 4103 calor
2249 4033 2415 4095 carni
2431 4032 2748 4107 accedens,
2772 4032 3070 4112 igniculus
3091 4037 3157 4098 ﬁt
3178 4029 3499 4119 ignitorum
3520 4043 3709 4105 inimi-

332 4135 472 4216 χαῖς
525 4143 648 4193 ταῖς
705 4126 892 4216 ἔξωθεν
923 4122 986 4216 ἐκ
1011 4128 1117 4179 τῶν
1162 4120 1658 4216 δορυφερούν-των-ἡ
1713 4120 1970 4206 gemam

2065 4131 2118 4191 ci
2143 4124 2498 4206 jaculorum.
2531 4120 2747 4184 Vinum
2780 4142 3041 4204 namque
3097 4129 3392 4192 rationem
3421 4133 3713 4214 demergit

333 4210 660 4292 συναύξεται,
736 4214 874 4272 οὕτω
900 4213 987 4269 καὶ
1015 4219 1086 4290 τῇ
1115 4210 1256 4305 μέθη
1282 4211 1685 4305 οῖον-*βασιλίδι
1748 4221 1849 4277 τινὶ
1891 4225 1970 4280 θε.

2068 4225 2128 4281 et
2158 4225 2446 4278 mentem.
2486 4237 2512 4268 η
2550 4210 2709 4305 Haec,
2744 4212 3011 4290 inquam,
3048 4217 3206 4280 edita
3245 4219 3517 4283 invenias
3556 4210 3711 4305 apud

333 4315 554 4394 ραπείαν
610 4305 1050 4387 περιστήσαντες,
1104 4302 1184 4394 Δτὸ
1242 4299 1594 4394 ἐπονείδιστον
1671 4308 1838 4375 αὐτῆς
1910 4319 1970 4388 τᾷ

2071 4300 2619 4390 pseudo-Basilium
2640 4300 2805 4394 ineo
2830 4323 3005 4384 quem
3044 4306 3300 4370 iudicavi
3334 4311 3466 4374 loco
3500 4299 3712 4394 (v,]l,

331 4388 716 4483 ῦπερϐάλλοντι
775 4399 873 4484 τῆς
960 4388 1194 4484 σπουδῆς
1227 4389 1667 4484 ’περιστελλωσμ
1724 4398 1970 4480 Στέφανοκ

2048 4388 2543 4484 ιιιιιιη.156),ιιοιι
2566 4391 2943 4455 continenter
2964 4397 3340 4476 quidem,sed
3367 4388 3717 4484 pauc-isqui-

332 4480 668 4554 ἰπὶ-τούτοις
719 4485 807 4541 καὶ
838 4483 970 4550 ἄνθη
1026 4481 1114 4538 καί
1170 4480 1307 4560 μύρα
1350 4481 1438 4537 καὶ
1506 4485 1836 4568 θυμιάματα,
1899 4492 1970 4548 καί

2048 4480 2324 4549 'busdam
2351 4483 2800 4562 interjectisEx
2825 4484 2918 4545 his
2939 4490 3288 4569 patet,quod
3315 4480 3568 4554 maxime
3601 4480 3714 4554 no-

336 4585 513 4664 μυρίαι
557 4578 694 4642 τινὲς
721 4575 907 4643 ἔξωθεν
937 4570 1211 4664 θυμηδίαι,
1262 4570 1503 4664 πλείοναᾼ
1553 4574 1652 4641 τὴν
1723 4576 1970 4658 ἀσχολίαι

2069 4585 2250 4640 tatum
2266 4573 2780 4664 volo,scriptorem
2801 4579 3214 4640 commentarii
3234 4581 3312 4641 ita
3331 4583 3589 4661 psalmos
3609 4585 3718 4646 ali-

335 4660 454 4737 ἓιοΐς
478 4666 867 4745 ἀπολλυμένοις
889 4660 1399 4752 παρασκευάζουσιν,
1424 4683 1448 4718 ι
1474 4662 1686 4752 Potum
1717 4682 1970 4751 omnem.

2069 4685 2218 4749 quos
2239 4665 2424 4729 citare
2457 4664 2518 4723 in
2536 4663 2993 4752 interpretando
3014 4665 3258 4743 lsaia,ut
3282 4660 3421 4734 inde
3444 4674 3716 4734 occasio-

336 4762 440 4844 qui
469 4759 775 4823 inebriare
807 4760 1030 4844 potest,
1060 4749 1527 4844 solentHebraei
1573 4753 1830 4817 siceram
1870 4749 1985 4840 api-
2069 4774 2206 4819 nem
2238 4751 2843 4844 arripiat_Eusebiani
2886 4758 2953 4815 in
2997 4756 3268 4821 Psalmos
3307 4765 3719 4824 commentarii

340 4841 588 4933 pellare.
625 4846 828 4928 Itaque
861 4844 964 4926 qui
984 4843 1230 4904 ineunte
1251 4843 1349 4905 die
1380 4841 1694 4933 explorant
1722 4845 1821 4908 ubi
1849 4848 1992 4911 ﬁant
2073 4844 2456 4926 compilandi.
2482 4841 2603 4923 Ego
2632 4853 2830 4905 autem
2856 4854 3133 4925 praestare
3153 4849 3373 4931 ausim,
3410 4852 3713 4927 Basilium,

338 4931 831 5021 computationes,
866 4933 1088 5016 quique
1139 4939 1197 4994 et
1225 4931 1523 5012 mnopolia
1574 4951 1645 4995 ac
1691 4953 1992 5019 caupones
2075 4956 2210 5000 cum
2245 4946 2361 4996 tam
2384 4952 2544 5014 saepe
2589 4934 2649 4994 in
2671 4934 2794 4994 suis
2817 4937 3101 5015 operibus
3154 4957 3275 5001 non
3322 4943 3719 5006 controversis

336 5031 780 5102 collustrantes,
815 5041 882 5086 se
910 5030 1116 5084 mutuo
1137 5022 1215 5098 ad
1245 5024 1705 5103 compotandum
1733 5029 1988 5109 conjun-
2076 5029 2335 5110 psalmos
2382 5023 2545 5131 citet,
2601 5041 2905 5104 nunquam
2963 5032 3162 5088 tamen
3227 5029 3352 5131 hae
3403 5039 3721 5131 occasione

338 5128 505 5202 gunt,
536 5137 606 5181 ac
635 5113 1014 5182 omneanimi
1031 5112 1296 5176 studium
1318 5111 1907 5200 sollicitudinemque
1929 5124 1992 5186 in
2075 5121 2385 5186 inductum
2424 5114 2624 5187 fuisse,
2657 5121 2717 5173 ut
2747 5131 2911 5196 eum,
2944 5134 3079 5194 quae
3132 5135 3265 5180 mox
3296 5118 3441 5202 dixi,
3476 5122 3724 5187 Eusebii

343 5209 637 5290 ejusmodi
667 5206 829 5270 curis
859 5204 1194 5305 insumunt,
1221 5203 1336 5264 hos
1367 5203 1658 5305 propheta
1690 5205 1988 5305 deplorat,
2076 5203 2580 5305 commentarium
2612 5222 2889 5305 unquam
2930 5207 3298 5305 compilaret.
3337 5210 3457 5305 cur
3486 5230 3627 5294 ergo
3661 5215 3721 5278 in

346 5308 623 5379 tanquam
657 5295 760 5380 qui
787 5295 1018 5358 nullum
1041 5292 1158 5355 sibi
1187 5301 1419 5380 tempus
1444 5293 1520 5356 ad
1541 5294 1654 5358 Dei
1704 5298 1994 5365 miracula
2079 5295 2531 5379 interpretando
2563 5294 2768 5355 Isaiam
2791 5295 2968 5357 aliter
2996 5315 3060 5358 se
3089 5299 3421 5377 gessisset?

343 5379 774 5451 consideranda
793 5390 1127 5448 reservent.
1160 5379 1284 5445 Nec
1316 5382 1479 5444 enim
1537 5385 1726 5448 oculis
1782 5407 1992 5454 eorum
2159 5392 2406 5458 63.Htec
2430 5396 2590 5469 sunt,
2624 5386 2839 5467 quibus
2863 5388 3175 5466 adductus,
3210 5410 3245 5452 a
3277 5396 3581 5456 communi
3618 5413 3722 5457 ve-

347 5478 535 5540 otium
567 5485 656 5540 est
676 5474 1048 5557 suspiciendi
1062 5473 1126 5535 in
1151 5473 1653 5556 caelum,ejusque
1672 5478 1996 5557 pulchritu-
2081 5486 2311 5566 terique
2338 5477 2958 5542 sententiadiscedere
2984 5498 3099 5541 non
3117 5482 3530 5546 dubitavi.Nec
3561 5485 3720 5544 enim

344 5567 548 5630 dinem
561 5566 1287 5641 condiscendi,etomnem
1301 5582 1503 5627 rerum
1517 5566 1890 5633 conditarum
1905 5591 1998 5637 or-
2083 5577 2224 5639 mihi
2253 5568 2614 5654 persuadere
2635 5585 2900 5648 possum,
2919 5588 3030 5631 nec
3055 5590 3315 5648 unquam
3341 5582 3567 5652 potero,
3597 5590 3725 5650 gra—

425 5678 489 5729 58
517 5678 694 5740 Prov.
723 5693 784 5756 χ,
817 5675 877 5737 3.
961 5675 1025 5726 59
1050 5675 1207 5738 Psal.
1235 5689 1433 5749 XXXVI,
1471 5675 1574 5738 25.
1663 5673 1870 5744 0018a.
1910 5703 1971 5765 v,
2008 5689 2110 5754 11.

668 5797 928 5861 ΡΑτιιοι..
984 5795 1105 5862 Gn.
1147 5795 1372 5862 XXIX.
