4174 6406
1416 366 1487 428 D.
1542 366 1677 428 JUL
1749 364 2128 431 GABNERU
2171 366 2599 434 PR/EFATIO.

622 496 657 577 §
688 497 791 563 Xl.
824 498 915 559 De
944 496 1128 560 libris
1158 497 1217 559 in
1252 497 1641 561 Eunomium.

372 590 473 651 65.
507 589 801 673 Egregios
819 591 1067 671 quidem
1085 594 1155 655 in
1180 592 1566 655 Eunomz'um
1586 592 1768 657 libros
1789 613 1824 655 a
1846 596 1954 656 Ba-

292 680 425 743 silio
450 681 666 759 Magno
698 682 1067 763 conscriptos
1095 682 1305 757 fuisse,
1331 701 1467 744 cum
1495 701 1564 745 ex
1584 683 1835 747 aliorum
1858 703 1955 747 ve-

295 780 514 846 terum,
550 778 679 832 tum
713 790 782 835 ex
804 772 1157 852 Hieronymi
1213 772 1552 835 testimonio
1584 782 1789 836 notum
1820 782 1951 840 est:

296 860 400 922 sed
432 868 581 936 quot
609 860 689 923 ab
722 880 792 923 eo
826 861 969 923 editi
999 865 1139 935 sint,
1178 878 1368 942 neque
1403 862 1823 944 Hieronymus,
1845 883 1952 926 ne-

296 969 410 1031 que
427 950 583 1013 ullus
596 950 755 1013 alius
767 958 978 1014 auctor
992 951 1245 1014 idoneus
1258 951 1472 1014 litteris
1486 951 1952 1033 prodidit.Hinc,

297 1048 358 1100 ut
389 1039 478 1120 ﬁt,
513 1048 662 1101 ortae
691 1051 829 1102 sunt
858 1041 1285 1102 contentiones
1314 1040 1469 1102 inter
1497 1040 1787 1117 eruditos,
1823 1042 1957 1104 aliis

297 1126 477 1190 aliam
507 1129 857 1211 opinionem
892 1130 1373 1192 defendentihus.
1397 1134 1537 1195 Pars
1566 1132 1809 1209 quidem
1829 1152 1958 1195 ma-

299 1218 460 1281 xima
490 1223 758 1299 vulgatos
788 1219 1054 1300 quinque
1087 1220 1272 1281 libros
1302 1220 1571 1283 tribuunt
1599 1222 1818 1285 Basilio
1851 1242 1955 1284 no-

296 1319 423 1372 stro
445 1330 459 1372 :
480 1311 587 1372 sed
615 1310 890 1371 nonnulli
917 1313 1301 1385 tamen,inter
1330 1330 1481 1391 quos
1506 1312 1819 1373 Erasmum
1847 1332 1954 1374 nu-

297 1416 537 1460 merare
566 1400 729 1473 licet,
761 1399 1072 1461 adversam
1106 1398 1468 1462 sententlam
1502 1400 1586 1465 ita
1607 1411 1865 1477 tuentur,
1894 1409 1956 1463 ut

297 1489 355 1550 ei
382 1489 629 1569 quidem
678 1489 982 1551 ascribant
1012 1500 1136 1552 tres
1165 1490 1397 1569 priores
1426 1489 1630 1565 libros,
1667 1491 1775 1553 sed
1806 1491 1957 1553 duos

299 1577 667 1654 posteriores
698 1578 811 1659 ipsi
841 1579 1022 1640 tribui
1070 1577 1294 1641 debere
1350 1588 1589 1657 negent.
1650 1580 1956 1642 Dissident

297 1684 548 1746 quoque
570 1666 728 1728 inter
748 1686 813 1728 se
847 1677 966 1729 tum
1003 1668 1231 1731 calamo
1257 1667 1464 1749 notati,
1507 1676 1628 1729 tum
1663 1669 1813 1749 typis
1842 1669 1953 1730 de-

298 1754 512 1835 scripti
534 1754 695 1819 libri.
717 1755 941 1819 Combe
950 1757 1114 1825 ﬁsius
1125 1763 1285 1819 enim
1299 1757 1359 1817 in
1377 1776 1483 1818 suo
1501 1757 1738 1820 Basilio
1751 1775 1953 1821 recen-

3448 416 3453 421 ·
3466 394 3691 446 CCXXXI

1974 509 2011 557 A
2036 504 2262 564 tantam
2282 503 2564 594 esse.utsi
2585 503 2836 594 Basilius
2848 506 3061 570 horum
3076 518 3282 587 auctor
3294 528 3425 574 esse
3437 513 3684 594 dicatur,

2045 608 2181 681 eum,
2196 596 2283 652 sui
2302 593 2762 656 dissimillimum
2778 595 2961 659 fuisse
2973 604 3331 678 cporteat.Et
3343 625 3480 669 vero
3492 593 3682 681 verba,

2042 678 2251 753 dictio,
2285 682 2543 763 phrasis,
2570 695 2651 756 et,
2680 695 2745 746 ut
2771 686 2974 767 paucis
2995 688 3530 768 absolvam,omnia
3547 678 3685 763 con;

2040 770 2373 869 spicuas'ac
2395 780 2589 833 certas
2608 776 3045 869 peregrinitatis
3058 789 3225 841 notas
3245 784 3685 869 Videnturprae-

2042 858 2223 922 feire.
2260 859 2416 923 Nova
2442 871 2580 957 sunt
2609 863 2786 957 verba
2809 867 3037 946 etapud
3070 869 3346 933 Basilium
3380 858 3681 957 inusitata,

2041 968 2187 1010 nova
2210 952 2761 1047 quoque_loquendi
2788 972 3011 1047 genera
3037 976 3052 1031 ;
3086 968 3143 1019 et
3167 960 3440 1027 universe
3461 952 3678 1047 dicam,

2042 1047 2417 1133 tantamesse
2435 1040 2838 1105 diversitatem
2872 1044 3172 1125 dictionis,
3203 1058 3265 1111 ut
3285 1053 3386 1133 qui
3411 1074 3539 1119 eam
3563 1040 3684 1123 non

2040 1128 2216 1191 videt.
2248 1129 2455 1209 lippiat
2490 1149 2737 1194 necesse
2761 1133 2860 1195 sit.
2883 1133 3030 1196 Nolo
3054 1138 3203 1200 mihi
3221 1128 3335 1203 cito
3359 1148 3638 1213 credatur
3662 1172 3678 1212 :

2042 1218 2194 1312 man
2211 1217 2587 1312 doctissimos
2600 1241 2874 1301 quosque
2898 1224 3054 1286 viros
3071 1228 3435 1312 eosdemque
3452 1240 3680 1300 acerri-

2039 1326 2133 1368 mo
2146 1308 2374 1401 judicio
2394 1308 2672 1401 praditos
2697 1329 2802 1390 per
2822 1330 2889 1373 se
2938 1315 3195 1395 experiri
3241 1318 3300 1379 id
3324 1308 3482 1401 quod
3502 1326 3634 1389 dico
3663 1350 3676 1391 :

2038 1398 2195 1494 quod
2212 1399 2257 1459 si
2273 1397 2725 1494 fecerint,spero
2739 1419 2945 1463 omnes
2961 1403 3292 1469 mihifacile
3304 1397 3676 1494 assensuros,

2039 1486 2191 1582 duos
2215 1488 2322 1582 hos
2346 1487 2420 1548 de
2450 1488 2663 1582 quibus
2685 1492 2878 1582 agitur
2908 1492 3090 1554 libros
3112 1493 3328 1559 Basilio
3350 1499 3556 1582 Magno
3580 1486 3682 1567 tri-

2040 1575 2153 1670 bui
2173 1577 2333 1637 nullo
2360 1578 2534 1638 modo
2561 1596 2756 1656 posse.
2779 1577 2908 1670 Jam
2932 1583 3203 1645 rationes
3228 1595 3285 1648 et
3304 1575 3679 1670 argumenta,

2036 1666 2251 1745 quibus
2284 1668 2406 1727 haec
2436 1675 2638 1727 nostra
2667 1668 2927 1748 suspicio
2951 1670 3247 1746 nititur,in
3275 1666 3537 1742 medium
3567 1666 3678 1745 ad;

2037 1756 2259 1816 ducere
2287 1773 2486 1836 operae
2516 1755 2771 1835 pretium
2812 1766 2924 1819 est.
2954 1760 3198 1838 Legenti
3251 1764 3396 1827 mihi
3458 1770 3680 1834 librum

294 1846 439 1943 sita,
478 1847 746 1943 tomoull,
784 1864 915 1943 pag:
949 1845 1049 1921 27,
1088 1854 1292 1943 monet
1326 1845 1564 1943 ult-imos
1590 1846 1951 1943 duos-libros
1976 1879 2012 1928 Β
2037 1852 2309 1924 quartum
2364 1844 2625 1905 occurrit
2679 1845 2938 1925 primum
2983 1851 3273 1943 particula
3302 1856 3369 1930 εἰ,
3403 1876 3536 1943 qua;
3563 1869 3680 1923 tam

291 1933 356 1994 in
388 1952 510 1995 uno
534 1934 743 1996 codice
769 1934 954 2014 Regio
978 1935 1337 1999 desiderari:
1365 1935 1645 1998 similiter
1666 1944 1725 1998 et
1745 1936 1807 1997 in
1824 1937 1951 2000 edi-

292 2024 457 2084 tione
490 2021 742 2105 Veneta,
764 2043 895 2105 quea
910 2043 981 2087 ex
1012 2024 1301 2106 Stephani
1333 2023 1494 2087 Sabii
1524 2026 1767 2088 ofﬁcina
1789 2044 1949 2089 anno

292 2113 458 2175 1535
494 2113 734 2194 prodiit,
763 2122 881 2176 tres
917 2122 1141 2178 tantum
1166 2115 1395 2194 priores
1427 2125 1666 2178 exstare
1694 2125 1947 2180 constat.

292 2197 581 2264 Codicem
633 2221 794 2283 eum,
830 2203 892 2265 in
940 2222 1082 2284 quo,
1116 2211 1268 2264 teste
1303 2203 1693 2280 Combeﬁsio,
1727 2207 1950 2268 exarati

295 2297 439 2351 sunt
469 2290 665 2351 solum
700 2290 931 2371 priores
981 2300 1101 2353 tres
1156 2291 1317 2371 libri,
1349 2310 1470 2353 non
1520 2294 1720 2373 reperi
1750 2312 1861 2373 ego
1891 2295 1954 2356 in

294 2376 671 2443 bibliotheca
698 2378 882 2457 Regia
916 2397 931 2443 :
967 2381 1073 2441 sed
1105 2380 1447 2442 inciderunt
1493 2381 1557 2442 in
1610 2401 1825 2457 manus
1854 2384 1955 2445 alii

294 2487 404 2533 sex
438 2476 657 2551 praeter
682 2486 867 2531 unum
886 2468 1388 2550 Colbertinum,in
1408 2470 1626 2547 quibus
1647 2472 1949 2548 omnibus,

298 2567 364 2621 ut
394 2577 603 2622 verum
633 2558 839 2635 fatear,
870 2558 932 2621 hi
973 2558 1237 2640 quinque
1293 2558 1429 2621 libri
1471 2559 1692 2641 pariter
1734 2560 1950 2625 Basilio

296 2652 516 2728 Magno
541 2647 901 2711 tribuuntur.
932 2650 1175 2711 Monere
1190 2648 1647 2730 jnvat,reperiri
1669 2648 1731 2711 in
1762 2650 1948 2730 Regio

298 2739 511 2821 quinto
541 2738 747 2800 codice
769 2736 934 2799 initio
968 2736 1109 2799 libri
1138 2738 1334 2818 quarti
1367 2748 1569 2799 notam
1602 2739 1947 2818 quamdam,

297 2848 482 2909 quam
513 2829 612 2889 hic
645 2826 1103 2890 exscribendam
1153 2827 1383 2889 censui.
1420 2828 1525 2890 Est
1552 2837 1749 2891 autem
1782 2830 1946 2909 ejus-

296 2918 505 2981 modi:
574 2920 671 2977 Καὶ
724 2920 842 2996 περὶ
897 2919 1084 2976 τούτου
1149 2920 1235 2976 τοῦ
1292 2917 1454 2996 λόγου
1506 2918 1748 2999 διάφορος
1807 2922 1948 2999 παρὰ

292 3007 529 3072 πολλοῖς
587 3006 711 3073 δόξα
770 3021 979 3086 κρατεῖ,
1014 3014 1120 3064 τῶν
1179 3008 1276 3083 μὲν
1327 3006 1595 3086 λεγόντων
1652 3010 1809 3067 αὐτὸν
1856 3017 1948 3067 τοῦ

293 3100 448 3178 ἁγίου
522 3097 822 3179 Βασιλείοο²
901 3104 1008 3155 τῶν
1114 3095 1170 3153 δὲ
1245 3096 1633 3176 ἀντιλεγόντων
1706 3099 1829 3175 μὲν,
1890 3101 1948 3156 οὗ

292 3188 735 3267 κατηγορούντων
767 3186 845 3263 δὲ,
869 3187 943 3255 ὣς
972 3210 1023 3244 τι
1055 3188 1397 3268 ἀπεμφατνον
1429 3187 1679 3268 ἔχοντος,
1716 3188 1945 3250 «Etiam

2038 1951 2196 2025 sape
2225 1941 2431 2025 contra
2460 1952 2847 2025 communem
2883 1956 3051 1998 usum
3081 1942 3393 2025 repetitur,
3429 1941 3683 2013 utnulla

2037 2024 2161 2085 fere
2193 2023 2477 2104 periodus
2528 2023 2891 2100 inveniatur,
2925 2044 3058 2107 quae
3090 2029 3201 2091 hac
3233 2023 3439 2097 vocula
3476 2039 3531 2100 si
3562 2059 3682 2103 non

2034 2113 2385 2204 incipiat.Et
2399 2119 2563 2204 certe
2581 2130 2652 2204 eo
2673 2113 2860 2193 magis
2879 2124 2993 2175 tam
3009 2116 3308 2199 frequenti
3322 2122 3501 2204 hujus
3524 2130 3683 2193 vocis

2038 2203 2396 2283 repetitione
2428 2202 2798 2294 offendebar,
2818 2205 2978 2294 quod
3003 2224 3074 2267 ex
3096 2226 3166 2269 ea
3186 2209 3389 2273 brevia
3404 2202 3679 2294 quaedam

2038 2299 2387 2384 argumenta
2406 2291 2736 2384 ducantur,
2770 2292 2919 2384 nihil
2964 2303 3075 2384 aut
3103 2300 3404 2384 exquisiti,
3428 2291 3539 2369 aut
3590 2327 3681 2370 va-

2038 2381 2143 2443 lidi
2179 2380 2479 2455 habentia,
2516 2388 2574 2442 et
2601 2400 2844 2460 prorsus
2874 2381 3139 2463 indigna,
3170 2380 3421 2468 quorum
3476 2404 3683 2460 auctor

2038 2471 2270 2534 dicatur
2300 2478 2607 2531 oratorum
2636 2472 3158 2549 praestantissimus
3207 2479 3484 2546 Basilius.
3515 2484 3681 2550 Hanc

2038 2579 2243 2656 vocem
2270 2559 2582 2656 aliquoties
2605 2559 2877 2656 adhiberi
2901 2562 3047 2656 nihil
3068 2573 3240 2630 vetat:
3265 2571 3370 2632 sed
3402 2591 3530 2635 eam
3550 2595 3686 2656 pas-

2032 2652 2143 2712 sim
2178 2647 2532 2746 etquolibet
2554 2647 2687 2709 loco
2718 2648 2792 2709 ad
2825 2650 3158 2746 satietatem
3219 2676 3406 2739 usque
3458 2647 3677 2746 repeti,

2033 2748 2096 2801 ut
2126 2739 2489 2818 optimorum
2522 2753 2899 2826 quorumque
2946 2741 3328 2826 scriptorum,
3370 2750 3450 2813 ita
3477 2739 3680 2818 Basilii

2034 2829 2403 2922 consuetudo
2428 2844 2550 2886 non
2574 2825 2816 2905 patitur.
2844 2827 2979 2922 Alia
3008 2832 3292 2895 orationis
3314 2825 3450 2901 vitia
3480 2859 3683 2922 perae-

2033 2919 2133 2998 qui
2159 2916 2360 2978 omnia
2385 2916 2623 3012 longum
2650 2932 2785 2976 cum
2808 2917 3101 3012 sit,pau_ca
3119 2940 3156 3012 _e
3182 2924 3402 3003 multis,
3426 2916 3678 3012 utquid-

2032 3027 2145 3088 que
2161 3004 3004 3099 occiirret,profe_remus.Haac
3016 3008 3269 3088 iegimus
3285 3034 3401 3078 non
3415 3004 3591 3099 longe
3603 3027 3676 3087 ab

2032 3097 2196 3191 initio
2231 3095 2487 3191 (p.279)
2524 3111 2538 3156 ;
2582 3096 2638 3150 Εἰ
2670 3096 2747 3171 μὴ
2781 3099 3082 3191 γεννήσεως
3107 3102 3167 3156 τὸ
3198 3095 3679 3191 μονογενὲςίάλλὰ

2032 3188 2114 3243 διὰ
2150 3190 2210 3246 τὸ
2241 3187 2580 3265 ἀσύγκριτον,
2643 3187 2939 3265 μονογενὴς
2981 3191 3063 3245 κοὶ
3121 3192 3148 3245 ὁ
3209 3197 3417 3273 Πατήρ,
3480 3187 3679 3285 ’.Λαόγ-

292 3279 374 3374 d_e
403 3278 517 3340 hoc
538 3276 703 3374 libro
758 3276 931 3338 multi
986 3276 1147 3374 varie
1203 3275 1476 3374 sentiunt
1494 3295 1509 3339 :
1543 3277 1646 3338 alii
1702 3272 2006 3359 quidem"
2028 3300 2203 3374 κριτος
2237 3278 2359 3357 γάρ.
2407 3300 2426 3331 ι
2466 3272 2527 3337 Si
2562 3276 2935 3374 unigenitum
2968 3280 3371 3374 generationis
3402 3306 3521 3351 non
3555 3272 3671 3374 esi,

296 3367 508 3431 dicunt
535 3366 705 3428 illum
739 3384 873 3427 esse
904 3365 1350 3459 sanctiBasilii,
1382 3365 1481 3426 alii
1503 3382 1647 3459 vero
1679 3378 1898 3447 negant
1925 3390 1942 3444 ;
2026 3370 2132 3430 sed
2151 3376 2465 3459 propterea
2486 3365 2757 3459 quqdest
2786 3365 3280 3447 incomparabile,
3318 3365 3665 3459 unigeniiué

293 3457 404 3519 sed
430 3468 628 3520 tamen
652 3474 790 3516 eum
812 3474 933 3517 non
953 3454 1559 3552 condemnan_t,quasi
1578 3456 1825 3518 absurdi
1840 3458 1946 3519 ali-
2026 3459 2205 3520 etiam
2219 3456 2393 3552 Pater
2409 3465 2521 3519 est.
2534 3480 2560 3509 κ
2572 3452 2708 3552 scio
2726 3472 2894 3552 suam
2908 3460 3123 3537 cuique
3136 3452 3495 3530 sententia'm
3511 3491 3668 3552 esse,

292 3546 438 3629 quid
463 3544 828 3608 contineat.»
854 3543 939 3605 Ex
961 3543 1178 3624 quibus
1209 3542 1588 3626 intelligitur,
1613 3563 1733 3607 non
1764 3564 1940 3608 unam
2030 3555 2089 3609 et
2104 3546 2254 3608 alios
2269 3545 2441 3608 aliter
2458 3543 2680 3604 sentire
2702 3544 2912 3606 solitos
2938 3566 2952 3608 :
2980 3554 3122 3626 puto
3148 3558 3348 3614 tamen
3365 3542 3669 3625 neminem

296 3637 567 3702 omnium
599 3638 674 3700 de
705 3637 818 3696 hoc
851 3633 1002 3695 libro
1020 3633 1211 3696 fuisse
1226 3633 1589 3696 sententiam
1607 3635 1767 3715 apud
1789 3637 1946 3699 Grec.

2031 3638 2318 3710 futurum,
2351 3633 2453 3715 qui
2487 3631 2543 3692 id
2584 3632 2869 3723 loquendi
2924 3653 3137 3717 genus,
3175 3641 3228 3695 Εἰ
3261 3645 3339 3717 μὴ
3372 3652 3670 3723 γεννήσεως

294 3752 433 3799 cos:
468 3730 575 3794 sed
604 3728 759 3791 alios
789 3724 952 3789 aliud
981 3723 1474 3789 sensisse.Nolim
1490 3725 1734 3805 quidem
1761 3746 1833 3789 ex
1854 3730 1945 3793 si-

294 3822 537 3889 milibus
563 3818 719 3881 notis
777 3814 1014 3896 probari
1052 3817 1247 3877 statim
1280 3813 1624 3893 opinionem
1657 3816 1940 3898 aliquam,

292 3924 391 3979 aut
420 3906 753 3992 improbari
785 3923 801 3969 :
836 3904 943 3967 sed
976 3922 1081 3966 eas
1132 3914 1335 3965 tamen
1368 3919 1489 3965 non
1521 3905 1764 3992 omnino
1792 3926 1941 3971 con-

294 3991 652 4069 temnendas
673 4014 809 4061 esse
835 4001 1002 4076 puto.
1028 3992 1270 4056 Etenim
1308 3992 1360 4053 si
1412 3991 1563 4054 nihil
1606 3993 1769 4057 aliud
1798 3996 1943 4062 inde

292 4090 920 4173 consequimur,certe
943 4082 1198 4173 eruditis
1222 4082 1569 4145 hominibus
1591 4084 1682 4146 rei
1708 4088 1941 4150 exami-

296 4171 516 4246 nandae
540 4180 717 4241 datur
768 4174 1024 4237 occasio.
1057 4171 1455 4255 Percuperem
1503 4192 1614 4253 ego
1642 4176 1941 4254 ejusmodi

293 4270 687 4355 quaestionem
707 4264 1025 4355 obscuram
1048 4280 1193 4355 sane
1216 4270 1274 4323 et
1296 4261 1707 4355 perdiﬂicilem
1738 4284 1810 4328 ea
1824 4278 1942 4348 qua

295 4351 407 4443 par
436 4366 528 4423 est
557 4353 868 4436 diligentia
888 4352 1014 4432 jam
1036 4352 1310 4443 agitatam
1341 4351 1523 4443 fuisse
1544 4352 1618 4414 ab
1640 4354 1941 4436 aliquibus

294 4440 435 4515 viris
454 4452 666 4512 harum
694 4461 897 4507 rerum
918 4441 1151 4524 peritis,
1171 4448 1233 4502 et
1250 4440 1468 4521 linguae
1484 4440 1704 4505 Graecae
1724 4450 1804 4506 im
1810 4446 1939 4525 pri-

295 4544 411 4609 mis
428 4532 1037 4617 intelligentibus,qui
1060 4531 1210 4621 mihi
1234 4538 1513 4621 tanquam
1539 4536 1601 4594 in
1622 4533 1779 4597 bivio
1800 4554 1938 4600 ver-
1960 4569 2007 4621 ο

2027 3733 2089 3788 τὸ
2120 3728 2421 3805 μονογενὲς,
2452 3722 2813 3783 Basilianiqu
2844 3740 2977 3817 esse
3008 3724 3186 3786 dicat.
3221 3722 3400 3794 Paulo
3433 3749 3562 3817 post
3591 3744 3673 3808 ita

2029 3820 2243 3913 legitulf
2276 3818 2363 3915 (ρε
2396 3814 2537 3889 279)
2563 3833 2579 3872 =
2623 3825 2699 3916 ἣν
2723 3814 2821 3892 γάρ
2843 3816 2870 3869 δ
2896 3811 3218 3916 sese?“
3243 3823 3301 3876 οδ
3332 3811 3467 3916 καέά
3488 3833 3665 3916 φύσιν,

2027 3897 2139 3968 πῶς
2197 3902 2261 3955 τὰ
2322 3897 2776 3972 δημιουργηθέντα
2857 3899 2993 3950 κατὰ
3049 3898 3251 3978 φύσινς
3320 3922 3349 3961 ι
3403 3897 3669 3980 Quintilli

2026 3992 2185 4055 enim
2215 3986 2489 4081 conditor
2521 4001 2641 4044 non
2669 3984 2997 4081 secundum
3042 3993 3311 4049 naturam
3366 4005 3478 4072 est,
3512 4021 3663 4081 quo-

2026 4083 2204 4144 modo
2226 4074 2463 4139 condita
2478 4073 2813 4134 secundum
2841 4082 3111 4135 naturam
3140 4089 3314 4140 erunt
3342 4082 3411 4144 ⁸2»
3442 4073 3668 4160 Quibus

2024 4172 2085 4232 in
2139 4165 2338 4231 verbis
2396 4162 2597 4223 vitium
2651 4161 2848 4222 inesse
2895 4162 3125 4239 vident,
3157 4168 3392 4248 opinor,
3427 4196 3662 4246 omnes,

2024 4261 2300 4340 Scriptor
2332 4255 2516 4328 enim,
2540 4252 2591 4312 si
2612 4260 2774 4313 recte
2795 4250 2962 4328 loqui
2981 4255 3285 4336 voluisset,
3310 4274 3413 4326 aut
3442 4286 3548 4331 sua
3576 4271 3669 4333 fa-

2028 4350 2241 4442 miliari
2266 4344 2554 4442 particula
2575 4344 2618 4398 εἰ
2645 4341 2734 4442 uti
2772 4340 3085 4442 debuerat,
3115 4346 3228 4408 hoc
3252 4353 3461 4421 modo;
3492 4363 3547 4417 ιεῖ
3571 4364 3669 4442 γὰρ

2025 4441 2052 4495 ὁ
2082 4434 2420 4513 δημιουρφὸί
2442 4439 2559 4492 etc.
2590 4454 2617 4484 α
2645 4429 2878 4491 Sienim
2906 4432 3181 4495 conditor
3197 4455 3317 4500 non
3334 4429 3668 4511 secundum

2026 4536 2295 4590 naturam
2323 4531 2437 4597 est,
2461 4520 2758 4601 quomodo
2783 4519 3020 4580 condita
3041 4527 3373 4592 secundum
3399 4545 3666 4600 naturam

293 4634 449 4701 santi
479 4610 665 4693 duces
696 4630 899 4689 essent
952 4610 1013 4685 et
1058 4610 1372 4701 signiferi?
1402 4620 1511 4685 sed
1542 4642 1659 4704 quo
1703 4627 1940 4704 gravius
1960 4610 2002 4621 ”
2025 4625 2195 4680 erunt
2220 4622 2248 4678 ἲ
2270 4622 2371 4708 aut
2392 4612 2443 4673 si
2462 4629 2604 4708 voce
2624 4614 2698 4708 εἶςν
2730 4610 2813 4670 uti
2843 4611 3044 4708 vellet,
3063 4614 3148 4708 sic
3170 4625 3455 4701 scriptum
3478 4645 3664 4708 opor-

294 4695 423 4791 erat
440 4695 898 4801 argumentum,
929 4731 1006 4802 eo
1029 4695 1217 4793 magis
1248 4695 1590 4792 neglectum
1610 4695 1795 4777 fuisse
1821 4716 1943 4781 dici

2031 4716 2221 4771 tuerat
2250 4726 2264 4766 :
2298 4695 2392 4762 Ὧν
2448 4703 2548 4781 γὰρ
2580 4703 2607 4757 ὁ
2648 4698 2967 4802 ξημιουργὸς
3028 4704 3087 4802 οὔ
3148 4695 3309 4765 κατὰ-
3335 4695 3663 4792 φύσιν,’πῶς

296 4790 723 4898 ροῑοεῐῘΝιιιιο
751 4822 895 4898 ergo
923 4790 1227 4898 celebrem
1252 4790 1624 4898 dev‘quinque
1644 4805 1713 4868 in
1728 4805 1940 4871 Eum.

2031 4809 2188 4859 ταῦτα
2216 4798 2353 4855 κατὰ
2378 4794 2531 4876 φύσιν
2559 4814 2575 4869 ;
2608 4816 2630 4845 α
2657 4790 2920 4862 Quorum
2946 4792 3106 4854 enim
3134 4790 3411 4862 conditor
3433 4822 3552 4866 non
3573 4825 3664 4869 se-

294 4882 489 4972 im'um
513 4900 684 4964 libris
696 4882 1083 4979 quaestionem
1102 4882 1445 4974 diligentius
1466 4882 1818 4963 examinare
1842 4918 1939 4965 co-
2027 4890 2292 4955 cundum
2316 4894 2583 4987 tiaturalf}
2608 4882 3028 4987 θεὴίιυοωολάο
3053 4904 3121 4987 (ᾖα
3142 4891 3473 4987 ξθίξμηίξοω
3490 4906 3661 4960 natu-

294 4997 511 5071 nabor;
533 5000 593 5054 et
611 4972 891 5070 quoniam
918 4983 982 5045 in
1002 5002 1069 5046 re
1085 4982 1184 5076 tali
1202 4972 1532 5076 quidquam
1554 4986 1937 5056 dissimulare
2020 4996 2144 5076 ram
2160 4972 3145 5076 eruntin§edflifaprosequamunlni
3160 4975 3331 5076 igitur
3348 4978 3503 5039 libro
3519 4989 3660 5056 quin

292 5057 415 5152 non
444 5057 810 5159 licet,dicam
828 5072 1073 5156 quidem
1102 5057 1261 5136 bona
1281 5057 1400 5137 ﬁde
1422 5076 1583 5157 quod
1602 5078 1935 5157 sentio,sed

2031 5082 2079 5136 ιο
2101 5065 2365 5147 loquitur
2385 5063 2464 5144 (p.
2486 5060 2646 5136 300):
2673 5062 2728 5117 0⁵
2754 5058 2873 5159 ἐμοὶ
2892 5057 3068 5159 λογοι,
3100 5064 3353 5141 Σολομὼν
3371 5076 3661 5150 φησιν,ί›πὸ

292 5180 404 5259 sic,
438 5180 506 5238 ut
534 5154 731 5233 meam
758 5154 1115 5229 sententiam
1147 5154 1477 5246 proponam
1507 5166 1724 5247 potius,
1754 5154 1934 5250 quam

2031 5170 2152 5222 Θεοῦ
2199 5161 2468 5240 εἴρηνται,
2506 5160 2601 5217 Καὶ
2624 5160 2651 5215 δ
2683 5154 2912 5233 Παῦλος,
2942 5156 3043 5211 ὕπὸ
3074 5160 3320 5235 Χριστοῦ·
3356 5159 3491 5237 ἐπεί,
3526 5173 3668 5228 οισι-

291 5245 664 5352 parum.
1511 5245 1571 5352 “.
1718 5341 1730 5352 .
1770 5245 1855 5352 “..
2016 5245 3659 5352 :Ssraones"asiaisqui‘ﬁsloswicﬁsumDeo-

373 5348 476 5412 66.
501 5341 761 5410 Fatebor
787 5337 969 5419 igitur
988 5354 1252 5412 me,cum
1273 5336 1518 5401 ultimos
1536 5338 1688 5404 duos
1704 5341 1773 5406 in
1793 5341 1934 5406 Eu-

292 5442 564 5501 nomium
594 5432 781 5497 libros
810 5429 1095 5509 legerem,
1128 5428 1409 5493 incidisse
1438 5430 1528 5493 vel
1579 5430 1824 5495 invitum
1871 5433 1935 5496 in

295 5517 1147 5608 suspicionem.Animadverti
1158 5518 1507 5601 enim,quod
1516 5520 1643 5601 jam
1661 5522 1935 5586 animad-

294 5607 593 5681 verterent
617 5609 810 5689 multi,
836 5625 940 5671 eos
972 5626 1009 5670 a
1048 5607 1240 5671 tribus
1272 5608 1565 5690 prioribus
1585 5627 1806 5688 genere
1834 5612 1933 5678 di-

295 5706 473 5774 cendi
491 5721 671 5784 quam
694 5698 952 5766 maxime
979 5702 1508 5782 diﬂ‘erre,eamque
1527 5700 1929 5771 diversitatem

2014 5345 2088 5409 Et
2111 5342 2353 5417 Paulus,
2374 5338 2424 5403 A
2453 5338 2760 5402 Christo.»
2788 5335 3142 5400 Potuitsane
3162 5339 3492 5421 taminepte
3516 5352 3662 5407 tam.

2016 5455 2133 5519 que
2162 5430 2423 5496 absurde
2456 5430 2614 5510 loqui
2646 5428 2902 5519 scriptor
2932 5426 3153 5519 inﬁmae
3184 5437 3359 5505 notae,
3396 5433 3500 5494 sed
3533 5455 3659 5499 non

2017 5518 2270 5606 magnus
2291 5521 2392 5583 ille
2413 5519 2687 5593 Basilius,
2715 5518 2901 5600 qui,si
2929 5518 3276 5596 eloquentia
3300 5540 3417 5582 non
3445 5541 3657 5588 omnes

2014 5610 2509 5698 superavit,ccrte
2531 5628 2564 5670 a
2607 5610 2769 5671 nullo
2805 5625 3061 5688 unquam
3079 5619 3390 5689 superatus
3412 5615 3654 5676 est.Nec

2014 5709 2264 5775 meliora
2294 5712 2436 5783 puto
2471 5701 2592 5776 illa,
2620 5719 2754 5777 qua;
2785 5720 2902 5762 non
2935 5700 3015 5762 ita
3039 5703 3223 5761 multo
3255 5699 3405 5760 infra
3436 5700 3651 5778 legun-
