4174 6400
1480 348 1551 409 D.
1599 346 1755 407 JUL.
1802 340 2183 407 GARNERII
2226 340 2649 404 PR/EFATIO.

3486 364 3760 418 CCXXXIII

377 498 420 551 ι,
459 480 553 551 34)
597 501 609 540 :
636 481 742 543 sed
770 484 995 561 priora,
1035 483 1383 554 «Quomodo
1414 499 1769 562 cognoscam
1797 479 2018 560 istud,»
2046 482 2089 532 Α
2110 477 2339 553 quihos
2357 475 2541 538 libros
2558 473 2777 538 Basilio
2796 474 3089 547 tribuunt,
3118 494 3225 539 cur
3252 477 3351 540 hic
3372 478 3546 543 aliter
3578 502 3753 563 quam

377 570 673 632 Zacharias
698 590 831 634 esse
862 578 1092 633 constat
1122 590 1191 633 ex
1225 572 1371 634 Luc.
1420 590 1463 651 ι,
1494 574 1588 634 18.

458 660 558 723 68.
586 660 882 724 Hactenus
912 662 1042 724 loca
1068 661 1361 741 quaedam,
1397 680 1531 738 quas
1555 662 1817 740 phrasim
1850 660 2024 723 Basi-

378 749 595 813 lianam
620 751 818 813 minus
841 752 1447 832 sapiant,retu|imus:
1476 770 1635 812 nunc
1660 770 1839 812 voces
1864 750 2022 811 mul-

378 851 488 915 tas,
515 860 661 921 quas
691 842 751 902 in
774 841 1049 921 genuinis
1071 841 1280 904 Basilii
1306 840 1591 921 operibus
1623 840 1878 902 inveniri
1904 858 2025 900 non

378 931 781 1011 putamus,hic
795 931 1509 1011 simulcongererenobis
1524 936 1894 1010 pr0positum
1910 938 2020 1006 est,

378 1018 504 1082 Vox
530 1021 671 1086 θέσις
725 1022 916 1101 prima
950 1021 1234 1085 occurrit.
1269 1019 1433 1082 Nihil
1471 1026 1635 1083 certe
1669 1038 1738 1082 ea
1766 1038 1911 1082 voce
1942 1020 2025 1081 fa-

376 1110 665 1172 miliarius
698 1120 788 1173 est
819 1112 1237 1192 scriptori,pro
1257 1130 1327 1173 eo
1346 1111 1504 1191 quod
1523 1119 1613 1173 est
1650 1135 1677 1166 α
1711 1110 2015 1191 adoptio.»

372 1199 799 1281 Frequentiora
813 1209 952 1262 sunt
971 1201 1455 1281 exempla,quam
1485 1209 1551 1264 ut
1573 1201 1774 1277 aliqua
1803 1202 1862 1260 in
1895 1218 2022 1260 me-

371 1289 534 1349 dium
560 1290 827 1369 proferre
849 1309 1096 1352 necesse
1115 1291 1387 1371 sit.Nusq
1398 1309 1531 1352 uam
1554 1290 2020 1370 tamen,opinor,

374 1397 442 1440 ea
491 1398 601 1439 vox
651 1399 756 1459 pro
807 1379 1131 1461 adoptione
1183 1380 1242 1440 in
1302 1380 1559 1442 sinceris
1600 1400 1669 1442 ac
1717 1379 2024 1459 germanis

374 1468 576 1531 Basilii
597 1469 765 1531 libris
787 1469 1356 1551 usurpatur.Vocem
1380 1475 1629 1552 oioOsma,
1659 1490 1777 1531 non
1809 1486 2017 1532 vocem

372 1560 619 1633 ea’otc,eo
645 1558 956 1621 intellectu
984 1558 1275 1622 adhibere
1315 1560 1469 1624 solet
1505 1568 1707 1623 orator
1738 1564 2020 1639 optimus.

374 1652 548 1710 Certe
574 1647 624 1707 si
645 1648 811 1724 alias,
852 1649 1107 1713 maxime
1136 1649 1200 1711 in
1233 1649 1383 1711 libro
1421 1650 1506 1713 De
1537 1650 1785 1731 Spiritu
1810 1656 2024 1711 sancto

375 1747 431 1798 et
456 1738 515 1799 in
535 1737 723 1799 tribus
748 1739 958 1819 primis
983 1746 1050 1801 in
1065 1740 1448 1802 Eunomium
1484 1740 1656 1802 libris
1680 1756 1900 1800 nomen
1929 1739 2021 1795 θέσ-

2109 563 2334 627 solebat
2365 566 2596 628 locutus
2630 564 2921 646 sit,seque
2943 567 3036 627 sui
3069 564 3423 630 dissimilem
3457 574 3753 650 praastite-

2109 655 2203 715 rit.
2239 654 2390 717 Illud
2420 656 2504 735 (p.
2554 654 2697 734 305)
2719 675 2754 744 κεῖ
2781 658 2879 744 Καὶ
2907 656 2968 712 τὸ
3000 654 3083 713 διὰ
3116 656 3237 713 Υἱοῦ
3266 661 3557 739 πεφηνέναι
3587 667 3755 744 σαφὸς

2110 745 2423 811 πεποίηκεν.
2456 746 2564 806 «Et
2593 761 2700 824 per
2715 743 2929 806 Filium
2951 743 3241 807 eﬁ‘alsisse
3259 747 3491 810 clarum
3522 743 3683 827 fecit,
3723 778 3751 810 ι)

2108 834 2341 895 videtur
2392 834 2540 895 mihi
2591 852 2712 896 non
2768 851 2973 911 parum
3024 835 3385 899 aBasiliana
3412 839 3759 916 eloquentia

2107 922 2529 986 alienum.Hac
2561 922 2801 985 dicendi
2827 922 3107 1005 formula,
3136 927 3301 1006 σαφὲς
3323 930 3611 1010 πεποίηκε,
3642 949 3753 1011 po-

2110 1014 2219 1075 tuit
2242 1014 2324 1075 uti
2358 1013 2616 1093 scriptor
2645 1011 2995 1087 indisertus,
3024 1032 3143 1076 non
3173 1014 3429 1081 Basilius
3451 1027 3756 1083 oratorum

2107 1102 2559 1190 disertissimus.
2612 1101 3105 1181 Peregrinitatem
3159 1104 3279 1167 olet
3330 1106 3477 1169 illud
3518 1127 3758 1190 quoque

2111 1192 2185 1271 (p.
2230 1192 2421 1272 307):
2487 1189 2778 1269 Ἐκπομπῇ
2822 1193 2920 1271 γὰρ
2976 1195 3063 1252 καὶ
3108 1195 3390 1270 μεταδόσει
3450 1189 3754 1275 Πνεύματος

2105 1284 2169 1339 τὰ
2197 1284 2450 1360 γινόμεναι
2493 1283 2717 1360 γίνεται.
2777 1305 2805 1337 ‹‹
2839 1283 2992 1345 Nam
3028 1301 3162 1364 quae
3206 1285 3379 1368 ﬁunt,
3429 1288 3755 1352 emissione

2105 1380 2279 1452 atque
2311 1371 2766 1453 participatione
2813 1372 3073 1453 Spiritus
3124 1374 3298 1437 ﬁunt.
3341 1401 3364 1433 ι
3401 1379 3474 1439 Et
3502 1396 3669 1460 vero,
3703 1379 3755 1441 si

2106 1461 2264 1526 bene
2286 1460 2697 1539 commemini,
2733 1480 2877 1525 voce
2902 1464 3157 1539 ἐκπομπή
3192 1484 3313 1528 non
3356 1468 3540 1531 utitur
3578 1468 3753 1531 Basi-

2106 1552 2242 1615 lius.
2287 1552 2456 1616 Haud
2490 1551 2719 1633 procul,
2749 1552 2825 1615 de
2850 1552 3074 1617 Davide
3132 1553 3382 1636 loquens
3413 1565 3620 1621 auctor
3667 1558 3756 1621 sic

2105 1642 2315 1703 scribit
2352 1643 2437 1722 (p.
2470 1642 2611 1723 309)
2643 1657 2657 1701 ε
2713 1642 2831 1700 Οὐδ’
2863 1642 2924 1701 ἂν
2955 1644 3051 1711 τὴν
3074 1654 3167 1705 τοῦ
3196 1648 3507 1722 Πνεύματος
3540 1672 3751 1724 παρου-

2105 1734 2243 1806 σίαν,
2292 1732 2476 1789 δούλου
2505 1735 2591 1790 καὶ
2641 1733 2929 1808 κτίσματος
2974 1733 3147 1815 ὄντος,
3209 1736 3295 1793 ἐπὶ
3344 1738 3517 1795 πάντα
3550 1738 3753 1809 διήκειν

372 1852 454 1893 σις
478 1847 511 1888 a
538 1828 758 1889 Basilio
781 1829 1057 1909 usurpari
1084 1829 1395 1905 debuerat,
1425 1848 1559 1891 cum
1579 1830 1639 1891 in
1657 1829 1732 1889 iis
1764 1828 1838 1890 de
1866 1827 2008 1890 ado-

2104 1822 2326 1903 ἕφχτκεν
2358 1826 2385 1879 ὁ
2415 1821 2677 1898 ὺμνῳδός.
2736 1846 2763 1877 (ι
2798 1823 3010 1903 Neque
3059 1823 3316 1906 Spiritus
3344 1828 3749 1906 praesentiam,

370 1919 572 1997 ptioue
591 1918 879 1998 frequens
900 1920 977 1981 sit
998 1937 1222 1981 sermo:
1253 1927 1474 1999 tamen,
1508 1918 1666 1999 quod
1699 1918 1775 1980 ab
1805 1918 2017 1980 horum
2102 1918 2149 1972 si
2170 1930 2376 1974 servus
2396 1920 2454 1974 et
2472 1921 2751 1974 creatura
2768 1920 2950 1993 esset,
2985 1914 3183 1975 omnia
3201 1916 3527 1994 pervadere
3559 1917 3748 1979 dixis-

371 2009 624 2069 lectione
646 2026 861 2070 recens
880 2017 1334 2090 sum,praastare
1352 2008 1542 2071 audeo
1566 2010 1696 2089 ejus
1727 2027 1803 2071 ne
1834 2008 2013 2070 vesti-
2101 2010 2192 2063 set
2218 2003 2573 2082 hymnorum
2594 2010 2865 2064 εᾶηῐοῐο»
2901 2004 3033 2064 νοΧ
3052 2003 3291 2079 ὓμνῳδός
3314 2005 3497 2067 alieni
3525 2006 3750 2087 aliquid

370 2097 531 2174 gium
564 2098 805 2178 quidem
839 2099 898 2159 in
930 2099 1025 2160 his
1075 2106 1331 2162 exstare.
1364 2098 1655 2163 Similiter
1701 2118 1809 2160 vox
1838 2100 2015 2165 Θεῒκός
2100 2099 2158 2152 et
2181 2092 2729 2171 peregrinividetur
2747 2092 3313 2172 praeferre;neceam
3338 2103 3479 2174 puto
3500 2114 3749 2177 usquam

367 2186 853 2267 frequqntissimo
885 2191 943 2249 in
976 2188 1208 2251 duobus
1239 2189 1333 2250 his
1382 2188 1818 2270 posterioribus
1845 2187 2017 2250 libris
2098 2186 2404 2245 inventum
2426 2182 2497 2244 iri
2516 2181 2674 2262 apud
2690 2181 3130 2245 Basilium.Hoc
3163 2182 3323 2245 idem
3357 2184 3580 2247 dictum
3613 2187 3748 2249 volo

366 2284 645 2356 usurpata
676 2279 994 2341 invenitur.
1027 2281 1215 2352 Quam
1270 2290 1472 2341 autem
1493 2278 1755 2340 alienum
1790 2277 1846 2339 id
1879 2277 1956 2338 sit
1984 2296 2019 2338 a
2099 2271 2174 2333 de
2195 2272 2321 2351 illo,
2346 2276 2373 2330 ὁ
2394 2273 2544 2351 ἅγιος
2568 2273 2797 2345 Παῦλος,
2840 2280 3116 2334 «sanctus
3136 2271 3413 2337 Paulus.»
3443 2273 3564 2337 Etsi
3588 2276 3749 2339 enim

365 2366 573 2429 Basilii
606 2367 895 2445 instituto,
932 2387 1003 2431 ex
1034 2372 1165 2448 ejus
1212 2368 1489 2448 genuinis
1541 2366 1709 2429 libris
1759 2367 2017 2447 perspici
2096 2362 2354 2424 Basilius
2385 2361 2875 2443 frequentissime
2924 2362 3173 2426 Paulum
3206 2366 3513 2442 nominat;
3548 2373 3751 2429 tamen

367 2464 581 2538 potest.
612 2456 1127 2539 Fateborquidem
1148 2476 1353 2521 vocem
1373 2460 1551 2522 θεϊκός
1576 2457 1638 2518 in
1660 2475 1730 2518 ea
1747 2457 2017 2518 oratione
2099 2452 2426 2530 epithetum
2461 2450 2631 2528 illud,
2667 2453 2845 2532 ἅγιος,
2907 2470 3235 2534 nunquam,
3274 2454 3512 2534 opinor,
3549 2457 3602 2518 ei
3638 2457 3748 2518 tri-

364 2565 498 2623 quae
549 2546 710 2609 inter
740 2546 1009 2610 dinTSﬂS
1059 2548 1294 2610 decima
1352 2547 1609 2627 septima
1638 2554 2005 2621 numeratur,
2098 2539 2383 2603 buit.Non
2408 2558 2559 2619 nego
2609 2540 2852 2621 quidem
2878 2540 2986 2603 has
3040 2559 3238 2617 voces,
3268 2545 3296 2599 ὁ
3325 2543 3477 2621 ἅγιος
3513 2546 3745 2622 Παῦλος,

365 2636 483 2715 legi
512 2655 526 2699 :
563 2637 670 2698 sed
702 2656 901 2699 causae
918 2645 1053 2698 sunt
1072 2655 1196 2699 non
1228 2637 1413 2707 leves,
1434 2654 1541 2697 cur
1561 2635 1619 2696 id
1655 2636 2007 2715 opusculum

368 2745 657 2806 ponamus
701 2736 761 2790 et
807 2728 1004 2809 ipsum
1054 2728 1115 2790 in
1174 2726 1472 2789 subditiis.
1509 2727 1810 2805 Nusquam
1843 2725 2007 2807 alibi,

367 2816 522 2892 quod
547 2817 762 2899 sciam,
799 2836 869 2879 ea
903 2836 1010 2880 vox
1034 2817 1356 2898 reperitur.
1395 2817 1525 2879 Non
1551 2816 1631 2877 ita
1658 2816 1915 2896 pridem,
1949 2824 2014 2877 ut

364 2925 494 2967 mox
515 2907 997 2981 aicbam,librum
1018 2909 1101 2970 De
1116 2907 1365 2988 Spiritu
1387 2913 1602 2969 sancto
1625 2913 1685 2966 et
1702 2911 1824 2966 tres
1842 2904 2009 2985 prio-

362 3014 460 3056 res
490 2999 555 3057 in
586 2996 968 3060 Eunomium
1001 2997 1182 3059 libros
1202 2997 1523 3075 diligenter
1552 2994 1761 3075 legi,in
1790 2993 2010 3075 quibus

369 3093 431 3144 ut
454 3084 513 3146 in
536 3086 784 3163 reliquis
815 3087 1089 3165 genuinis
1121 3086 1320 3149 Basilii
1359 3084 1596 3166 scriptis
1615 3103 1735 3145 non
1761 3084 2007 3146 memini

2093 2629 2377 2709 conjungi
2396 2628 2573 2691 simul
2592 2630 2653 2692 in
2669 2629 2822 2691 libro
2852 2631 2935 2693 De
2953 2630 3210 2710 Spiritu
3239 2640 3466 2714 sancto,
3490 2635 3746 2716 cap.de-

2094 2719 2249 2780 cimo
2277 2727 2441 2781 sexto
2478 2740 2491 2780 :
2525 2718 2632 2781 sed
2666 2736 2867 2781 vocem
2913 2720 3065 2797 ἅγιος
3097 2721 3551 2799 expuugendam
3587 2742 3745 2800 esse,

2096 2827 2168 2870 ex
2194 2809 2365 2871 libris
2387 2809 2649 2888 antiquis
2678 2808 3060 2872 constat.Nec
3090 2812 3567 2891 praetereundum
3599 2813 3747 2878 illud

2095 2902 2178 2977 (p.
2209 2897 2377 2981 3l3),
2419 2903 2609 2963 Deum
2640 2898 2758 2961 dici
2789 2899 2863 2961 ab
2893 2908 3137 2974 auctore
3188 2901 3447 2979 πανάγιον
3482 2918 3498 2961 :
3562 2921 3743 2983 quam

2094 3005 2297 3051 vocem
2331 2988 2489 3069 apud
2512 2988 2797 3051 Basilium
2831 2994 2933 3066 qui
2959 2990 3281 3070 quaesierit,
3312 2989 3509 3052 oleum
3537 2992 3751 3072 perdet

2094 3086 2152 3140 et
2181 3078 2578 3160 operam.Sed
2613 3083 2892 3161 quoniam
2922 3079 3051 3141 haec
3079 3080 3328 3141 fortasse
3366 3079 3588 3143 leviora
3610 3085 3745 3164 qui-

366 3175 525 3235 vocis
543 3177 916 3241 θεῖκόςιιΙΙιιηι
935 3176 1756 3256 vestigiuminvenisse.Bogo
1768 3173 1893 3253 jam
1909 3193 2067 3260 Op-C
2092 3166 2342 3260 busdam
2375 3168 2759 3247 videbuntur,
2793 3187 2863 3231 ea
2892 3178 2953 3232 et
2982 3169 3096 3233 alia
3125 3169 3189 3231 id
3219 3187 3409 3250 genus
3448 3171 3746 3251 permulta

364 3263 541 3327 timos
561 3284 825 3347 quosque
841 3268 995 3330 viros
1015 3268 1380 3346 eosdemque
1395 3265 1455 3327 in
1470 3264 2008 3344 legendisauctori-
2061 3259 2065 3260 ⁷
2091 3259 2452 3321 omittamus.

360 3353 471 3416 bus
491 3356 1098 3438 versatissimos,uum
1124 3357 1185 3417 in
1211 3374 1377 3418 more
1404 3364 1712 3417 auctorum
1747 3355 2003 3433 positum

358 3446 897 3525 sit,utquibusdam
922 3447 1163 3510 vocibus
1194 3447 1254 3506 in
1287 3465 1406 3508 uno
1420 3453 1518 3506 aut
1539 3444 1725 3505 altero
1744 3463 2007 3524 opuscu-

360 3535 415 3596 lo
441 3537 768 3616 saepissime
801 3534 1321 3611 utantur,easdem
1351 3553 1485 3595 vero
1510 3534 1571 3594 in
1601 3532 1852 3613 reliquis
1881 3535 2005 3596 suis

359 3626 525 3686 libris
556 3645 859 3708 nunquam
911 3626 1255 3704 adhibeant,
1291 3624 1545 3686 maxime
1569 3622 1621 3684 si
1654 3622 1748 3684 his
1796 3623 2004 3684 utendi

361 3715 581 3793 passim
614 3715 787 3778 detur
811 3717 1067 3779 occasio.
1100 3715 1259 3778 Fieri
1281 3713 1524 3795 quidem
1558 3720 1754 3793 potest
1784 3721 1848 3776 ut
1887 3712 2001 3775 fal-

358 3804 442 3863 lar
477 3826 490 3866 :
518 3805 620 3865 sed
639 3805 896 3868 arbitror
912 3806 1003 3869 rei
1029 3815 1144 3868 tam
1181 3822 1347 3867 novae
1379 3803 1630 3883 proferri
1661 3802 1999 3883 exemplum

357 3893 583 3956 nullum
620 3897 1011 3975 posse,idque
1042 3898 1243 3963 νοθείας
1268 3914 1401 3957 esse
1423 3902 1835 3974 argumentum
1868 3911 2000 3955 cer-

355 3984 674 4045 tissimum.
703 3987 849 4049 Cum
881 3987 1065 4066 igitur
1095 3988 1187 4049 hw
1220 3986 1353 4048 duae
1401 4003 1597 4060 voces,
1624 3984 1767 4048 θέσις
1798 3990 1857 4045 et
1883 3988 2005 4040 θεῖ-

2176 3350 2464 3414 70.Paulo
2492 3350 2729 3428 gravius
2759 3350 2920 3431 quod
2952 3353 3335 3435 sequitur,ita
3363 3353 3535 3416 citari
3565 3352 3747 3416 verba

2089 3441 2412 3521 Scriptura;
2427 3440 2489 3502 in
2508 3440 2736 3502 ultimis
2756 3440 2992 3504 duobus
3010 3443 3077 3504 in
3090 3442 3465 3507 Eunomium
3479 3441 3748 3519 libris,ut

2089 3550 2296 3593 eorum
2326 3538 2530 3593 auctor
2549 3550 2584 3595 a
2605 3530 2903 3596 Basiliano
2937 3550 3105 3595 more
3136 3541 3292 3596 totus
3323 3532 3741 3596 discedat.Res

2089 3621 2379 3702 exemplis
2400 3619 2613 3683 evadet
2640 3620 2881 3686 clarior.
2914 3620 3013 3684 Sic
3062 3623 3242 3702 igitur
3272 3623 3534 3704 loquitur
3584 3623 3742 3686 scri-

2089 3719 2224 3792 ptor
2257 3713 2343 3792 (ρ’
2381 3711 2520 3791 317)
2563 3732 2576 3774 :
2640 3712 2768 3772 Οὐδὲ
2822 3714 2921 3791 γὰρ
2971 3716 3358 3788 προσκυνήσεις
3404 3720 3521 3787 Θεῷ
3567 3710 3747 3768 ἀλλο-·

2086 3804 2235 3880 τρίΨ›
2259 3802 2582 3882 γέγραιπται,
2609 3803 2683 3864 ad
2705 3801 2983 3877 verbum,
3023 3824 3047 3860 ε
3088 3805 3298 3884 Neque
3328 3802 3490 3866 enim
3516 3800 3740 3863 adora-

2090 3890 2180 3954 bis
2212 3895 2400 3955 Deum
2442 3891 2728 3967 alienum,
2765 3892 3054 3973 scriptum
3104 3902 3215 3958 est.
3254 3919 3283 3952 n
3320 3892 3582 3955 Basilius
3604 3908 3741 3951 cum

2088 3981 2455 4063 Scripturam
2486 3982 2648 4063 citat,
2682 3983 2876 4062 primo
2908 3984 3040 4046 loco
3065 3985 3234 4064 ponit
3264 3983 3422 4065 quod
3451 3982 3551 4043 hic
3580 3981 3742 4042 vide-

353 4074 809 4153 xd<,saepissime
828 4084 1145 4138 occurrant
1165 4075 1225 4136 in
1252 4075 1481 4137 ultimis
1502 4072 1738 4136 duobus
1760 4074 1828 4135 in
1864 4072 2001 4136 Eu-
2088 4091 2222 4135 mus
2244 4072 2474 4133 ultimo.
2500 4071 2622 4135 Nec
2643 4073 2787 4134 mihi
2804 4072 3053 4135 dubium
3075 4081 3183 4149 est,
3216 4074 3264 4135 si
3286 4075 3499 4135 horum
3530 4078 3743 4133 auctor

354 4163 623 4223 nomium
652 4164 843 4245 libris,
880 4185 987 4227 nec
1019 4175 1216 4227 tamen
1242 4166 1514 4245 legantur
1537 4165 1598 4226 in
1629 4162 1819 4225 tribus
1845 4162 2004 4243 prio-
2090 4172 2268 4237 esset,
2294 4164 2439 4244 quin
2468 4163 2812 4244 scripsisset
2841 4162 2955 4226 hoc
2986 4162 3112 4226 fere
3155 4163 3336 4226 modo
3375 4184 3389 4225 :
3440 4162 3739 4240 Γέγραπται

355 4252 748 4334 ribus,neque
778 4256 835 4316 in
861 4257 992 4318 aliis
1016 4257 1219 4320 Basilii
1243 4258 1478 4336 scriptis
1511 4276 1630 4319 non
1653 4264 1999 4318 controver-

2096 4255 2184 4332 γάρ
2220 4270 2233 4283 ⁹
2270 4253 2398 4313 Οὐδὲ
2432 4255 2817 4333 προσκυνήσεις
2878 4261 2996 4328 Θεῷ
3026 4254 3315 4332 ἀλλοτρίῳ.
3377 4275 3401 4311 α
3437 4250 3740 4331 Scriptum

354 4341 528 4417 sis,in
560 4344 776 4423 quibus
808 4354 1004 4407 tamen
1030 4347 1125 4409 his
1144 4347 1348 4408 utendi
1368 4347 1651 4428 frequens
1679 4345 1790 4408 fuit
1818 4361 2000 4407 occa-
2085 4350 2173 4404 est
2191 4344 2375 4405 enim:
2401 4346 2611 4421 Neque
2630 4342 2907 4405 adorabis
2927 4345 3119 4407 Deum
3150 4343 3411 4407 alienum
3443 4341 3517 4406 6⁸.
3554 4366 3583 4399 ν
3616 4342 3742 4403 Nec

354 4430 465 4507 sio;
486 4432 622 4502 hiuc
649 4434 806 4497 efﬁci
830 4435 1085 4517 videtur,
1118 4436 1268 4497 duos
1287 4437 1394 4498 hos
1426 4436 1609 4498 libros
1640 4434 2000 4516 posteriores
2083 4435 2279 4513 aptius
2308 4441 2513 4496 auctor
2544 4434 2742 4496 citavit
2771 4434 3169 4515 Scripturam,
3203 4452 3337 4498 eum
3398 4437 3478 4497 ita
3508 4434 3741 4496 locutus

354 4519 572 4583 Basilio
597 4524 775 4586 tribui
809 4544 926 4586 non
961 4525 1211 4588 debere.

2096 4532 2173 4586 est
2203 4536 2288 4606 (p.
2323 4524 2464 4605 306)
2495 4542 2509 4584 :
2546 4524 2658 4582 ’Ἔν
2684 4524 2738 4581 δὲ
2764 4526 2854 4583 καὶ
2882 4527 2944 4582 τὸ
2975 4530 3189 4602 Πνεῦμα
3234 4528 3297 4583 τὸ
3346 4526 3528 4604 ἅγιον,
3591 4525 3737 4593 ἀλη-

433 4612 532 4675 69.
572 4612 851 4693 Ejusdem
903 4616 1150 4694 generis
1194 4625 1331 4677 sunt
1361 4622 1420 4677 et
1449 4613 1566 4675 alia
1598 4614 1806 4693 multa,
1841 4632 1995 4692 quae,

2096 4618 2184 4681 ὶῶς
2242 4616 2393 4694 ἅγιον
2446 4623 2683 4695 Πνεῦμα,
2737 4617 2873 4673 κατὰ
2918 4618 2981 4671 τὸ
3028 4617 3425 4695 γεγραμμένον,
3474 4618 3534 4671 τὸ
3593 4618 3728 4691 μετὰ

353 4701 507 4781 quod
540 4712 598 4763 et
628 4703 756 4784 ipsa
783 4706 1057 4767 nonnihil
1088 4707 1160 4767 ad
1188 4724 1316 4767 rem
1360 4704 1600 4779 faciant,
1632 4723 1749 4765 non
1779 4704 2003 4783 pigebit

2096 4708 2286 4783 [ἰατρὸς
2317 4708 2405 4762 καὶ
2438 4708 2558 4763 Γὶοὕ
2607 4704 3073 4781 συνδοξαζόμενον,
3138 4728 3166 4760 α
3216 4706 3290 4768 Et
3331 4723 3485 4767 unus
3540 4703 3738 4784 Spiri-

351 4793 893 4856 adnotare.Ducam
918 4795 1150 4857 initium
1175 4796 1249 4858 ab
1274 4796 1367 4858 his
1401 4792 1596 4856 verbis
1623 4792 1851 4874 (p.298)
1893 4814 1906 4856 :
1946 4797 2002 4851 Et
2084 4804 2178 4856 tus
2209 4805 2473 4875 sanctus,
2520 4812 2659 4856 vere
2694 4794 2953 4874 Spiritus
3005 4803 3274 4869 sanctus,
3310 4793 3641 4856 secundum
3672 4793 3735 4855 id

350 4882 521 4937 τοίνυν
573 4885 631 4939 τὸ
680 4886 1037 4965 ὑπερκόσμιον
1094 4893 1252 4961 σῶμα
1316 4894 1538 4962 Χριστοῦ
1586 4885 1647 4941 ἐκ
1693 4882 1998 4959 Πνεύματός

349 4969 487 5026 ἐστιν
539 4973 711 5050 ἁγίου.
783 4998 809 5029 α
847 4973 907 5035 Si
959 4974 1137 5052 igitur
1196 4975 1745 5055 supermundanum
1780 4972 2000 5036 Christi

348 5076 566 5138 corpus
583 5079 652 5121 ex
674 5060 898 5141 Spiritu
917 5073 1119 5125 sancto
1138 5073 1243 5125 est.
1289 5084 1318 5123 ι
1346 5065 1681 5144 Nunquam.
1719 5064 1835 5126 nisi
1869 5062 1996 5124 val-

350 5147 424 5208 de
457 5148 651 5223 fallor,
676 5151 759 5212 sic
782 5170 998 5233 corpus
1030 5152 1244 5217 Christi
1273 5154 1531 5233 appellat
1560 5154 1835 5216 Basilius.
1875 5151 1998 5216 Nec

349 5255 525 5299 secus
540 5240 936 5319 judicandum
963 5243 1038 5305 de
1067 5243 1170 5305 illo
1200 5247 1288 5323 (p.
1317 5242 1462 5321 299)
1491 5265 1505 5305 :
1540 5244 1758 5312 Ἐπειδὴ
1790 5244 1843 5300 δὲ
1865 5247 1993 5308 Θεὸς

352 5334 481 5384 Θεοῦ
519 5342 644 5393 παῖς
678 5328 906 5413 Ἰησοῦς,
942 5342 1057 5397 etc.
1096 5337 1279 5396 «Cum
1309 5341 1507 5395 autem
1531 5333 1688 5396 Deus
1716 5332 1821 5394 Dei
1850 5351 1997 5412 puer

351 5416 540 5493 .Iesus,
591 5442 612 5476 ι
649 5430 763 5484 etc.
793 5422 1038 5485 Basilius
1067 5425 1365 5487 sexcentis
1385 5423 1534 5485 locis
1549 5422 1851 5485 Christum
1883 5422 1996 5485 Do-

353 5505 576 5568 minum
624 5520 790 5571 vocat
813 5510 921 5574 Dei
957 5537 983 5569 α
1020 5513 1234 5577 Filium
1269 5530 1283 5575 :
1324 5538 1348 5569 η
1383 5513 1488 5575 sed
1530 5530 1820 5593 nusquam
1855 5531 1993 5575 eum

348 5596 605 5677 appellat
628 5600 735 5662 Dei
761 5619 1076 5683 «puerum,
1109 5626 1133 5663 ιι
1181 5610 1311 5660 Θεοῦ
1339 5602 1530 5663 παῖδα.
1565 5600 1776 5667 Dicant
1812 5603 1994 5680 igitur

419 5756 486 5809 65
515 5760 731 5828 Matth.
766 5780 847 5842 ιν,
878 5765 941 5831 9.
980 5782 999 5843 ;
1030 5765 1209 5828 Deut.
1240 5781 1321 5840 vi,
1350 5763 1455 5827 i3.

2083 4884 2241 4964 quod
2264 4885 2550 4964 scriptum
2565 4884 2797 4965 εει,ᾳυὶ
2818 4902 2952 4946 cum
2977 4886 3151 4947 Patre
3167 4896 3225 4946 et
3248 4885 3398 4946 Filio
3419 4882 3731 4961 conglori-

2083 4977 2312 5037 licatur.
2329 4999 2351 5033 »
2376 4974 2568 5037 Velim
2592 4975 2826 5037 discere
2839 4973 2911 5036 ab
2930 4974 3267 5055 aliquo,ubi
3289 4974 3733 5054 Scripturarum

2081 5063 2161 5125 ita
2180 5070 2471 5143 scriptum
2494 5065 2590 5139 sit,
2628 5065 2778 5138 «Qui
2798 5081 2935 5127 cum
2966 5067 3140 5127 Patre
3173 5072 3233 5126 et
3263 5061 3490 5143 Spiritu
3524 5073 3734 5126 sancto

2081 5153 2590 5233 congloriﬁcatur.
2630 5177 2654 5214 ι)
2708 5154 2896 5217 Erunt
2940 5154 3189 5217 fortasse
3241 5153 3343 5235 qui
3374 5151 3579 5216 dicant
3608 5152 3735 5215 haec

2080 5243 2263 5304 verba
2314 5262 2432 5304 non
2492 5247 2551 5306 in
2603 5241 2927 5325 Scripturis
2982 5244 3222 5325 quidem
3294 5243 3569 5324 reperiri,
3626 5244 3733 5306 sed

2078 5330 2138 5393 in
2171 5332 2423 5395 concilio
2457 5334 3113 5415 Constantinopolitano
3147 5334 3382 5417 primo;
3441 5333 3517 5396 ob
3546 5332 3733 5413 idque

2077 5422 2207 5502 ipsa
2230 5423 2307 5484 ob
2335 5424 2746 5486 auctoritatem
2797 5424 3038 5487 concilii
3081 5424 3249 5487 citari
3289 5428 3574 5505 potuisse.
3610 5423 3731 5486 Sed

2080 5510 2131 5572 si
2153 5511 2230 5572 ita
2264 5519 2376 5587 est,
2406 5512 2704 5575 fateantur
2723 5514 2813 5577 vel
2836 5513 3009 5577 inviti
3030 5514 3339 5593 Basilium,
3364 5508 3463 5593 qui
3498 5518 3635 5573 ante
3668 5511 3730 5572 id

2076 5609 2312 5682 tempus
2345 5608 2614 5666 mortuus
2637 5604 2956 5682 sit,horum
2978 5605 3262 5668 librorum
3286 5609 3589 5666 auctorem
3609 5617 3729 5661 non
