2087 3243
221 186 357 212 CCXXX"

930 181 1225 214 PROLEGOMENA.

224 256 301 279 esse.
319 247 380 288 Ego
393 248 526 288 quidem,
540 252 570 279 ut
585 248 703 280 sincere
718 249 895 289 loquar,non
911 249 1070 280 arbitrorA
1082 248 1194 280 citandi
1217 249 1334 282 ratione
1347 250 1460 291 aliquid
1483 259 1500 281 a
1519 251 1668 282 Basiliaua
1688 253 1907 285 consuetudine

222 293 582 335 scriptorem,quicunque
598 294 649 325 ille
663 294 770 335 fuit,ad
783 294 944 326 concilium
960 294 1040 325 Con-

221 338 516 379 stantinopolitanum
533 339 661 380 primum
678 339 858 379 respexisse,
877 340 927 371 sed
941 339 976 370 ad
991 339 1040 370 illa

220 382 369 424 Davidica,
387 382 480 415 Verbo
493 383 691 415 Dominicis“
701 384 821 424 ﬁrmati
835 388 919 420 sunt.
936 388 964 415 et
975 384 1038 423 spt-

220 429 283 459 rttu
293 431 358 460 oris
372 429 441 468 ejus
455 430 552 460 omnis
566 431 663 461 virtus
670 438 773 461 eorum
783 429 906 461 “Satis
917 429 996 459 enim
1008 437 1040 458 se

219 472 284 513 ipse
310 473 449 514 explicat,
483 483 551 505 cum
590 474 746 515 aliquanto
782 478 847 514 post
870 473 909 504 ita
939 473 1040 504 scribit

221 517 264 557 (ρ.
295 518 367 557 307)
392 529 399 549 :
429 519 503 548 Ἐπεὶ
523 521 566 548 καὶ
597 521 610 548 6
641 519 721 548 Δαϐἰδ
749 519 833 559 Λόγον
861 520 905 547 καὶ
935 522 1040 556 Πνεῦμα

220 562 346 601 δοξάζων,
379 568 416 601 τῷ
459 564 537 604 Λόγῳ
567 565 660 604 Κυρίου
688 565 748 597 τοὺς
780 565 902 603 οὐρανοὺς
931 563 1040 602 εἴρηκεν

220 608 404 648 ἐπερεῶσθιι,
434 610 476 637 καὶ
494 612 533 646 τῷ
568 610 703 647 Πνεύμιιτι
731 613 779 638 τοῦ
802 609 934 646 στόματο-
960 609 1038 637 αὐτοῦ

221 656 307 681 πᾶσαν
319 654 368 688 τὴν
383 653 491 692 δύναμιν
506 655 604 686 αὐτῶν.
625 666 636 682 ι
652 655 727 685 Nam
740 658 770 685 ei.
797 653 887 685 David
905 652 1036 683 Verbum

220 701 250 728 et
262 698 404 738 Spiritum
420 699 508 730 simul
534 699 716 739 gloriﬁcans,
744 699 817 729 dixit
831 698 923 729 caelos
938 697 1037 728 Verbo

221 743 339 774 Domini
356 744 489 774 ﬁrmatos
500 753 614 782 esse,ac
626 743 735 784 Spiritu
747 743 808 774 oris
819 745 882 783 ejus
898 743 1036 773 virtutem

220 796 322 818 eorum
338 798 489 819 omnem.»
509 788 567 820 Sed
584 788 761 829 notandum,
773 792 936 821 auctorem.
954 787 1037 828 quis-

219 832 287 870 quis
302 837 420 871 est,non
438 835 556 874 propria
571 833 693 866 Davidis
708 832 797 865 verba
809 831 1037 873 protulisse,sed

218 877 289 908 illud
303 887 388 909 suum
407 878 565 919 glossema,
586 891 599 906 ir
616 879 672 915 Qui
683 888 750 909 cum
767 879 854 909 Patre
870 881 898 908 et
909 877 982 917 Filio
999 877 1038 907 si-

1082 293 1296 325 alienissimum
1313 296 1490 335 proferatur.
1508 295 1572 332 Qua
1587 295 1625 327 de
1640 305 1674 328 re
1689 301 1722 327 ut
1736 298 1907 330 existimare

1082 338 1191 377 cuique
1207 339 1304 380 liceat,
1319 340 1466 372 ascribam
1477 341 1606 372 auctoris
1629 341 1730 378 verba,
1756 352 1824 383 quae
1844 344 1907 375 hinc

1082 388 1151 414 sunt
1168 394 1175 414 :
1195 385 1224 413 Τί
1237 384 1264 413 δὲ
1280 386 1294 413 6
1316 385 1463 425 Ζοροϐάϐελ
1478 387 1521 414 καὶ
1538 387 1555 420 ἡ
1572 390 1618 415 τοῦ
1634 386 1781 426 Ζοροϐάϐελ
1804 390 1881 428 σοφία
1896 398 1904 426 ;

1082 429 1131 467 ἆρά
1146 440 1187 458 σοι
1204 430 1315 470 μετρίως
1342 432 1386 459 καὶ
1414 431 1444 459 οὗ
1465 433 1556 471 σαφῶς
1581 432 1739 471 παριστάναι
1754 432 1830 461 δοκεῖ
1857 434 1906 467 τὴν

1081 474 1224 503 ὑπόστασιν
1253 476 1295 504 καὶ
1320 475 1392 511 ζωὴν
1419 478 1468 510 τῆς
1493 475 1631 514 ἀληθείαις,
1654 477 1699 505 ὅτε
1714 478 1780 517 φησί
1796 485 1803 493 '
1832 481 1907 506 Πᾶσα

1081 519 1098 552 ἡ
1109 518 1156 559 γῆ,
1174 523 1232 550 etc.
1252 529 1265 548 ι
1289 519 1366 556 Quid
1382 528 1455 552 vero
1479 520 1646 552 Zorobabel
1663 525 1692 552 et
1716 521 1908 553 Zorobabelis

1081 563 1244 604 sapientia?
1251 574 1322 595 num
1334 565 1518 596 subobscure
1525 569 1554 596 et
1562 574 1622 596 non
1629 566 1709 597 clare
1721 566 1774 598 tibi
1788 566 1907 599 videtur

1081 608 1264 648 hypostasim
1275 618 1310 640 ac
1320 609 1408 641 vitam
1424 610 1557 642 veritatis
1569 610 1787 650 indicare,cum
1806 611 1882 642 dicit
1895 622 1903 642 :

1081 653 1186 684 Omnis
1200 657 1309 691 terra,»
1328 656 1435 687 etc.De
1446 656 1560 696 reliqua
1576 656 1726 688 Basiliana
1745 666 1811 688 esse
1825 667 1833 688 τ
1850 656 1903 687 sed

1081 698 1162 728 illum
1179 699 1290 730 citandi
1311 700 1444 737 modum,
1472 702 1501 730 Τί
1525 701 1552 729 δὲ
1569 702 1582 729 6
1598 701 1744 740 Ζοροϐάϐελ
1760 703 1803 730 καὶ
1818 703 1834 736 ἡ
1858 706 1905 730 τοῦ

1080 743 1226 782 Ζοροϐάϐελ
1243 745 1320 783 σοφία
1336 755 1344 782 ;
1358 756 1372 774 α
1383 745 1460 781 Quid
1469 754 1538 776 vero
1548 745 1713 777 Zorobabel
1728 750 1759 777 et
1769 745 1902 777 Zoroba-

1080 787 1156 819 belis
1164 788 1324 829 sapientia?
1336 802 1348 818 ιι
1360 790 1398 821 ad
1414 790 1532 822 Patrem
1549 791 1753 829 gravissimum
1767 790 1903 831 pertine-

1079 835 1593 874 re,nemo,opinor,dixerit.Norunt
1601 836 1680 866 enim
1692 836 1742 876 qui
1757 835 1901 866 Basiliam

1080 878 1123 908 vel
1140 878 1322 918 primoribus
1336 879 1427 911 labris
1449 881 1622 920 attigerunt,
1650 890 1716 911 eum
1734 879 1904 920 simplicius

218 924 277 955 mul
294 924 545 964 congloriﬁcatur.
563 938 573 952 η
592 926 655 955 Jam
672 934 741 956 vero
754 933 810 955 nec
825 923 962 964 Basilius,
982 932 1037 954 nec
1050 938 1068 963 Β
1080 923 1160 963 loqui
1175 924 1308 962 solitum,
1324 924 1381 956 hoc
1404 925 1468 956 fere
1498 925 1598 962 modo,
1617 927 1631 953 ὸ
1646 925 1777 962 Σαλομών
1792 936 1871 964 φησι,
1888 925 1902 952 δ

216 969 291 1000 alius
298 969 376 1000 ullus
383 970 508 1010 scriptor
516 969 851 1010 diligens,suaipsorum
861 969 1037 1008 glossemata

216 1023 269 1054 pro
278 1014 350 1055 ipsis
357 1015 518 1055 Scriptura}
526 1014 624 1046 verbis
633 1023 762 1055 unquam
775 1014 926 1054 protulere
934 1013 970 1044 ad
984 1013 1036 1044 ali~

216 1059 296 1098 quod
312 1059 419 1099 dogma
431 1059 699 1100 comprobandum.
712 1058 816 1100 Neque
828 1067 899 1089 vero
910 1058 946 1089 ad
962 1067 1037 1089 con-

214 1103 352 1135 futandos
363 1103 518 1135 haereticos
534 1108 601 1144 apta
611 1108 656 1135 est
666 1104 729 1135 baac
737 1103 847 1135 citandi
863 1103 1035 1135 ratio.Alio-

216 1149 265 1189 qui
282 1148 361 1179 enim
375 1149 446 1180 illud
457 1149 494 1180 ab
506 1149 579 1190 ipsis
587 1149 761 1190 responderi
774 1152 874 1189 posset
884 1149 963 1189 quod
972 1149 1033 1188 jam

214 1203 231 1224 a
244 1192 346 1225 multis
361 1193 391 1224 in
408 1193 527 1225 modum
544 1194 693 1235 proverbii
707 1194 763 1225 dici
776 1193 876 1230 video,
888 1193 1036 1232 glossema

215 1238 300 1279 pejus
316 1247 382 1269 esse
409 1243 558 1270 contextu.
585 1238 620 1270 Et
643 1238 785 1279 quoniam
811 1247 860 1269 res
878 1243 922 1269 est
938 1239 1033 1278 magni

215 1283 372 1320 momenti,
389 1284 486 1314 simile
501 1283 671 1325 exemplum
694 1292 797 1314 rursus
811 1283 970 1314 adducam.
986 1284 1034 1314 Sic

214 1332 313 1359 autem
326 1328 455 1369 scriptor
466 1328 598 1369 loquitur
612 1335 652 1369 (p.
671 1328 740 1364 303)
755 1338 763 1359 :
784 1329 857 1357 Κατὰ
869 1330 900 1356 τὸ
911 1339 1033 1368 γεγραμ-

213 1373 291 1411 μένον
309 1381 316 1388 '
335 1374 394 1407 Ζωὴ
410 1375 441 1402 τδ
468 1377 585 1412 Πνετμα,
615 1375 646 1403 τὸ
675 1377 728 1402 τῶν
744 1375 870 1414 οὐρανίων
899 1373 1033 1411 δυνάμεων

213 1417 431 1458 ἀποτελεστικὸν,
448 1417 637 1449 «Secundum
651 1418 730 1459 quod
745 1418 890 1458 scriptum
907 1417 1034 1457 est,Vita

212 1466 257 1493 est
271 1462 410 1503 Spiritus,
435 1463 485 1504 qui
513 1466 677 1504 potestates
706 1463 843 1494 caelestes
872 1462 999 1502 perlicit.
1018 1476 1030 1490 ο

211 1507 295 1548 Quis,
313 1516 427 1548 quaeso,
442 1508 466 1539 si
482 1508 601 1548 paulum
618 1507 707 1539 modo
722 1508 752 1538 in
769 1508 904 1548 legendis
919 1511 1034 1538 sancto-

209 1561 275 1583 rum
284 1553 403 1584 Patrum
416 1552 533 1592 scriptis
544 1558 680 1584 versatus
691 1553 802 1589 sit,non
816 1552 914 1582 statim
931 1552 1033 1583 credat

1081 968 1182 1000 Παῦλος
1211 969 1359 1003 ὰπόστολός
1394 981 1471 1010 φησι,
1506 978 1652 1010 nusquam
1680 978 1750 999 vero
1776 969 1819 999 uti
1846 969 1903 999 hoc

1078 1014 1228 1053 grandiori
1239 1014 1324 1054 stylo,
1337 1026 1351 1043 0
1367 1015 1495 1052 Σολομὼν
1507 1016 1551 1043 καὶ
1566 1016 1582 1049 ἦ
1597 1018 1644 1042 τοῦ
1661 1013 1837 1051 Σολομῶντος
1853 1025 1902 1042 σο-

1078 1059 1123 1098 φία
1137 1060 1212 1099 φησι,
1229 1063 1285 1091 etc.
1313 1071 1327 1087 α
1345 1059 1483 1091 Salomon
1508 1063 1538 1090 et
1558 1058 1741 1091 Salomontis
1756 1057 1904 1098 sapientia

1078 1103 1162 1141 dicit,
1184 1116 1195 1134 ι
1211 1108 1271 1135 etc.

1122 1149 1169 1180 Ἠ.
1184 1149 1289 1180 Filium
1303 1159 1364 1180 non
1378 1158 1447 1180 raro
1472 1153 1558 1180 vocat
1571 1161 1583 1177 «
1602 1148 1770 1188 genituram
1790 1157 1804 1177 ι
1822 1147 1901 1178 scri-

1079 1198 1157 1234 ptor;
1169 1194 1230 1225 imo
1247 1195 1273 1226 ei
1288 1194 1317 1226 id
1330 1203 1440 1226 nomen
1463 1193 1616 1234 dignitatis
1628 1193 1694 1224 loco
1707 1192 1839 1223 tribuere
1855 1192 1900 1223 vi-

1077 1239 1254 1279 detur.Ejus
1266 1239 1359 1280 rei,ut
1374 1249 1406 1270 se
1421 1239 1504 1270 dabit
1521 1237 1793 1275 occasio,exempla
1803 1237 1902 1277 aliqua

1076 1283 1487 1325 subjiciemus.Exordiemur
1494 1283 1531 1315 ab
1543 1284 1600 1315 hoc
1615 1283 1693 1323 loco,
1708 1281 1762 1313 ubi
1777 1281 1817 1312 ita
1828 1281 1900 1321 legi-

1077 1333 1123 1360 tur
1140 1329 1182 1369 (p.
1199 1329 1269 1368 280)
1288 1338 1295 1361 :
1314 1331 1342 1359 Εἰ
1357 1330 1455 1368 κτίσμα
1484 1329 1606 1368 λὶγοιτες
1632 1329 1678 1356 τὸν
1695 1328 1765 1363 Γὶὸν,
1784 1327 1836 1367 οὐχ
1864 1329 1901 1358 ὼς

1076 1374 1104 1402 ἓν
1117 1375 1169 1403 τῶν
1184 1375 1337 1413 κτισμάτων
1366 1375 1472 1414 λέγουσι
1489 1382 1496 1390 '
1528 1374 1595 1402 διατί
1623 1372 1744 1412 γέννημα
1768 1371 1901 1411 λεγόντων

1077 1420 1166 1460 ἡμῶν,
1182 1421 1219 1453 ὡς
1237 1421 1265 1449 ἓν
1280 1422 1332 1448 τῶν
1348 1421 1522 1459 γεννημάτωιι
1539 1421 1642 1447 νοοῦσιν
1659 1426 1667 1457 ς
1688 1426 1700 1444 α
1718 1416 1749 1448 Si
1770 1425 1838 1446 cum
1854 1415 1903 1446 Fi-

1075 1464 1148 1495 lium
1164 1464 1267 1496 dicunt
1282 1468 1462 1504 creaturam,
1475 1472 1535 1494 non
1550 1466 1582 1494 ut
1598 1470 1688 1493 unam
1700 1470 1737 1491 ex
1752 1460 1899 1491 creaturis

1075 1509 1176 1541 dicunt
1189 1521 1196 1548 ;
1209 1518 1263 1541 cur
1278 1519 1345 1540 cum
1358 1509 1484 1540 dicimus
1502 1517 1556 1539 nos
1578 1507 1760 1547 genituram,
1785 1512 1852 1535 eum
1869 1508 1901 1534 ut

1074 1563 1163 1585 unam
1176 1563 1210 1586 ex
1223 1554 1373 1594 genituris
1387 1552 1573 1593 intelligunt?
1589 1562 1603 1581 )
1621 1550 1657 1581 Et
1669 1549 1825 1589 aliquanto
1835 1552 1901 1594 post

210 1597 283 1650 illa,”
292 1606 312 1648 (_
322 1596 390 1628 Vita
405 1602 449 1650 est
464 1598 602 1650 Spiritus,
623 1598 677 1649 .qui
704 1601 867 1650 potestates
894 1597 1033 1650 caelestes

1078 1601 1120 1640 (p.
1142 1593 1239 1639 983)t
1270 1601 1299 1629 Εἰ
1320 1600 1419 1637 κτίσμα
1445 1600 1488 1628 καὶ
1517 1599 1548 1627 οὒ
1566 1596 1690 1650 γέννημα,
1718 1597 1732 1623 6
1761 1595 1832 1650 ι’ἱὸξ,
1849 1593 1903 1650 τκαὶ

210 1642 341 1682 perﬁcit,
364 1655 375 1669 n
393 1642 503 1673 alicubi
519 1643 549 1673 in
567 1643 727 1682 Scripturis
754 1642 876 1673 totidem
894 1642 992 1673 verbis
1005 1648 1034 1673 et

1078 1645 1162 1674 irai-lu
1177 1644 1205 1673 δὲ
1219 1646 1252 1673 τὰ
1274 1644 1336 1673 ὄντα
1365 1646 1509 1683 κτίσματα,
1540 1642 1628 1681 μάτην
1644 1640 1790 1679 ἀγέννητος
1805 1640 1819 1667 6
1849 1641 1890 1666 Πα

210 1687 483 1727 syllabisinveniri?
498 1686 570 1718 Nam
598 1692 628 1718 ut
643 1693 820 1718 caelerorum
848 1686 1033 1728 Patrum,ita

1078 1691 1124 1729 τὴρ
1141 1689 1260 1729 λέγεται,
1291 1690 1338 1718 οὒκ
1367 1689 1442 1721 ὄντος
1477 1687 1547 1720 ὅλως
1587 1686 1765 1726 γεννήματος,
1796 1684 1861 1723 πρὸς
1889 1683 1903 1711 ὃ

210 1732 311 1763 Basilii
324 1741 387 1762 mos
402 1736 457 1773 est,
475 1737 517 1769 ut,
542 1742 609 1763 cum
626 1737 752 1763 utuntur
769 1732 815 1763 his
830 1732 950 1763 dicendi
971 1733 1033 1763 for-

1078 1735 1196 1764 καλεῖται
1215 1735 1373 1774 ἀγέννητος.
1400 1745 1411 1762 ι
1431 1733 1463 1765 Si
1484 1731 1581 1764 Filius
1595 1734 1732 1762 creatura
1758 1732 1815 1769 est,
1841 1736 1902 1774 non

208 1776 307 1810 mulis.
339 1778 406 1805 κατὰ
436 1779 466 1806 τὸ
497 1777 696 1817 γεγραμμένον,
726 1779 763 1810 ὡς
790 1777 949 1817 γέγραπται,
981 1782 1032 1809 aut

1078 1779 1222 1819 genitura,
1241 1772 1274 1810 et
1289 1782 1396 1810 cuncta
1408 1787 1474 1819 quae
1488 1779 1571 1816 sunt,
1587 1779 1731 1806 creaturae
1746 1777 1826 1814 sunt,
1842 1772 1902 1819 fru-

207 1821 368 1857 similibus,
385 1826 454 1853 tunc
467 1831 569 1852 eorum
587 1826 739 1853 auctorum
756 1823 807 1860 qui
833 1821 870 1852 ab
897 1822 972 1862 ipsis
987 1823 1032 1854 ci-
1075 1817 1136 1856 stra
1151 1825 1240 1856 Pater
1254 1824 1408 1865 ingenitus
1417 1817 1546 1859 dicitur,
1573 1829 1640 1853 cum
1657 1829 1716 1865 non
1728 1819 1767 1850 sit
1782 1817 1904 1865 omnino

206 1869 304 1897 tantur
319 1867 437 1906 propria
452 1867 542 1897 verba
569 1866 738 1907 proferant.
756 1866 855 1898 Aliter
880 1870 977 1899 tamen
1000 1877 1032 1899 se
1074 1871 1223 1909 genitura,
1240 1862 1326 1908 cujus
1342 1872 1482 1908 respectu
1507 1865 1677 1906 appelletur
1705 1862 1871 1902 ingenitus.
1889 1874 1901 1890 ι

207 1914 297 1950 gessit
309 1911 496 1951 scriptor,sic
510 1915 541 1941 ut
555 1911 618 1942 haec
627 1911 729 1949 verba,
744 1910 881 1942 (Vitaest
892 1911 1030 1952 Spiritus,
1073 1908 1158 1946 Haud
1169 1914 1259 1954 longe
1275 1913 1315 1944 ita
1330 1913 1441 1953 legitur
1456 1912 1499 1952 (p.
1519 1910 1610 1948 284):
1628 1911 1656 1939 Εἰ
1672 1909 1746 1949 φύσει
1760 1908 1903 1954 ἀγέννητος

207 1956 258 1995 qui
271 1959 434 1995 potestates
445 1956 582 1987 caelestes
594 1956 738 1996 perﬁcit,n
755 1956 874 1996 propria
885 1966 945 1987 non
960 1958 1030 1997 sint,

1078 1962 1088 1989 ὁ
1113 1960 1217 1999 Πατὴρ,
1254 1959 1329 1999 φύσει
1359 1958 1487 1997 γεννητὸς
1518 1958 1562 1984 καὶ
1586 1957 1600 1983 6
1631 1955 1702 1986 Υἱός·
1719 1955 1741 1982 εἰ
1773 1953 1800 1981 δὲ
1829 1953 1903 1992 φύσει

206 2009 304 2041 neque
311 2001 554 2041 Matthazimeque
562 2001 866 2041 Marci,nequeullius
873 2002 897 2032 al
904 2002 948 2033 ius
954 2002 1032 2034 scri-

1078 2005 1208 2044 γὲννημα,
1238 1998 1325 2033 οὗκέτι
1347 2002 1458 2040 κτίσμα.
1485 2000 1586 2032 ’Ὄντος
1617 2000 1660 2028 οὖν
1682 2002 1727 2027 τοῦ
1748 1998 1823 2039 φύσει
1840 2008 1904 2037 γεν-

207 2046 301 2085 ptoris
308 2047 384 2076 sacri
391 2046 451 2083 ,sed
461 2045 614 2086 suaipsius
621 2046 712 2077 verba
722 2046 829 2083 sint,id
841 2048 1033 2083 est,hominis

1078 2041 1206 2089 νήματος,
1231 2048 1335 2087 ἀνάγκη
1362 2048 1406 2076 καὶ
1426 2047 1471 2075 τὸν
1492 2046 1656 2085 γεννήσαντα
1671 2044 1753 2072 εἶναι.
1774 2054 1785 2071 α
1801 2041 1833 2074 Si
1849 2050 1904 2072 na-

207 2090 390 2130 Scrlpturam
400 2090 612 2121 commentario
619 2100 671 2122 suo
678 2092 952 2132 corrumpentis.Et
964 2101 1033 2124 vero
1076 2098 1140 2125 tura
1151 2094 1302 2134 ingenitus
1318 2096 1363 2124 est
1376 2092 1473 2131 Pater,
1486 2089 1581 2122 Filius
1603 2097 1724 2129 quoque
1738 2091 1843 2118 natura
1858 2089 1905 2118 est

206 2144 274 2165 cum
290 2138 396 2165 auctor
412 2136 452 2166 ita
468 2135 585 2166 locutus
602 2139 658 2173 est,
678 2148 691 2164 α
702 2136 769 2167 Vita
781 2140 826 2167 est
841 2136 968 2176 Spiritus
982 2137 1033 2176 qui
1075 2139 1192 2177 genitus
1208 2149 1214 2167 :
1233 2138 1287 2169 sed
1310 2138 1336 2168 si
1366 2137 1505 2177 genitura
1520 2136 1567 2165 est
1581 2137 1698 2169 natura,
1716 2140 1903 2173 nequaquam

205 2182 368 2220 potestates
384 2179 520 2211 caelestes
533 2180 681 2221 perﬁcit,»
696 2181 771 2211 nihil
785 2181 865 2212 aliud
879 2191 967 2222 quam
983 2182 1033 2213 illa
1076 2188 1120 2214 est
1136 2187 1285 2214 creatura.
1304 2182 1377 2214 Cum
1395 2181 1486 2221 igitur
1502 2179 1640 2218 genitura
1664 2177 1702 2208 sit
1717 2181 1833 2213 natura,
1849 2185 1903 2206 ne-

205 2224 272 2265 ipsa
284 2224 402 2255 Davidis
417 2225 522 2265 verba,
552 2236 564 2254 ε
580 2226 679 2257 Verbo
696 2226 817 2257 Domini
834 2227 902 2258 caali
922 2227 1032 2258 ﬁrmati
1075 2237 1160 2259 cesse
1182 2231 1227 2259 est
1242 2231 1271 2258 et
1285 2227 1449 2267 genitorem
1467 2233 1564 2256 esse.»
1583 2223 1744 2263 Aliquanto
1770 2225 1836 2267 post
1848 2230 1904 2267 eo-

207 2273 288 2306 sunt,
302 2273 373 2309 etc,
390 2269 562 2309 signiﬁcare
590 2270 696 2301 voluit.
719 2270 857 2302 Fortasse
883 2272 1032 2312 ejusmodi
1044 2311 1054 2312 ί
1074 2273 1141 2304 dem
1159 2272 1248 2304 modo
1264 2266 1394 2312 scriptor
1411 2270 1541 2310 loquitur
1556 2272 1598 2308 (p.
1626 2267 1697 2307 286)
1715 2277 1721 2295 :
1746 2266 1825 2296 ossa
1838 2266 1904 2312 “(ipsi

206 2313 329 2345 licentia
354 2318 507 2355 utcunque
534 2315 689 2346 toleranda
717 2320 773 2356 est,
790 2325 858 2347 cum
875 2310 1031 2348 auctorum

1078 2319 1163 2347 κοινόν
1192 2319 1263 2347 ἐστιν
1293 2310 1363 2345 Υἱοῦ’
1384 2317 1428 2344 καὶ
1451 2315 1567 2353 Πατρὸς,
1597 2312 1655 2343 οὐδὲ
1670 2313 1687 2347 ἡ
1704 2312 1800 2348 κτίσις,
1824 2310 1905 2349 εῗπερ

207 2358 400 2400 profanorum
424 2359 596 2391 testimonia
626 2360 819 2400 proferuntur
838 2369 844 2392 :
867 2361 918 2392 sed
945 2361 976 2392 in
992 2362 1032 2393 ci-

1078 2364 1180 2401 ποίημα
1209 2364 1253 2392 καὶ
1269 2362 1299 2390 οὒ
1321 2361 1442 2401 γέννημα
1468 2361 1482 2388 ὸ
1507 2360 1582 2390 Υἱός.
1600 2358 1629 2387 Εἰ
1644 2357 1764 2396 γέννημα
1787 2357 1800 2384 6
1830 2356 1902 2392 Υἱὸς,

210 2404 308 2436 tendis
319 2404 518 2443 scriptoribus
529 2404 624 2436 sacris
633 2414 699 2436 eam
712 2405 779 2445 quis
794 2405 883 2437 ferat?
896 2407 1032 2438 Profecto

208 2449 588 2491 sipropriaScripturarum
605 2450 695 2481 verba
713 2450 757 2481 sic
770 2451 927 2482 immutare
939 2453 1031 2483 semel

207 2493 306 2533 liceat,
320 2494 439 2535 quidvis
455 2494 716 2536 probare,quidvis
728 2504 837 2534 negare
854 2495 1031 2528 facillimum

208 2540 276 2570 erit.
294 2540 336 2571 Ex
365 2549 424 2580 quo
451 2544 643 2580 sequeretur,
659 2544 691 2570 ut
715 2541 930 2571 controversiis
945 2546 1033 2583 atque

207 2584 451 2616 contentionibus
461 2594 518 2617 nec
529 2585 598 2616 ﬁnis
610 2589 710 2624 posset
720 2585 907 2625 imponi.nec
915 2587 1032 2620 modus.

207 2628 324 2660 Addam
336 2631 414 2666 (nam
431 2630 462 2660 id
475 2638 596 2670 quoque
607 2629 666 2661 huc
677 2630 784 2661 referri
795 2631 1033 2671 potest),librum

206 2674 326 2704 tertium
338 2673 442 2705 Eadm
455 2674 493 2705 ab
507 2674 560 2705 illo
586 2677 708 2705 auctore
726 2673 772 2705 bis
787 2675 870 2706 citari
886 2677 1005 2718 (p.516)
1024 2687 1031 2709 :

205 2727 295 2759 quem
312 2721 412 2750 tamen
423 2728 441 2750 a
456 2718 568 2751 Basilio
584 2728 730 2760 nusquam
744 2719 896 2751 laudatum
913 2721 1032 2753 inveni-

205 2772 285 2794 mus.
303 2764 365 2795 Nec
378 2764 475 2796 solum
488 2764 596 2795 citatur
607 2764 656 2795 hic
669 2764 813 2802 liber,sed
825 2764 916 2805 sic,ut
929 2769 958 2797 tn
972 2767 1034 2808 ipsa

242 2844 276 2870 ϐι
289 2845 373 2877 Psal.
385 2853 477 2885 xxxii,
494 2846 525 2877 6.

1075 2410 1126 2448 οὑχ
1155 2409 1190 2441 ὣς
1230 2408 1258 2436 ἓν
1302 2400 1356 2435 τῶν
1398 2405 1586 2444 γεννημάτων,
1628 2406 1681 2431 πᾶν
1717 2401 1744 2448 δε
1784 2400 1905 2440 γέννημα

1075 2446 1184 2493 κτίσμα,
1215 2453 1245 2481 οὒ
1270 2452 1370 2489 κτίσμα
1398 2452 1412 2479 ὁ
1443 2450 1515 2482 Υἱός,
1548 2448 1612 2478 Οὐδὲ
1637 2448 1687 2493 γὰρ
1716 2446 1838 2493 γέννημα
1865 2447 1902 2478 ὡς

1076 2491 1286 2530 ὲκετναξαΝἱιιίΙ
1298 2505 1369 2536 ergo
1380 2503 1540 2526 commune
1550 2498 1593 2524 est
1604 2492 1685 2525 Patri
1695 2501 1762 2522 cum
1774 2491 1904 2529 Filio,ne

1075 2544 1184 2574 creatio
1200 2542 1336 2583 quidem,
1350 2540 1375 2572 si
1390 2540 1505 2571 factura
1516 2548 1575 2570 non
1592 2538 1729 2578 genitura
1744 2536 1837 2583 Filius
1847 2539 1902 2583 est.

1076 2588 1106 2620 Si
1117 2580 1359 2627 Filius-genitura
1367 2591 1489 2626 est,non
1500 2588 1642 2624 tanquam
1651 2591 1710 2612 una
1721 2591 1738 2612 θ
1745 2580 1901 2620 genituris,

1076 2634 1174 2665 omnis
1192 2636 1291 2664 autem
1305 2632 1444 2670 genitura
1459 2633 1597 2660 creatura
1611 2632 1669 2663 est,
1685 2635 1746 2657 non
1767 2629 1904 2656 creatura

1078 2679 1169 2711 Filius
1183 2682 1240 2716 est,
1255 2685 1353 2717 neque
1368 2675 1450 2707 enim
1466 2673 1605 2714 genitura
1622 2676 1668 2703 est
1683 2670 1794 2717 utilia.
1810 2683 1823 2698 ι
1837 2670 1903 2701 Dis-

1075 2724 1175 2756 simile
1190 2731 1250 2754 non
1266 2716 1312 2753 est
1335 2720 1415 2762 quod
1446 2718 1584 2759 sequitur
1598 2717 1641 2758 (p.
1658 2716 1728 2752 287)
1743 2726 1749 2746 :
1766 2717 1795 2744 Et
1811 2717 1824 2744 ὁ
1841 2717 1901 2748 Υἱὸς

1076 2771 1221 2810 ἐνέργημα,
1237 2768 1281 2795 καὶ
1303 2761 1494 2804 οὖγγὲννημα,
1524 2763 1582 2792 οὸτι
1612 2765 1625 2792 b
1655 2762 1813 2801 ἐνεργήσας,
1845 2761 1903 2790 οὔτε
