4174 6396
1374 343 1448 404 D.
1491 342 1651 405 JUL.
1700 338 2077 405 GARNERII
2120 334 2550 403 PREFATIO.

3421 358 3669 414 GGXXXV
3692 396 3693 401 η

288 475 397 550 μὴν
452 476 512 531 τὸ
571 473 845 551 ἐνεργηθέν
905 473 1061 540 αὐτός
1110 473 1345 535 tum!
1377 474 1440 535 Si
1490 472 1674 536 Filius
1715 489 1930 554 opera-

2019 470 2257 532 ritatem
2292 473 2479 551 palam
2512 480 2838 553 oppugnat,
2863 472 2981 535 sibi
3012 474 3127 553 ipsi
3155 482 3359 538 tamen
3406 496 3668 543 consona

287 566 433 626 ratio
488 572 599 638 est,
634 582 749 624 non
777 563 1072 644 genitura,
1107 582 1302 646 neque
1345 564 1449 641 qui
1501 572 1786 643 operatus
1814 575 1927 646 est,

288 671 483 733 neque
506 672 653 731 opus
684 652 879 731 ipsum
913 654 1039 732 ipse
1073 663 1184 717 est.
1214 675 1243 715 »
1283 653 1491 717 Statim
1524 656 1602 716 ita
1640 655 1928 734 scriptum

246 742 586 806 'invenitur
638 741 906 823 (p.387):
945 744 1299 808 Μονόκτιστος
1355 747 1673 823 κυριώτερον
1716 744 1778 803 ἂν
1832 745 1927 802 λέ-

287 857 458 914 γοιτο,
521 834 713 910 κτίσμα
773 835 869 909 μὲν
922 833 1133 901 ἀληθῶς
1194 832 1312 892 κατ’
1355 835 1610 911 Εὐνόμιον
1642 838 1739 910 ὢν,
1800 838 1927 915 γέν-

286 947 431 999 νημα
460 922 513 980 δὲ
544 921 880 999 ψευδωνύμως
920 924 1267 999 καλούμενος.
1305 945 1335 985 (
1358 922 1711 989 Unicreatus
1740 932 1930 1007 magis

287 1014 527 1094 proprie
545 1012 1011 1090 diceretur,cum
1043 1014 1374 1077 secundum
1401 1015 1758 1078 Eunomium
1790 1035 1929 1079 vere

286 1111 554 1165 creatura
576 1103 825 1179 sit,l'also
844 1112 1041 1166 autem
1077 1104 1317 1168 nomine
1338 1104 1610 1184 genitura
1624 1113 1882 1167 vocetur.
1898 1129 1921 1165 υ

289 1196 516 1258 Rursus
547 1194 632 1259 sic
654 1192 880 1257 scribid
934 1198 1020 1274 (ρ.
1076 1194 1217 1269 292)
1247 1218 1259 1252 :
1300 1198 1355 1253 Εἰ
1388 1198 1486 1274 πρὸ
1516 1202 1615 1263 τῆς
1648 1197 1869 1261 κτίσεως
1900 1199 1926 1253 ὁ

287 1287 404 1350 rte;
455 1285 512 1342 οὔ
559 1285 801 1364 γέννημὰ
848 1285 1013 1365 ἐστιν,
1084 1284 1216 1342 ἀλλὰ
1262 1288 1475 1362 κτίσμα·
1530 1288 1929 1360 πρωτόκτιστος

283 1372 344 1428 ἄν
402 1374 616 1452 ἐλέγετο
660 1375 747 1431 καὶ
805 1376 864 1431 οῦ
914 1375 1280 1452 πρωτότοκος.
1347 1398 1374 1430 α
1438 1374 1500 1437 δί
1552 1374 1740 1437 Filius
1793 1383 1930 1436 ante

281 1471 611 1525 creaturam
646 1466 925 1543 genitura
955 1482 1073 1526 non
1107 1473 1295 1540 esset,
1320 1464 1425 1526 sed
1460 1472 1772 1526 creatura:
1800 1466 1923 1545 pri-

281 1561 618 1615 mocreatus
644 1558 847 1633 utique
878 1552 1199 1629 diceretur,
1233 1573 1353 1615 non
1408 1554 1859 1633 primogenitus.
1899 1579 1926 1611 η

280 1640 700 1722 Unicum,cum
734 1642 955 1723 possim
991 1643 1531 1723 plura.exemplum
1555 1643 1930 1717 addam,ubi,

281 1731 368 1792 sic
417 1731 629 1811 legitur
674 1732 1044 1813 (ρ.306)εΚαὶ
1074 1737 1134 1791 τὸ
1168 1734 1411 1812 γέννημα
1442 1732 1493 1798 ἐξ
1524 1736 1684 1791 αὐτοῦ
1738 1735 1931 1814 ἐκφαι-

2015 557 2825 639 loquitur.Quemadmodum
2841 563 2999 624 enim
3028 562 3091 623 in
3121 564 3542 641 superioribus
3562 567 3667 631 de-

2013 648 2386 729 cernebat,in
2407 653 2529 712 Deo
2558 651 2971 714 universorum
2992 651 3386 716 substantiam
3409 656 3539 734 ejus
3558 676 3665 737 per

2012 737 2525 816 ingenerationem
2554 741 2985 818 signiﬁcarizita
3002 742 3099 805 hic
3122 762 3359 823 quoque
3387 743 3665 807 substan-

2015 829 2153 888 tiam
2188 827 2317 890 Filii
2348 848 2455 909 per
2482 831 2822 909 genituram
2854 832 3185 911 signiﬁcari
3214 832 3456 908 dicit,ut
3473 836 3665 913 geniti

2012 916 2085 979 ad
2131 918 2461 998 ingenitum
2491 921 2891 1001 oppositione,
2914 921 3298 1003 Unigenitum
3328 924 3660 993 secundum

2012 1007 2199 1087 ipsam
2231 1009 2622 1073 substantiam
2666 1015 2969 1074 contrario
3015 1014 3191 1075 modo
3221 1012 3297 1075 ad
3324 1015 3563 1075 Patrem
3598 1033 3663 1077 se

2014 1099 2237 1163 habere
2251 1102 2923 1184 ostendat.Quapropter
2935 1123 3070 1168 cum
3084 1104 3298 1167 Filium
3330 1104 3661 1183 genituram

2010 1189 2289 1268 appellat,
2316 1191 2500 1255 verba
2521 1212 2655 1273 quae
2683 1212 2717 1255 a
2739 1194 2938 1256 divino
2970 1193 3198 1277 Spiritu
3227 1203 3510 1276 usurpata
3543 1214 3663 1257 non

2012 1287 2171 1358 sunt,
2201 1281 2558 1355 praescribit.
2589 1280 2755 1347 Unde
2787 1284 2913 1346 haac
2941 1282 3221 1365 accepit?
3250 1301 3322 1346 ex
3350 1302 3469 1361 qua
3512 1285 3662 1347 doc-

2016 1366 2196 1429 trina?
2224 1387 2257 1429 a
2287 1389 2401 1449 quo
2458 1373 2777 1452 propheta?
2824 1393 2859 1435 a
2917 1393 3034 1455 quo
3092 1372 3381 1455 apostolo,
3403 1374 3508 1455 qui
3551 1374 3663 1436 hoc

2016 1456 2072 1517 ei
2104 1477 2437 1537 cognomen
2466 1461 2898 1542 tribuerit?Ego
2927 1464 3169 1545 quidem
3199 1470 3363 1528 certe
3380 1464 3535 1527 hanc
3569 1484 3667 1527 vo-

2017 1562 2146 1607 cem
2171 1546 2257 1609 sic
2291 1566 2631 1628 expressam
2652 1552 2817 1614 nullo
2841 1553 3163 1633 Scriptura;
3195 1554 3323 1615 loco
3342 1552 3661 1618 invenio...

2014 1633 2249 1698 Patrem
2269 1639 2510 1717 quidem
2530 1642 2916 1720 genuisse,ex
2933 1642 3298 1706 multislocis
3315 1643 3659 1707 didicimus:

2017 1725 2235 1815 Filium
2256 1746 2394 1789 vero
2419 1731 2757 1807 genituram
2772 1750 2904 1795 esse
2921 1732 3181 1796 necdum
3203 1733 3278 1796 ad
3300 1733 3464 1795 hunc
3476 1752 3665 1815 usque

280 1842 359 1875 τει
390 1823 480 1877 τὸν
512 1823 702 1899 Λόγον,
744 1846 770 1877 α
804 1827 875 1886 Et
904 1823 1185 1899 genimen
1210 1822 1364 1903 quod
1397 1841 1467 1884 ex
1494 1823 1627 1902 ipso
1659 1822 1925 1899 θεμθάίι,
1955 1842 1992 1892 Β
2015 1813 2175 1875 diem
2203 1816 2672 1883 audivimus.....
2728 1819 2846 1883 Sed
2876 1823 2947 1898 si,
2996 1823 3206 1902 inquit,
3242 1822 3401 1883 Deus
3429 1813 3659 1901 genuit,

286 1908 557 1972 Verbum
588 1910 886 1974 videlicet.
929 1935 951 1967 ι
980 1910 1062 1973 Ex
1097 1911 1191 1973 his
1224 1920 1282 1974 et
1324 1912 1624 1974 similibus
1652 1911 1801 1973 locis
1829 1913 1930 1973 in-

283 1997 588 2076 telligitur.
630 2000 839 2061 Filium
873 2003 1229 2079 ascriptore,
1282 2001 1625 2083 quicunque
1662 2002 1765 2063 ille
1795 2002 1927 2084 fuit,

279 2096 543 2148 vocatum
570 2107 700 2150 esse
738 2110 765 2148 α
784 2090 1147 2172 genituram,
1173 2112 1201 2151 »
1243 2092 1421 2169 eique
1446 2110 1667 2154 nomen
1689 2091 1929 2171 γέννημα

280 2175 589 2256 probatum
623 2177 978 2242 fuisse.Nam
1003 2182 1061 2241 in
1091 2181 1281 2260 primo
1313 2181 1587 2262 exemplo
1621 2182 1794 2243 docet
1822 2180 1924 2242 Fi-

279 2266 419 2328 lium
453 2267 525 2328 ab
561 2269 951 2333 Eunomianis
994 2271 1193 2334 vocari
1251 2280 1611 2351 creaturam,
1644 2272 1759 2334 dici
1790 2290 1927 2335 vero

277 2376 310 2417 ³
340 2375 402 2417 ευ
433 2358 788 2435 genituram.
822 2360 897 2422 Et
925 2360 1167 2442 quidem
1200 2362 1280 2423 ita
1309 2361 1497 2442 loqui,
1529 2364 1573 2418 εἰ
1602 2365 1799 2439 κτίσμα
1830 2362 1924 2420 λέ-

280 2470 461 2526 γοντες
506 2450 596 2505 τὸν
629 2450 769 2522 ι’ίόν,
805 2460 946 2525 etc.,
992 2451 1078 2511 uti
1130 2452 1303 2532 paulo
1354 2460 1492 2513 ante
1523 2450 1762 2532 legitur,
1799 2452 1930 2530 ejus

281 2537 501 2618 est,qui
531 2537 592 2599 in
627 2556 696 2600 eo
726 2538 801 2602 ab
826 2540 1214 2603 Eunomianis
1239 2540 1817 2622 dissentiebat,quod
1842 2540 1928 2602 illi

286 2624 489 2688 Filium
523 2627 795 2691 dicerent
827 2633 1321 2711 creaturam,ipse
1353 2649 1491 2693 vero
1517 2649 1654 2692 eum
1688 2630 1926 2711 genitu-

284 2735 405 2779 ram
438 2718 861 2783 diceret.Patet
889 2740 1125 2802 quoque
1157 2739 1230 2783 ex
1262 2714 1391 2801 illo,
1425 2723 1797 2797 μονὸκτιστος,
1828 2745 1927 2777 κυ-

287 2809 528 2888 ριώτερον
588 2808 649 2865 ἂν
701 2809 911 2889 λέγοιτο
946 2860 962 2886 ,
1018 2820 1165 2891 etc.,
1221 2828 1426 2873 vocem
1481 2814 1723 2891 γέννημα
1780 2811 1930 2873 Filio

286 2906 560 2978 tanquam
622 2899 898 2962 decoram
954 2919 1026 2962 ac
1086 2903 1399 2965 decentem
1430 2899 1635 2963 abillo
1691 2908 1934 2983 auctore

285 2986 468 3048 fuisse
490 2988 788 3050 tributam.
820 2988 1010 3052 Vertit
1039 2991 1200 3053 enim
1234 2990 1370 3052 vitio
1422 2990 1743 3065 Eunomio,
1775 2989 1935 3071 quod

289 3076 469 3137 Filius
498 3095 571 3140 ex
604 3078 732 3157 ejus
764 3080 1060 3143 sententia
1108 3098 1248 3141 vero
1280 3079 1588 3143 diceretur
1636 3088 1934 3162 creatura,

283 3166 681 3246 appellaretur
712 3187 845 3230 vero
880 3169 1026 3231 falso
1050 3169 1295 3231 nomine
1317 3176 1803 3251 genitura:quem
1836 3188 1936 3231 sa-

283 3274 360 3317 ne
385 3276 679 3337 nunquam
705 3259 790 3321 sic
821 3260 1139 3339 arguisset,
1167 3258 1283 3322 nisi
1312 3259 1665 3323 credidisset
1692 3259 1819 3340 ipse
1836 3259 1938 3322 Fi-

282 3345 424 3406 lium
452 3349 689 3427 proprio
721 3367 790 3410 ac
813 3367 951 3411 vero
984 3349 1233 3411 nomine
1258 3350 1590 3428 genituram
1624 3348 1936 3429 appellari.

285 3435 531 3498 Basilius
568 3446 763 3500 autem
814 3458 936 3501 non
996 3438 1175 3501 modo
1220 3458 1340 3501 non
1395 3458 1537 3500 usus
1571 3445 1663 3499 est
1692 3438 1940 3501 nomine

280 3528 541 3604 véwnm,
565 3526 674 3590 sed
708 3545 779 3590 eo
809 3530 891 3591 uti
915 3546 1034 3591 non
1066 3528 1250 3590 licere
1276 3527 1584 3591 docuit.At
1615 3527 1811 3608 ipsum
1836 3545 1942 3589 au-

281 3617 410 3677 dire
443 3625 698 3697 praestat.
727 3618 874 3698 Ejus
897 3618 1075 3697 igitur
1100 3618 1226 3680 haec
1258 3626 1396 3679 sunt
1428 3615 1533 3678 lib.
1561 3634 1802 3691 n,num.
1832 3616 1936 3693 6,7

280 3708 432 3770 et8:
464 3710 560 3766 Καὶ
591 3708 645 3765 ἐν
688 3712 892 3775 τούτοις,
947 3711 1120 3766 τοίνυν
1177 3715 1244 3786 τῇ
1296 3708 1393 3784 μὲν
1448 3706 1667 3781 ἀληθείᾳ
1700 3712 1936 3785 φανερῶς

279 3796 624 3878 διαμάχεται,
662 3800 831 3875 ἑαυτῷ
858 3798 912 3855 δε
945 3798 1092 3875 ὅμως
1150 3797 1412 3856 ἇκόλουθα
1470 3797 1636 3875 λέγει.
1702 3794 1793 3861 Ὠς
1837 3797 1937 3874 γὰρ

278 3888 333 3943 ἐν
383 3903 496 3949 τοῖς
530 3888 640 3945 ἅνω
697 3889 877 3968 λόγοις
925 3891 986 3946 τὸ
1043 3889 1336 3969 ἀγέννητον
1382 3887 1467 3944 ἐπὶ
1525 3893 1619 3943 τοῦ
1665 3892 1799 3942 Θεοῦ
1830 3890 1935 3943 τῶν

278 3977 439 4057 ὅλων³
492 3984 589 4046 τῆς
636 3979 813 4043 οὖσίας
862 3981 1017 4037 αὐτοῦ
1061 3978 1329 4058 διωρίζετο
1381 3981 1521 4036 εἶναι
1575 3976 1927 4055 σημαντικὸν,

276 4067 412 4126 οὕτω
458 4070 543 4125 καὶ
609 4070 825 4126 ἐνθαῦτα
882 4071 942 4126 τὸ
991 4071 1231 4147 γέννημα
1286 4069 1385 4137 τὴν
1442 4068 1617 4126 οὕσίαν
1667 4076 1759 4123 τοῦ
1812 4065 1930 4123 ι’ίοῦ

277 4160 565 4232 σημαίνειν
623 4157 790 4235 λέγει’
848 4156 920 4213 ἵν’
972 4158 1024 4215 ἐν
1082 4164 1151 4235 τῇ
1208 4165 1299 4215 τοῦ
1354 4166 1610 4236 γεννητοῦ
1680 4156 1810 4232 πρὸς
1865 4156 1927 4212 τὸ

279 4246 574 4325 ἀγέννητον
633 4246 911 4323 Ξιντιοέσει²
959 4248 1204 4310 ἐναντίως
1259 4248 1459 4326 ἔχοντα
1501 4252 1577 4320 τῷ
1624 4247 1788 4324 Πατρὶ
1836 4246 1927 4302 τὸν

279 4342 556 4415 Μονογενῆ
625 4337 757 4393 κατὰ
827 4336 924 4404 τὴν
996 4336 1172 4394 οὐσίαν
1249 4337 1412 4403 αὐτὴ»
1494 4333 1749 4411 ἐπιδείξῃ.
1832 4334 1932 4392 Διὰ

276 4434 440 4483 ταῦτα
512 4430 793 4503 νομοθεσεϊ
844 4426 1059 4503 ῥήματα
1116 4424 1214 4491 ἔξω
1246 4429 1344 4491 τῆς
1396 4423 1643 4502 χρήσεως
1688 4424 1813 4479 ὄντα
1842 4430 1933 4480 τοῦ

1628 4513 1927 4587 ὀνομάζων.

278 4517 415 4575 θείου
471 4516 819 4592 ’Πνεῦματοᾳ
894 4515 1138 4593 γέννημα
1221 4515 1315 4570 τὸν
1396 4514 1515 4568 ι’ίὸν

1962 3218 2005 3269 D

2016 1904 2313 1984 quomodo
2349 1926 2456 1985 par
2480 1928 2599 1970 non
2625 1918 2714 1971 est
2743 1911 3005 1989 genitum
3036 1912 3371 1990 genituram
3418 1911 3665 1973 vocare?

2016 1991 2164 2065 Quia
2194 1993 2567 2058 horrendum
2602 2008 2691 2061 est
2736 1999 2908 2061 nobis
2950 2018 3112 2074 eum,
3148 1999 3247 2061 cui
3292 2000 3541 2079 largitus
3570 2007 3667 2065 est

2014 2085 2177 2145 Deus
2206 2103 2427 2146 nomen
2464 2088 2626 2164 quod
2661 2097 3142 2169 estsuperomne
3169 2107 3413 2165 nomen,
3448 2090 3668 2152 nostris

2014 2172 2362 2234 nominibus
2386 2176 2971 2257 appellare...'Quod
3002 2178 3179 2258 igitur
3199 2196 3311 2241 nec
3330 2182 3667 2243 communis

2013 2263 2411 2337 consuetudo,
2443 2284 2553 2327 nec
2611 2265 3061 2347 Scripturarnm
3112 2286 3252 2330 usus
3300 2268 3566 2344 admisit,
3602 2269 3664 2330 id

2012 2352 2468 2433 audere,nonne
2511 2374 2760 2419 summae
2785 2357 3106 2421 dementiae
3126 2357 3247 2419 est?
3279 2383 3307 2414 »
3343 2357 3664 2435 Postquam

2012 2450 2209 2503 autem
2236 2442 2486 2507 Basilius
2517 2446 2643 2507 ilth
2663 2447 2861 2509 etalia
2880 2446 2943 2508 id
2964 2466 3155 2526 genus
3195 2447 3405 2529 multa,
3438 2467 3572 2528 quae
3600 2448 3661 2509 in

2014 2532 2140 2614 ipso
2171 2533 2332 2594 fonte
2370 2534 2489 2614 legi
2520 2554 2717 2615 operm
2737 2536 2994 2617 pretium
3019 2546 3131 2613 est,
3171 2538 3666 2618 uteleganter,ita

2013 2623 2255 2703 capiose
2277 2640 2561 2704 eo,quem
2594 2624 2882 2701 dixi,loco
2916 2627 3160 2707 scripsit
3192 2626 3272 2689 ad
3300 2645 3505 2689 vocem
3536 2629 3663 2706 γὲν-

2014 2734 2158 2785 νημα
2188 2711 2739 2795 repudiandam,sic
2770 2715 3012 2777 tandem
3042 2733 3384 2779 sermonem
3412 2716 3665 2778 conclu-

2016 2801 2143 2864 dit:
2178 2802 2327 2860 Οὕτω
2373 2804 2469 2879 μὲν
2501 2807 2589 2860 οῦν
2622 2804 2876 2884 ἀλλοτρία
2930 2808 3029 2873 τῆς
3062 2828 3116 2862 τε
3146 2811 3331 2872 κοινῆς
3390 2810 3664 2874 συνηθείας

2016 2893 2103 2948 καὶ
2134 2896 2227 2961 τῆς
2260 2899 2365 2949 τῶν
2397 2900 2618 2972 Γραφῶν
2647 2896 2900 2974 χρήσεως
2965 2898 2995 2963 ἦ
3026 2897 3176 2975 φωνή
3207 2902 3300 2953 τοῦ
3330 2897 3666 2973 γεννήματος

2018 2980 2439 3059 απελήλεγιται.
2480 2980 2639 3046 «Hoc
2661 2984 2864 3064 itaque
2895 2983 3073 3045 modo
3123 2983 3415 3059 geniturae
3456 3000 3661 3047 vocem

2021 3078 2078 3132 et
2104 3088 2139 3131 a
2168 3070 2474 3133 communi
2498 3072 2935 3135 consuetudine
2954 3079 3020 3135 et
3038 3091 3073 3133 a
3089 3072 3537 3152 Scripturarum
3555 3092 3665 3136 usu

2022 3159 2277 3221 alienam
2312 3179 2445 3222 esse
2476 3162 2946 3225 demonstratum
2970 3170 3079 3225 est.
3114 3187 3139 3219 ι)
3176 3161 3320 3234 Quae
3378 3163 3580 3225 omnia
3616 3162 3669 3225 si

2024 3250 2182 3313 inter
2206 3270 2269 3311 se
2305 3260 2751 3332 comparentur,
2785 3252 3166 3333 perspicuum
3196 3254 3312 3315 erit
3340 3270 3412 3315 ex
3442 3253 3551 3315 hac
3578 3254 3667 3316 lo-

2025 3358 2231 3403 corum
2266 3341 2611 3416 collatione,
2644 3343 2935 3407 Basilium
2966 3352 3071 3406 aut
3090 3342 3207 3405 sibi
3236 3362 3357 3405 non
3374 3344 3673 3406 consenti-

2025 3447 2116 3506 re,
2148 3440 2273 3509 aut,
2298 3431 2455 3511 quod
2482 3434 2681 3494 verius
2714 3441 2829 3513 est,
2861 3434 3074 3495 horum
3104 3432 3420 3509 librorum,
3439 3432 3501 3495 in
3532 3436 3672 3514 qui-

2025 3536 2134 3579 cox
2159 3520 2398 3597 γέννημα
2431 3524 2713 3600 tanquam
2755 3522 3029 3585 solemne
3060 3519 3347 3601 quiddam
3397 3530 3455 3584 et
3504 3522 3675 3585 fami-

2023 3607 2167 3669 liare
2200 3608 2421 3689 passim
2454 3609 2798 3689 adhibetur,
2828 3618 3136 3674 auctorem
3168 3628 3291 3672 non
3312 3628 3467 3673 esse.

2100 3786 2459 3851 72.05tendi
2514 3789 2806 3853 hactenus
2831 3798 3137 3856 auctorem
3169 3790 3458 3853 librorum
3482 3794 3674 3872 quarti

2020 3884 2079 3939 et
2109 3876 2299 3958 quinti
2320 3886 2529 3940 contra
2549 3878 2927 3942 Eunomium
2951 3880 3034 3941 uti
3064 3880 3262 3961 aliquo
3294 3879 3537 3943 dicendi
3565 3902 3672 3961 ge-

2020 3986 2186 4038 nere,
2221 3985 2344 4048 quo
2386 3986 2505 4029 non
2552 3968 2703 4031 solet
2734 3970 2819 4031 uti
2847 3970 3144 4034 Basilius:
3181 3988 3362 4047 nunc,
3393 3971 3671 4050 quoniam

2014 4057 2264 4120 varietas
2285 4063 2416 4137 ipsa
2444 4076 2550 4137 per
2572 4077 2636 4120 se
2657 4058 3192 4139 placet,ostendere
3216 4058 3479 4122 conabor
3508 4079 3673 4123 eum-

2015 4147 2150 4209 dem
2178 4166 2295 4209 non
2321 4147 2403 4209 uti
2421 4148 2721 4229 aliquibus
2745 4148 2991 4211 dicendi
3020 4149 3457 4231 formulis,quae
3473 4154 3675 4231 saepis-

2014 4238 2166 4300 sime
2196 4237 2353 4318 apud
2384 4237 2669 4300 Basilium
2714 4239 3014 4319 leguntur.
3048 4240 3172 4304 Res
3202 4250 3404 4302 autem
3437 4240 3508 4301 iis
3541 4261 3675 4322 quas

2014 4326 2327 4407 subjiciam
2354 4329 2646 4410 exemplis
2669 4330 2769 4391 ﬁet
2783 4328 3352 4411 clarior.Postquam
3373 4330 3554 4410 igitur
3565 4328 3675 4393 Ba-

2015 4416 2187 4479 silius
2219 4417 2445 4496 aliquid
2471 4426 2572 4480 aut
2603 4418 2894 4501 probavit,
2920 4430 3022 4482 aut
3050 4421 3400 4497 confutavit,
3433 4430 3534 4483 aut
3566 4440 3673 4483 ex-

2018 4506 2306 4586 planavit,
2341 4507 2671 4572 orationem
2697 4510 3059 4573 concludere
3091 4511 3399 4574 consuevit
3427 4510 3519 4571 his
3536 4529 3673 4573 ver-

282 4610 441 4663 Πὸθεν
483 4604 686 4681 λαϐὠν;
741 4607 801 4661 ἐκ
844 4606 997 4669 ποίας
1047 4602 1410 4679 διδασκαλίας
1442 4604 1583 4667 τίνος
1629 4604 1926 4681 προφήτους
1957 4596 2151 4659 Dbis:
2190 4601 2285 4656 Καὶ
2316 4607 2480 4656 ταῦτα
2512 4601 2609 4675 μὲν
2640 4601 2725 4657 ἐπὶ
2761 4610 3033 4680 τοσοῦτον,
3083 4601 3200 4677 vel,
3257 4604 3329 4668 εἰς
3362 4609 3614 4659 τοσοῦτον
3651 4626 3666 4673 ;

279 4703 415 4761 τίνος
439 4697 542 4753 τῶν
575 4694 890 4753 ἀποστόλων
940 4695 1139 4761 ταύτην
1199 4698 1339 4767 αὖτῷ
1401 4715 1499 4759 την
1559 4691 1932 4769 προσωνυμίαν

280 4785 718 4866 ἐγιφημίσαντοςε,
770 4784 913 4863 Ἐγὼ
956 4785 1054 4860 μὲν
1102 4783 1202 4861 γὰρ
1259 4781 1488 4857 οὐδαμοῦ
1559 4779 1653 4848 τῆς
1719 4785 1931 4858 Γραφῆς

278 4877 534 4954 κειμένην
578 4876 714 4934 οὕτω
771 4878 868 4944 τὴν
926 4876 1108 4955 φωνὴν
1141 4876 1340 4941 ταύτην
1400 4877 1627 4952 εὗρονη,
1664 4878 1929 4953 Γεγεννη-

279 4969 424 5024 κέναι
487 4968 585 5042 μὲν
642 4968 741 5045 γὰρ
788 4968 877 5045 τὸν
938 4963 1167 5042 Πατέρα,
1231 4962 1515 5043 πολλαχοῦ
1560 4960 1928 5039 δεδιδάγμεοασ

279 5057 521 5136 γέννημα
571 5055 625 5113 δὲ
677 5058 819 5113 εἶναι
872 5057 960 5111 τὸν
1008 5054 1149 5129 Υίὸν,
1184 5051 1388 5113 οὒὸέπω
1409 5053 1496 5110 καὶ
1528 5053 1758 5130 τήμερον
1787 5051 1929 5118 ἀκη-

279 5148 608 5222 κόαμεν.,,.,
648 5144 798 5203 Ἀλλ’
854 5146 899 5201 εἰ
954 5144 1230 5223 ἐγέννησε,
1266 5144 1445 5223 φησὶν.
1477 5144 1504 5199 ὁ
1537 5143 1690 5215 Θεὸς,
1726 5146 1842 5205 πῶς
1872 5143 1929 5197 οὗ

280 5237 390 5317 χρὴ
419 5239 512 5295 τὸν
541 5236 858 5315 γεννηθέντα
910 5234 1307 5312 σροσαγορεύειν
1338 5233 1603 5311 γέννημας
1668 5228 1802 5289 ’Ότι
1834 5255 1930 5311 φοι

276 5326 427 5406 ϐερὸν
497 5329 627 5403 ἡμῖν
688 5324 961 5403 ἡμετέροις
1020 5323 1174 5379 αὐτὸν
1217 5323 1441 5399 ὀνόμασι
1490 5332 1854 5401 προσφωνεῖν,
1884 5323 1929 5395 ᾦ

277 5415 567 5497 ἐχαρίσατο
625 5418 651 5473 ὁ
698 5416 826 5479 Θεὸς
877 5411 1043 5489 ὄνομα
1101 5413 1163 5470 τὸ
1216 5414 1347 5491 ὑπὲρ
1393 5418 1496 5471 πᾶν
1548 5410 1798 5486 ὄνομα...
1851 5409 1929 5469 ’Ὀ

277 5507 451 5564 τοίνυν
482 5504 629 5577 ,οὔτε
688 5506 721 5572 ἡ
772 5503 925 5570 κοινὴ
984 5503 1252 5578 συνήθεια,
1312 5501 1432 5559 οὕτε
1489 5504 1523 5571 ἡ
1576 5505 1682 5564 τῷν
1711 5499 1932 5580 Γραοῶν

278 5602 475 5677 χρῆσις
526 5592 929 5675 παραδέδεκται,
985 5593 1169 5650 τούτου
1236 5591 1598 5670 κατατολμᾷν,
1654 5594 1766 5652 πῶς
1812 5591 1935 5669 οὐχὶ

314 5686 341 5696 ..ν

277 5676 377 5753 τῆς
436 5686 677 5767 ἐσχάτης
724 5683 973 5769 ἀπονοίας
1033 5682 1186 5759 tari;
1248 5680 1413 5759 Etin
1444 5680 1539 5745 bis
1592 5676 1801 5759 utique
1831 5697 1935 5741 ve-

2017 4686 2186 4749 Verbi
2217 4689 2426 4766 gratia,
2462 4698 2779 4769 postquam
2822 4690 3074 4753 Basilius
3125 4689 3281 4752 libro
3312 4692 3396 4752 De
3426 4691 3674 4771 Spiritu

2013 4784 2216 4840 sancto
2249 4797 2379 4859 cap.
2418 4779 2517 4859 14,
2544 4778 2619 4841 de
2642 4780 2857 4859 Moysis
2906 4779 3261 4859 baptismate
3282 4778 3525 4841 locutus
3556 4787 3668 4854 est,

2015 4867 2347 4930 orationem
2407 4868 2794 4931 absoluturus
2851 4869 2937 4930 sic
2992 4869 3280 4949 scripsit:
3335 4869 3411 4927 Τὰ
3454 4868 3549 4943 μὲν
3582 4871 3671 4926 οὗν

2014 4960 2133 5038 περὶ
2165 4961 2363 5031 τύπων,
2412 4960 2498 5016 ἐπὶ
2541 4966 2814 5031 τοσοῦτον,
2856 4979 2880 5016 (ι
2915 4957 3119 5039 Itaque
3182 4957 3258 5020 de
3288 4956 3513 5037 ﬁguris
3533 4959 3670 5037 qui-

2013 5047 2149 5110 dem
2183 5045 2669 5111 hactonusJNec
2700 5047 2875 5109 aliter
2904 5046 3193 5127 scriptum
3212 5044 3518 5108 invenitur
3536 5062 3670 5126 cap.

2012 5136 2441 5218 29.Postquam
2468 5137 2629 5199 enim
2661 5136 2904 5200 verbum
2922 5135 3149 5217 aliquot
3168 5136 3526 5216 scriptorum
3548 5153 3678 5198 ver-

2012 5226 2086 5288 ba
2102 5225 2485 5301 retulit,fecit
2514 5245 2632 5289 non
2662 5226 2965 5307 insolens,
2985 5235 3049 5287 ut
3071 5226 3200 5289 haec
3222 5225 3545 5289 addiderit:
3576 5227 3674 5285 Καὶ

2011 5320 2175 5374 ταῦτα
2220 5318 2318 5393 μὲν
2347 5319 2418 5381 εἷς
2451 5316 2724 5391 τοσοῦτον,
2748 5315 2856 5380 (Et
2878 5316 3004 5378 bzec
3036 5315 3285 5394 quidem
3315 5316 3624 5379 hactenus.
3642 5338 3665 5372 ο

2014 5404 2294 5485 Ejusdem
2325 5407 2415 5469 rei
2438 5414 2497 5468 et
2519 5405 2637 5468 alia
2680 5405 2955 5486 exempla
2975 5405 3090 5486 legi
3124 5414 3375 5486 possunt
3405 5405 3518 5467 hoc
3539 5404 3669 5484 ipso

2015 5497 2078 5557 in
2107 5493 2261 5558 libro
2288 5514 2421 5577 cap.
2457 5496 2556 5560 30.
2586 5494 2763 5576 Item,
2794 5496 2855 5557 in
2884 5493 2992 5556 lib.
3017 5496 3209 5576 primo
3232 5501 3442 5558 contra
3464 5494 3673 5555 Euno-

2016 5587 2232 5660 mium,
2254 5606 2418 5649 num.
2453 5586 2625 5662 5,ubi
2654 5587 2779 5649 haec
2808 5585 3093 5667 loquendi
3112 5585 3267 5649 ratio
3299 5585 3392 5647 his
3413 5582 3673 5655 adhibe-

2024 5675 2295 5739 tur.Cum
2323 5676 2501 5757 igitur
2517 5675 2772 5758 Basilius
2792 5677 2903 5741 hac
2934 5673 3363 5755 concludendis
3375 5668 3667 5745 orationis
