4174 6474
464 379 730 431 οσιχχνι

1866 369 2458 435 PROLEGOMENA.

466 496 719 558 formula
740 496 1274 591 unicedelectatus
1302 499 1486 591 fuisse
1516 499 1931 572 videatur,cur
1951 525 2108 568 nun-
2130 513 2168 560 Α
2195 507 2380 570 nomii
2404 509 2756 591 opusculum
2781 511 3082 574 edendum
3114 510 3484 573 curavimus.
3539 511 3635 573 Stc
3677 508 3858 588 igitur

466 604 644 663 quam
662 585 805 647 eain
820 585 1048 647 ultimis
1060 586 1292 650 duobus
1309 591 1377 650 in
1395 588 1768 652 Eunomium
1786 591 1957 656 libris
1975 613 2120 657 usus

469 681 586 739 est?
609 675 997 766 Paulomagis
1029 694 1267 740 movere
1291 678 1490 759 debet,
1527 681 1686 760 quod
1720 682 1932 744 borum
1967 705 2117 766 quos

469 763 752 853 moxdixi
772 763 1062 827 librorum
1096 776 1300 830 auctor
1321 786 1525 830 vocem
1557 772 1780 828 κατόπιν
1822 763 2112 853 nusquam

466 852 742 916 adhibeat
766 873 779 916 :
801 873 933 935 quas
977 865 1173 918 tamen
1205 875 1311 919 vox
1344 859 1424 920 ita
1443 868 1535 920 est
1555 859 1866 925 familiaris
1893 852 2112 926 Basilio

465 945 769 1032 Magno,ut
797 943 858 1005 in
880 946 1015 1025 ejus
1031 946 1267 1027 scriptis
1289 965 1525 1009 sursum
1550 949 1831 1013 deorsum
1865 954 2111 1032 legatur.

467 1030 813 1114 Quanquam
846 1043 1043 1097 autem
1092 1037 1343 1098 Basilius
1377 1055 1506 1099 eam
1539 1057 1742 1103 vocem
1777 1030 1978 1105 multis
2011 1062 2114 1104 va-

469 1121 695 1203 riisque
725 1123 917 1185 modis
949 1134 1215 1206 usurpet,
1228 1127 1554 1206 praesertim
1590 1137 1786 1193 tamen
1813 1151 1879 1194 ea
1907 1135 2111 1208 utitur,

470 1229 604 1272 cum
637 1211 977 1291 signiﬁcare
998 1215 1119 1276 vult
1148 1234 1213 1278 se
1244 1218 1494 1297 alicujus
1516 1219 1603 1280 rei
1617 1220 1739 1298 jam
1763 1231 1934 1284 antea
1953 1242 2114 1284 men-

471 1299 692 1391 tionem
717 1301 1118 1382 fecisse.Ergo
1140 1306 1242 1367 ubi
1261 1307 1537 1388 plerique
1553 1309 1654 1369 alii
1668 1313 1993 1391 scriptores
2007 1333 2114 1375 saa-

472 1390 601 1470 pius
631 1391 904 1456 scribunt
933 1396 1005 1458 ὡς
1037 1399 1370 1477 προείρηται,
1420 1407 1521 1460 aut
1569 1390 1923 1480 simpliciter
1952 1406 2110 1479 e”pr.-

470 1503 580 1560 ται,
619 1502 642 1537 α
670 1489 732 1541 ιιι
752 1483 875 1574 jam
906 1493 1079 1546 antea
1107 1484 1332 1547 dictum
1356 1495 1468 1561 est,
1505 1495 1564 1550 ut
1586 1489 1807 1552 dictum
1829 1501 1979 1574 est,»
2013 1495 2111 1555 ille

473 1587 638 1664 suam
662 1571 993 1664 orationem
1011 1574 1097 1664 sic
1122 1577 1522 1656 componit,ut
1545 1580 1734 1659 potius
1769 1581 1846 1643 ita
1867 1571 2109 1664 scribat,

477 1660 565 1717 Ἐν
596 1675 710 1725 τοῖς
755 1663 980 1720 κατόπιν
1033 1663 1244 1743 λόγοις,
1295 1675 1394 1728 aut
1441 1668 1812 1749 simpliciter,
1857 1671 1946 1730 Ἐν
1995 1660 2112 1738 τοτὲ

474 1751 719 1840 κατόπιν,
750 1771 784 1840 γι
813 1760 875 1840 ut
903 1752 1180 1832 superius
1205 1753 1428 1816 dictum
1452 1766 1566 1818 est.
1604 1784 1629 1813 »
1659 1760 1804 1822 Cum
1839 1760 2021 1840 igitur
2053 1762 2113 1822 in

2201 596 2463 678 loquitur
2507 599 2764 680 scriptor
2816 619 2981 663 num.
3018 599 3136 664 12:
3172 601 3309 661 ’Ὀτι
3363 599 3417 656 δὲ
3470 601 3560 658 καὶ
3611 604 3696 664 εἷς
3732 600 3852 661 Υἱὸς

2205 686 2533 768 (Μονογενῆς
2566 692 2709 770 γὰρ),
2743 692 2869 758 ἐνῆν
2921 693 3019 768 μὲν
3078 695 3174 756 τὰς
3221 693 3326 749 τῶν
3356 692 3522 770 ἆγίων
3552 691 3730 770 φωνὰς
3752 713 3853 745 πα-

2199 779 2534 857 ραθεμένους,
2597 779 2664 836 δι’
2713 782 2787 838 ὧν
2853 782 2968 838 rt?»
3028 783 3115 839 καὶ
3188 781 3428 860 γέννημα
3483 783 3570 837 καὶ
3642 781 3852 854 ποίημα

2197 869 2646 948 καταγγέλλουσιν
2683 887 2699 904 ⁸
2741 889 2752 903 ·
2794 887 2808 902 ⁶
2860 870 3209 952 ἀπηλλάχθαι
3255 869 3552 951 φροντίδος,
3615 892 3636 925 ι
3684 866 3856 942 Quod

2198 965 2396 1020 autem
2414 958 2598 1022 Filius
2614 978 2768 1022 unus
2788 961 2867 1021 sit
2887 958 3501 1043 quoquetUnigenitus
3526 969 3618 1021 est
3639 959 3852 1037 enim),

2197 1048 2440 1110 vocibus
2460 1059 2796 1112 sanctorum
2819 1050 2881 1111 in
2899 1049 3163 1112 medium
3176 1048 3618 1131 allatis,quibus
3637 1047 3850 1110 Filium

2199 1143 2322 1198 tum
2348 1138 2680 1216 genituram
2704 1147 2828 1200 tum
2852 1147 3184 1202 creaturam
3219 1138 3621 1220 praedicant...
3658 1138 3817 1218 possi
3840 1169 3856 1182 -

2202 1245 2332 1287 mus
2363 1245 2506 1288 cura
2536 1228 2839 1292 liberari.)
2862 1230 3020 1310 Ergo
3039 1229 3115 1292 de
3136 1229 3415 1292 Eunomii
3437 1229 3754 1307 sententia,
3789 1233 3855 1288 ut

2199 1314 2386 1378 Filius
2408 1335 2546 1379 vere
2578 1317 2935 1398 praedicatur
2963 1323 3342 1391 creatura,ita
3362 1317 3541 1380 etiam
3577 1318 3734 1378 idem
3758 1334 3854 1376 ve-

2198 1422 2263 1466 re
2275 1407 2547 1485 genitura
2561 1407 2796 1470 dicitur.
2807 1407 2988 1470 Paulo
3013 1417 3144 1490 post
3156 1408 3344 1488 magis
3358 1407 3678 1487 perspicue
3695 1423 3857 1466 men-

2199 1503 2316 1558 tem
2339 1513 2503 1558 suam
2523 1498 2714 1578 aperit
2739 1497 3188 1574 Eunomius,his
3206 1497 3403 1560 verbis
3431 1517 3444 1560 :
3482 1497 3728 1571 Γὲννημά
3750 1497 3854 1552 τοί·

2198 1610 2284 1646 νυν
2325 1588 2418 1643 τὸν
2451 1590 2569 1645 Υἶόν
2601 1611 2773 1669 φαμεν
2800 1590 2936 1646 κατὰ
2966 1589 3064 1656 τὴν
3096 1590 3202 1646 τῶν
3236 1595 3458 1670 Γραφῶν
3488 1586 3854 1664 διδασκαλίαν,

2197 1678 2300 1755 οὐχ
2349 1676 2526 1756 ἕτερον
2577 1679 2672 1752 μέν
2706 1701 2755 1734 τι
2808 1679 2906 1746 τὴν
2966 1681 3141 1736 οὕσίαν
3193 1677 3454 1752 νοοῦντες,
3517 1677 3694 1754 ἕτερον
3721 1674 3774 1731 δέ
3805 1697 3854 1730 τι

2198 1765 2320 1844 παρ’
2391 1768 2552 1836 αὐτὴν
2597 1769 2657 1824 τὸ
2729 1769 3155 1843 σημαινόμενον,
3189 1765 3308 1824 ἀλλ’
3358 1767 3521 1834 αὒτῂν
3574 1768 3715 1823 εἶναι
3760 1765 3857 1831 τὴν

473 1837 696 1932 ultimis
726 1839 959 1902 duobus
987 1843 1054 1903 in
1082 1841 1456 1908 Eunomium
1487 1846 1657 1910 libris
1713 1837 1885 1931 saepe“
1918 1852 2112 1932 scrip-

2208 1837 2512 1932 ὅπόστασιν,
2575 1858 2641 1923 ἣν
2702 1837 2981 1932 σημαίνειί
3012 1855 3266 1932 τοῦνομα,
3311 1856 3738 1921 ἰπαληθευούσης
3786 1860 3855 1929 τῇ

473 1935 595 1988 tum
623 1929 702 1989 sit
729 1933 1186 2024 ειη-προείρηται,
1214 1942 1316 1997 aut
1337 1935 1694 2016 simpliciter
1723 1929 1958 2019 εἴρηται,
2008 1929 2119 2004 nec

2208 1946 2353 2019 οὐσίᾳ
2381 1948 2481 2013 τῆς
2502 1929 2907 2024 ’προσηγορίαα
2961 1965 2990 2004 ‹
3023 1929 3373 2008 Genituram
3408 1943 3606 2021 itaque
3637 1941 3852 2003 Filium

471 2035 720 2098 usquam
753 2019 812 2081 in
840 2020 939 2112 his
968 2021 1266 2086 scribatur
1286 2025 1339 2081 ἐν
1363 2039 1482 2089 τοῖς
1513 2029 1760 2102 κατόπιν,
1794 2031 2121 2112 quomodo,

473 2109 955 2189 quaeso,Basilius
985 2112 1279 2191 ejusmodi
1311 2114 1598 2178 librorum
1622 2127 1826 2180 auctor
1845 2119 1962 2182 dici
1988 2109 2118 2182 me;

474 2197 589 2259 rito
621 2198 805 2279 possit
829 2198 856 2261 ἲ

554 2287 657 2352 73.
690 2287 929 2352 Monere
945 2291 1136 2370 juvat,
1168 2292 1405 2355 libellos
1438 2293 1585 2357 duos
1607 2295 1790 2360 fuisse
1820 2298 2010 2361 editos
2039 2301 2113 2362 ab

476 2377 1207 2459 Eunomio.Unum,quem
1221 2382 2110 2468 confutavitBasilius,alterum,

477 2485 652 2548 quem
676 2468 977 2533 confutare
996 2491 1110 2533 non
1143 2473 1354 2553 potuit,
1379 2492 1513 2535 cum
1549 2495 1666 2537 non
1694 2477 1889 2540 editus
1911 2479 1986 2541 sit
2004 2479 2117 2541 nisi

479 2568 610 2649 post
632 2557 821 2649 ipsius
853 2570 1127 2625 mortem.
1159 2561 1297 2624 Haec
1319 2581 1557 2627 mecum
1589 2585 1722 2628 cum
1753 2577 2113 2649 reputarem,

477 2645 668 2709 ultimi
689 2648 884 2739 ductu
905 2651 1283 2714 Eunomium
1305 2651 1444 2715 libri
1469 2655 1616 2717 mihi
1636 2645 1909 2737 magis'ac
1936 2645 2119 2739 magis

476 2737 888 2817 suspectifacti
902 2748 1060 2802 sunt.
1096 2741 1298 2804 Putavi
1315 2743 1475 2807 enim
1500 2745 1789 2809 confutari
1817 2747 1875 2809 iu
1901 2737 2120 2812 ultimis

475 2826 931 2892 duobuscontra
952 2830 1333 2895 Eunomium
1354 2832 1525 2897 libris
1543 2853 1658 2898 non
1677 2837 1932 2917 primum
1953 2839 2120 2901 libel-

477 2917 597 2981 lum
621 2919 1034 3001 Eunomii,sed
1062 2923 1416 3005 secundum;
1445 2924 1519 2987 ob
1543 2925 1721 3007 idque
1744 2929 1987 2992 secundi
2013 2930 2090 2991 hu

467 3007 766 3088 juslibelli
785 3008 1248 3073 confutationem
1268 3013 1448 3074 tribui
1467 3034 1583 3077 non
1609 3035 1780 3096 posse
1798 3017 2119 3100 Basilio,ob

476 3117 608 3163 eam
633 3117 807 3191 quam
832 3100 998 3191 attuli
1019 3102 1412 3166 rationem.Et
1434 3105 1673 3186 quidem
1696 3108 1973 3188 scriptor,
1992 3111 2119 3191 qui-

480 3206 714 3268 cunque
744 3187 846 3250 ille
876 3189 1117 3271 fuit,qui
1149 3193 1385 3254 ultimos
1408 3184 1558 3256 duos
1587 3200 1659 3257 in
1674 3184 2041 3262 Eunomium
2057 3201 2120 3261 li-
2139 3184 2179 3238 (⁸³

478 3277 906 3359 brosvulgavit,
941 3278 1020 3342 ita
1044 3279 1309 3343 confutet
1338 3281 1719 3362 Eunomium,
1751 3298 1811 3348 ut
1834 3307 1969 3349 eum
2015 3308 2118 3351 re-

480 3368 997 3450 prehendat,quod
1022 3368 1237 3434 Filium
1261 3389 1403 3434 vere
1419 3374 1650 3438 diceret
1671 3380 2121 3459 creaturam,af-

479 3459 750 3521 ﬁrmaret
777 3476 919 3519 vero
965 3459 1241 3522 eumdem
1305 3461 1450 3525 falso
1501 3465 1743 3528 nomine
1786 3470 2117 3546 genituram

479 3546 800 3622 dici.Quod
830 3556 896 3610 ut
925 3549 1298 3638 manifestius
1335 3552 1457 3629 ﬁat,
1497 3554 1627 3634 ipsa
1649 3557 1958 3638 scriptoris
1981 3578 2118 3622 ver-

482 3639 718 3720 ba,qure
731 3639 856 3726 jam
884 3637 1436 3718 retulimus,rursus
1448 3643 1524 3705 ob
1543 3644 1750 3706 oculos
1767 3637 1990 3726 ponere
2005 3667 2122 3710 non

483 3725 874 3811 pigebitﬁzec
898 3736 1094 3790 autem
1127 3740 1264 3793 sunt
1292 3730 1397 3795 lib.
1425 3743 1636 3813 quarto
1665 3725 1797 3817 pag.
1825 3738 1938 3800 287
1966 3756 1979 3801 :
2014 3747 2122 3796 Mo-

487 3821 756 3882 νόκτιστος
811 3819 1124 3897 κυριώτερον
1183 3821 1246 3877 ἃν
1289 3822 1523 3900 λέγοιτο,
1557 3829 1751 3900 κτίσμα
1785 3828 1880 3901 μὲν
1911 3828 2123 3896 ἀληθῶς

481 3909 600 3967 κατ’
633 3908 890 3984 Εὐνόμιον
929 3909 1025 3984 (es,
1086 3910 1324 3987 γέννημα
1364 3909 1418 3967 δὲ
1472 3913 1825 3991 ψευδωνὺμως
1857 3917 2126 3978 καλούμε-

487 4023 600 4061 νος.
631 3999 1017 4062 «Ηηὶοῐοιιυε
1047 3999 1233 4077 magis
1265 4000 1506 4081 proprie
1536 4002 2003 4084 diceretur,cum
2027 4025 2128 4069 se-

485 4089 749 4154 enndum
779 4088 1139 4152 Eunomium
1163 4105 1301 4150 vere
1332 4098 1605 4154 creatura
1635 4093 1734 4175 sit,
1768 4095 1909 4157 falso
1933 4105 2128 4158 autem

484 4179 729 4243 nomine
757 4178 1031 4257 genitura
1060 4185 1320 4240 vocetur.
1355 4203 1378 4236 n
1407 4178 1678 4261 Scriptor
1707 4184 1909 4263 igitur,
1961 4186 2128 4266 quis-

488 4270 622 4350 quis
643 4265 1100 4348 est,coututabat
1123 4285 1260 4328 eum
1293 4267 1567 4332 Eunomii
1603 4271 1891 4350 libellum,
1921 4265 1993 4336 in,
2014 4295 2132 4355 quo

489 4356 811 4422 haereticus
832 4355 934 4418 ille
963 4355 1212 4420 docebat
1235 4357 1449 4420 Filium
1470 4361 1614 4423 falso
1638 4365 1882 4426 nomine
1904 4371 2130 4444 genitu-

489 4466 615 4512 ram
646 4447 952 4529 appellari.
987 4446 1497 4520 Quemadmodum
1526 4451 1684 4514 enim
1717 4454 1891 4536 illud,
1929 4456 2136 4529 Κτίσμα

491 4545 588 4641 μὲν
620 4539 832 4606 ἀληθῶς
880 4537 1001 4641 κατ’
1047 4540 1311 4641 Εὒνόμ-ιον.
1333 4540 1427 4620 ὥν,
1463 4540 1549 4605 sic
1600 4543 1791 4624 accipi
1840 4543 2038 4624 debet,
2075 4553 2138 4605 ut
2166 4592 2204 4641 ο

489 4631 824 4695 Eunomtus
844 4627 1174 4691 afﬁrmaret
1203 4627 1417 4690 Filium
1441 4648 1580 4693 vere
1611 4641 1942 4695 creaturam
1977 4645 2132 4695 esse:

489 4722 572 4784 ita
605 4719 766 4802 quod
797 4717 1089 4798 sequitur,
1125 4717 1365 4796 γέννημα
1392 4718 1444 4775 δὲ
1477 4719 1832 4797 ψευδωνύμως
1865 4721 2136 4795 καλούμε-

492 4811 699 4890 νος,ιίο
725 4809 960 4873 videtur
982 4805 1458 4885 intelligendum,
1493 4819 1560 4872 ut
1590 4811 1721 4892 ipse
1761 4831 1999 4893 quoque
2038 4811 2134 4873 di—

495 4911 658 4968 ceret
678 4899 896 4964 Filium
924 4898 1069 4960 falso
1088 4899 1334 4961 nomine
1355 4899 1682 4979 genituram
1727 4902 1944 4963 vocari.
1980 4902 2132 4963 Nihil

496 5001 696 5055 autem
718 4989 835 5052 tale
863 4987 1111 5052 tradidit
1127 4987 1188 5049 in
1213 4990 1402 5069 primo
1428 5007 1538 5051 suo
1569 4990 1769 5053 libello
1788 4991 2134 5064 Eunomius,

496 5083 657 5145 unde
679 5096 1052 5161 consequens
1073 5086 1258 5154 est,ut
1278 5079 1334 5141 id
1358 5079 1627 5142 docuerit
1655 5081 1716 5142 in
1743 5081 2140 5162 secundo,qui

495 5179 660 5235 certe
687 5168 808 5232 dici
833 5188 952 5232 non
1005 5176 1199 5250 potest
1228 5168 1592 5246 confutatus,
1618 5189 1651 5232 a
1681 5171 1901 5234 Basilio
1933 5171 2136 5244 fuisse,

499 5279 635 5324 cum
667 5260 859 5322 solum
885 5266 1016 5340 post
1036 5259 1170 5339 ejus
1191 5258 1499 5323 interitqu
1535 5260 1893 5340 prodieritin
1922 5261 2136 5322 lucem.

498 5350 623 5415 Nec
653 5351 799 5413 satis
826 5349 934 5412 fuit
957 5350 1185 5426 dicere,
1219 5348 1370 5411 nihil
1395 5348 1510 5411 tale
1539 5354 1599 5410 in
1631 5351 1818 5430 primo
1869 5348 2141 5410 Eunomii

501 5441 656 5506 libro
685 5441 965 5523 reperiri,
998 5459 1134 5504 cum
1164 5437 1366 5502 dicere
1395 5438 1609 5502 liceret
1642 5439 1864 5520 aliquid
1899 5438 2142 5500 omnino

503 5532 865 5596 contrarium
890 5533 950 5594 in
981 5549 1053 5593 eo
1075 5529 1191 5610 legi
1219 5528 1292 5591 ab
1328 5528 1606 5591 omnibus
1634 5527 1970 5609 posse..lam
2007 5545 2110 5607 pro

501 5622 811 5688 bandares
852 5632 944 5685 est
962 5619 1261 5702 aliquibus
1283 5618 1599 5700 exemplis,
1633 5635 1767 5700 quea
1808 5617 2028 5695 cuique
2079 5616 2144 5677 li-

504 5716 719 5783 berum
732 5716 844 5780 erit
861 5707 1900 5792 videreinAppendice,ubiprimum
1911 5708 2025 5771 hoc
2039 5705 2146 5769 Eu-

2207 2033 2561 2109 dicimus,ex
2586 2035 3028 2114 Scripturarum
3060 2033 3356 2110 doctrina,
3383 2051 3500 2093 non
3531 2031 3687 2094 aliud
3713 2029 3854 2110 quid

2205 2127 2524 2186 essentiam
2556 2124 2983 2202 intelligentes,
3023 2123 3184 2186 aliud
3219 2122 3359 2204 quid
3395 2129 3609 2202 praeter
3638 2121 3850 2201 ipsam,

2203 2214 2263 2274 id
2287 2215 2444 2296 quod
2467 2216 2854 2294 significatur,
2890 2213 2994 2276 sed
3027 2214 3214 2295 ipsam
3249 2231 3383 2275 esse
3436 2210 3852 2282 substantiam,

2199 2323 2372 2384 quam
2395 2322 2613 2366 nomen
2628 2303 3089 2381 significat,cum
3114 2301 3390 2366 essentia;
3405 2319 3541 2362 vere
3558 2308 3848 2380 congruat

2201 2394 2314 2454 ista
2335 2394 2716 2474 appellatio.»
2751 2393 2926 2457 Certe
2960 2392 3252 2473 genitum
3277 2390 3741 2472 appellationem
3767 2408 3858 2451 es-

2201 2483 2412 2547 sentia;
2433 2483 2539 2547 Fili
2565 2501 2703 2546 vere
2720 2501 3055 2564 congruere
3083 2483 3187 2562 qui
3215 2482 3442 2558 dicit,is
3473 2480 3688 2543 Filium
3718 2499 3853 2560 pro-

2202 2575 2360 2654 prio,
2394 2592 2512 2636 non
2534 2573 2680 2636 falso
2709 2574 2952 2636 nomine
2984 2575 3321 2653 genituram
3351 2574 3857 2649 vocat.Leguntur

2203 2683 2369 2727 num.
2410 2663 2487 2727 97
2520 2664 2646 2726 hac
2681 2663 2860 2726 verba
2895 2682 2908 2727 :
2943 2663 3003 2723 Ὀ
3065 2665 3163 2740 μὲν
3205 2664 3304 2740 γὰρ
3356 2664 3501 2717 ἔστιν
3565 2661 3854 2736 ἁγεννήτου

2201 2756 2287 2812 κάὶ
2329 2753 2590 2824 ἀποιήτου
2637 2753 2874 2832 γέννημα
2932 2755 3019 2810 καὶ
3091 2753 3321 2827 ποίημα.
3364 2772 3387 2806 ι
3426 2749 3532 2811 Est
3558 2748 3717 2810 enim
3745 2749 3851 2826 [Fi-

2203 2843 2334 2922 lius]
2367 2842 2613 2921 ingeniti
2649 2851 2708 2904 et
2738 2841 2942 2903 infacti
2972 2841 3244 2918 genitura
3266 2848 3325 2900 et
3347 2838 3574 2900 factura
3607 2859 3620 2900 :
3660 2865 3684 2894 ιι
3723 2857 3854 2918 quis

2203 2931 2476 2996 Eunomii
2523 2930 2707 2993 verba
2738 2939 2799 2992 ut
2824 2931 3257 3008 intelligantur,
3292 2946 3408 2989 non
3440 2945 3594 3007 opus
3619 2935 3707 2988 est
3739 2927 3855 2988 ulla

2201 3019 2862 3102 interpretatione.Cum
2879 3021 3036 3081 enim
3052 3018 3231 3080 homo
3250 3018 3468 3097 impius
3487 3015 3700 3079 Filium
3721 3034 3858 3076 vere

2202 3111 2485 3173 facturam
2516 3109 2951 3182 diceret,nemo
2983 3126 3102 3170 non
3133 3107 3298 3170 videt
3328 3107 3606 3169 eumdem
3634 3105 3858 3186 pariter

2202 3200 2276 3262 ab
2298 3218 2368 3261 eo
2400 3217 2538 3261 vere
2561 3200 2894 3276 genituram
2925 3206 3196 3259 vocatum
3229 3197 3440 3270 fuisse,
3473 3213 3607 3257 cum
3661 3196 3852 3275 ipsum

2203 3289 2413 3352 eodem
2443 3289 2620 3351 modo
2653 3296 2716 3352 et
2762 3287 3096 3368 genituram
3130 3296 3189 3349 et
3224 3287 3507 3349 facturam
3568 3285 3850 3366 appellet.

2204 3379 2412 3442 Statim
2467 3378 2554 3440 sic
2619 3377 3046 3460 persequitur:
3079 3375 3227 3436 οὕτω
3286 3378 3386 3456 γὰρ
3430 3375 3492 3432 ἂν
3541 3388 3665 3439 ταῖς
3718 3382 3856 3454 Γρα-

2203 3483 2332 3550 φαϊς
2385 3471 2445 3526 τὸ
2488 3467 2738 3544 ἀψευδεῖν
2798 3465 3136 3548 φυλάττοιτο,
3204 3467 3412 3543 ποίημα
3477 3467 3562 3522 καὶ
3617 3465 3857 3544 γέννημα

2203 3559 2480 3637 λεγούσαις
2513 3561 2604 3615 τὸν
2638 3558 2781 3620 Υίόν.
2821 3581 2848 3613 α
2873 3557 2972 3620 Sic
2996 3557 3156 3620 enim
3180 3574 3287 3617 sua
3317 3554 3609 3618 constabit
3640 3555 3857 3617 veritas

2205 3647 2690 3729 Scripturis,quae
2721 3645 2931 3710 Filium
2963 3646 3246 3709 facturam
3277 3644 3481 3707 dicunt
3511 3652 3571 3707 et
3620 3650 3860 3723 genitu-

2207 3757 2356 3801 ram.
2390 3762 2417 3794 ι
2453 3736 2674 3800 Videre
2702 3737 2842 3798 licet
2869 3736 2972 3798 illa
3003 3755 3172 3798 num.
3208 3735 3285 3796 19
3327 3755 3340 3795 :
3381 3735 3524 3793 Κατὰ
3554 3732 3606 3790 δὲ
3637 3737 3728 3791 τὸν
3761 3737 3857 3790 a3-

2206 3832 2298 3886 τὸν
2358 3827 2516 3905 λόγον
2585 3828 2714 3884 κὰπὶ
2749 3833 2851 3888 ,τοῦ
2921 3831 3273 3904 Μονογενοῦς,
3311 3826 3466 3882 αὺτὸν
3522 3830 3598 3896 τῷ
3673 3826 3858 3900 γεννή-

2210 3940 2361 3992 par-ct.
2374 3939 2401 3972 σ
2415 3913 2636 3976 Eadem
2653 3930 2889 3995 quoque
2909 3913 3142 3976 ratione
3173 3912 3495 3974 dicendum
3523 3917 3613 3972 est
3636 3909 3710 3971 de
3726 3912 3866 3972 Uni-

2211 4005 2438 4086 genito,
2470 4003 2631 4084 quod
2655 4003 2812 4064 idem
2847 4003 3000 4065 valet
3023 4001 3183 4080 quod
3204 4001 3498 4080 genitura.
3531 4025 3556 4055 ι»
3585 4001 3862 4080 Sequun-

2214 4105 2310 4159 tur
2355 4094 2456 4155 illa
2510 4111 2677 4157 num.
2734 4092 2854 4156 32:
2887 4093 3191 4171 Μονογενὴς
3256 4093 3398 4164 Υἱὸς,
3471 4090 3631 4159 ἑπεδὴ
3703 4091 3863 4166 μόνος

2214 4184 2502 4263 ἀγεννήτου
2546 4179 3214 4262 γέννημα.‹ῐ]ιιίεοηίιυδ
3235 4179 3443 4256 Filius,
3460 4179 3736 4262 quoniam
3761 4198 3862 4241 so-

2215 4274 2307 4336 lus
2335 4272 2588 4351 ingeniti
2611 4272 2882 4351 genitura
2905 4270 3163 4335 estaSic
3200 4273 3391 4352 pergit
3415 4289 3584 4334 num.
3613 4271 3689 4330 24
3728 4291 3740 4332 :
3773 4273 3864 4328 Εἰ-

2216 4364 2344 4420 κόνα
2388 4363 2556 4420 τοίνυν
2613 4363 2809 4442 φαμὲν,
2845 4366 2939 4442 οὐχ
3001 4364 3075 4424 ὡς
3125 4363 3400 4440 ἀγεννήτῳ
3457 4382 3699 4439 γεννημα
3755 4382 3863 4415 πα-

2217 4451 2593 4530 ραϐάλλοντες.
2635 4473 2661 4505 α
2698 4451 3027 4531 Imaginem
3053 4450 3235 4530 igitur
3290 4448 3549 4532 [Filiuml
3585 4448 3865 4521 dicimus,

2225 4559 2340 4604 non
2372 4540 2530 4622 quod
2553 4541 2814 4621 ingenito
2845 4541 3181 4621 genituram
3227 4557 3664 4621 comparemus.
3703 4563 3729 4593 ι
3767 4537 3868 4598 His

2222 4630 2360 4692 addi
2393 4637 2585 4711 potest
2605 4630 2753 4694 illud
2782 4650 2796 4692 3
2832 4631 2919 4689 ’Ἡ
2949 4631 3079 4688 ἄλλο
3123 4632 3220 4706 μὲν
3249 4632 3392 4709 παρὰ
3421 4632 3511 4686 τὸν
3556 4631 3697 4690 Υἰόν.
3734 4632 3867 4684 ι’έν-

2220 4744 2362 4797 νημα
2417 4720 2522 4777 δέ’
2571 4721 2655 4785 εἷς
2714 4721 2813 4800 γὰρ
2861 4723 2949 4778 καὶ
3006 4724 3303 4798 μονογενὴς
3348 4723 3374 4776 ὁ
3434 4721 3630 4795 Κάριος
3687 4721 3867 4790 ἡμῶν,

2223 4835 2250 4865 α
2283 4811 2406 4872 Aut
2435 4808 2592 4871 aliud
2627 4827 2772 4871 sane
2804 4817 3016 4888 praete:
3045 4809 3288 4870 Filium.
3334 4809 3438 4872 Est
3468 4817 3665 4870 autem
3695 4807 3864 4884 geni--

2219 4909 2384 4962 tura:
2413 4899 2635 4980 quippe
2657 4917 2810 4960 unus
2851 4909 2908 4961 et
2942 4899 3288 4979 unigenitus
3313 4910 3403 4960 est
3435 4897 3726 4960 Dominus
3757 4915 3870 4956 no-

2221 4997 2364 5052 ster.
2398 5011 2422 5047 ιι
2465 4987 2723 5051 Maxime
2757 4989 3081 5051 notandum
3129 4988 3284 5068 quod
3333 4987 3550 5066 legitur
3594 5005 3760 5049 num.
3794 4984 3871 5045 2'7

2222 5077 2335 5140 hoc
2362 5077 2538 5139 modo
2565 5097 2578 5139 :
2613 5077 2743 5136 Οὔτε
2772 5078 2824 5135 δὲ
2856 5082 3110 5157 γεννητὸς
3172 5083 3199 5135 ὂ
3231 5080 3436 5157 Πατὴρ,
3473 5076 3588 5134 οὔτε
3635 5078 3868 5153 ἀγέννη-

2221 5189 2309 5231 τος
2343 5168 2371 5224 ὁ
2403 5169 2544 5243 Υἱὸς,
2576 5167 2696 5224 ἀλλ’
2757 5167 2886 5247 ὅπερ
2935 5168 3075 5225 ἔστιν
3133 5169 3523 5246 ὰτελευτήτώς,
3577 5174 3731 5222 τοῦτο
3785 5166 3880 5219 καὶ

2225 5255 2513 5335 λεγόμενον
2569 5257 2780 5325 ἀληθῶς
2837 5258 3103 5336 γέννημα,
3139 5261 3256 5315 Υὶὸν
3279 5260 3538 5332 ὑπήκοον,
3575 5263 3666 5316 etc
3727 5256 3875 5316 (Ne-

2225 5363 2341 5428 que
2369 5363 2509 5409 vero
2542 5347 2780 5426 genitus
2810 5357 2896 5409 est
2927 5349 3126 5422 Pater,
3177 5365 3373 5426 neque
3425 5346 3724 5425 ingenitus
3776 5345 3875 5407 Fi--

2231 5438 2373 5499 tius:
2401 5436 2505 5498 sed
2528 5436 2685 5518 quod
2709 5437 2951 5501 estsine
2974 5437 3094 5499 ullo
3123 5439 3264 5514 fine,
3292 5436 3352 5498 id
3394 5436 3570 5498 etiam
3617 5435 3874 5497 fatemur

2228 5543 2366 5590 vere
2397 5525 2516 5588 dici
2544 5527 2906 5606 genituram,
2958 5526 3175 5589 Filium
3202 5527 3656 5607 obsequentem,
3697 5550 3720 5583 ι
3756 5533 3874 5587 etc.

2231 5616 2502 5695 Denique
2549 5615 2657 5678 sub
2711 5615 2892 5679 finem
2947 5617 3147 5698 operis
3175 5635 3344 5681 num.
3375 5615 3450 5679 28
3482 5616 3567 5677 sic
3587 5617 3875 5696 scriptum

2230 5704 2609 5770 invenimus:
2650 5708 2767 5772 Υἱὸς
2824 5713 2918 5765 τοῦ
2974 5716 3107 5767 Θεοῦ
3142 5755 3159 5786 ,
3219 5708 3460 5788 γέννημα
3505 5715 3596 5766 τοῦ
3644 5709 3878 5786 ἀγιννη-
