4174 6428
1454 369 1528 431 D.
1579 368 1741 430 JUL.
1788 364 2166 428 GARNERII
2218 367 2639 430 PREFATIO.

3460 380 3749 429 CCXXXVII

373 528 483 579 του,
527 528 552 559 α
581 502 1176 582 FiliusDei.genitura
1199 501 1471 581 lngeniti.
1499 526 1527 558 ι
1557 501 1714 564 Ecce
1737 505 2019 578 congesta
2037 505 2079 555 Α
2103 497 2336 561 Etenim
2387 500 2438 563 si
2468 518 2604 564 eum
2649 517 2790 565 vero
2822 500 3068 563 nomine
3096 508 3361 561 vocasset
3390 499 3750 580 genituram,

370 601 508 656 sunt
537 594 598 654 in
642 612 828 655 unum
871 593 1073 654 omnia
1103 592 1253 664 loca,
1279 592 1340 653 in
1364 590 1582 672 quibus
1604 589 1930 652 Eunomius
1959 591 2019 646 tn
2103 585 2307 652 dicere
2338 609 2456 652 non
2490 590 2781 672 potuisset
2811 591 2999 673 ipsius
3025 590 3345 653 essentiam
3379 588 3752 652 indiscrimi-

369 683 561 764 primo
585 701 688 744 soo
712 681 917 743 libello
941 681 1186 743 nomine
1204 681 1490 760 geniturae
1508 679 1716 741 utitur.
1751 677 1870 740 Sed
1897 685 2020 738 tan-
2103 680 2284 738 natim
2308 679 2426 740 dici
2457 699 2633 760 posse
2657 682 2940 761 genitam,
2974 689 3074 742 aut
3120 700 3237 741 non
3289 679 3572 759 genitam.
3606 680 3756 742 Illud

369 782 491 835 tum
526 773 715 852 abest,
741 781 806 833 ut
861 771 1081 834 alicubi
1114 772 1275 833 dicat
1306 771 1523 833 Filium
1572 770 1718 830 falso
1773 767 2019 828 nomine
2101 767 2259 830 enim
2285 770 2664 850 apertissime
2679 770 3220 852 repugnat,aliquid
3238 787 3373 830 vero
3402 769 3643 830 nomine
3660 787 3757 848 ge-

367 864 702 942 genituram
725 860 1018 935 vocari,ut
1041 860 1218 922 etiam
1245 879 1362 921 uno
1393 860 1455 921 in
1487 860 1616 921 loco
1667 858 1880 920 doceat
1909 874 2018 935 ge-
2100 857 2358 919 nituram
2383 859 2605 934 vocari,
2632 862 2803 940 cujus
2836 871 3032 923 tamen
3094 860 3356 921 essentia
3406 857 3523 919 dici
3575 857 3761 938 possit

371 954 583 1014 niturze
611 970 834 1013 nomen
867 950 1143 1012 essentia;
1174 949 1307 1010 Filii
1342 967 1701 1029 congruere,
1745 949 1804 1008 in
1829 947 2018 1008 altero
2104 966 2221 1008 non
2246 948 2468 1026 genita.
2497 952 2630 1012 Non
2655 959 2743 1012 est
2773 969 2911 1029 ergo
2947 950 3104 1031 quod
3131 951 3451 1021 miremur,
3490 946 3537 1007 si
3590 947 3757 1027 quis-

370 1059 509 1104 vero
533 1042 838 1121 conceptis
864 1040 1063 1102 verbis
1097 1039 1446 1120 pronuntiet
1467 1038 1683 1101 Filium
1703 1055 1843 1098 vere
1861 1035 2025 1113 geni-
2107 1037 2262 1118 piam
2278 1040 2858 1119 scriptorconfutans
2871 1041 3202 1102 secundum
3223 1040 3438 1100 librum
3455 1034 3754 1109 Eunomii,

377 1139 569 1192 turam
602 1131 898 1194 dici.Cum
944 1137 1177 1208 ergo,ut
1204 1147 1273 1190 ex
1294 1129 1471 1190 dictis
1493 1136 1674 1209 patet,
1707 1129 1768 1189 in
1799 1125 2026 1187 ultimis
2108 1127 2325 1190 dixerit
2354 1129 2571 1191 Filium
2606 1149 2676 1193 ex
2708 1132 2840 1211 ejus
2869 1130 3164 1192 sententia
3194 1131 3339 1192 falso
3388 1127 3629 1189 nomine
3655 1144 3758 1205 ge-

373 1219 605 1281 duobus
627 1222 697 1282 in
724 1219 1098 1282 Eunmm'um
1120 1218 1288 1280 libris
1326 1219 1664 1280 confutatus
1721 1219 1796 1279 sit
1841 1216 1892 1276 is
1947 1214 2021 1275 li-

373 1308 593 1384 bellus,
621 1309 682 1370 in
701 1330 815 1387 quo
837 1309 1154 1371 haereticus
1177 1308 1275 1370 ille
1298 1307 1849 1371 atﬁrmabatFilium
1875 1305 2022 1368 falso

372 1401 618 1462 nomine
643 1399 978 1478 genituram
1011 1398 1323 1478 appellari,
1360 1397 1420 1460 id
1453 1415 1572 1460 non
1601 1397 1837 1459 videtur
1858 1394 2022 1456 acci—

375 1488 662 1570 piendum
686 1488 760 1550 de
785 1488 977 1569 primo
1023 1487 1304 1550 Eunomii
1349 1486 1575 1562 libello,
1620 1486 1680 1547 in
1714 1504 1831 1566 quo
1873 1482 2026 1546 nihil

378 1580 495 1640 tale
525 1577 847 1660 invenitur,
870 1578 974 1640 sed
1010 1579 1084 1639 de
1114 1577 1403 1659 secundo,
1429 1596 1607 1658 quem
1634 1585 1794 1637 certe
1816 1574 2027 1637 confu-

377 1677 501 1729 tare
519 1685 636 1727 non
661 1667 1261 1748 potuitBasilius,nisi
1286 1665 1500 1728 mortui
1528 1665 1746 1728 librum
1769 1664 2026 1742 aliquem

379 1755 685 1818 confutare
703 1774 879 1836 posse
910 1755 1204 1819 dicantur.
1241 1755 1522 1836 Sequitur
1554 1755 1794 1835 quidem
1815 1773 2028 1815 neces-

2114 1217 2372 1279 nituram
2405 1219 2718 1299 appellari:
2756 1222 2861 1284 sed
2897 1221 3152 1282 mirandi
3183 1227 3342 1282 esset
3364 1217 3610 1297 locus,si
3638 1215 3757 1276 Ba-

2113 1305 2282 1367 silius
2313 1307 2441 1387 ejus
2472 1309 2923 1371 reiEunomium
2951 1310 3516 1383 insimulasset,cum
3552 1307 3760 1368 Euno-

2117 1395 2454 1471 mius,utex
2487 1398 2661 1461 dictis
2697 1399 2906 1476 liquet,
2943 1400 3002 1460 in
3037 1404 3227 1480 primo
3251 1419 3358 1460 suo
3390 1397 3593 1460 libello
3626 1393 3764 1456 huic

2112 1487 2478 1548 accusationi
2504 1487 2701 1551 locum
2725 1489 2954 1550 nullum
2979 1489 3318 1553 dederit.Et
3344 1488 3622 1569 quoniam
3647 1503 3769 1546 ma-

2111 1575 2207 1655 gni
2229 1576 2518 1640 momenti
2544 1586 2842 1658 est,nosse
2869 1588 3003 1640 uter
3033 1579 3269 1642 libellus
3300 1575 3576 1640 Eunomii
3605 1574 3762 1636 refu-

2113 1673 2270 1727 tetur
2300 1665 2362 1728 in
2395 1667 2564 1729 libris
2583 1677 2788 1750 quarto
2813 1677 2870 1730 et
2889 1670 3095 1750 quinto
3115 1679 3320 1732 contra
3342 1667 3617 1730 eumdem
3641 1666 3763 1727 En-

2112 1754 2431 1816 nomium-z
2469 1757 2742 1837 experiar
2774 1777 2981 1820 rursus
3013 1778 3086 1820 an
3137 1758 3389 1839 probare
3423 1756 3643 1837 possim
3677 1772 3768 1814 re-

379 1846 556 1916 sario,
585 1853 646 1905 ut
673 1830 736 1906 in
767 1851 1085 1925 postremis
1109 1830 1426 1907 duobus-in
1449 1830 1828 1906 Eunomium
1860 1842 2029 1904 libris
2053 1830 2090 1879 Β
2113 1844 2364 1907 futatum
2396 1830 2578 1907 fuisse
2610 1866 2725 1907 non
2753 1847 3037 1929 primum,
3071 1830 3176 1910 sed
3209 1830 3766 1909 secundum.Nemo

381 1935 711 1996 confutatus
733 1934 808 1995 sit
825 1935 1122 2006 secundus
1153 1933 1428 1996 Eunomii
1452 1933 1772 2008 libellus,si
1804 1932 2033 2014 primus

381 2024 511 2103 ejus
533 2022 758 2084 liberin
790 2024 882 2084 his
905 2042 1024 2085 non
1057 2023 1428 2085 confutatur:
1454 2022 1559 2085 sed
1584 2023 1638 2083 id
1665 2031 1866 2084 tamen
1894 2040 2034 2084 rur-

383 2131 482 2174 sus
512 2112 869 2174 conﬁrmare
900 2112 1043 2176 libet
1093 2132 1162 2174 ex
1213 2112 1482 2192 Gregorii
1531 2111 1781 2193 Nysseni
1813 2112 2035 2186 verbis,

384 2201 506 2282 qui,
541 2209 606 2262 ut
629 2210 834 2263 notum
855 2212 965 2276 est,
991 2204 1327 2265 secundum
1376 2203 1531 2263 hunc
1561 2203 1841 2265 Eunomii
1869 2201 2038 2264 libel-

394 2292 514 2353 lum
579 2290 820 2354 refellit.
873 2292 1109 2356 Inducit
1165 2293 1342 2371 igitur
1388 2292 1474 2353 sic
1522 2293 1862 2375 loquentem
1920 2291 2039 2354 Eu-

390 2380 656 2443 nomium
705 2382 1026 2462 Gregorius
1083 2383 1392 2462 Nyssenus
1443 2381 1709 2444 oratione
1766 2385 1830 2463 3,
1893 2391 2037 2445 tom.

389 2470 462 2551 ῘῙ,
496 2489 628 2550 pag.
664 2472 776 2534 511
817 2494 831 2536 :
867 2475 1125 2540 Γεννητὸν
1193 2474 1341 2548 ὂντα,
1389 2477 1542 2555 φησὶ,
1611 2475 1701 2531 τὸν
1747 2476 1892 2553 Υἰὸν,
1953 2475 2041 2530 καὶ

391 2565 630 2643 γέννημα
686 2562 860 2642 λέγειν
921 2568 979 2623 οὔ
1049 2563 1476 2640 παραιτούμεθα,
1550 2569 1649 2630 τῆς
1694 2563 2038 2641 γεννηθείσης

388 2655 549 2722 αὐτῆς
583 2653 788 2734 οὐσίας,
820 2655 906 2710 καὶ
935 2660 1033 2721 τῆς
1067 2660 1159 2710 τοῦ
1193 2655 1314 2710 Υἶοῦ
1356 2655 1739 2734 προσηγορίας,
1791 2655 1890 2719 τὴν
1921 2677 2038 2710 τοι-

388 2745 552 2811 αύτην
595 2748 701 2798 τῶν
733 2744 1008 2820 ὀνομάτων
1045 2741 1407 2818 οἷοιειουμὲνης
1443 2744 1654 2824 σχέσιν.
1687 2764 1716 2803 tt
1737 2740 2039 2825 Genitum,

388 2833 602 2914 inquit,
625 2831 836 2895 Filium
871 2851 1026 2908 esse,
1063 2840 1121 2895 et
1150 2831 1482 2912 genituram
1542 2832 1743 2895 dicere
1781 2852 1900 2894 non
1949 2851 2043 2894 re-

387 2941 685 3000 cusamus,
712 2942 850 2984 cum
882 2923 1009 3005 ipsa
1054 2923 1258 3002 genita
1287 2923 1570 2997 essentia,
1595 2931 1655 2986 et
1684 2922 1814 2984 Filii
1848 2922 2043 3003 appel-

390 3015 528 3077 latio
567 3013 744 3076 talem
775 3013 1083 3075 nominum
1146 3013 1500 3076 relationem
1559 3012 1676 3074 sibi
1744 3012 2043 3074 vindicare

394 3103 602 3184 possit.
633 3128 658 3158 ι
693 3101 1016 3165 Eunomius
1048 3103 1317 3185 quidem,
1352 3111 1417 3164 ut
1447 3120 1652 3165 verum
1686 3102 1892 3182 fatear,
1923 3121 2042 3163 non

2115 1939 2311 1995 autem
2341 1935 2514 2014 paulo
2545 1937 2797 2016 peritior
2814 1939 3002 1999 nescit
3020 1939 3389 2000 adversarios
3409 1936 3610 1998 dicere
3632 1933 3769 1994 soli-

2119 2032 2233 2103 tos,
2261 2023 2343 2105 (b)
2381 2024 2668 2088 Basilium
2706 2026 2965 2087 inlibris
2997 2036 3204 2107 quarto
3242 2027 3519 2108 etquinto
3549 2029 3769 2086 contra

2122 2112 2498 2177 Eunomium
2536 2116 2612 2177 de
2645 2118 2846 2179 multis
2878 2136 3012 2196 quas
3055 2117 3130 2178 ab
3181 2118 3309 2198 ipso
3368 2115 3772 2178 atierebantur

2122 2203 2567 2283 Scripturarum
2599 2206 2955 2267 testimoniis
2978 2225 3248 2268 seorsum
3283 2207 3465 2287 loqui.
3492 2210 3612 2284 Ego
3645 2202 3775 2284 qui-

2125 2292 2260 2354 dem
2317 2293 2575 2356 libenter
2623 2296 2859 2357 fatebor
2916 2297 3236 2376 protulisse
3295 2296 3652 2359 Eunomium
3701 2310 3775 2355 ex

2122 2382 2449 2463 Scripturis
2478 2383 2608 2445 loca
2639 2385 2825 2447 multa
2856 2387 2927 2447 ad
2963 2387 3329 2466 probandam
3354 2403 3522 2448 suam
3545 2383 3783 2464 opinio-

2126 2489 2286 2535 nem:
2323 2472 2429 2534 sed
2456 2490 2609 2552 nego
2642 2475 2768 2535 haec
2819 2473 3146 2556 Scriptura:
3165 2477 3295 2538 loca
3326 2495 3461 2554 qua;
3508 2474 3569 2535 in
3610 2472 3776 2533 libris

2125 2572 2330 2642 quarto
2363 2570 2420 2624 et
2442 2562 2648 2643 quinto
2673 2572 2884 2626 contra
2908 2567 3272 2628 Eunomium
3292 2561 3776 2646 explanantur,in

2125 2652 2394 2730 ejusdem
2421 2652 2695 2714 Eunomii
2718 2652 2870 2715 libro
2889 2657 3082 2734 primo
3104 2654 3454 2736 reperiri.Et
3479 2672 3616 2714 vero
3636 2669 3772 2712 cum

2124 2748 2240 2801 tam
2277 2741 2460 2802 multa
2489 2750 2861 2821 exponantur
2877 2743 3320 2823 Scripturarum
3345 2741 3684 2803 testimonia
3714 2738 3775 2799 in

2125 2829 2354 2892 duobus
2387 2830 2479 2891 his
2503 2849 2652 2911 quos
2685 2831 2806 2891 dixi
2832 2832 3030 2912 libris,
3066 2838 3268 2896 tamen
3297 2834 3598 2894 aliirmare
3634 2847 3773 2909 pos-

2125 2937 2281 2994 sum,
2317 2919 2368 2980 si
2417 2920 2565 2980 forte
2627 2921 2738 2981 tria
2781 2930 2881 2982 aut
2938 2931 3189 3001 quatuor
3219 2921 3499 3001 excipias,
3549 2919 3778 2999 reliqua

2126 3010 2326 3070 omnia
2345 3008 2407 3070 in
2432 3010 2622 3091 primo
2647 3011 2926 3073 Eunomii
2954 3011 3157 3074 libello
3177 3010 3774 3090 nonlegi.Reliquum

2126 3098 2426 3178 estigitur
2455 3109 2517 3162 ut
2552 3107 2634 3160 tot
2693 3099 3136 3180 Scripturarum
3172 3101 3533 3175 testimonia,
3564 3117 3693 3178 quae
3719 3099 3777 3158 in

393 3170 672 3274 expresse
702 3193 814 3254 hoc
839 3193 969 3255 loco
1001 3170 1083 3255 ait
1108 3170 1325 3256 Filium
1356 3193 1504 3254 falso
1537 3192 1779 3254 nomine
1811 3170 2101 3271 ge'nitu-C
2128 3170 2298 3251 libris
2316 3200 2522 3270 quarto
2538 3198 2594 3251 et
2617 3170 3060 3270 quinto-eontra
3083 3191 3460 3254 Eunomium
3483 3170 3782 3270 explican-

391 3301 519 3345 ram
551 3283 878 3363 appellari:
927 3285 1030 3345 sed
1065 3293 1263 3345 tamen
1297 3283 1376 3344 ita
1408 3284 1594 3363 loqui,
1649 3306 1671 3340 α
1709 3283 2042 3362 genituram

389 3373 592 3435 dicere
625 3391 743 3434 non
763 3391 1114 3434 recusamus
1152 3370 1443 3452 [Filium],
1488 3397 1510 3427 ι
1576 3373 1750 3452 cujus
1800 3380 1908 3446 est,
1943 3371 2044 3452 qui

391 3460 564 3540 quasi
592 3461 810 3524 invitus
843 3462 1059 3523 Filium
1095 3469 1260 3524 vocat
1290 3461 1649 3541 genituram,
1678 3461 1896 3542 quique
1928 3460 2042 3522 ali-

389 3571 508 3630 quo
532 3553 709 3614 modo
731 3551 1030 3631 signiticet
1052 3569 1186 3613 eum
1215 3570 1330 3612 non
1355 3552 1595 3632 proprie
1618 3552 1696 3612 ita
1719 3550 1916 3612 vocari
1938 3549 2040 3611 de-

391 3642 570 3722 bere',
605 3642 679 3704 ob
707 3641 892 3724 idque
923 3640 1249 3703 Eunomius
1281 3659 1314 3702 a
1343 3640 1636 3721 scriptore
1682 3638 2047 3720 reprehendi

390 3735 602 3796 merito
636 3733 846 3814 potuit,
871 3732 1030 3814 quod
1056 3732 1317 3812 quodam
1343 3730 1519 3792 modo
1557 3731 1798 3792 doceret
1831 3729 2045 3791 Filium

388 3822 536 3885 t‘also
565 3823 809 3886 nomine
840 3822 1178 3903 genituram
1209 3821 1435 3884 vocari.
1471 3821 1653 3900 Magis
1696 3820 1768 3882 ad
1801 3838 1929 3881 rem
1962 3819 2051 3880 fa-

387 3913 554 3974 ciunt
581 3931 709 3994 qum
742 3915 858 3976 hoc
903 3913 1033 3994 ipso
1087 3913 1150 3976 in
1184 3914 1310 3974 loco
1343 3913 1638 3992 leguntur.
1683 3909 1822 3972 Haec
1853 3918 2049 3972 autem

389 4011 530 4064 sunt
561 4004 645 4082 (α)
684 4024 696 4060 :
734 4004 880 4069 Τέως
912 4003 1007 4079 μὲν
1061 4011 1147 4060 οὖν
1180 4005 1206 4060 ὁ
1266 4009 1516 4082 κριτικῶς
1565 4007 1671 4059 τῶν
1745 4000 2050 4080 >εγομένων

390 4093 624 4165 ἀκούων,
654 4094 837 4150 τούτου
870 4095 1186 4173 μεμνήσθω,
1233 4091 1311 4148 ὅτι
1357 4093 1457 4148 τὶν
1485 4096 1834 4171 γεννηθε¹ισαν
1879 4090 2048 4169 λέγει,

394 4185 467 4244 ὡς
527 4183 721 4255 μηκέτι
781 4183 920 4257 μήτε
951 4183 1049 4250 τὴν
1104 4182 1444 4260 ἆγεννησίαν,
1483 4184 1620 4256 μήτε
1664 4182 1764 4249 τὴν
1803 4181 2052 4258 γέννησιν

393 4271 508 4328 ἀντ’
565 4273 742 4335 οὐσίας
794 4269 1323 4349 παραλαμϐάνεσθαι,
1421 4270 1542 4327 ἀλλ’
1620 4268 1720 4343 ἰδία
1804 4271 1903 4344 μὲν
1955 4271 2055 4338 την

393 4362 573 4420 οὐσίαν
647 4358 1177 4438 παραλαμϐάνεσθαι,
1267 4358 1368 4433 ἰδίᾳ
1449 4357 1503 4415 δὲ
1592 4361 1652 4415 τὸ
1737 4363 2054 4438 γεννηθῆναι

2129 3286 2242 3352 tur,
2281 3281 2505 3359 prolata
2550 3280 2669 3342 sint
2699 3279 2772 3341 ab
2805 3280 3096 3344 Eunomio
3120 3302 3238 3344 non
3262 3284 3323 3343 in
3348 3282 3538 3362 primo
3562 3298 3667 3340 suo
3700 3278 3777 3356 lg-

2129 3367 2308 3449 bello,
2345 3369 2403 3430 in
2436 3388 2553 3450 quo
2585 3389 2708 3432 non
2759 3370 3172 3444 inveniuntur,
3202 3371 3308 3434 sed
3365 3371 3426 3432 in
3487 3369 3777 3442 secundo,

2127 3475 2308 3532 quem
2340 3469 2505 3521 certe
2556 3459 2810 3522 Basilius
2842 3463 3147 3523 confutare
3205 3480 3324 3523 non
3386 3461 3596 3542 potuit,
3645 3476 3780 3519 cum

2128 3555 2265 3609 ante
2293 3558 2561 3610 mortuus
2573 3558 2936 3630 esset,quam
2959 3551 3262 3612 secundus
3289 3550 3394 3613 ille
3415 3550 3649 3611 libellus
3668 3567 3782 3628 pu-

2131 3635 2353 3698 blicum
2388 3639 2825 3718 accepisset.Et
2871 3647 2932 3700 ut
2962 3641 3149 3720 magis
3179 3641 3569 3702 conﬁrmetur
3625 3636 3786 3717 quod

2131 3725 2274 3803 dixi,
2307 3728 2484 3792 velim
2518 3727 2838 3807 diligenter
2861 3729 3137 3808 legantur
3157 3748 3285 3811 quae
3307 3729 3369 3790 in
3396 3728 3548 3790 libro
3572 3737 3782 3806 quarto

2133 3819 2356 3896 scripta
2389 3827 2695 3899 sunt,pag.
2732 3818 2871 3900 991,
2909 3819 3007 3880 ubi
3038 3820 3167 3899 ejus
3187 3819 3325 3881 libri
3355 3827 3564 3881 auctor
3593 3817 3787 3896 expli-

2134 3915 2226 3967 cat
2249 3907 2843 3990 illudMarci,Nultus
2865 3909 3057 3972 bon-us
3069 3911 3194 3971 nisi
3212 3909 3528 3972 unusDeus
3545 3906 3620 3971 6⁵.
3652 3904 3783 3968 Jam

2134 4015 2392 4076 quaeram
2425 3981 2709 4078 ad'quem
2735 3998 3011 4061 Eunomii
3031 3998 3248 4060 librum
3272 3998 3609 4080 respexerit
3627 3998 3783 4058 scri-

2135 4095 2287 4166 ptor,
2327 4107 2461 4149 cum
2491 4107 2561 4150 ea
2593 4107 2726 4169 quae
2757 4088 2933 4150 retuli
2962 4088 3146 4152 Marci
3186 4089 3364 4151 verba
3416 4091 3780 4169 explanaret.

2136 4175 2499 4258 Respexitne
2515 4179 2586 4240 ad
2622 4179 2900 4259 primum,
2927 4196 2999 4241 an
3032 4179 3106 4240 ad
3132 4181 3463 4241 secundum
3496 4187 3524 4242 ἲ
3548 4179 3790 4240 Constat

2138 4276 2300 4330 certe
2319 4268 2393 4329 ad
2420 4268 2681 4348 primum
2706 4269 3012 4348 resPicere
3036 4288 3153 4329 non
3179 4269 3605 4350 potuisse,cum
3634 4267 3695 4327 in
3721 4283 3789 4325 eo

2138 4357 2286 4419 illud
2317 4359 2500 4421 Marci
2532 4359 2939 4421 testimonium
2967 4378 3084 4420 non
3118 4360 3370 4439 legatur.
3404 4360 3794 4437 Consequens

396 4451 585 4526 αὐτὴν,
621 4448 656 4518 ἤ
687 4452 767 4527 μὴ
800 4453 1145 4529 γεννηθῆναι,
1175 4445 1258 4504 διὰ
1288 4455 1392 4505 τῶν
1423 4449 1890 4527 ἐπιθεωρουμένων
1925 4448 2044 4527 auiti

2141 4447 2519 4529 estigitur,ut
2539 4449 2872 4528 respexerit
2891 4449 2962 4509 ad
2990 4450 3348 4529 secundum,
3374 4448 3436 4510 in
3463 4467 3607 4529 quo,
3640 4453 3793 4537 teste

397 4540 699 4616 ἰδιωμάτων
770 4542 1169 4600 κατανοεῖσθαι.
1267 4560 1290 4594 α
1375 4535 1459 4599 ΕΟ
1523 4553 1712 4614 usque
1767 4537 2055 4619 "quidem,

400 4631 496 4711 qui
569 4649 704 4692 cum
749 4628 976 4710 judicio
1056 4646 1126 4689 ea
1169 4645 1303 4708 qua;
1349 4627 1632 4688 dicuntur
1662 4627 1846 4702 audit,
1882 4629 2061 4708 hujus

402 4718 771 4796 meminerit,
798 4717 956 4800 quod
1001 4723 1261 4798 genitam
1285 4716 1604 4780 essentiam
1656 4716 1814 4790 dicit,
1843 4725 1908 4778 ut
1941 4736 2060 4779 non

402 4808 656 4888 amplius
688 4819 958 4872 naturam
977 4807 1379 4886 generationis
1398 4815 1930 4888 expertem,neque
1951 4827 2058 4888 ge-

402 4898 774 4961 nerationem
804 4915 909 4978 pro
945 4899 1071 4977 ipsa
1101 4897 1362 4958 essentia
1391 4913 1727 4958 sumamus:
1751 4896 1856 4957 sed
1891 4916 2063 4977 sepa-

400 4987 572 5050 ratim
635 4986 880 5066 quidem
933 4986 1278 5062 essentiam,
1343 4984 1662 5065 separatim
1695 5001 1839 5046 vero
1869 4987 2057 5066 ipsam

403 5077 658 5156 genitam
687 5094 844 5156 esse,
881 5077 963 5136 vel
1022 5094 1140 5136 non
1183 5074 1469 5154 genitam,
1522 5091 1630 5153 per
1673 5075 2066 5152 proprietates

405 5185 536 5246 qua;
567 5166 628 5226 in
682 5183 751 5227 ea
784 5163 1261 5244 conspiciuntur,
1297 5161 1723 5241 intelligamus.
1762 5187 1787 5220 ››
1826 5163 1983 5244 Ergo
2015 5170 2065 5230 si

403 5254 535 5318 Filii
554 5253 1205 5325 esseutia,utEunomio
1231 5253 1448 5333 placet,
1474 5253 1588 5313 dici
1614 5261 1848 5334 poterat
1871 5255 2064 5320 indis-

404 5344 764 5408 criminatim
792 5352 893 5407 aut
922 5344 1148 5425 genita,
1181 5351 1281 5404 aut
1313 5360 1434 5404 non
1464 5343 1690 5422 genita,
1725 5342 1910 5404 Filius
1952 5345 2065 5408 fal-

405 5454 471 5498 so
496 5442 720 5498 tantum
772 5434 1016 5496 nomine
1068 5433 1342 5514 genitura
1395 5432 1468 5493 ab
1533 5431 1663 5514 ipso
1723 5432 2063 5498 vocabatur.

487 5601 580 5676 (a)
612 5597 786 5673 Greg.
823 5596 1022 5677 Nysa,
1059 5593 1312 5677 tom._ll,
1346 5600 1496 5677 orat.
1532 5593 1591 5677 ἐξ.

2144 4539 2432 4618 Gregorio
2453 4540 2741 4618 Nysseno,
2763 4537 3043 4600 utebatur
3059 4538 3389 4601 Eunomius
3406 4538 3480 4598 iis
3507 4555 3640 4618 quae
3671 4533 3795 4596 dixi

2143 4628 2446 4707 Evangelii
2478 4628 2674 4690 verbis
2694 4629 2765 4689 ad
2791 4647 2955 4689 suam
2980 4631 3324 4709 opinionem
3350 4626 3788 4689 stabiliendam.

2143 4717 2473 4779 Audiamus
2504 4717 2856 4796 Gregorium
2910 4722 3096 4798 Nysse
3113 4737 3278 4793 num,
3317 4718 3485 4796 cujus
3515 4716 3640 4777 haec
3661 4721 3799 4774 sunt

2147 4807 2296 4869 libro
2312 4809 2630 4870 undecimo
2652 4815 2863 4868 contra
2882 4807 3439 4886 Eunomium,tomo
3459 4807 3599 4884 ll,p.
3623 4804 3743 4866 694
3778 4822 3791 4864 :

2146 4901 2343 4956 Οὐκοῦν
2397 4900 2586 4978 ἀγαθὸς
2620 4902 2646 4955 ὁ
2693 4901 2835 4962 Υἱός.
2897 4895 3046 4954 Ἀλλ’
3116 4897 3303 4975 οὗδεὶς,
3365 4897 3546 4975 φησὶν,
3599 4894 3794 4971 ἀγαθὸς

2144 4991 2188 5046 εἰ
2236 4991 2314 5066 μὴ
2361 4990 2500 5055 εἶςὸ
2533 4992 2560 5045 ὁ
2605 4991 2809 5052 Θεός...
2846 4984 3034 5058 Ἀλλὰ,
3070 4987 3219 5060 φησὶ,
3268 4991 3359 5042 τοῦ
3405 4984 3520 5048 ἐνὸς
3569 4985 3604 5051 ἡ
3655 4981 3793 5046 λέξις

2148 5079 2420 5159 ἀποκρίνει
2452 5081 2542 5136 τὸν
2576 5080 2692 5135 Γὶὸν
2724 5083 2822 5146 τῆς
2855 5084 2948 5134 τοῦ
2978 5077 3176 5155 ἀγαθοῦ
3193 5074 3501 5138 κοινωνίας.
3540 5093 3564 5130 α
3597 5072 3796 5133 Bonus

2149 5168 2326 5248 igitur
2349 5166 2558 5233 Filius.
2590 5169 2710 5233 Sed
2732 5167 2966 5241 nullus,
3001 5166 3215 5246 inquit,
3252 5165 3439 5228 bonus
3489 5168 3611 5226 nisi
3639 5179 3796 5225 unus

2149 5258 2386 5323 Deus...
2443 5258 2589 5339 Sed,
2650 5257 2840 5339 inquit
2930 5255 3337 5338 [Eunomius],
3398 5253 3576 5316 unius
3617 5252 3798 5314 dictio

2150 5348 2364 5412 Filium
2389 5370 2419 5409 a
2446 5347 2585 5412 boni
2610 5347 3033 5410 communione
3064 5346 3348 5408 secernit.
3402 5370 3428 5400 ι
3491 5343 3668 5406 Plura
3696 5340 3796 5422 qui

2149 5440 2326 5515 volet,
2390 5439 2542 5519 legat
2592 5438 2812 5521 primas
2860 5447 3086 5521 septem
3148 5435 3387 5518 paginas
3449 5435 3580 5516 ejus
3621 5447 3796 5513 quem

598 5680 753 5757 Lege
782 5673 1103 5754 Prologum
1137 5675 1330 5756 quiin
1363 5674 1512 5737 edit.
1548 5673 1736 5737 Paris.
1767 5675 1998 5757 positus
2031 5686 2120 5741 est
2140 5691 2280 5744 ante
2305 5681 2410 5743 lib.
2443 5698 2500 5743 IV
2531 5683 2594 5743 in
2627 5681 3027 5746 Eunomium.

484 5677 570 5811 ἐξ)
598 5680 753 5755 Lege
782 5677 976 5754 Proloi

575 5756 761 5821 Marc.
784 5773 845 5835 χ,
882 5757 976 5818 18.
