2087 3204
221 170 299 196 ωΧι

931 167 1029 199 PROL
1035 167 1215 201 EGOMENA
1223 193 1230 200 .

224 238 323 276 operae
332 230 461 276 pretium
470 231 545 276 duco
553 232 658 272 quaain
666 232 752 265 libris
759 233 892 265 secundo
901 238 1047 276 etquarto
1057 243 1077 269 Α
1089 245 1131 267 νος
1147 237 1181 274 τῇ
1196 240 1284 276 φωνῇ.
1312 236 1386 273 «Qui
1402 237 1482 268 enim
1503 237 1588 273 dixit,
1619 235 1746 268 Ponsedt
1761 237 1915 268 hominem

224 275 366 321 leguntur
376 275 507 321 (p.256,
523 275 608 317 293),
627 277 876 318 diligenterinter
890 289 923 311 se
932 275 1051 321 compa-

226 320 612 353 rare.Animadvertendum
625 323 875 363 igitur,Basilium
888 325 977 356 verba
985 326 1049 357 haec

224 364 404 406 Salomonis,
421 365 571 398 Dominus
581 369 697 400 creavit
706 377 763 407 me,
776 369 834 400 alio
847 370 967 410 quidem
982 371 1048 402 loco

224 410 320 456 aptius
326 410 560 450 diligentiusque
566 412 623 443 sibi
631 414 828 445 examinanda
834 418 1024 456 proposuisse
1038 426 1045 448 :

223 454 277 486 sed
293 456 478 501 tamenrhaec
502 456 568 498 ipsa
589 457 758 490 Salomonis
770 454 860 491 verba
885 454 943 491 tam
960 470 1049 501 parce

224 503 345 544 tamque
358 500 551 540 indiligenter
573 502 602 532 in
619 506 723 544 quarto
744 509 850 535 contra
862 500 1049 537 Eunoinium

223 543 300 576 libro
312 545 535 585 expenduntur,
548 551 582 577 ut
597 547 624 578 si
639 547 710 586 quis
722 549 861 580 Basilium
877 550 984 582 harum
1000 552 1049 582 in-

225 590 468 630 terpretationem
477 591 734 634 iaciatauctorem,
748 602 816 625 eum
824 596 977 634 promissis
988 606 1047 627 non

224 634 342 665 stetisse
356 635 485 667 fateatur
500 646 624 668 necesse
636 640 684 668 sit.
696 638 733 669 Et
744 647 812 670 vero
824 639 849 670 si
865 640 937 680 quid
952 640 1047 672 alicu-

221 679 274 725 jus
289 681 431 711 momenti
445 681 552 721 legitur
567 682 598 713 in
620 682 698 714 libro
709 688 824 724 quarto,
841 679 882 715 id,
884 685 946 725 jam
960 695 977 716 a
991 685 1046 718 Ba-

224 724 548 772 silio_prae_occupatum
568 727 663 759 fuerat
676 728 706 759 in
722 729 866 760 secundo.
880 724 972 766 Quale
989 735 1045 772 est,

225 768 305 809 quod
313 769 423 801 dicitur
432 771 470 802 de
480 772 626 812 scriptore
636 772 876 805 Proverbiorum:
891 784 947 806 nec
960 768 1046 807 valde

225 813 329 860 dubito
337 815 408 854 quin
417 815 486 846 libri
493 817 590 855 quarti
599 821 704 849 auctor
714 828 796 849 suam
808 820 1045 860 explanationem

1089 289 1145 321 per
1157 281 1264 319 Deum,
1281 285 1396 312 constat
1420 290 1487 312 eum
1503 281 1559 312 hac
1571 289 1642 312 voce
1654 290 1740 312 usum
1757 289 1837 322 esse,
1853 290 1915 312 non

1090 325 1170 363 quod
1193 329 1323 356 creasset
1343 325 1426 361 Cain,
1452 325 1506 356 sed
1529 325 1608 366 quod
1624 325 1789 365 genuisset.
1808 336 1823 355 )
1839 325 1917 357 Vide

1089 369 1262 410 igitur,ecce
1271 369 1324 401 tibi
1334 370 1393 401 duo
1404 370 1554 409 homines,
1567 379 1694 410 quorum
1708 370 1835 408 alter,ut
1850 379 1917 411 pro-

1090 414 1217 453 positum
1246 419 1431 455 assequatur,
1457 424 1538 455 eum,
1565 424 1655 456 quem
1676 415 1747 456 dixi,
1766 414 1918 447 Geneseos

1090 460 1187 490 locum
1199 458 1340 499 depravat
1353 470 1361 497 ;
1372 459 1447 491 alter
1454 468 1522 491 vero
1536 460 1616 490 hunc
1625 460 1724 500 ipsum
1737 459 1834 490 locum
1850 463 1919 500 apte

1090 507 1119 534 et
1129 503 1216 535 docte
1230 504 1311 535 citat.
1328 503 1382 535 Hic
1398 504 1517 535 tandem
1530 505 1600 534 huic
1616 503 1810 543 disputationi
1827 504 1917 535 ﬁnem

1091 547 1256 588 imponam,
1271 548 1296 579 si
1308 552 1406 579 tamen
1422 548 1507 588 prius
1521 557 1680 586 monuero,
1699 558 1757 589 me,
1776 548 1856 588 quod
1868 557 1918 579 res

1091 596 1160 623 nota
1175 593 1223 629 sit,
1237 603 1296 624 non
1320 593 1481 624 allaturum
1497 592 1625 632 insignia
1637 592 1750 633 aliquot
1765 593 1914 633 exempla,

1089 637 1198 677 quibus
1207 637 1325 669 ostendi
1343 637 1436 677 possit
1455 646 1546 677 opera
1555 637 1655 678 aliqua
1667 637 1734 669 aliis
1749 637 1840 669 etiam
1856 639 1915 669 Pa-

1089 682 1183 713 tribus
1193 682 1263 713 olim
1280 682 1356 713 falso
1372 681 1481 713 tributa
1492 682 1593 714 fuisse:
1613 692 1712 722 neque
1728 683 1806 714 hanc
1818 692 1914 714 meam

1087 727 1259 768 opinionem
1271 726 1447 758 obstinatius
1457 727 1691 765 defensurum,si
1708 737 1773 759 eam
1788 727 1915 759 eruditis

1087 771 1259 803 hominibus
1274 780 1333 802 non
1349 771 1469 812 probari
1484 772 1660 812 intelligam.

1088 840 1218 880 §X1[.De
1226 842 1292 871 lucu
1298 841 1491 872 oratiuncula
1498 842 1630 881 quadam
1637 841 1673 873 de
1680 841 1791 881 Spiritu
1799 844 1912 872 sancto.

226 867 243 889 a
255 859 365 913 Basilio
385 865 534 913 mqtuatus
556 863 605 893 sit.
619 863 756 913 Reliqua,
775 873 839 913 quae
847 859 947 905 pauca
963 871 1042 905 sunt,
1056 888 1076 913 Β

228 913 295 934 cum
306 908 405 936 tamen
415 905 543 938 Basilius
555 908 780 948 responsionem
790 909 906 950 longam
918 916 946 941 et
960 921 1045 942 accu—
1056 905 1076 913 “’
1127 909 1324 950 76.Sequitur
1334 914 1400 950 post
1411 910 1545 950 quintum
1555 910 1589 940 in
1605 911 1792 941 Eunomium
1803 910 1914 941 librum

228 953 318 980 ratam
336 951 513 990 promisisse
527 951 672 991 videatur,
695 957 744 984 aut
768 963 827 985 non
843 956 995 995 pertinent
1009 956 1046 987 ad
1089 954 1347 987 lucubratiuncula
1357 955 1493 995 quaedam
1505 955 1541 985 de
1554 956 1668 994 spiritu
1680 957 1797 985 sancto:
1812 954 1849 984 de
1858 963 1917 994 qua

225 1002 302 1039 rem,
320 999 370 1025 aut
395 1005 553 1036 perperam
579 1001 607 1028 et
632 1002 734 1029 contra
754 998 898 1031 librorum
914 1001 1047 1033 omnium
1088 1010 1168 1031 nunc
1185 1008 1267 1030 more
1283 1004 1384 1030 nostro
1400 999 1554 1039 disputare
1570 998 1764 1030 instituimus.
1782 998 1918 1030 Libellus

226 1038 579 1086 [idemproferuntunAd
592 1043 720 1083 primum
735 1053 829 1084 genus
844 1050 959 1086 spectat
975 1046 1048 1077 illud
1088 1045 1139 1076 ille
1155 1054 1214 1075 non
1232 1047 1328 1084 magni
1357 1048 1404 1075 est
1427 1038 1571 1075 momenti
1585 1054 1593 1084 ;
1611 1053 1666 1074 nec
1683 1044 1808 1074 multum
1825 1042 1918 1074 refert

227 1083 371 1132 Bavidis:
400 1086 517 1132 Καρδίαν
545 1089 659 1127 καθαρὰν
686 1083 774 1118 κτίάον
804 1091 831 1119 ἐν
847 1083 916 1132 ἐξιοὶ,
934 1093 947 1120 ὁ
970 1093 1046 1124 Θεὸς.

1095 1090 1139 1122 cui
1150 1083 1308 1127 tribuatur,
1325 1089 1447 1127 Basilio,
1464 1097 1501 1119 an
1517 1083 1608 1120 cuivis
1635 1088 1721 1120 alteri
1749 1088 1887 1128 scriptori
1907 1096 1914 1117 :

229 1129 289 1160 Cor
310 1130 458 1162 mundum
471 1140 540 1164 crea
555 1133 587 1164 in
610 1142 666 1172 me,
697 1134 780 1166 Deus
794 1135 837 1168 69.
862 1129 934 1167 Item
949 1137 1021 1168 illud
1040 1146 1046 1168 :
1089 1135 1230 1176 quoniam
1239 1139 1336 1166 tamen
1347 1133 1565 1165 mihinonlicet
1577 1133 1738 1174 quidquam
1749 1132 1915 1174 praeterire,

229 1175 307 1220 [:avo'S
331 1186 378 1212 μοι
404 1177 441 1208 εἷς
467 1178 531 1206 Θεὸν
570 1179 779 1217 ὑπερασπιστήν.
817 1182 888 1213 Esto
912 1182 987 1213 mihi
1013 1183 1048 1213 in

1095 1175 1193 1220 paucis
1201 1179 1297 1210 dicam
1308 1179 1388 1220 quod
1396 1178 1646 1210 sentio.Arbitror
1654 1178 1744 1218 igitur
1755 1178 1811 1208 hoc
1823 1186 1915 1217 opus-

231 1218 327 1267 Deum
337 1223 538 1260 protectorem
554 1223 594 1254 70.
612 1223 684 1256 Illud
711 1235 830 1267 quoque
847 1237 854 1257 :
872 1226 982 1266 Ἐγὲνοο
1004 1238 1049 1265 μοι
1091 1218 1189 1255 culum
1200 1223 1301 1255 Basilii
1316 1218 1376 1255 non
1391 1233 1458 1255 esse
1475 1235 1482 1253 ε
1501 1223 1553 1255 sed
1566 1224 1652 1263 cujus
1662 1223 1711 1260 sit,
1722 1221 1917 1267 certordicere

228 1265 264 1296 εἷς
280 1267 423 1306 σωτηρίαν.
441 1269 550 1300 Factus
564 1278 594 1300 es
616 1270 693 1302 mihi
712 1265 746 1302 in
772 1265 967 1304 salutem“.
985 1271 1049 1303 Uno
1092 1278 1151 1300 non
1164 1269 1326 1309 r1ueo.lihi
1344 1274 1444 1300 tamen
1456 1268 1618 1299 verisimile
1629 1268 1661 1298 ﬁt
1678 1266 1875 1307 compositum
1886 1267 1915 1297 id

230 1309 675 1357 verbo,quisquislegeritbreve
683 1316 827 1357 hocquasi
835 1318 1049 1357 fragmentum,
1092 1314 1183 1345 fuisse
1195 1313 1232 1345 ab
1246 1314 1303 1345 hoc
1322 1314 1386 1355 ipso
1414 1312 1628 1357 scriptore,qui
1644 1311 1767 1342 ultimos
1783 1311 1861 1357 duos
1869 1312 1917 1357 Win

230 1355 264 1402 in
276 1365 334 1396 quo
349 1361 454 1388 auctor
465 1358 567 1390 locum
581 1355 809 1393 Praverbiorum
827 1355 985 1402 explanare
1001 1355 1050 1392 in;
1092 1358 1383 1391 Eunomiumlibros
1395 1357 1543 1402 edidit.Et
1552 1356 1672 1402 quidem
1689 1359 1838 1402 nontanta
1846 1356 1914 1386 dili—

230 1400 852 1447 stituerat,nequaquam,puto,inﬁciabitur
862 1400 960 1447 ipsum
973 1416 1052 1447 saepe
1093 1404 1191 1443 gentia
1211 1403 1343 1444 scriptus
1357 1406 1409 1447 est
1418 1402 1465 1433 bic
1494 1401 1626 1447 libellus,
1644 1404 1675 1431 ut
1690 1400 1796 1447 Basilio
1811 1401 1916 1447 Magno

228 1445 344 1485 quidvis
358 1447 458 1487 potius
467 1448 588 1489 fecisse,
603 1460 691 1491 quam
714 1452 794 1490 quod
806 1445 979 1484 faciendum
995 1445 1052 1482 sibi
1094 1448 1187 1480 tribui
1195 1449 1264 1488 jure
1274 1447 1367 1488 possit
1383 1457 1390 1478 :
1404 1446 1464 1477 imo
1474 1446 1572 1486 potius
1582 1446 1764 1486 compositus
1779 1450 1822 1477 est
1833 1446 1916 1477 indi-

230 1498 434 1537 proposuerat.
447 1493 492 1525 Ad
504 1490 670 1527 secundum
693 1506 787 1536 genus
798 1496 904 1527 referri
915 1505 1001 1537 posse
1012 1496 1053 1527 vi-
1063 1530 1081 1537 η
1093 1493 1215 1534 ligentia
1223 1501 1335 1533 eaquae
1342 1493 1370 1522 in
1378 1500 1446 1523 eum
1455 1490 1797 1537 quemdixiscriptorem
1804 1492 1915 1537 optime

230 1535 316 1568 detur
330 1536 404 1568 illud
425 1547 431 1569 2
461 1540 603 1575 Ἐποίησεν
632 1530 709 1573 υἱοὺς
730 1543 775 1571 καὶ
789 1530 946 1580 θυγατέραίς.
971 1542 1053 1572 Fecit

1095 1530 1356 1574 conveniatQuod
1372 1530 1473 1568 autem
1488 1535 1561 1576 dixi,
1578 1536 1670 1566 videri
1684 1530 1761 1567 hanc
1775 1530 1916 1567 lucubra-

229 1582 312 1618 ﬁh‘os
326 1585 354 1613 et
371 1582 463 1622 ﬁlias.
479 1583 552 1616 Nam
574 1585 605 1616 in
631 1585 706 1618 Gen.
722 1595 786 1626 cap.
804 1594 823 1616 γ
837 1595 896 1616 non
912 1594 979 1616 raro
994 1585 1053 1625 legi
1095 1583 1258 1615 tiunculam
1280 1582 1317 1613 ab
1332 1582 1439 1613 eodem
1467 1581 1611 1622 scriptore
1626 1581 1736 1613 editam
1750 1580 1918 1626 fuisse,rqui

230 1626 370 1666 ἐγέννησεν
385 1629 453 1661 υἱοὺς
468 1631 513 1659 καὶ
527 1632 684 1671 θυγατέρας,
704 1644 717 1659 α
744 1625 854 1662 Genuit
871 1631 945 1662 filios
961 1634 991 1662 et
1015 1631 1053 1661 ﬁ-

1095 1632 1263 1670 postremos
1270 1627 1346 1658 duos
1353 1627 1387 1658 in
1396 1626 1582 1658 Eunomium
1589 1626 1681 1657 libros
1691 1625 1829 1671 vulgavit,
1840 1625 1874 1671 id_
1883 1634 1920 1671 ex

231 1671 296 1712 lias,
314 1684 328 1700 ι
341 1672 403 1704 scio
416 1674 535 1714 quidem
554 1668 570 1706 ε’
580 1668 634 1708 sed
650 1668 701 1707 ubi
717 1679 860 1716 scriptum
870 1676 1050 1712 inveniatur,
1095 1668 1174 1704 notis
1185 1676 1274 1713 patet.
1298 1673 1331 1703 in
1354 1672 1401 1702 his
1417 1671 1495 1703 enim
1520 1671 1690 1702 monuimus
1705 1670 1814 1716 ultima
1824 1668 1921 1708 quinti

230 1718 355 1752 ἐποίησιν
368 1713 438 1752 uice:
454 1721 497 1749 καὶ
511 1721 666 1761 θυγατέρας,
688 1713 788 1752 uFecit
798 1721 875 1751 ﬁlios
891 1724 920 1751 et
932 1720 1021 1756 ﬁlias,
1035 1732 1049 1748 κ

1096 1719 1164 1750 libri
1176 1717 1266 1749 verba
1273 1727 1342 1749 cum
1354 1717 1458 1758 primis
1465 1718 1553 1757 hujus
1575 1713 1843 1761 lucubratiuncqu
1859 1722 1921 1745 ver-

230 1763 343 1795 nescio.
362 1764 498 1796 Fortasse
509 1759 638 1806 scriptor
654 1766 765 1806 putavit
780 1766 882 1805 legere
901 1764 959 1796 sibi
976 1765 1053 1796 lice-
1096 1763 1142 1794 bis
1158 1764 1199 1793 ita
1213 1763 1243 1794 in
1258 1763 1407 1794 veteribus
1422 1762 1601 1803 quibusdam
1614 1760 1700 1791 libris
1711 1759 1789 1790 inter
1800 1767 1832 1789 se
1843 1767 1917 1806 con-_

229 1816 274 1844 re,
287 1808 411 1843 ἐποίησεν
422 1811 491 1844 υἱοὺς
507 1812 549 1839 δίιῖ
571 1803 726 1851 ὀυγατὲρας,
744 1803 824 1851 quod
840 1811 882 1840 ila
897 1809 964 1849 ejus
980 1818 1053 1850 pro-

1095 1808 1192 1848 jungi,
1208 1812 1238 1838 ut
1253 1807 1394 1838 continua
1406 1807 1539 1853 oratione
1556 1807 1644 1853 plane
1656 1806 1794 1853 legantur
1805 1811 1824 1853 _:_
1838 1803 1919 1853 quod

230 1853 357 1893 positum
374 1855 546 1895 postularet:
564 1847 617 1887 sed
634 1847 691 1887 hoc
703 1847 731 1887 ei
748 1847 813 1896 quis
825 1847 958 1887 dederit?
967 1847 1054 1894 Ejus-
1095 1847 1177 1884 certe
1189 1853 1297 1884 indicio
1306 1856 1351 1883 est
1359 1850 1737 1883 hanclucubratiunculam
1750 1847 1826 1880 nihil
1837 1848 1918 1896 aliud

231 1892 298 1931 dem
314 1892 433 1939 generis
446 1905 515 1931 sunt
532 1905 562 1931 et
576 1901 626 1932 illa
649 1901 691 1942 (p.
717 1892 788 1941 293)
807 1911 814 1932 ε
843 1901 955 1941 Λέγεται
967 1892 998 1928 5‘5-
1010 1900 1054 1928 καὶ

1096 1907 1173 1936 esse,
1191 1897 1250 1929 nisi
1265 1898 1360 1938 quinti
1376 1897 1446 1929 libri
1453 1897 1608 1942 epilogum
1625 1896 1665 1927 ah
1680 1904 1739 1942 uno
1763 1897 1801 1942 et_
1812 1892 1918 1942 eodem

231 1946 271 1974 ἑπὶ
288 1937 457 1984 γεννήματος
486 1947 584 1984 κτίσμα
613 1937 798 1985 καί-ποίημά,
820 1947 857 1977 ὡς
872 1937 902 1973 τὶς
919 1954 928 1961 ”
960 1945 1054 1973 Ἐκτι-

1096 1946 1216 1974 auctore
1223 1937 1439 1983 conscriptum.
1450 1937 1625 1974 Ethocinde
1632 1937 1917 1985 conﬁrmaripotest,

231 1982 320 2028 caiqu
336 1982 471 2031 ἄνθρωπον
493 1991 534 2019 διὰ
548 1982 596 2019 sou
610 1996 685 2020 Θεοῦ.
709 1982 804 2027 «Ουίῆ
821 1995 849 2020 αι
865 1989 1001 2029 genitura
1013 1988 1055 2019 di-

1097 1988 1176 2028 quod
1198 1988 1229 2018 in
1242 1987 1353 2018 ultimis
1377 1986 1495 2017 duobus
1514 1987 1550 2017 in
1567 1985 1749 2031 Eurwmium
1770 1982 1866 2031 libris,
1879 1982 1920 2014 ita

232 2035 309 2066 citur
323 2029 459 2067 creatura
474 2040 502 2066 et
515 2036 676 2074 iactura,ut
692 2034 887 2074 illud,Creavi
901 2033 1054 2065 hominem
1097 2038 1127 2065 et
1138 2033 1168 2063 in
1184 2032 1235 2063 illo
1251 2041 1370 2072 quoque
1390 2031 1532 2072 opusculo
1554 2030 1681 2071 Spiritus
1694 2034 1814 2061 sanctus
1838 2029 1919 2074 Deus

233 2090 287 2121 per
301 2080 409 2112 Deum.
429 2093 441 2110 ι
455 2080 544 2117 Satis,
560 2081 675 2120 opinor,
696 2073 801 2111 omnes
821 2083 931 2110 norunt
942 2088 1001 2109 non
1016 2078 1056 2108 ita
1097 2081 1228 2110 vocetur.
1252 2077 1317 2114 Qua
1328 2080 1428 2108 autem
1451 2075 1607 2121 diligentia
1628 2075 1756 2121 scriptus
1771 2074 1810 2121 sit
1820 2074 1869 2105 hic
1879 2073 1919 2104 li-

235 2119 293 2166 legi
306 2127 383 2159 Gen.
396 2134 437 2163 iv,
457 2128 486 2163 l,
501 2119 623 2156 «Creavi
636 2125 788 2155 hominem
801 2133 853 2164 per
864 2125 990 2155 Deum»
1002 2123 1055 2154 sed
1097 2123 1206 2160 bellus,
1224 2122 1286 2163 jam
1300 2121 1464 2153 videamus.
1482 2120 1539 2152 Ubi
1563 2123 1666 2166 auctor
1681 2119 1718 2150 de
1733 2119 1833 2166 anima
1848 2126 1922 2159 pura

233 2164 333 2202 tamen
347 2180 411 2202 rem
429 2171 515 2211 paulo
530 2169 701 2208 diligentius
713 2168 900 2200 considerari
911 2167 1055 2199 volo.Hoc

1099 2168 1241 2209 loquitur,
1270 2166 1312 2197 ita
1337 2166 1480 2206 scripsit:
1506 2166 1625 2206 Προσίτω
1646 2164 1674 2193 δὲ
1695 2165 1792 2211 ἡσύχῳ
1816 2167 1850 2202 τῇ
1871 2174 1924 2192 και-

231 2216 321 2255 igitur
350 2216 420 2247 dicit
446 2216 584 2255 scriptor,
615 2214 783 2254 genituram
811 2213 912 2245 vocari
926 2221 1013 2253 posse
1028 2216 1059 2243 et

234 2274 244 2286 «ι
266 2266 433 2292 creaturam
451 2261 593 2291 facturam
613 2268 620 2291 :
638 2271 650 2287 ιι
670 2259 749 2299 quod
765 2262 797 2290 ut
824 2257 941 2299 probet,
959 2257 1057 2288 locum

234 2306 386 2338 Geueseos
398 2313 591 2344 corrumpere
612 2303 724 2334 veritus
740 2312 798 2334 non
815 2307 871 2334 est.
898 2302 1057 2333 Enimvero

236 2361 333 2391 neque
340 2351 369 2381 in
377 2350 595 2388 Bibliis,neque
606 2349 635 2378 in
645 2348 723 2379 notis
731 2347 956 2387 Nobilii,neque
965 2348 993 2378 in
1001 2346 1059 2378 He-

235 2397 442 2437 xaplis,neque
456 2395 485 2424 in
501 2394 569 2426 aliis
580 2402 646 2434 quae
660 2392 761 2424 videre
776 2393 860 2424 licuit
876 2392 1058 2433 exemplari-

235 2444 291 2474 bus
300 2451 424 2482 usquam
434 2439 868 2480 legiturGen.Iv,i,éxm&pnv,
887 2438 1022 2470 (creavi:
1043 2451 1055 2468 ι

235 2488 287 2518 sed
295 2487 407 2526 ubique
416 2494 521 2525 magno
529 2483 676 2515 librorum
685 2484 763 2515 inter
775 2493 807 2515 se
817 2492 967 2515 consensu
981 2483 1057 2522 legi-

234 2537 282 2563 tur
294 2532 481 2571 Ἒκτησάμην,
496 2530 632 2561 Possedi.
652 2528 718 2561 Jam
731 2530 888 2561 audiamus
903 2529 1058 2567 Basilium,

236 2576 290 2615 qui
305 2576 363 2607 hoc
385 2575 450 2616 ipso
466 2574 627 2615 Scriptum
642 2574 812 2606 testimonio
834 2573 1008 2606 ﬁdelissime
1024 2573 1060 2605 ad

238 2621 468 2661 institutumque
486 2619 795 2651 accommodatissime
809 2628 880 2650 usus
897 2622 942 2650 est
956 2618 1008 2650 lib.
1025 2627 1060 2656 ll,

237 2674 321 2697 num.
354 2665 408 2698 90.
444 2665 495 2697 Sic
521 2668 621 2696 autem
652 2663 809 2705 loquitur:
837 2666 867 2694 Ὀ
894 2665 944 2704 γὰρ
967 2665 1060 2701 εἰπὼν,

239 2711 418 2750 Ἐκτησάμην
447 2710 583 2750 ἄνθρωπον
613 2709 655 2737 διὰ
682 2710 728 2738 τοῦ
757 2713 833 2750 Θεοῦ,
873 2710 934 2750 οὐχὶ
970 2710 1062 2741 κτῖσεις

238 2758 284 2786 τὸν
301 2757 380 2797 Κάϊν,
396 2755 466 2784 ἀλλὰ
489 2756 632 2795 γεννήσεις,
665 2755 748 2794 ταύτῃ
776 2756 894 2796 φαίνεται
917 2755 1063 2795 χρησάμε-

279 2837 311 2862 69
325 2836 403 2868 Psal.
420 2844 451 2875 ι,
466 2837 514 2867 12.
558 2836 589 2862 70
606 2836 682 2868 Psel.
699 2845 767 2875 xxx,
785 2835 815 2868 3.
859 2836 883 2858 τί
899 2836 979 2868 Psal.
996 2843 1086 2874 cxvu,

1099 2214 1236 2244 τιστάσει.
1256 2212 1386 2253 ’Ἢσυχον
1401 2211 1429 2240 δὲ
1453 2212 1536 2246 αὒτῆς
1563 2211 1645 2251 ἔστω,
1671 2211 1710 2249 μὴ
1725 2210 1807 2249 μόνον
1821 2211 1851 2238 τὸ
1871 2220 1924 2238 πε-

1100 2259 1247 2299 ρικείμενον
1273 2261 1363 2296 σῶμα,
1385 2257 1428 2285 καὶ
1450 2258 1464 2285 ὁ
1479 2261 1526 2286 τοῦ
1551 2256 1676 2294 σώματος
1705 2254 1826 2283 κλύδων·
1857 2253 1926 2282 ἀλλὰ

1100 2298 1144 2332 ita}.
1173 2307 1224 2332 πᾶν
1246 2303 1277 2332 τὸ
1297 2302 1423 2343 περιέχον
1437 2309 1443 2316 ”
1471 2301 1594 2339 οὗρανδς,
1621 2303 1669 2340 γῆ,
1687 2299 1819 2336 θάλασσα,
1835 2298 1928 2327 καὶτὰ

1100 2349 1128 2377 ἐν
1143 2349 1246 2381 τούτοις
1261 2347 1372 2387 λογικά.
1390 2345 1542 2377 «Accedat
1553 2350 1654 2376 autem
1663 2343 1825 2385 tranquillo
1836 2346 1925 2375 statu.

1100 2393 1162 2424 Nec
1170 2393 1266 2424 solum
1278 2400 1386 2432 corpus
1395 2392 1459 2431 ejus
1471 2390 1699 2429 circumjacens,
1712 2393 1743 2420 et
1752 2392 1841 2420 aestus
1856 2396 1927 2420 cor-

1101 2439 1181 2479 poris
1193 2437 1356 2477 tranquilla
1367 2436 1427 2468 sint
1440 2446 1447 2466 :
1461 2435 1516 2466 sed
1529 2435 1617 2467 etiam
1629 2433 1775 2475 quidquid
1788 2432 1882 2464 ambit
1898 2436 1930 2463 et

1101 2482 1368 2523 circumplectitur,
1385 2479 1658 2527 coelum_videlicet,
1680 2483 1774 2527 terra,
1788 2486 1879 2527 mare,
1896 2480 1928 2527 et

1102 2537 1168 2568 quae
1183 2528 1212 2558 in
1228 2527 1266 2558 iis
1280 2530 1351 2558 sunt
1373 2525 1543 2557 rationalia.
1558 2537 1572 2553 ιι
1599 2524 1688 2561 Quasi
1703 2532 1774 2555 vero
1790 2524 1927 2568 situm__in

1101 2566 1189 2604 nobis
1199 2576 1290 2613 esset,
1307 2576 1339 2603 ut
1354 2572 1461 2603 coelum
1480 2575 1618 2610 terraque
1632 2573 1661 2600 et
1674 2577 1755 2600 mare
1766 2566 1926 2613 tranquilla

1102 2611 1299 2654 ἴοι-θυι.ουοᾶ
1311 2616 1499 2658 sequitur,ita
1514 2614 1676 2646 obscurum
1691 2618 1747 2658 est,
1765 2616 1798 2644 ut
1812 2611 1925 2658 doctis-

1103 2663 1172 2694 simi
1187 2662 1245 2693 duo
1261 2662 1317 2693 viri
1325 2656 1540 2703 Trapezuntius
1550 2663 1580 2691 et
1590 2657 1787 2703 Combeﬁsius
1796 2656 1927 2703 scripm-

1103 2708 1145 2739 ris
1160 2711 1338 2740 sententiam
1355 2700 1414 2738 non
1430 2705 1561 2738 assecuti
1575 2704 1670 2736 fuisse
1696 2702 1862 2735 videantur.
1877 2700 1929 2732 Est

1105 2757 1204 2785 autem
1221 2752 1369 2794 Ejusmodi
1387 2763 1394 2783 τ
1416 2753 1463 2783 Καὶ
1479 2754 1551 2779 πᾶσα
1565 2750 1711 2781 ὑπόστασις
1734 2748 1853 2783 δικαίων,
1884 2747 1930 2775 καὶ

1098 2834 1149 2866 21.
