4140 6416
433 391 738 442 cccxxxw

1852 381 2252 445 PROLEGOM
2263 385 2441 450 ENA.

435 522 621 574 totum
636 513 1257 592 occuparerecolendo
1286 517 1613 580 Dominicae
1648 513 2064 580 Circumcisio-
2086 531 2121 570 A
2152 516 2508 593 perdurarit.
2523 543 2546 575 η
2567 519 2703 581 Haac
2724 529 2787 580 ut
2810 519 3004 600 quoad
3032 538 3157 582 rem
3182 519 3466 600 pleraque
3486 538 3624 582 vera
3640 529 3818 601 sunt,

433 605 529 666 nis
542 605 954 685 mysterio.His
968 608 1266 668 recentior
1281 609 1622 670 Graecorum
1647 607 2080 688 pietas,saaculo

437 711 500 755 x1
528 693 758 756 addidit
804 696 1044 756 tertium
1086 696 1202 775 ipsi
1249 695 1655 776 Gregorioque
1691 696 1993 774 Theologo
2026 704 2083 756 et

431 787 640 849 Joanni
658 785 1076 867 Chrysostomo
1095 790 1493 852 communiter
1514 789 1965 851 celebrandum.
2000 791 2082 850 De

430 877 541 937 hoc
555 877 888 939 differimus
904 897 1079 956 agere
1093 897 1280 960 usque
1299 889 1430 960 post
1444 881 1586 942 Acta
1605 877 1738 941 vitae
1756 879 1943 939 fusius
1973 898 2080 940 ex-

431 966 1364 1048 plicandazdeprioribusduobus
1380 969 1609 1050 praefari
1628 969 1839 1049 placet.
1869 968 2082 1029 Latinis

432 1076 571 1136 ergo
601 1058 1032 1137 Martyrologiis
1059 1059 1172 1120 hoc
1202 1076 1302 1120 XIV
1331 1060 1492 1122 Junii
1524 1059 1817 1138 ascriptus
1843 1067 2082 1119 sanctus

439 1147 692 1209 Basilius
723 1157 813 1207 est
849 1169 861 1208 :
917 1167 1034 1208 non
1065 1161 1202 1212 sunt
1252 1157 1449 1212 tamen
1483 1149 1898 1228 antiquissima
1930 1149 2026 1209 illa
2062 1169 2074 1208 :

430 1244 624 1298 tacent
653 1237 811 1298 enim
845 1238 917 1298 de
949 1239 1164 1301 Basilio
1199 1239 1649 1320 Hieronymiani
1682 1238 2080 1318 Martyrologii

431 1328 722 1407 ecgrapha
749 1329 947 1389 omnia
979 1347 990 1392 ;
1027 1348 1261 1391 necnon
1292 1331 1590 1409 genuinus
1622 1329 1802 1403 Beda,
1843 1329 2077 1390 omnia-

430 1437 544 1499 que
577 1418 754 1479 Bedae
787 1427 1009 1480 vetusta
1051 1417 1502 1499 Supplementa,
1554 1438 1671 1481 una
1723 1438 1854 1481 cum
1905 1419 2077 1480 Floro

430 1508 910 1586 Lugdunensi,ac
926 1509 1188 1589 denique
1200 1511 1662 1573 Wandelbertus
1685 1509 2075 1574 Prumiensis.

430 1597 685 1661 Primiin
705 1598 806 1660 illo
827 1599 1296 1679 nominando,ex
1327 1601 1627 1662 communi
1652 1608 1846 1661 tamen
1875 1600 2077 1661 nescio

429 1707 544 1766 quo
576 1688 756 1760 fonte,
795 1688 1028 1750 fuerunt
1057 1687 1365 1751 Usuardus
1396 1699 1453 1751 et
1483 1690 1608 1751 Ado
1636 1711 1647 1750 :
1679 1709 1932 1771 quorum
1965 1689 2080 1771 pri-

431 1796 583 1851 mus,
623 1797 785 1839 more
808 1795 916 1840 suo
942 1778 1199 1853 brevior,
1228 1780 1299 1841 ad
1336 1797 1479 1842 xvm
1506 1779 1803 1842 Kalendas
1833 1779 1968 1842 Julii
1995 1781 2078 1842 sic

2163 605 2246 667 ita
2278 606 2337 666 in
2367 608 2824 670 circumstantiis
2855 608 2930 670 ab
2962 609 3206 670 historia
3234 608 3482 670 multum
3507 608 3820 693 aberrant;

2163 697 2320 776 quod
2357 697 2577 776 patebit
2609 699 3014 760 consideranti
3038 699 3181 760 Acta
3206 698 3456 760 inferius
3479 699 3702 760 danda.
3735 703 3821 764 Ex

2165 786 2376 847 Adone
2408 797 2601 848 tamen
2635 788 2994 868 ostenditur,
3020 796 3291 849 sanctum
3318 788 3620 863 Basilium,
3649 792 3824 852 annis

2164 873 2383 938 abhinc
2414 878 2771 956 octingentis
2804 877 2919 939 coli
2953 878 3148 938 solere
3183 878 3293 939 hac
3324 877 3558 939 decima
3611 888 3828 959 quarta

2161 963 2364 1042 Junii;
2400 967 2657 1048 indeque
2691 968 2974 1028 suadetur
3019 968 3225 1028 eadem
3261 968 3357 1030 die
3406 978 3822 1030 consecratum

2165 1057 2507 1136 episcopum
2539 1079 2553 1138 ;
2583 1058 2850 1137 quamvis
2911 1057 3221 1137 ignoretur
3255 1059 3414 1118 unde
3474 1058 3586 1119 hoc
3633 1057 3824 1120 Latini

2163 1154 2504 1225 acceperint
2531 1169 2545 1226 ;
2579 1147 2916 1209 tacentibus
2948 1147 3190 1210 Graecis.

2246 1234 2302 1298 3.
2335 1236 2586 1299 Usuardi
2615 1235 2868 1299 Lubecze
2887 1240 3089 1297 excusi
3117 1245 3174 1298 et
3196 1237 3444 1300 Florarii
3469 1235 3820 1300 Sanctorum

2162 1337 2457 1405 auctores,
2493 1346 2623 1388 cum
2660 1327 2858 1387 forsan
2885 1327 3231 1404 ignorarent
3257 1345 3374 1407 qua
3396 1326 3468 1388 de
3495 1345 3672 1389 causa
3692 1328 3823 1391 dies

2164 1416 2261 1477 hic
2295 1417 2505 1477 Basilio
2564 1435 2732 1478 sacer
2778 1416 3119 1492 haberetur,
3184 1416 3635 1478 translationem
3689 1419 3822 1498 ejus

2163 1507 2614 1586 quamdam,sed
2643 1505 2923 1568 omnibus
2951 1505 3358 1586 aliisignotam
3383 1507 3817 1586 excogitarunt,

2165 1596 2400 1658 Primus
2436 1615 2449 1658 :
2494 1622 2518 1650 «
2576 1596 2748 1675 Apud
2779 1598 3105 1659 Caesaream
3160 1595 3568 1677 Cappadociae,
3605 1598 3816 1679 inquit,

2164 1687 2468 1749 translatio
2489 1688 2549 1747 S.
2587 1685 2812 1758 Basilii,
2842 1685 3104 1765 episcopi
3131 1686 3589 1748 etconfessoris.
3627 1711 3645 1742 ι
3675 1686 3819 1748 Flo-

2163 1778 2382 1837 rarium
2410 1776 2619 1837 iisdem
2651 1776 2835 1848 addit,
2869 1801 2892 1829 ει
2927 1775 3129 1836 fratris
3149 1774 3418 1853 Gregorii
3443 1786 3502 1837 et
3529 1778 3817 1859 l’etri,qui

425 1867 629 1929 scribit
657 1868 713 1928 in
738 1867 1014 1930 omnibus
1041 1869 1165 1930 fere
1187 1870 1628 1947 exemplaribus
1658 1891 1670 1932 :
1705 1896 1729 1924 (ε
1760 1870 1932 1950 Apud
1957 1874 2081 1933 Cm-
2106 1893 2139 1942 Β
2164 1875 2435 1947 tempore
2458 1865 3431 1945 Valentisimperatoris,doctrina
3455 1873 3510 1926 et
3531 1868 3819 1946 sapientia

423 1980 648 2022 saream
678 1961 1069 2042 Cappadocia:
1096 1961 1315 2024 Natalis
1336 1963 1398 2026 S.
1428 1963 1630 2024 Basilii
1657 1963 1945 2043 episcopi,
1975 1963 2075 2040 qui

427 2060 695 2132 tempore
727 2053 992 2112 Valentis
1033 2053 1303 2114 doctrina
1356 2062 1412 2114 et
1462 2054 1750 2132 sapientia
1807 2054 2076 2131 insignis,

425 2141 820 2221 omnibusque
851 2141 1166 2202 virtutibus
1201 2142 1499 2215 fundatus,
1532 2141 1888 2203 mirabiliter
1911 2144 2078 2203 efful-

426 2234 519 2291 sit.
562 2257 586 2286 n
625 2233 742 2293 Per
772 2231 1023 2292 natalem
1059 2231 1240 2307 diem,
1275 2232 1453 2293 alium
1482 2232 1576 2293 hic
1605 2232 1938 2311 intelligere
1964 2252 2077 2294 non

431 2339 767 2402 possumus,
802 2339 978 2400 quam
1011 2321 1482 2382 anniversarium
1529 2321 1941 2395 ordinationis,
1999 2317 2080 2383 uti

429 2422 671 2471 sanctus
691 2414 821 2481 ,Leo
855 2410 1114 2490 Magnus,
1141 2430 1417 2472 sermone
1438 2412 1608 2472 tertio
1643 2413 1701 2471 in
1728 2411 2046 2474 anniversa
2066 2448 2080 2458 -

427 2501 517 2561 rio
551 2500 969 2579 assumptionis
1001 2518 1150 2569 suae,
1189 2519 1321 2561 eum
1359 2502 1659 2564 servitutis
1707 2521 1831 2562 suae
1865 2502 2074 2563 natali-

430 2590 574 2651 tium
607 2589 762 2650 diem
817 2589 1094 2670 appellat.
1146 2590 1282 2651 Ideo
1334 2591 1689 2652 hodiernqu
1745 2591 2074 2653 Romanum

432 2680 927 2759 Martyroleginm,
964 2681 1207 2742 servatis
1239 2679 1370 2741 aliis
1406 2681 1655 2744 Usuardi
1688 2683 1912 2763 verbis,
1948 2683 2078 2744 loco

431 2769 670 2845 Natalis,
745 2769 1178 2832 ordinationem
1233 2771 1477 2850 posuit;
1529 2772 1868 2852 addiditque
1923 2773 2076 2852 quod

427 2859 755 2922 Ecclesiam
777 2861 1066 2921 adversus
1088 2860 1337 2922 Arianos
1365 2869 1421 2922 el
1446 2862 1906 2923 Macedonianos
1929 2863 2082 2923 mira

426 2950 756 3013 constantia
790 2949 1077 3011 defendit.

511 3128 569 3188 '2.
603 3128 750 3195 Ado.
783 3129 954 3210 cujus
990 3130 1182 3209 priora
1212 3129 1389 3190 verba
1421 3129 1796 3206 transcripsit
1826 3131 1954 3209 ejus
1981 3127 2082 3189 ab-

428 3219 1194 3299 breviatoranonymus,qui
1223 3220 1332 3281 sub
1361 3219 1541 3282 Bedae
1568 3219 1808 3280 nomine
1834 3219 2058 3280 circum

2163 1956 2438 2034 insignis;
2471 1975 2605 2016 cum
2643 1956 2768 2036 ipse
2804 1955 3130 2034 imperatur
3162 1956 3234 2016 de
3268 1956 3424 2015 illius
3454 1956 3657 2016 exsilio
3687 1976 3817 2018 sen-

2166 2048 2402 2107 tentiam
2459 2045 2630 2105 vellet
2675 2045 2962 2115 scribere,
3025 2045 3813 2124 primus,secundus,etter-

2167 2139 2278 2199 tius
2305 2137 2566 2197 calamus
2597 2136 2814 2197 fractus
2840 2143 2927 2196 est
2957 2155 2971 2210 ;
2999 2136 3154 2196 unde
3179 2135 3520 2214 indignatus
3551 2137 3810 2198 chartam

2167 2228 2358 2304 fregit.
2399 2225 2616 2286 Claruit
2649 2245 2803 2286 anno
2847 2225 3058 2286 salutis
3090 2226 3226 2288 369.
3271 2251 3295 2279 ››
3354 2227 3818 2306 Manuscriptum

2167 2317 2635 2390 S.Gudulm,non
2657 2315 3021 2376 translationi
3039 2315 3140 2376 sed
3162 2315 3817 2395 elevationi,hujusdiei

2166 2411 2378 2471 festum
2412 2407 2690 2470 ascribit:
2721 2415 2776 2466 et
2799 2417 2990 2485 recte,
3018 2407 3066 2467 si
3095 2415 3307 2484 praeter
3329 2407 3696 2468 ordinarium
3726 2407 3815 2468 lo-

2165 2500 2382 2582 quendi
2411 2495 3189 2577 modum,perelevati0nem
3210 2497 3566 2576 intelligeret
3591 2497 3816 2558 exalta-

2164 2591 2383 2652 tionem
2422 2591 2552 2669 ejus
2576 2590 2632 2648 in
2665 2587 3004 2649 cathedram
3031 2588 3453 2666 episcopalem.
3478 2587 3735 2648 Additur
3756 2587 3816 2648 in

2163 2681 2372 2742 eodem
2391 2679 2650 2741 Florario
2668 2677 2922 2754 elogium
2936 2676 3027 2754 ,ab
3042 2675 3172 2734 aliis
3187 2673 3447 2735 Usuardi
3465 2676 3820 2756 apographis

2165 2771 2488 2837 diversum,
2527 2787 2637 2828 nec
2671 2764 2893 2826 erroris
2925 2781 3157 2842 expers.
3202 2788 3227 2816 «
3263 2764 3435 2840 Apud
3492 2763 3816 2826 Caesaream

2166 2856 2578 2938 Cappadociae,
2616 2853 2862 2914 elevatio
2896 2852 3048 2913 beati
3099 2859 3157 2911 et
3191 2852 3385 2926 magni
3427 2853 3648 2923 Basilii,
3683 2857 3817 2928 epi-

2163 2947 2325 3024 scopi
2365 2954 2422 3005 et
2451 2941 2838 3014 confessuris,
2898 2939 3095 3001 fratris
3140 2941 3328 3001 sancti
3380 2939 3650 3018 Gregorii
3699 2940 3817 3002 Na-

2161 3035 2422 3098 zianzeni
2457 3042 2513 3093 et
2545 3031 2701 3092 Petri
2739 3031 2864 3090 :cui
2889 3030 3160 3091 Christus
3199 3049 3333 3090 cum
3367 3031 3491 3091 suis
3538 3030 3819 3107 apostolis

2163 3140 2476 3204 apparens,
2511 3120 2906 3180 ministerium
2929 3119 3116 3179 Μίδεω
3138 3119 3338 3180 docuit
3366 3141 3377 3181 :
3405 3128 3462 3180 ct
3487 3119 3656 3198 cujus
3685 3139 3819 3199 pror

2101 3260 2140 3308 ο
2166 3213 2335 3276 cibus
2386 3209 2862 3308 Ep'liremSyrus
2893 3209 3097 3271 Graece
3132 3209 3362 3308 locutus
3394 3216 3486 3270 est
3518 3229 3530 3272 :
3594 3211 3818 3290 quique

429 3310 638 3382 fertur,
690 3317 747 3370 et
803 3298 1117 3370 Beronium
1177 3309 1444 3390 aliosque
1504 3309 1704 3388 plures
1757 3307 1962 3370 fefellit
2015 3298 2418 3367 ac'morteni
2451 3298 2675 3390 Juliani
2709 3300 3576 3390 Apostata)perrevelationem
3606 3319 3823 3390 cogno-

432 3399 601 3479 l'allit,
638 3398 790 3471 Ado,
852 3399 1118 3480 inquam,
1177 3400 1250 3460 ad
1312 3387 1568 3460 similem
1629 3398 1752 3460 fere
1805 3396 2081 3461 Usuardo
2166 3393 2266 3462 vit,
2304 3391 2406 3467 qui
2436 3389 2656 3450 vadens
2687 3389 2756 3480 ad
2786 3388 3006 3480 bellum
3039 3387 3367 3468 Persicum,
3405 3389 3516 3480 sibi
3542 3389 3598 3449 in
3625 3389 3818 3449 reditu

428 3477 1082 3558 commemorationem,
1110 3490 1204 3550 his
1219 3489 1414 3551 verbis
1432 3496 1779 3568 conceptam
1812 3508 1824 3546 :
1860 3509 1880 3541 (ι
1911 3485 2078 3564 Apud
2167 3483 2638 3544 destructionem
2673 3479 2951 3542 Caesareae
2982 3477 3174 3539 fuerat
3193 3479 3624 3568 comminatus.
3667 3504 3688 3533 »ν
3729 3480 3817 3540 An

431 3579 764 3642 Caesaream
795 3579 1182 3659 Cappadociae
1204 3582 1387 3641 sancti
1415 3567 1929 3657 Basilii’episcopi,
1958 3576 2079 3636 fra-
2167 3574 2501 3635 intellectus
2535 3588 2758 3641 errore,
2795 3589 2868 3631 an
2901 3569 3110 3631 calami
3146 3567 3396 3659 nimium
3453 3569 3811 3659 festinantis,

431 3672 535 3732 tris
558 3669 826 3748 Gregorii
851 3657 1126 3744 oft-Petri,
1162 3695 1183 3728 υ
1238 3669 1540 3751 prolixiori
1573 3668 1761 3746 elogio
1796 3666 2074 3727 eumdem
2164 3664 2569 3728 Nazianzenus
2603 3679 2704 3741 pro
2736 3662 3002 3751 Nysseno
3050 3659 3145 3720 hic
3197 3658 3444 3735 legatur,
3481 3677 3598 3751 non
3646 3657 3816 3720 facile

428 3761 514 3822 sic
537 3760 954 3842 prosequitur:
989 3786 1013 3816 ες
1042 3759 1151 3832 Qui
1177 3749 1306 3821 cum
1329 3768 1486 3822 esset
1529 3758 1806 3820 omnibus
1849 3756 2045 3816 virtuti
2166 3757 2405 3817 dixeris.
2440 3752 2524 3813 De
2555 3751 2808 3842 aliorum
2851 3749 2947 3842 hic
2980 3755 3351 3842 narraturum
3383 3749 3627 3842 veritate
3687 3757 3811 3809 sta-

428 3837 862 3924 bas-fundatus,
895 3858 955 3912 et
983 3851 1236 3932 quodam
1271 3860 1541 3929 tempore
1564 3867 1598 3909 a
1619 3847 1870 3909 Valente
1897 3847 2084 3926 impe-
2167 3855 2318 3926 tues,
2352 3861 2487 3932 cum
2517 3843 2661 3932 Acta
2694 3840 2940 3932 inferius
2969 3837 3539 3932 dandaperlegeris.

433 3949 629 4002 ratore
661 3941 722 4002 in
756 3926 1034 4001 exsilium
1069 3959 1172 4022 pro
1195 3940 1316 4001 ﬁde
1335 3926 1665 4018 cogeretur,
1693 3937 1990 3998 exhibitus
2009 3932 2080 3995 ad
2248 3939 2306 3995 4.
2335 3937 2399 3997 1η
2429 3930 2743 3993 ritualibus
2764 3927 3102 4022 Graecorum
3119 3926 3312 4022 libris,
3332 3928 3445 3989 hoc
3467 3927 3674 4022 die_x_iv
3702 3929 3814 4022 tu:

433 4031 702 4094 tribunal
737 4030 1020 4110 praefecti,
1070 4016 1518 4109 terroribusque
1551 4035 1632 4097 (ut
1662 4027 1748 4088 illi
1781 4027 1964 4088 moris
1996 4030 2086 4088 est
2166 4025 2251 4088 nii
2279 4022 2578 4084 neminem
2613 4016 3367 4110 reperio,quiment_i_onem
3394 4017 3814 4110 sancti_Basilii

431 4107 750 4201 potestatili
787 4129 843 4181 et
871 4107 1047 4180 minis
1070 4120 1345 4180 maximis
1365 4107 1455 4199 agi
1481 4118 1680 4199 coepit,
1703 4126 1766 4180 ut
1789 4117 1904 4178 nisi
1926 4135 2081 4197 prae-
2165 4116 2584 4201 faciatpraater
2612 4109 2996 4201 Horologium
3030 4125 3134 4169 seu
3156 4107 3495 4201 Ilorarium,
3537 4107 3612 4169 ad
3639 4125 3812 4201 usum

431 4197 620 4289 ceptis
641 4208 930 4288 principis
945 4197 1554 4283 obediret,interitum
1574 4197 1686 4269 sibi
1698 4207 1822 4287 jam
1834 4206 2083 4286 jamque
2168 4200 2519 4267 monasterii
2543 4204 2769 4289 cryptae
2792 4199 3023 4289 ferratae
3046 4206 3102 4259 et
3133 4197 3384 4289 aliorum
3412 4197 3812 4289 monasterio-

432 4285 706 4377 Speraret
727 4285 1279 4376 impendere.Tunc
1303 4285 1770 4378 ille,intrepidus
1786 4285 2083 4375 etabsque
2166 4312 2295 4356 rum
2326 4290 2552 4354 ordinis
2575 4288 2635 4352 S.
2665 4288 2884 4368 Basilii,
2913 4295 3159 4351 curante
3185 4285 3812 4378 eminentissimocarf

431 4375 555 4445 ulla
582 4384 765 4446 animi
802 4375 1268 4466 perturbatione,
1303 4387 1428 4448 haec
1460 4385 1572 4448 sibi
1595 4375 1890 4446 minitanti
1926 4403 2080 4464 prze-
2165 4383 2363 4446 diuale
2381 4379 2822 4451 Nerlio,Roma3
2845 4383 3232 4458 impressum,
3259 4375 3360 4437 ubi
3385 4375 3817 4466 legiturdivini

432 4475 587 4535 fecto
621 4464 1000 4552 respondisse
1031 4474 1218 4536 fertur
1251 4464 1263 4534 ἐ
1304 4499 1331 4530 «
1367 4480 1557 4555 Atque
1582 4473 1806 4534 utinam
1855 4473 2076 4553 aliquid
2169 4473 2350 4536 officii
2381 4472 2478 4533 hic
2502 4470 2742 4530 titulus:
2776 4493 2802 4524 α
2831 4471 3028 4531 Sancti
3055 4467 3244 4530 Patris
3267 4467 3453 4528 nostri
3475 4464 3676 4527 Basilii
3699 4467 3821 4530 Ma-

435 4563 580 4624 mihi
608 4572 765 4624 esset
794 4564 953 4641 digni
990 4565 1276 4640 muneris,
1303 4566 1459 4646 quod
1482 4565 1760 4625 offerrem
1793 4563 1953 4635 huic,
1981 4562 2082 4642 qui
2107 4637 2142 4646 κ
2165 4564 2284 4642 gni,
2321 4589 2346 4618 ιο
2385 4561 2601 4624 deinde
2627 4557 3026 4638 praescribitur
3044 4557 3214 4631 ordo,
3241 4555 3546 4646 plerisque
3569 4556 3820 4646 desum-

436 4653 727 4714 maturius
751 4637 1031 4715 Basilium
1069 4655 1144 4715 de
1192 4637 1346 4717 nodo
1380 4654 1538 4716 follis
1575 4653 1751 4732 hujus
1801 4637 2080 4713 absolv-e-
2107 4637 2146 4686 ί)
2167 4637 2279 4735 ptis
2302 4671 2370 4715 ex
2402 4651 2594 4732 prima
2622 4637 2880 4710 Januarii
2919 4649 3064 4710 :hac
3093 4647 3254 4707 enim
3280 4645 3339 4706 in
3367 4647 3612 4724 prtefato
3636 4644 3825 4709 Hora-

431 4751 547 4804 ret.
588 4770 612 4799 ι)
651 4742 918 4824 Cumque
949 4743 1190 4806 daretur
1221 4744 1276 4807 ei
1311 4763 1423 4805 nox
1457 4762 1590 4824 quae
1619 4751 1745 4804 erat
1766 4742 1985 4822 media,
2009 4742 2080 4804 ad
2167 4743 2256 4805 rio
2286 4741 2474 4804 sancti
2507 4739 2704 4801 Basilii
2738 4738 2952 4800 festum
2985 4736 3256 4809 habetur,
3293 4736 3644 4797 solemniter
3677 4754 3821 4816 per-

431 4835 677 4905 spatium
702 4833 1078 4892 deliberandi.
1117 4833 1479 4904 respondisse
1503 4833 1689 4890 denuo
1709 4832 2042 4901 perhibetur
2067 4847 2082 4889 :
2167 4828 2820 4910 agendum,simulcum
2838 4826 2988 4888 festo
3008 4824 3605 4888 CircumcisionisEt
3628 4825 3701 4885 de
3721 4825 3804 4886 Ba

438 4941 460 4973 α
500 4919 620 4994 Ego
653 4922 912 4978 crastino
947 4915 1073 4994 ipse
1106 4933 1209 4976 ero
1238 4916 1341 4990 qui
1395 4933 1551 4974 nunc
1586 4931 1599 4974 :
1637 4921 1694 4972 tu
1729 4921 1809 4992 te,
1857 4914 2082 4972 utinam
2172 4922 2300 4983 silio
2335 4919 2572 5001 quidem
2607 4918 2676 4978 ad
2733 4915 2973 4978 missam
3007 4915 3116 4977 hoc
3148 4915 3380 4976 canitur
3436 4914 3766 4993 troparium
3804 4933 3818 4979 :

433 5023 551 5064 non
578 5003 896 5065 mutares!»
936 5003 1000 5064 Ft
1037 5004 1137 5064 illa
1166 5004 1405 5084 quidem
1452 5012 1623 5064 nocte
1650 5020 1796 5062 uxor
1825 5001 2077 5082 impera-

2181 5031 2207 5073 α
2234 5013 2293 5070 lu
2324 5028 2561 5071 omnem
2583 5017 2801 5071 terram
2823 5007 3190 5067 exivitsonus
3226 5013 3455 5084 tuns,ut
3488 5004 3823 5085 susciperet

435 5095 598 5163 toris,
614 5094 774 5154 velut
797 5094 1119 5154 tortoribus
1143 5091 2086 5170 tradita,cruciatur;ﬁliliusvero,
2173 5119 2509 5163 sermonem
2541 5109 2730 5171 tuum,
2767 5115 2885 5176 quo
2921 5114 3026 5156 nos
3057 5095 3252 5156 divine
3303 5101 3820 5175 congruenterque

438 5181 538 5261 qui
569 5181 655 5241 eis
713 5191 837 5241 erat
878 5183 1109 5253 unicus,
1173 5184 1516 5253 extinctus,
1575 5190 1829 5260 paternae
1873 5179 2077 5261 impie-

2173 5188 2500 5264 erudivisti,
2537 5187 2858 5265 explanatis
2904 5194 3170 5245 naturam
3225 5203 3450 5258 rerum,
3507 5192 3568 5244 et
3618 5201 3821 5245 mores

437 5271 573 5331 tatis
601 5269 771 5329 solvit
796 5271 1091 5349 supplicia
1127 5290 1139 5334 :
1175 5274 1254 5332 ita
1278 5285 1333 5332 ut
1372 5279 1504 5332 ante
1529 5271 1719 5331 lucem
1755 5269 1920 5331 missi
1947 5270 2087 5350 sint,
2173 5279 2483 5341 hominum
2541 5294 2855 5337 exornans.
2894 5274 3117 5336 Behale
3167 5273 3592 5345 sacerdotium,
3647 5276 3821 5335 Pater

440 5359 537 5440 qui
577 5367 853 5436 rogarent
888 5358 1173 5420 Basilium
1210 5370 1271 5420 ut
1305 5360 1585 5440 precibus
1607 5360 1727 5419 suis
1758 5360 2089 5420 intercede-
2173 5365 2718 5442 sanctejntercede
2739 5365 2894 5445 apud
2920 5362 3219 5426 Christum
3253 5365 3438 5424 Deum
3455 5369 3822 5434 nostrum,ut

435 5458 528 5510 Γθῑ
561 5465 666 5526 PFO
699 5452 809 5517 eis:
848 5465 922 5507 ne
952 5449 1128 5508 “iam
1154 5449 1291 5527 ίβείν
1321 5459 1378 5509 et
1401 5447 1640 5527 ηυίάθηι
1671 5447 2090 5526 ωυῙίοὶυδιίυε
2175 5457 2708 5520 εθινθηῐιιτδῐιίιηω
2731 5461 3002 5514 nostrai.»
3031 5452 3185 5515 Huic
3205 5451 3589 5530 subiungitur
3607 5450 3682 5511 de
3699 5451 3829 5513 Cir-

437 5538 778 5599 ίηίθΐίΐθηῑ·
811 5535 911 5597 δίο
963 5539 1202 5611 acad“.
1237 5549 1299 5599 υἱ
1331 5556 1463 5598 cum
1517 5553 1726 5597 omnes
1755 5535 2094 5600 CathOIiCOS
2176 5546 2541 5610 cumcisione
2568 5545 2762 5604 simile
2787 5542 3114 5622 troparium
3143 5563 3195 5606 ια
3228 5540 3340 5613 Qui
3366 5541 3541 5602 sedes
3560 5541 3828 5602 inexcel-

439 5628 733 5708 θιρυιθτίί
769 5621 1005 5701 νδιθηε»
1041 5626 1294 5687 Βδδίίίυε
1335 5643 1525 5704 usque
1555 5625 1628 5685 ad
1661 5625 1799 5688 νίῑω
1845 5628 2088 5704 θΧίιυιη,
2178 5639 2258 5699 sis
2285 5654 2465 5714 super
2493 5635 2774 5696 thronum
2805 5621 2992 5694 instar
3027 5632 3179 5711 ignis
3229 5629 3632 5710 splendidum,
3688 5649 3823 5692 cum

439 5717 794 5782 intemerato
827 5717 1267 5778 communionis
1298 5721 1698 5792 sacramento,
1735 5716 1794 5777 in
1826 5717 2094 5784 Ecclesia
2179 5727 2351 5791 Patre
2375 5734 2596 5788 aeterno
2627 5732 2686 5786 et
2715 5723 2914 5787 divino
2937 5730 3036 5785 tuo
3057 5721 3308 5804 Spiritu,
3331 5720 3604 5800 dignatus
3627 5737 3693 5783 es
3724 5739 3829 5783 na-
