4140 6398
950 352 1353 414 EXCERPTA
1398 351 1499 413 EX
1543 344 1760 412 ACTIS
1801 344 1860 408 S.
1907 343 2191 413 BASILII
2232 357 2822 424 BOLLANDIANIS.

3313 378 3640 434 CCLXXXVI!

261 485 348 547 sci
379 485 438 546 in
475 492 634 547 terra
665 501 737 546 ex
764 491 955 546 matre
987 492 1084 546 tua
1131 486 1348 544 intacta
1387 481 1654 579 Virgine,
1687 487 1745 541 et
1776 477 1897 579 cir_—
1917 486 1962 532 Α
1987 474 2064 579 Ex
2096 489 2342 551 metrico
2374 493 2550 556 etiam
2607 497 2931 579 Synaxario
2962 518 3066 562 seu
3098 497 3464 562 Kalendario
3496 500 3629 564 dies

262 574 523 636 cumcidi
552 591 700 652 puer
715 583 847 636 octo
871 574 1126 637 dierum:
1159 574 1236 634 sit
1259 571 1448 652 gloria
1473 572 1695 652 optimo
1717 569 1912 630 consi—

261 666 344 727 lio
369 663 688 744 tuo,gloria
712 663 1112 727 incarnationi
1148 663 1483 742 tute,gloria
1501 678 1748 723 summa)
1774 676 1911 736 erga

265 774 374 816 nos
399 753 752 816 demissioni
769 755 1090 830 tute,unice
1109 753 1416 815 hominum
1435 760 1685 814 amator.
1714 774 1736 806 ν
1760 745 1911 810 Hinc

259 863 471 906 rursus
490 843 564 904 ad
589 843 876 906 Basilium
905 865 916 906 :
958 869 985 899 α
1020 845 1104 905 Τυ
1140 843 1296 904 basis
1327 842 1680 903 inconcussa
1699 838 1906 900 Eccle-

262 938 386 1012 size,
426 935 702 1016 praebens
735 935 966 995 cunctis
1001 931 1354 994 mortalibus
1378 933 1718 994 inviolatum
1747 928 1910 989 refu-

268 1026 681 1105 gium,tuaque
699 1025 1067 1084 confirmans
1096 1023 1370 1096 dogmata
1396 1043 1410 1102 ;
1438 1022 1571 1083 cceli
1595 1021 1781 1082 instar
1809 1035 1910 1078 re-

265 1115 612 1197 splendens,
645 1114 833 1175 sancti
857 1113 1056 1174 Basili.
1093 1138 1116 1166 ο
1167 1109 1452 1173 Similiter
1470 1109 1913 1197 etprimumvef

268 1196 604 1285 lustiusque
636 1205 920 1280 officium,
953 1201 1316 1282 descriptum
1374 1201 1432 1261 in
1485 1204 1746 1271 Menaeis,
1783 1196 1913 1258 festi

267 1307 444 1378 atque
469 1296 660 1358 sancti
683 1296 956 1357 encomia
981 1293 1274 1368 miscet;ef
1299 1293 1358 1352 in
1383 1292 1648 1372 vesperis
1667 1290 1911 1368 quidem

268 1386 448 1449 habet
503 1393 624 1448 tres
705 1403 913 1445 versus
995 1383 1315 1463 similares,
1349 1391 1410 1442 ut
1458 1387 1711 1451 vocant;
1769 1398 1914 1459 quo-

265 1495 397 1539 rum
433 1476 658 1555 primus
688 1474 766 1535 de
797 1473 950 1535 festo
984 1473 1301 1533 ascribitur
1331 1473 1559 1552 Byzanti
1595 1493 1607 1535 :
1644 1469 1763 1530 duo
1795 1487 1902 1529 au—

268 1576 386 1626 tem
422 1567 496 1625 de
539 1573 743 1624 sancto
788 1562 1068 1622 dicuntur
1126 1580 1256 1622 esse
1312 1560 1511 1622 Basilii
1556 1567 1616 1621 et
1662 1560 1910 1621 Joannis

261 1653 719 1724 monachorum,
753 1669 1006 1730 quorum
1044 1650 1335 1730 posterior
1371 1650 1602 1712 videtur
1633 1666 1764 1709 esse
1787 1647 1904 1708 Da-

257 1760 355 1805 ma
368 1740 778 1820 scenus,idem
800 1748 857 1801 et
879 1753 1090 1803 auctor
1110 1741 1355 1801 canonis
1371 1738 1582 1820 prolixi
1607 1737 1681 1798 de
1694 1736 1905 1797 eodem

1996 1756 2081 1804 τοῦ
2145 1755 2403 1829 αὶρετικοῦ
2477 1771 2760 1839 φρονοῦντα
2839 1765 3008 1839 παῤῥη

258 1841 489 1905 sancto,
520 1832 613 1891 cui
645 1830 900 1908 elogium
939 1830 1012 1889 de
1035 1829 1147 1890 vita
1181 1827 1580 1908 interponitur
1601 1827 1715 1889 hoc
1737 1825 1907 1886 disti-

2198 1823 2206 1829 '
2491 1823 2524 1839 ll
2916 1823 2951 1843 11

1996 1844 2081 1898 καὶ
2114 1841 2290 1901 ἔπεισε
2351 1849 2476 1925 παρ’
2533 1850 2711 1928 ὀλίγον
2769 1856 2867 1921 τὴν
2924 1879 2951 1909 α

254 1921 370 1981 cho
405 1927 704 1998 praeeunte
730 1940 742 1975 :

333 2031 406 2099 Ζῇ
441 2024 708 2086 Βασίλειος
739 2027 825 2080 καὶ
855 2027 1025 2082 θανὼν
1065 2027 1117 2082 ἐν
1155 2028 1349 2099 Κυοίω.

334 2094 406 2172 Ζῆ
441 2107 526 2161 καὶ
555 2102 680 2182 παρ’
709 2107 848 2180 ἡμῖν
881 2107 952 2168 ὡς
995 2106 1171 2162 λαλῶν
1203 2094 1256 2163 ἐν
1286 2115 1391 2164 τῶν
1431 2109 1653 2185 βῖϐλων,

333 2206 627 2289 Basilius,
663 2207 853 2268 etiam
880 2215 1182 2274 mortuus.
1227 2209 1486 2271 Domino
1519 2214 1716 2289 vivit,-

330 2287 630 2368 Nobt'sque
661 2289 832 2366 vivit,
861 2291 928 2350 in
958 2295 1089 2350 suis
1121 2289 1372 2369 loquens
1407 2290 1603 2354 libris.

251 2392 462 2454 Exstat
486 2391 640 2470 apud
678 2390 1099 2452 Combefisium
1148 2393 1334 2453 oratio
1367 2394 1553 2455 sancti
1584 2394 1907 2475 Amphilo-

248 2483 390 2549 cbii,
422 2481 732 2538 lconiensis
765 2481 1108 2551 episcopi,in
1140 2481 1902 2550 Dominicircumcisionem,

247 2567 312 2628 in
337 2587 454 2648 quo
480 2567 580 2629 ille
607 2567 690 2628 sic
714 2566 788 2628 de
813 2578 1017 2626 sancto
1041 2567 1258 2627 Basilio
1286 2567 1555 2644 loquitur
1583 2591 1595 2631 :
1626 2594 1646 2624 (ι
1674 2569 1779 2630 Hic
1799 2576 1911 2630 cir-

247 2657 784 2736 cumcisione,quze
809 2657 872 2716 ﬁt
899 2657 956 2716 in
982 2657 1188 2735 spiritu
1217 2665 1273 2717 et
1295 2657 1490 2716 divino
1519 2657 1904 2737 baptismate,

247 2766 465 2826 magno
495 2747 694 2807 animo
747 2745 1088 2826 praedicata,
1126 2745 1438 2826 perspicue
1502 2747 1826 2808 admodum
1859 2752 1908 2809 si

243 2838 383 2920 quis
401 2836 552 2898 alius
573 2835 681 2896 Dei
701 2835 1448 2908 cultor,circumcisionem
1479 2843 1533 2896 in
1559 2855 1738 2898 carne
1763 2846 1906 2897 sub-

251 2925 454 2989 movit.
495 2923 725 2987 Idcirco
760 2923 935 2986 etiam
969 2927 1100 3002 ejus
1129 2925 1198 2985 ad
1228 2927 1413 2988 Deum
1443 2945 1473 2985 a
1497 2935 1654 2987 terra
1681 2935 1738 2986 et
1769 2944 1909 2986 cor-

249 3034 396 3096 pore
426 3015 646 3077 solutio
683 3015 1094 3094 migratioque,
1133 3033 1250 3076 non
1305 3015 1412 3077 abs
1462 3033 1551 3092 re,
1587 3035 1782 3096 neque
1821 3017 1910 3096 (ut

1993 571 2188 637 obitus
2219 579 2348 658 ejus
2379 583 2492 645 hoc
2520 571 2690 648 versu
2722 591 3110 651 annuntiatur
3144 611 3157 650 :

2078 665 2446 750 Ἰαννουαρίοιο
2477 680 2626 744 Gaiae;
2663 682 2907 738 Βασιλέϊε
2939 685 3151 761 πρώτῃ.

2084 756 2236 838 Ipsis
2264 765 2568 829 occumbis
2598 772 2770 850 Jani,
2806 756 3056 845 Busitie,
3092 756 3403 834 Kalendis.

1999 850 2165 945 Tunc
2179 855 2354 916 etiam
2372 859 2642 938 ejusdem
2659 863 2869 926 festum
2889 867 3186 945 prmcipuo
3205 865 3358 926 cultu
3375 865 3639 928 celebra-

1999 947 2094 1039 tur
2115 943 2172 1039 in
2199 947 2576 1039 sanctissima
2598 971 2805 1032 magna
2821 943 3088 1017 Ecclesia
3104 954 3634 1036 Constantinopoli,

1996 1031 2080 1088 uti
2104 1031 2326 1125 legitur
2357 1037 2415 1098 in
2470 1040 2584 1102 fine
2638 1031 2824 1123 Elogii
2875 1045 3166 1115 historici,
3204 1045 3358 1125 quod
3394 1031 3506 1105 hoc
3537 1031 3637 1106 die

1995 1121 2390 1221 recitandum,
2429 1121 2830 1206 praescribitur
2853 1135 2909 1196 in
2950 1139 3192 1199 Menaeis
3223 1121 3456 1198 excusis
3487 1137 3632 1199 Elo-

1995 1216 2154 1306 gium
2185 1216 2292 1276 hoc
2321 1237 2434 1279 non
2463 1231 2627 1282 caret
2657 1224 3210 1306 mendis.Quare,eo
3239 1227 3633 1306 omisso,satis

1998 1301 2185 1363 habeo
2219 1308 2547 1384 producere
2593 1313 2750 1373 aliud
2809 1315 3066 1388 brevius,
3103 1301 3205 1379 sed
3263 1301 3544 1379 vetustius
3577 1325 3638 1378 et

1993 1395 2352 1487 accuratius,
2373 1417 2440 1460 ex
2470 1399 2796 1482 Menelogio
2832 1405 3029 1467 Basilii
3056 1408 3612 1487 imperatoris,circi

1991 1497 2208 1542 annum
2242 1485 2359 1546 984
2389 1492 2728 1571 conscripto
2760 1495 2868 1557 hac
2895 1485 3208 1559 verborum
3243 1499 3464 1560 forma:

2073 1573 2129 1632 6.
2170 1585 2207 1631 Ο
2244 1575 2296 1631 ἐν
2330 1578 2528 1658 Ἀγίοις
2566 1586 2742 1660 Πατὴρ
2773 1589 2928 1660 ἡμῶν
2977 1589 3246 1654 Βασίλειος
3279 1591 3344 1657 ἧν
3403 1590 3485 1645 ἐπὶ
3531 1591 3629 1654 τῆς

1990 1661 2259 1735 βασιλείας
2324 1669 2638 1750 Οὗσὶλεντος,
2719 1673 2892 1732 ὅντινα
2967 1679 3230 1735 Οὐάλεντα
3299 1681 3363 1734 τὰ
3428 1677 3630 1756 Ἀρείου

3018 1769 3331 1840 τιασεὶμενος
3410 1767 3625 1844 ¹ἤλεγξε,

2769 1856 2867 1921 τὴν
2924 1857 3126 1932 αἵρεσιν
3185 1857 3530 1927 ἀρνήσασθαι,
3585 1859 3629 1911 εἰ

1987 1932 2066 2005 μὴ
2127 1936 2512 2014 αἰσχυνόμενον
2559 1946 2711 2000 αὐτὸν
2771 1943 3007 2001 ἔϐλεπεν·
3060 1945 3205 2020 ὅμως
3256 1947 3298 2002 εἰ
3350 1947 3442 2013 τὴν
3477 1945 3630 2022 αἵρε-

1988 2043 2069 2076 σιν
2128 2023 2341 2089 τελείως
2401 2030 2492 2083 οὒκ
2538 2031 2831 2109 ἠρνήσατο,
2892 2035 3024 2098 τέως
3084 2038 3171 2092 καὶ
3216 2041 3282 2111 τῇ
3335 2034 3628 2106 Ἐκκλησία

1987 2112 2272 2188 προσῆλθε,
2353 2117 2776 2199 λειτουργοῦντος
2854 2135 2944 2182 τοῦ
3023 2123 3256 2199 μεγάλου
3326 2124 3623 2202 Βασιλεέοι),

1988 2203 2073 2257 καιῖ
2105 2200 2247 2281 δῶρα
2274 2207 2629 2288 προσέφερεν·
2672 2213 2737 2280 ἦν
2789 2213 2840 2268 δὲ
2896 2215 2922 2270 ὃ
2975 2215 3142 2292 μέγας
3187 2215 3459 2279 Βασέλειος
3523 2216 3631 2277 υἱὸς

1995 2291 2267 2349 Βασιλείου
2326 2305 2417 2354 τοῦ
2467 2299 2570 2355 ἀπὸ
2619 2310 2705 2357 τοὺ
2765 2305 2986 2376 Ηόντοιι,
3041 2306 3125 2360 καὶ
3187 2303 3475 2379 Ἐμμελίας
3534 2309 3630 2371 τῆς

1992 2379 2097 2436 ἀπό
2155 2383 2248 2449 τῆς
2312 2387 2711 2470 Καππαδοκίας,
2758 2393 2900 2454 ὅστις
2961 2395 3012 2450 ἐν
3073 2394 3226 2474 σοφίᾳ
3290 2397 3374 2449 καὶ
3433 2393 3629 2470 γνώσει

1991 2470 2196 2535 πάντας
2228 2476 2313 2532 καὶ
2363 2479 2486 2540 τοὺς
2540 2478 2796 2544 παλαιοὺς
2858 2483 3094 2553 ἐνίκησε,
3157 2483 3519 2562 κατεξαίρετυν
3580 2482 3634 2538 δὲ

1990 2571 2244 2619 τοσοῦτον
2277 2563 2486 2640 ἐγένετο
2532 2567 2778 2641 abl-13%;,
2812 2573 2882 2632 ὡς
2915 2575 3001 2627 καὶ
3061 2571 3336 2650 ἀρχιερεὺς
3394 2572 3632 2650 γενέσθαι

1990 2656 2084 2705 τοῦ
2152 2652 2334 2727 θρόνου
2398 2659 2734 2733 Καισαρείας,
2799 2659 2929 2716 ὅπου
2978 2664 3066 2717 καὶ
3137 2661 3363 2726 πολλοὺς
3422 2661 3629 2738 ἀγῶνας

1994 2739 2123 2816 ὒπὲρ
2156 2746 2255 2806 τῆς
2304 2744 2572 2820 ὀρθοόόξου
2633 2749 2860 2812 πίστεως
2909 2751 3218 2829 ὑπομείνας,
3251 2753 3337 2806 καὶ
3391 2749 3634 2825 βασιλεῖς

1995 2830 2084 2884 καὶ
2143 2832 2411 2912 ὑπάρχους
2473 2835 2844 2908 καταπλείξας,
2917 2841 3002 2895 καὶ
3079 2845 3184 2894 τῶν
3237 2841 3513 2916 αἱρετικῶν
3570 2842 3636 2894 τὰ

1997 2920 2239 2995 στόματα
2297 2923 2489 3002 φράξας
2571 2940 2686 2990 τοῖς
2757 2927 2958 3005 λόγοις,
3020 2931 3106 2984 καὶ
3183 2925 3358 3004 βιϐλία
3402 2929 3632 2984 πλεῖστα

1995 3012 2464 3093 συγγραψάμενος,
2543 3018 2628 3072 καὶ
2705 3020 2861 3096 Inpia
2937 3019 3178 3093 θαύματα
3249 3019 3631 3096 ἐργασάμενος,

253 3092 390 3187 quis
412 3114 622 3187 praeter
645 3092 939 3166 rationem
964 3092 1140 3166 fuerit
1166 3105 1522 3186 suspicatus)
1550 3125 1582 3166 a
1605 3092 1768 3184 casu,
1790 3092 1867 3168 ho
1886 3142 1900 3150 -

1996 3097 2043 3154 ἐν
2105 3103 2288 3179 εἰρήνῃ
2321 3092 2458 3181 πρὸς
2509 3107 2691 3183 Κύριον
2727 3092 3077 3181 ἐξεδήμηαεν.
3113 3127 3143 3168 (
3179 3092 3430 3170 Sanctus
3460 3107 3634 3168 Pater

250 3195 462 3258 dierna
485 3195 582 3257 die
602 3194 1081 3257 circumcisionis
1104 3194 1472 3268 Jesu,media
1490 3196 1703 3257 divinte
1727 3195 1902 3258 Chri-

250 3286 330 3348 sti
355 3285 645 3348 nativitati
665 3285 1084 3365 baptismoque
1109 3285 1415 3345 concurrit
1447 3303 1462 3360 ;
1488 3285 1591 3345 sed
1619 3285 1774 3345 velut
1797 3287 1896 3366 qui

251 3376 640 3440 beatissimus
674 3375 782 3448 vir,
809 3379 868 3434 in
896 3374 1111 3436 Christi
1147 3372 1465 3435 nativitatis
1500 3374 1903 3454 baptismique

244 3467 686 3530 renuntiatione
710 3473 766 3525 et
787 3464 1164 3536 exaltatione,
1189 3463 1398 3543 spiritu
1411 3463 1566 3524 alem
1594 3463 1906 3524 circumci-

249 3556 485 3618 sionem
515 3553 888 3625 exaltaverit,
925 3571 1093 3614 sacra
1125 3552 1436 3612 memoriae
1470 3555 1602 3632 ejus
1635 3553 1760 3632 die,
1795 3571 1912 3614 una

252 3653 317 3710 et
345 3646 474 3727 ipse
505 3645 854 3717 resolutius,
886 3645 958 3706 ad
1010 3641 1308 3704 Christum
1356 3641 1597 3704 exaltari
1635 3642 1853 3702 meruit
1892 3660 1904 3705 :

248 3736 682 3814 decretumque
708 3735 816 3796 fuit
842 3743 900 3794 ul
929 3752 1032 3814 per
1057 3732 1114 3792 id
1141 3740 1376 3811 tempus
1397 3749 1595 3792 annua
1621 3731 1750 3811 ejus
1776 3751 1906 3794 me-

253 3827 444 3888 moria
456 3823 898 3904 celebritasque
912 3820 1540 3884 recolereturzidcirco
1559 3819 1909 3882 universalis

253 3935 362 3997 per
404 3932 615 3976 omnes
647 3913 812 3975 orbis
861 3922 1056 3993 partes
1105 3919 1448 3974 sanctorum
1491 3912 1904 3972 universorum

252 4005 547 4077 Ecclesia,
584 4004 1014 4064 sanctissimam
1075 4003 1206 4083 ejus
1254 4020 1602 4082 sacramque
1643 4001 1740 4062 die
1796 4001 1906 4062 hac

249 4115 437 4175 agens
467 4093 932 4174 gloriﬁcansque
966 4091 1339 4163 memoriam,
1376 4091 1726 4170 gratissimis
1777 4091 1900 4153 Deo

1989 3198 2186 3251 noster
2216 3191 2460 3252 Basilius
2488 3195 2686 3257 floruit
2708 3196 2814 3257 sub
2843 3197 3104 3259 Valentis
3129 3195 3634 3278 imperioValen-

1989 3287 2104 3338 tem
2145 3299 2309 3360 vero,
2337 3282 2554 3346 Ariana
2571 3286 2781 3347 haeresi
2814 3286 3120 3362 infectum,
3146 3287 3392 3350 liberius
3423 3288 3636 3349 admo»

1991 3370 2185 3458 nendo
2206 3371 2962 3455 redarguit,persuasitque
2985 3379 3412 3458 propemodum
3440 3379 3634 3440 haere-

1990 3457 2101 3518 sim
2136 3458 2434 3542 abjurare,
2471 3463 2518 3524 si
2554 3483 2669 3525 non
2702 3466 2812 3526 sibi
2849 3467 2901 3528 id
2936 3457 3216 3529 dedecori
3255 3468 3516 3529 futurum
3555 3470 3633 3530 ti-

1993 3547 2280 3612 muisset:
2317 3553 2588 3630 quamvis
2619 3554 2774 3615 enim
2810 3555 3083 3616 haeresim
3120 3557 3295 3636 plene
3323 3577 3438 3616 non
3471 3557 3636 3637 abju-

1991 3638 2231 3726 raverit,
2288 3641 2612 3702 accedebat
2668 3657 2864 3704 tamen
2918 3646 2988 3706 a'l
3042 3647 3381 3716 ecclesiam,
3423 3666 3632 3726 magno

1993 3724 2211 3789 Basilio
2240 3746 2365 3790 rem
2400 3729 2661 3791 divinam
2697 3731 2972 3805 faciente,
3005 3742 3063 3794 et
3115 3736 3268 3796 dona
3318 3724 3626 3800 offerebat.

1995 3817 2136 3878 Erat
2155 3836 2292 3878 vero
2321 3837 2566 3898 magnus
2596 3821 2847 3883 Basilius
2876 3823 3032 3884 filius
3058 3824 3255 3886 Basilii
3295 3825 3544 3904 Pontici,
3579 3836 3636 3887 et

1991 3905 2300 3969 Emmelite
2331 3908 2720 3990 Cappadocis.
2753 3910 2856 3974 Vir
2888 3914 3002 3975 iste
3027 3916 3320 3993 egregius,
3347 3915 3638 3994 sapientia

1993 4007 2050 4057 et
2081 3999 2353 4060 doctrina
2382 4019 2607 4061 εοωνοε
2650 4020 2817 4082 teque
2875 4020 2942 4064 ac
2989 4004 3264 4083 antiquos
3313 4005 3632 4084 superavit.

1992 4087 2237 4150 Pietatis
2259 4108 2396 4151 vero
2425 4101 2551 4152 erat
2586 4101 2699 4153 tam
2727 4092 2985 4172 eximia},
3013 4094 3155 4153 utin
3189 4095 3465 4155 thronum
3499 4096 3631 4175 epi-

250 4184 554 4265 laudibus,
613 4201 728 4244 una
787 4183 1111 4256 Christum,
1178 4183 1277 4262 qui
1336 4182 1631 4260 gloriosus
1691 4193 1780 4243 est.
1839 4183 1898 4242 in
1983 4177 2283 4256 scopalem
2308 4177 2591 4241 Cassarem
2624 4191 2864 4242 evectus
2887 4181 2985 4254 sit,
3020 4182 3117 4242 ubi
3142 4192 3200 4242 et
3228 4184 3410 4243 multa
3437 4191 3630 4245 certa-

252 4279 483 4338 sanctis
511 4273 656 4353 suis,
692 4271 941 4334 canticis
973 4271 1233 4332 celebrat
1267 4279 1323 4333 ct
1344 4271 1650 4349 glorificat.
1693 4299 1713 4329 υ

326 4366 380 4420 5.
416 4364 616 4422 Menaea
649 4377 878 4434 quoque
903 4360 1147 4417 Venetiis
1167 4377 1386 4423 excusa,
1416 4362 1596 4432 prima
1620 4363 1901 4430 Januarii,

251 4455 460 4536 utjam
486 4456 691 4518 dicere
712 4454 888 4532 cmpi,
916 4450 1173 4512 officium
1197 4451 1383 4511 sancti
1408 4452 1604 4512 Basilii
1625 4453 1904 4513 solemni-
1933 4489 1974 4538 ο

256 4556 347 4608 ter
376 4543 837 4622 celebrandum,
873 4541 1050 4602 simul
1084 4559 1216 4602 cum
1251 4541 1398 4602 festo
1432 4541 1908 4602 circumcisionis

255 4635 584 4716 praescribu
597 4633 926 4714 nt,hymnis
939 4630 1117 4692 variis
1141 4630 1506 4710 canticisque
1520 4631 1587 4690 ad
1616 4631 1906 4692 honorem

253 4724 451 4788 sancti
481 4724 798 4797 intextum,
832 4720 1048 4803 quibus
1080 4719 1407 4782 orthodoxa
1433 4721 1564 4801 ejus
1615 4720 1904 4793 doctrina,

255 4814 572 4896 pastoralis
591 4811 1127 4883 sollicitudo,casta
1157 4810 1555 4882 conversatio,
1586 4809 1909 4871 miraculo-

253 4924 390 4967 rum
421 4906 608 4983 gratia
629 4901 866 4964 cmlitus
891 4917 1194 4978 concessa,
1227 4899 1560 4962 laudantur.
1588 4900 1905 4978 Exemplo,

257 4993 508 5074 reliquis
539 4991 800 5070 omissis,
836 4990 955 5050 sint
987 4991 1112 5050 Laec
1147 5009 1160 5050 :
1203 5015 1226 5044 «
1264 4990 1488 5052 Diffusa
1523 5001 1607 5050 est
1640 4991 1820 5068 gratia
1853 4990 1910 5050 in

257 5083 432 5145 labiis
465 5082 604 5157 tuis,
630 5089 834 5143 sancte
868 5079 1061 5154 Pater,
1090 5087 1148 5140 et
1177 5078 1366 5141 factus
1400 5089 1599 5161 pastor
1628 5079 1914 5142 Ecclesia).

259 5171 476 5236 Christi
505 5194 522 5249 ;
560 5171 816 5234 docuisti
845 5171 1169 5230 rationales
1195 5187 1332 5230 oves
1357 5170 1604 5233 credere
1637 5171 1695 5231 in
1721 5169 1912 5232 Trini—

261 5272 464 5340 tatem,
498 5259 1065 5324 consubstantialem
1093 5260 1152 5320 in
1186 5277 1302 5320 una
1326 5259 1562 5321 deitate.
1600 5262 1912 5323 Miraculo-

257 5372 393 5416 rum
425 5353 614 5432 gratia
660 5351 896 5414 coalitus
929 5359 1270 5412 exornatus.
1307 5350 1577 5410 fraudem
1615 5351 1910 5412 idolorum

257 5443 685 5526 praedicatione
725 5440 1067 5521 confudisti,
1101 5440 1422 5502 antistitum
1460 5441 1908 5520 princeps,glo—

257 5533 670 5616 ria,fulcimen
705 5531 1051 5592 beatissime
1073 5529 1275 5604 Basili,
1304 5533 1614 5592 etPatrum
1641 5531 1906 5592 omnium

258 5623 554 5687 doctrinae
576 5621 909 5700 exemplar.
937 5620 1235 5682 Fiduciam
1277 5621 1431 5699 apud
1467 5619 1763 5681 Christum
1796 5637 1908 5680 na-

254 5712 614 5795 ctus,ipsum
637 5715 1067 5791 deprecare,ut
1083 5708 1902 5773 salveuturanimaanostris.»

1990 4267 2146 4328 mina
2169 4287 2272 4348 pro
2297 4271 2623 4332 orthodoxa
2645 4272 2760 4334 fide
2785 4272 3096 4341 sustinuit;
3125 4281 3426 4352 stuporem
3455 4273 3631 4334 simul

1988 4366 2044 4417 et
2076 4366 2366 4420 terrorem
2399 4360 2871 4441 imperatoribus.
2899 4373 2955 4423 et
2991 4364 3280 4444 praefectis
3311 4363 3638 4445 incutiens,

1993 4446 2534 4530 hareticorumque
2595 4469 2699 4511 ora
2761 4451 3002 4512 dicendi
3065 4455 3116 4512 vi
3179 4453 3509 4515 obturans:
3571 4473 3640 4514 ac

1994 4537 2256 4618 tandem,
2295 4556 2427 4598 cum
2465 4540 2684 4601 multos
2719 4539 2907 4602 libros
2966 4542 3321 4623 scripsisset.
3359 4552 3415 4603 et
3448 4543 3638 4623 pluri-

1995 4645 2089 4687 ma
2122 4637 2411 4706 patrasset
2450 4631 2753 4708 miracula,
2779 4632 2836 4692 in
2871 4651 3015 4714 pace
3042 4634 3311 4712 migravit
3335 4635 3403 4694 ad
3433 4633 3641 4694 Domi-

1996 4735 2158 4779 num.
2201 4744 2225 4773 ³)

2073 4808 2134 4871 7.
2169 4812 2375 4890 Neque
2427 4811 2619 4874 solum
2658 4815 2712 4873 in
2746 4813 2932 4874 sacris
2965 4813 3306 4875 Graecorum
3337 4813 3498 4873 fastis
3530 4815 3639 4876 hac

1996 4897 2091 4959 die
2120 4901 2413 4981 ascriptus
2444 4910 2535 4963 est
2565 4911 2804 4963 sanctus
2837 4902 3086 4965 Basilius
3126 4923 3140 4974 ;
3173 4902 3275 4962 sed
3315 4909 3472 4961 tanta
3506 4901 3638 4964 festi

1996 4990 2364 5072 solemnitas,
2399 5010 2526 5070 quae
2561 5009 2670 5073 per
2701 4992 3009 5055 Orientem
3047 4993 3234 5072 prima
3268 4992 3528 5054 Januarii
3564 4993 3636 5054 ad

1996 5081 2124 5158 ejus
2156 5082 2598 5144 venerationem
2632 5082 2898 5144 instituta
2928 5091 3038 5160 est,
3073 5082 3447 5143 occasionem
3481 5101 3634 5162 prte-

1995 5169 2123 5231 buit
2153 5171 2586 5252 antiquioribus
2618 5173 3050 5254 Martyrologiis
3080 5173 3328 5250 Latinis,
3354 5172 3485 5252 ejus
3509 5193 3640 5235 me-

2001 5260 2244 5321 moriam
2263 5261 2469 5322 saltem
2486 5262 2741 5340 aliquam
2766 5264 2969 5322 eadem
2993 5281 3228 5344 quoque
3244 5262 3339 5323 die
3359 5261 3639 5326 faciendi.

2002 5348 2159 5412 inter
2191 5369 2292 5412 eos
2327 5353 2486 5413 Beda
2516 5351 2926 5432 supposititius
2961 5352 3159 5432 habet,
3194 5353 3381 5413 sancti
3441 5353 3639 5415 Basilii

1994 5440 2282 5520 episcOpi.
2317 5441 2618 5505 Usuardus
2661 5440 3058 5519 Coloniensis,
3093 5444 3150 5502 in
3181 5446 3450 5506 Caesarea
3485 5444 3638 5523 Cap-

1997 5531 2258 5609 padocia:
2305 5533 2599 5612 depositio
2647 5534 2836 5593 sancti
2897 5532 3120 5594 Basilii.
3159 5533 3546 5611 Maurolycus,
3585 5551 3637 5590 ll)

1993 5621 2263 5681 Caesarea
2290 5619 2674 5700 Cappadocia:
2707 5621 3002 5702 depositio
3046 5622 3234 5684 sancti
3271 5621 3474 5682 Basilii
3507 5619 3637 5698 epi-

1991 5710 2362 5790 scopi,cujus
2375 5710 2694 5774 celebritas
2707 5712 2942 5775 decimo
2964 5722 3177 5776 octavo
3192 5707 3640 5773 KalendasJulii
