4140 6422
466 346 618 395 DCXC

467 463 535 527 R.
573 467 634 526 8.
672 464 919 529 Cosma.

470 556 555 616 De
586 562 744 615 veste
777 555 1211 616 Innocentium.

467 642 550 705 De
574 646 632 705 8.
662 643 976 705 Theodoro

468 735 553 795 De
585 732 769 793 barba
801 736 859 794 S.
888 735 1170 798 Amandi.

464 824 541 886 Β.
572 822 630 885 8.
652 822 839 899 Pauli,
870 826 928 886 8.
961 823 1236 905 Remigii,
1269 826 1329 891 8.
1370 826 1553 890 Petri.

466 915 551 976 De
586 921 785 973 monte
807 913 1108 977 Calvaria.
1460 920 1542 979 De
1559 935 1825 999 prasepe
1850 918 2111 982 Domini.

1451 1008 1523 1069 Β.
1549 1006 1820 1087 Symonis
1844 1008 2107 1072 etJuda.

1453 469 1514 533 8.
1543 470 1855 552 Peregrini

1456 651 1541 712 De
1570 650 1725 729 ligno
1762 650 2020 715 Domini.

462 1003 546 1063 De
575 1002 819 1063 brachio
853 1002 913 1065 S.
951 1004 1236 1084 Odulphi.

461 1094 525 1153 8.
561 1091 979 1155 Bartholomai
1008 1094 1285 1172 apostoli.

463 1184 525 1244 8.
563 1181 815 1261 Agnetis
850 1181 1113 1260 virginis.
1462 1188 1524 1248 S.
1557 1185 1756 1263 Eligii.

463 1270 547 1332 De
580 1270 873 1345 columnr,
901 1271 997 1331 ubi
1034 1272 1137 1332 fuit
1166 1272 1451 1334 Dominus
1486 1276 1837 1353 ﬂagellatus.

460 1360 546 1422 De
578 1361 827 1433 concha,
862 1360 1019 1422 unde
1050 1362 1187 1422 lavit
1222 1362 1406 1443 pedes
1434 1365 1863 1443 apostolorum.

462 1452 538 1514 Β.
578 1453 639 1513 8.
672 1450 887 1523 Maria,
922 1453 984 1512 S.
1019 1453 1208 1527 Petri,
1236 1456 1297 1515 8.
1334 1454 1526 1516 Pauli.

464 1540 535 1604 Β.
562 1543 621 1603 8.
655 1539 943 1617 Gregorii,
974 1543 1034 1603 8.
1071 1540 1375 1623 Germani,
1416 1541 1473 1605 S.
1509 1544 1825 1624 Simplicii.

463 1629 525 1694 8.
560 1630 834 1691 Andrea.
1459 1636 1519 1694 8.
1543 1632 1831 1695 Bemacli.

464 1724 537 1783 Β.
574 1719 635 1783 8.
670 1722 836 1781 Joua
868 1721 1193 1800 propheta.

465 1812 534 1870 Β.
572 1810 631 1872 8.
668 1810 917 1871 Caecilia
948 1810 1193 1888 digitus.
1460 1810 1522 1875 S.
1558 1811 1811 1875 Bertha.

464 1902 549 1961 De
581 1899 739 1977 ligno
770 1899 1025 1962 Domini.

464 1990 538 2052 R.
574 1987 637 2051 8.
672 1987 915 2050 Bertini.
1461 1990 1523 2054 S.
1564 1992 1907 2055 Audomari.

464 2082 524 2142 8.
569 2078 947 2141 Scholastica
1463 2080 1523 2143 8.
1560 2081 1766 2143 Felicii
1802 2099 1989 2164 papa.

464 2170 550 2231 De
582 2168 714 2229 oleo
743 2172 898 2247 quod
932 2166 1239 2230 benedixit
1268 2167 1329 2230 8.
1376 2170 1761 2235 Benedictus.

463 2258 549 2319 De
572 2265 758 2336 petra,
786 2274 965 2335 super
995 2274 1111 2335 qua
1147 2258 1433 2319 Dominus
1475 2266 1659 2321 stetit.

463 2347 539 2409 B.
564 2345 625 2408 8.
659 2345 843 2425 Pauli,
877 2348 941 2408 8.
970 2346 1196 2426 Cyriaci
1224 2356 1569 2429 martyrum.

467 2434 528 2498 8.
560 2433 854 2516 Hippolyti
883 2446 1055 2499 mari.
1473 2437 1535 2500 S.
1572 2437 1913 2523 Gengulphi
1940 2450 2109 2506 mart.

466 2527 531 2589 S.
562 2524 859 2587 Pancratii
883 2534 1056 2589 mart.
1464 2525 1528 2591 S.
1555 2530 1794 2594 Sabina
1822 2531 1966 2612 virg.

466 2616 530 2677 8.
567 2614 855 2696 Odulphi.
1462 2620 1525 2683 S.
1561 2621 1871 2703 Gerulphi.

466 2708 529 2768 8.
566 2704 831 2768 Maximi.
1459 2711 1519 2771 S.
1551 2711 1844 2783 Quintini.

465 2793 528 2857 S.
561 2794 846 2858 Machuti.
1462 2798 1525 2861 8.
1559 2799 1619 2861 Id
1631 2801 1888 2880 eberga.

462 2881 527 2948 S.
560 2882 819 2946 Martini.
1458 2890 1521 2951 8.
1556 2888 1851 2970 Gregorii.

461 2975 549 3036 De
585 2989 864 3053 prasepe
886 2972 1143 3035 Domini.

464 3062 550 3125 De
581 3063 748 3141 virga
777 3064 997 3125 Aaron.

467 3153 543 3216 B.
573 3150 628 3215 S.
667 3152 871 3214 Jacobi
902 3154 1177 3233 apostoli.

467 3244 529 3305 8.
568 3241 897 3305 Marcellini
920 3251 978 3304 et
1008 3246 1071 3305 8.
1108 3243 1470 3311 Geminiani.

468 3334 554 3394 De
580 3331 807 3411 capillis
831 3335 892 3395 8.
925 3332 1361 3416 Christophori.

464 3424 554 3482 De
591 3420 818 3501 capillis
846 3424 1246 3503 apostolorum
1281 3426 1436 3490 Petri
1470 3440 1530 3490 et
1569 3427 1760 3488 Pauli.

465 3513 572 3574 SS.
604 3510 859 3574 Matthia
885 3520 942 3572 et
970 3514 1231 3577 Andrea

468 3600 528 3664 S.
562 3601 804 3662 Joannis
835 3604 1229 3682 evangelista.

468 3690 786 3753 Brachium
819 3691 882 3754 S.
919 3695 1249 3756 Severiani.

552 3785 688 3844 Hac
713 3791 909 3845 autem
943 3784 1252 3866 Philippus
1307 3786 1504 3868 sigillo
1541 3805 1649 3849 suo
1711 3784 1930 3848 muniri
1962 3803 2118 3866 pra-

466 3878 647 3954 cepit.

548 3962 599 4024 A
630 3970 792 4043 tergo
821 3963 1173 4045 inscriptum
1200 3975 1322 4028 erat
1339 3966 1553 4029 eodem
1574 3968 1922 4029 charactere
1946 3965 2114 4028 Bim-

468 4053 988 4124 QUI£.‘etrdditum
1012 4055 1351 4117 recenciori
1374 4055 1873 4131 manu,VtsnA'rIE
1898 4057 2110 4121 1186.»

470 4143 623 4217 Quid
657 4153 857 4205 autem
888 4152 1115 4224 septem
1147 4145 1279 4206 aliis
1326 4145 1564 4207 scriniis
1598 4146 1996 4223 contineatur,
2029 4147 2119 4208 vel

475 4233 620 4315 quid
652 4233 727 4293 iis
758 4242 966 4312 postea
995 4234 1213 4295 factum
1234 4234 1334 4315 sit,
1359 4236 1763 4316 Brugensibus
1785 4236 2121 4298 examinan-

476 4324 617 4384 dum
650 4320 952 4398 relinquo.

559 4415 643 4475 De
673 4410 789 4472 alia
816 4412 1202 4492 reliquiarum
1234 4417 1425 4478 sancti
1445 4416 1645 4479 Basilii
1684 4416 2041 4498 visitatione,
2067 4425 2124 4477 et

475 4501 847 4582 depositione
879 4502 939 4562 in
976 4504 1333 4567 ornatiorem
1370 4524 1631 4588 capsam,
1670 4514 1919 4569 testatur
1961 4506 2121 4586 regi-

1468 3606 1540 3668 B.
1574 3609 1637 3669 8.
1684 3602 2033 3667 Felicitatis.

1883 335 2475 399 PROLEGOMENA.

2138 479 2173 523 Α
2204 468 2391 527 Patris
2412 476 2471 527 et
2501 466 2727 527 domini
2756 463 3294 543 nostri,dominiPii
3316 464 3859 528 divinaProvideu-

2202 556 2277 616 tia
2317 574 2481 636 papa
2512 554 2560 617 II
2592 574 2747 616 anno
2806 554 3035 635 quinto,
3074 556 3132 615 in
3190 554 3299 616 hac
3362 553 3618 615 ecclesia
3651 552 3860 615 Sancti

2198 644 2511 707 Donatiani
2545 645 2889 725 Brugensis,
2947 644 3247 707 scalfaudo
3300 643 3453 705 bene
3485 650 3855 723 carpentato,

2196 745 2333 797 ante
2365 736 2598 811 doxale;
2629 744 2684 795 et
2714 744 3107 796 sacrosancta
3133 734 3401 816 reliquia
3421 732 3669 794 inferius
3691 732 3859 794 desi—

2196 833 2403 904 gnata.
2437 843 2629 905 nuper
2651 844 2718 886 ex
2745 825 2999 905 quadam
3033 833 3259 886 vetusta
3283 841 3481 904 capsa,
3525 825 3582 883 in
3617 841 3733 902 qua
3754 823 3858 885 diu

2198 915 2271 976 ab
2294 924 2492 987 antea,
2527 914 2805 975 videlicet
2837 914 2911 975 de
2944 934 3097 974 anno
3137 913 3369 974 Domini
3404 912 3582 986 1186,
3614 911 3851 974 vaal.

2196 1004 2377 1076 Junii,
2416 1005 2688 1085 Philippo
2711 1004 3005 1065 Flandria
3026 1013 3082 1065 et
3124 1002 3567 1065 Veromandua
3614 1004 3855 1083 comite,

2199 1094 2553 1157 Theoderici
2606 1093 2845 1156 comitis
2905 1093 3198 1155 Flandria
3228 1092 3348 1154 filio
3374 1101 3514 1153 tunc
3570 1101 3860 1171 regnante

2198 1192 2541 1246 reverenter
2575 1184 2921 1245 exstiterant
2956 1184 3283 1263 collocata,
3313 1201 3346 1243 a
3388 1200 3528 1243 casu
3561 1182 3853 1262 disrupta,

2198 1284 2473 1336 extracta
2503 1274 2751 1334 fuerunt
2800 1292 2907 1354 per
2942 1274 3339 1335 reverendam
3376 1272 3434 1332 in
3468 1271 3703 1335 Christo
3737 1274 3849 1333 Pa-

2198 1373 2373 1444 trem,
2408 1363 2473 1424 D.
2542 1363 2928 1427 Guilielmum
2988 1362 3257 1437 Vasoris,
3304 1381 3490 1424 sacra
3539 1362 3855 1443 theologia

2200 1454 2616 1533 professorem,
2646 1454 2724 1514 de
2759 1453 3470 1523 ordinePradicatorum,
3498 1454 3850 1533 episcopum

2198 1545 2615 1625 Sareptanum,
2649 1545 2717 1605 ad
2748 1545 2860 1604 hoc
2883 1562 2916 1604 a
2958 1544 3288 1606 reverendo
3323 1544 3380 1603 in
3414 1543 3647 1606 Christo
3678 1542 3852 1605 Patre

2199 1647 2253 1695 et
2288 1634 2562 1714 Domino,
2590 1637 2655 1696 D.
2684 1632 3002 1696 Guilielmo
3041 1634 3325 1713 episcopo
3346 1634 3712 1696 Tornacensi
3734 1633 3850 1699 loci

2199 1724 2559 1805 dimcesano,
2578 1722 2837 1804 speciale
2853 1723 3204 1784 mandatum
3230 1721 3846 1803 habente,translata,

2199 1822 2259 1875 et
2284 1814 2343 1874 in
2377 1833 2523 1875 novo
2557 1812 2870 1887 feretro,S.
2909 1812 3109 1875 Basilii
3141 1812 3459 1888 attitulato,
3491 1813 3551 1873 in
3578 1812 3853 1874 illustris-

2198 1905 2483 1966 simorum
2519 1904 2849 1983 principum
2884 1901 3846 1982 dominorum,PhilippiBurgun-

2199 1992 3129 2073 dia,l.otharingia,Brahantia,
3167 2002 3226 2053 et
3256 1992 3611 2072 Limburgia
3632 1992 3799 2053 ducis
3825 2015 3840 2071 ;

2198 2104 2267 2146 ac
2300 2080 3844 2164 Flandria,Arthesii,Burgundia,Palatini,Hanno-

2199 2173 2700 2255 nia,Ho|landia,
2744 2182 2803 2235 et
2833 2173 3149 2247 Zelandia,
3186 2192 3251 2235 ac
3276 2172 3555 2235 Namurci
3588 2171 3849 2250 comitis,

2201 2264 2487 2345 Sacrique
2518 2263 2759 2346 Imperii
2792 2263 3191 2339 marchionis;
3228 2264 3578 2343 dominique
3612 2262 3849 2339 Frigia,

2200 2354 2533 2417 Salinarum
2559 2363 2616 2415 et
2645 2354 2979 2417 Mechlinia
3006 2377 3017 2413 :
3048 2353 3238 2415 Caroli
3272 2354 3510 2417 comitis
3542 2351 3849 2424 Carolesii,

2198 2465 2265 2507 ac
2298 2446 2372 2506 de
2422 2443 2752 2506 Castrolino
2799 2444 2956 2508 etde
2989 2443 3283 2506 Bethunia
3314 2444 3539 2507 domini
3587 2467 3601 2521 ;
3666 2442 3854 2521 ipsius

2198 2536 2424 2597 domini
2456 2534 2708 2615 Philippi
2744 2534 2845 2596 filii
2881 2534 3133 2613 legitimi
3160 2542 3219 2595 et
3248 2536 3513 2597 haredis
3548 2552 3699 2597 :nec
3732 2550 3852 2593 non

2196 2626 2442 2689 Joannis
2464 2626 2632 2687 ducis
2664 2624 2969 2687 Clevensis
3005 2642 3020 2698 ;
3052 2624 3490 2704 reverendique
3524 2624 3582 2686 in
3616 2623 3850 2685 Christo

2198 2717 2391 2779 Patris
2419 2715 2647 2775 domini
2678 2713 2871 2775 Caroli
2918 2714 2992 2773 de
3032 2711 3355 2788 Borbonio,
3417 2711 3851 2792 archiepiscopi

2200 2804 2638 2884 Lugdunensis,
2666 2802 2934 2882 primatis
2963 2800 3278 2882 Francia;
3310 2802 3588 2863 Ludovici
3614 2801 3853 2863 comitis

2200 2892 2263 2957 8.
2291 2893 2478 2967 Pauli,
2516 2891 2882 2970 illustrisque
2915 2890 3171 2950 domina
3201 2888 3845 2969 AgnetisBurgundia,

2200 2982 2453 3043 ducissa
2475 2978 2887 3052 Borbonia,ac
2920 2976 3176 3056 Adolphi
3198 2975 3503 3039 Clevensis
3527 2975 3753 3037 domini
3775 2979 3851 3036 de

2202 3065 2773 3140 Bavestain,dictiD.
2806 3065 2976 3128 ducis
2996 3066 3303 3128 Clevensis
3320 3066 3540 3146 fratris;
3572 3084 3640 3126 ac
3672 3065 3847 3126 etiam

2199 3156 2666 3221 reverendorum
2690 3155 3243 3237 venerabiliumque
3268 3158 3326 3219 in
3350 3156 3585 3220 Christo
3607 3154 3849 3217 Patrum

2136 3240 2175 3291 ο
2202 3244 2833 3308 dominorumThoma
2856 3245 3235 3324 Assanensis,
3262 3248 3320 3308 in
3340 3246 3604 3328 partibus
3624 3245 3855 3324 Anglia

2202 3337 2487 3417 episcopi,
2523 3335 2597 3398 de
2621 3336 2831 3398 ordine
2858 3336 3347 3419 Pradicatorum;
3374 3336 3601 3398 Nicolai
3627 3335 3856 3396 abbatis

2203 3427 2278 3489 de
2311 3428 2605 3501 Eekhout,
2636 3427 2955 3507 Brugensis
2986 3448 3001 3504 ;
3043 3436 3101 3487 et
3135 3425 3382 3490 Roberti
3432 3424 3852 3497 Watiniensis,

2206 3516 2431 3579 ordinis
2456 3515 2496 3580 8
2544 3517 2861 3598 Augustini
2890 3538 2905 3593 ;
2944 3534 3175 3579 necnon
3195 3516 3506 3579 Nicasiide
3537 3515 3744 3593 Puteo,
3780 3514 3858 3576 de

2204 3609 2539 3685 Bethunia;
2572 3606 2819 3671 Joannis
2841 3606 2917 3668 de
2946 3604 3643 3686 Vassaya.Sonegiensis;
3671 3606 3855 3665 Joan-

2201 3700 2295 3761 nis
2326 3698 2649 3775 Vincentii,
2676 3696 3083 3773 Casletensis;
3130 3704 3184 3759 et
3219 3696 3413 3759 Caroli
3482 3696 3556 3757 de
3588 3693 3852 3773 Campis,

2199 3788 2604 3853 Thoraltensis
2627 3788 3013 3849 ecclesiarum
3038 3786 3483 3865 collegiatarum
3512 3782 3861 3866 praposito—

2206 3899 2366 3955 rum;
2386 3877 2719 3942 acBolandi
2754 3876 3063 3956 scriptoris
3089 3875 3325 3957 decani,
3351 3884 3409 3938 et
3434 3874 3701 3937 omnium
3728 3873 3871 3937 fere.

2200 3969 2611 4044 dominorum,
2648 3966 2827 4045 hujus
2850 3966 3122 4027 ecclesia
3153 3963 3353 4028 Sancti
3378 3964 3689 4027 Donatiani
3712 3972 3855 4026 tunc

2201 4060 2630 4125 canonicorum
2689 4056 3062 4136 aliorumque
3117 4057 3377 4118 vivorum
3412 4056 3854 4118 ecclesiastico-

2201 4169 2361 4223 rum,
2396 4156 2456 4210 et
2484 4145 2690 4226 populi
2723 4145 3124 4208 multitudinis
3147 4147 3488 4224 prasentia,
3509 4154 3858 4208 reverenter

2205 4250 2263 4304 et
2294 4241 2507 4302 devote
2543 4236 2871 4298 recondita
2901 4246 2958 4298 et
2986 4236 3258 4298 reclusa.
3302 4261 3325 4296 ι

2286 4329 2514 4391 Exhinc
2533 4326 2804 4407 sequitur
2825 4325 3032 4387 eadem
3049 4326 3419 4389 enumeratio
3445 4322 3860 4405 reliquiarum,

2209 4421 2376 4482 nulla
2404 4418 2607 4481 addita
2636 4425 2735 4478 aut
2759 4416 3024 4496 dempta.
3058 4417 3142 4477 Ac
3179 4421 3433 4495 primum
3476 4411 3869 4476 nominantur

2210 4528 2345 4574 ossa
2376 4508 2632 4590 plurima
2663 4509 2721 4569 S.
2746 4505 2973 4568 Basilii:
3009 4506 3225 4586 quibus
3251 4513 3455 4586 postea
3479 4503 3625 4565 nihil
3650 4501 3869 4562 deces-

469 4598 659 4653 strum
721 4591 1006 4653 Actorum
1048 4592 1467 4673 capitularium
1548 4596 1798 4677 prafata
1856 4596 2387 4680 ecclesiaeDsisse,
2417 4598 2533 4661 alio
2565 4598 2714 4659 forte
2756 4596 3272 4671 translatum,non
3290 4596 3479 4657 ausim
3498 4608 3869 4680 asseverare:

470 4681 671 4743 Sancti
705 4680 1025 4744 Donatiani
1046 4683 1389 4763 Brugensis,
1420 4695 1683 4748 notatum
1716 4689 1757 4747 F
1815 4686 1955 4748 folio
1984 4685 2127 4770 246,

472 4789 605 4853 pag.
640 4789 809 4833 versa
839 4773 907 4835 51
955 4773 1170 4853 :cujus
1231 4774 1344 4836 hoc
1374 4784 1465 4837 est
1493 4784 1865 4839 extractum:
1936 4799 1960 4832 α
2023 4776 2131 4838 Die

472 4878 608 4924 xvm
634 4861 1271 4942 rnensisAprilis,anno
1304 4866 1461 4929 1463
1489 4866 1857 4945 supradicto,
1880 4865 2128 4927 conclu-

474 4969 603 5013 sum
634 4951 748 5013 fuit
780 4969 885 5032 per
916 4952 1189 5015 dominos
1222 4956 1571 5035 capitulum.
1599 4964 1895 5033 quatenus
1930 4956 2130 5018 domi-

479 5059 590 5101 nus
612 5042 1023 5121 suifraganeus
1053 5044 1125 5106 B.
1162 5046 1234 5107 D.
1271 5046 1534 5127 episcopi
1572 5045 1851 5127 Tornaci,
1886 5055 2132 5126 accepta

475 5131 716 5194 licentia
744 5132 817 5193 ab
866 5132 1077 5194 eodem
1124 5134 1367 5196 domino
1429 5141 1731 5219 episcopo,
1790 5136 2129 5216 transferat,

476 5239 651 5301 quam
676 5221 901 5283 rectius
931 5222 1374 5301 melius,sacras
1399 5224 1685 5305 reliquias
1706 5225 2130 5307 sanctiBasilii,

478 5321 536 5373 et
558 5311 703 5373 alias
733 5312 794 5373 in
824 5311 1009 5374 veteri
1032 5332 1212 5395 capsa
1238 5318 1616 5397 exsistentes,
1674 5326 1731 5377 et
1760 5334 1861 5379 eas
1885 5326 2136 5397 reponat

475 5400 539 5463 in
573 5419 723 5462 novo
755 5401 1075 5478 feretro,ex
1093 5423 1236 5465 auro
1257 5414 1569 5485 etargento
1589 5404 1664 5467 ob
1688 5406 1803 5467 hoc
1824 5406 2130 5470 fabricato.

482 5489 626 5564 Qua
658 5492 897 5572 quidem
935 5493 1242 5556 translatio
1268 5496 1419 5558 facta
1450 5495 1559 5557 fuit
1589 5514 1746 5558 anno
1769 5496 1841 5558 ab
1865 5498 2137 5559 incarna-

479 5582 639 5645 tione
676 5582 911 5645 Domini
950 5582 1131 5660 1463,
1165 5585 1488 5649 indictione
1518 5605 1597 5663 ιι,
1625 5586 1848 5649 mensis
1870 5587 2007 5650 Maii
2036 5588 2137 5649 die

478 5691 620 5735 vero
653 5672 1010 5755 penultima,
1039 5673 1417 5754 pontiﬁcatus
1432 5676 1799 5741 sanctissimi
1817 5678 1881 5741 in
1902 5677 2136 5743 Christo

2214 4710 2347 4754 cum
2375 4679 2441 4750 in
2476 4687 2687 4749 ultima
2716 4685 3110 4748 translatione
3152 4704 3271 4746 non
3332 4684 3652 4747 admodum
3688 4679 3874 4742 multa

2214 4799 2347 4841 ossa
2360 4787 2601 4858 reperta
2622 4775 2924 4856 sint;nihil
2943 4783 3139 4836 autem
3164 4783 3517 4836 caterarnm
3541 4772 3637 4836 hic
3662 4786 3873 4831 rursus

2214 4875 2649 4933 nominatarum
2684 4864 3101 4946 reliquiarum;
3138 4863 3641 4945 specificationem
3668 4866 3869 4922 autem

2214 4961 2425 5023 harum
2457 4956 2728 5037 sequitur
2758 4954 3208 5016 nomenclatura
3266 4952 3716 5026 canonicorum,
3765 4948 3875 5029 qui

2215 5047 2586 5112 translationi
2617 5045 2759 5107 huic
2789 5043 3131 5121 adfuerunt,
3166 5042 3482 5106 videlicet:

2862 5135 3221 5215 Presbyteri.

2296 5231 2555 5291 Joannes
2586 5225 2929 5307 Mynheere,

2298 5317 2505 5381 Victor
2526 5317 2602 5378 de
2624 5314 3086 5388 Swavenaerde,

2303 5406 2559 5472 Jacobus
2580 5406 2757 5481 Maes,

2302 5498 2578 5577 ngidius
2599 5496 2977 5576 Beversluys,

2302 5588 2621 5669 Philippus
2651 5588 2863 5667 Syron,

2304 5676 2633 5740 Balduinus
2656 5675 2861 5756 Spoel,
