  <div class='ocr_page' id='page_1' title='image "/cluster/home/n/w/nwhite01/storage/ocr_20150623/29:no.1/coo.31924054873108/306.png"; bbox 0 0 4140 6422; ppageno 0'>
   <div class='ocr_carea' id='block_1_1' title="bbox 1036 294 2937 363">
    <p class='ocr_par' dir='ltr' id='par_1_1' title="bbox 1036 294 2937 363">
     <span class='ocr_line' id='line_1_1' title="bbox 1036 294 2937 363; baseline -0.001 -4"><span class='ocrx_word' id='word_1_1' title='bbox 1036 296 1446 359; x_wconf 83' lang='lat' dir='ltr'><strong>EXCERPTA</strong></span> <span class='ocrx_word' id='word_1_2' title='bbox 1497 296 1595 357; x_wconf 85' lang='lat' dir='ltr'><strong>EX</strong></span> <span class='ocrx_word' id='word_1_3' title='bbox 1650 299 1872 363; x_wconf 86' lang='lat' dir='ltr'><strong>ACTIS</strong></span> <span class='ocrx_word' id='word_1_4' title='bbox 1917 299 1983 362; x_wconf 90' lang='lat' dir='ltr'><strong>S.</strong></span> <span class='ocrx_word' id='word_1_5' title='bbox 2034 298 2315 360; x_wconf 91' lang='lat' dir='ltr'><strong>BASILII</strong></span> <span class='ocrx_word' id='word_1_6' title='bbox 2356 294 2937 360; x_wconf 85' lang='lat' dir='ltr'><strong>BOLLANDIANIS.</strong></span> 
     </span>
    </p>
   </div>
   <div class='ocr_carea' id='block_1_2' title="bbox 406 432 1144 509">
    <p class='ocr_par' dir='ltr' id='par_1_2' title="bbox 406 432 1144 509">
     <span class='ocr_line' id='line_1_2' title="bbox 406 432 1144 509; baseline -0.004 -12"><span class='ocrx_word' id='word_1_7' title='bbox 406 434 780 497; x_wconf 90' lang='lat' dir='ltr'><strong>Burchardus</strong></span> <span class='ocrx_word' id='word_1_8' title='bbox 818 432 1144 509; x_wconf 82' lang='lat' dir='ltr'><strong>Kederkin,</strong></span> 
     </span>
    </p>
   </div>
   <div class='ocr_carea' id='block_1_3' title="bbox 406 524 1082 586">
    <p class='ocr_par' dir='ltr' id='par_1_3' title="bbox 406 524 1082 586">
     <span class='ocr_line' id='line_1_3' title="bbox 406 524 1082 586; baseline -0.004 -1"><span class='ocrx_word' id='word_1_9' title='bbox 406 524 679 586; x_wconf 77' lang='lat' dir='ltr'><strong>Nicotaus</strong></span> <span class='ocrx_word' id='word_1_10' title='bbox 708 526 1082 586; x_wconf 79' lang='lat' dir='ltr'><strong>Brudimont.</strong></span> 
     </span>
    </p>
   </div>
   <div class='ocr_carea' id='block_1_4' title="bbox 949 613 1342 676">
    <p class='ocr_par' dir='ltr' id='par_1_4' title="bbox 949 613 1342 676">
     <span class='ocr_line' id='line_1_4' title="bbox 949 613 1342 676; baseline 0.003 -1"><span class='ocrx_word' id='word_1_11' title='bbox 949 613 1342 676; x_wconf 74' lang='lat' dir='ltr'><strong>Sttbdiaconi.</strong></span> 
     </span>
    </p>
   </div>
   <div class='ocr_carea' id='block_1_5' title="bbox 403 704 1061 783">
    <p class='ocr_par' dir='ltr' id='par_1_5' title="bbox 403 704 1061 783">
     <span class='ocr_line' id='line_1_5' title="bbox 403 704 1061 783; baseline -0.008 -15"><span class='ocrx_word' id='word_1_12' title='bbox 403 705 665 768; x_wconf 88' lang='lat' dir='ltr'><strong>.lacobus</strong></span> <span class='ocrx_word' id='word_1_13' title='bbox 700 704 773 765; x_wconf 90' lang='lat' dir='ltr'><strong>de</strong></span> <span class='ocrx_word' id='word_1_14' title='bbox 805 704 1061 783; x_wconf 79' lang='lat' dir='ltr'><strong>Campis,</strong></span> 
     </span>
    </p>
   </div>
   <div class='ocr_carea' id='block_1_6' title="bbox 405 794 1079 875">
    <p class='ocr_par' dir='ltr' id='par_1_6' title="bbox 405 794 1079 875">
     <span class='ocr_line' id='line_1_6' title="bbox 405 794 1079 875; baseline -0.004 -19"><span class='ocrx_word' id='word_1_15' title='bbox 405 796 693 857; x_wconf 83' lang='lat' dir='ltr'><strong>Ricardus</strong></span> <span class='ocrx_word' id='word_1_16' title='bbox 719 796 790 853; x_wconf 75' lang='lat' dir='ltr'><strong>de</strong></span> <span class='ocrx_word' id='word_1_17' title='bbox 818 794 1079 875; x_wconf 81' lang='lat' dir='ltr'><strong>Capella,</strong></span> 
     </span>
    </p>
   </div>
   <div class='ocr_carea' id='block_1_7' title="bbox 402 884 1013 959">
    <p class='ocr_par' dir='ltr' id='par_1_7' title="bbox 402 884 1013 959">
     <span class='ocr_line' id='line_1_7' title="bbox 402 884 1013 959; baseline -0.008 -12"><span class='ocrx_word' id='word_1_18' title='bbox 402 885 691 947; x_wconf 87' lang='lat' dir='ltr'><strong>Henricus</strong></span> <span class='ocrx_word' id='word_1_19' title='bbox 722 884 795 944; x_wconf 89' lang='lat' dir='ltr'><strong>de</strong></span> <span class='ocrx_word' id='word_1_20' title='bbox 827 885 1013 959; x_wconf 77' lang='lat' dir='ltr'><strong>Miret,</strong></span> 
     </span>
    </p>
   </div>
   <div class='ocr_carea' id='block_1_8' title="bbox 404 974 996 1038">
    <p class='ocr_par' dir='ltr' id='par_1_8' title="bbox 404 974 996 1038">
     <span class='ocr_line' id='line_1_8' title="bbox 404 974 996 1038; baseline -0.003 0"><span class='ocrx_word' id='word_1_21' title='bbox 404 978 666 1038; x_wconf 80' lang='lat' dir='ltr'><strong>Joannes</strong></span> <span class='ocrx_word' id='word_1_22' title='bbox 698 974 996 1036; x_wconf 87' lang='lat' dir='ltr'><strong>Damiens.</strong></span> 
     </span>
    </p>
   </div>
   <div class='ocr_carea' id='block_1_9' title="bbox 1004 1064 1311 1143">
    <p class='ocr_par' dir='ltr' id='par_1_9' title="bbox 1004 1064 1311 1143">
     <span class='ocr_line' id='line_1_9' title="bbox 1004 1064 1311 1143; baseline 0 -20"><span class='ocrx_word' id='word_1_23' title='bbox 1004 1064 1311 1143; x_wconf 80' lang='lat' dir='ltr'><strong>Acolythi.</strong></span> 
     </span>
    </p>
   </div>
   <div class='ocr_carea' id='block_1_10' title="bbox 401 1154 908 1227">
    <p class='ocr_par' dir='ltr' id='par_1_10' title="bbox 401 1154 908 1227">
     <span class='ocr_line' id='line_1_10' title="bbox 401 1154 908 1227; baseline -0.012 -9"><span class='ocrx_word' id='word_1_24' title='bbox 401 1154 643 1219; x_wconf 85' lang='lat' dir='ltr'><strong>Carolus</strong></span> <span class='ocrx_word' id='word_1_25' title='bbox 675 1154 908 1227; x_wconf 83' lang='lat' dir='ltr'><strong>Soillot,</strong></span> 
     </span>
    </p>
   </div>
   <div class='ocr_carea' id='block_1_11' title="bbox 400 1242 1039 1322">
    <p class='ocr_par' dir='ltr' id='par_1_11' title="bbox 400 1242 1039 1322">
     <span class='ocr_line' id='line_1_11' title="bbox 400 1242 1039 1322; baseline -0.008 -15"><span class='ocrx_word' id='word_1_26' title='bbox 400 1248 659 1307; x_wconf 86' lang='lat' dir='ltr'><strong>Joannes</strong></span> <span class='ocrx_word' id='word_1_27' title='bbox 689 1244 764 1305; x_wconf 91' lang='lat' dir='ltr'><strong>de</strong></span> <span class='ocrx_word' id='word_1_28' title='bbox 795 1242 1039 1322; x_wconf 85' lang='lat' dir='ltr'><strong>Feraye,</strong></span> 
     </span>
    </p>
   </div>
   <div class='ocr_carea' id='block_1_12' title="bbox 400 1333 1274 1411">
    <p class='ocr_par' dir='ltr' id='par_1_12' title="bbox 400 1333 1274 1411">
     <span class='ocr_line' id='line_1_12' title="bbox 400 1333 1274 1411; baseline -0.007 -14"><span class='ocrx_word' id='word_1_29' title='bbox 400 1337 475 1397; x_wconf 80' lang='lat' dir='ltr'><strong>Et</strong></span> <span class='ocrx_word' id='word_1_30' title='bbox 504 1335 765 1397; x_wconf 81' lang='lat' dir='ltr'><strong>Jacobus</strong></span> <span class='ocrx_word' id='word_1_31' title='bbox 801 1334 874 1394; x_wconf 91' lang='lat' dir='ltr'><strong>de</strong></span> <span class='ocrx_word' id='word_1_32' title='bbox 907 1333 1274 1411; x_wconf 86' lang='lat' dir='ltr'><strong>Purgatorio.</strong></span> 
     </span>
    </p>
   </div>
   <div class='ocr_carea' id='block_1_13' title="bbox 788 1422 1503 1500">
    <p class='ocr_par' dir='ltr' id='par_1_13' title="bbox 788 1422 1503 1500">
     <span class='ocr_line' id='line_1_13' title="bbox 788 1422 1503 1500; baseline -0.001 -18"><span class='ocrx_word' id='word_1_33' title='bbox 788 1422 1031 1483; x_wconf 74' lang='lat' dir='ltr'><strong>Notarii</strong></span> <span class='ocrx_word' id='word_1_34' title='bbox 1060 1441 1196 1482; x_wconf 73' lang='lat' dir='ltr'><strong>vero</strong></span> <span class='ocrx_word' id='word_1_35' title='bbox 1228 1422 1503 1500; x_wconf 75' lang='lat' dir='ltr'><strong>fuerunt,</strong></span> 
     </span>
    </p>
   </div>
   <div class='ocr_carea' id='block_1_14' title="bbox 3548 317 3725 369">
    <p class='ocr_par' dir='ltr' id='par_1_14' title="bbox 3548 317 3725 369">
     <span class='ocr_line' id='line_1_14' title="bbox 3548 317 3725 369; baseline 0.017 -4"><span class='ocrx_word' id='word_1_36' title='bbox 3548 317 3725 369; x_wconf 78' lang='lat' dir='ltr'><strong>CGXCI</strong></span> 
     </span>
    </p>
   </div>
   <div class='ocr_carea' id='block_1_15' title="bbox 1998 430 3727 511">
    <p class='ocr_par' dir='ltr' id='par_1_15' title="bbox 1998 430 3727 511">
     <span class='ocr_line' id='line_1_15' title="bbox 1998 430 3727 511; baseline 0.005 -22"><span class='ocrx_word' id='word_1_37' title='bbox 1998 453 2036 489; x_wconf 71' lang='grc' dir='ltr'>Α</span> <span class='ocrx_word' id='word_1_38' title='bbox 2063 433 2326 509; x_wconf 85' lang='lat' dir='ltr'><strong>Augusto</strong></span> <span class='ocrx_word' id='word_1_39' title='bbox 2353 430 2779 510; x_wconf 80' lang='lat' dir='ltr'><strong>imperaute,et</strong></span> <span class='ocrx_word' id='word_1_40' title='bbox 2801 443 3086 511; x_wconf 85' lang='lat' dir='ltr'><strong>regnante</strong></span> <span class='ocrx_word' id='word_1_41' title='bbox 3108 434 3320 494; x_wconf 87' lang='lat' dir='ltr'><strong>Carolo</strong></span> <span class='ocrx_word' id='word_1_42' title='bbox 3343 434 3727 497; x_wconf 83' lang='lat' dir='ltr'><strong>secundoHi-</strong></span> 
     </span>
    </p>
   </div>
   <div class='ocr_carea' id='block_1_16' title="bbox 2060 517 3727 602">
    <p class='ocr_par' dir='ltr' id='par_1_16' title="bbox 2060 517 3727 602">
     <span class='ocr_line' id='line_1_16' title="bbox 2060 517 3727 602; baseline 0.005 -22"><span class='ocrx_word' id='word_1_43' title='bbox 2060 520 2402 599; x_wconf 86' lang='lat' dir='ltr'><strong>spaniarnm</strong></span> <span class='ocrx_word' id='word_1_44' title='bbox 2437 538 2602 599; x_wconf 90' lang='lat' dir='ltr'><strong>rege,</strong></span> <span class='ocrx_word' id='word_1_45' title='bbox 2638 517 2929 584; x_wconf 76' lang='lat' dir='ltr'><strong>Flandriae</strong></span> <span class='ocrx_word' id='word_1_46' title='bbox 2985 523 3224 602; x_wconf 78' lang='lat' dir='ltr'><strong>comite,</strong></span> <span class='ocrx_word' id='word_1_47' title='bbox 3276 524 3727 589; x_wconf 87' lang='lat' dir='ltr'><strong>accesserimus</strong></span> 
     </span>
    </p>
   </div>
   <div class='ocr_carea' id='block_1_17' title="bbox 2061 609 3721 694">
    <p class='ocr_par' dir='ltr' id='par_1_17' title="bbox 2061 609 3721 694">
     <span class='ocr_line' id='line_1_17' title="bbox 2061 609 3721 694; baseline 0.005 -25"><span class='ocrx_word' id='word_1_48' title='bbox 2061 609 2463 688; x_wconf 88' lang='lat' dir='ltr'><strong>supradictam</strong></span> <span class='ocrx_word' id='word_1_49' title='bbox 2502 610 2820 671; x_wconf 79' lang='lat' dir='ltr'><strong>ecclesiam</strong></span> <span class='ocrx_word' id='word_1_50' title='bbox 2877 612 3308 692; x_wconf 80' lang='lat' dir='ltr'><strong>cathedralem,</strong></span> <span class='ocrx_word' id='word_1_51' title='bbox 3375 612 3721 694; x_wconf 88' lang='lat' dir='ltr'><strong>ibidemque</strong></span> 
     </span>
    </p>
   </div>
   <div class='ocr_carea' id='block_1_18' title="bbox 2063 698 3724 782">
    <p class='ocr_par' dir='ltr' id='par_1_18' title="bbox 2063 698 3724 782">
     <span class='ocr_line' id='line_1_18' title="bbox 2063 698 3724 782; baseline 0.005 -25"><span class='ocrx_word' id='word_1_52' title='bbox 2063 698 2507 777; x_wconf 77' lang='lat' dir='ltr'><strong>pontificalibus</strong></span> <span class='ocrx_word' id='word_1_53' title='bbox 2532 698 2748 780; x_wconf 89' lang='lat' dir='ltr'><strong>induti,</strong></span> <span class='ocrx_word' id='word_1_54' title='bbox 2783 716 2915 763; x_wconf 86' lang='lat' dir='ltr'><strong>Cum</strong></span> <span class='ocrx_word' id='word_1_55' title='bbox 2944 701 3235 762; x_wconf 85' lang='lat' dir='ltr'><strong>ministris</strong></span> <span class='ocrx_word' id='word_1_56' title='bbox 3254 710 3311 762; x_wconf 91' lang='lat' dir='ltr'><strong>et</strong></span> <span class='ocrx_word' id='word_1_57' title='bbox 3335 700 3724 782; x_wconf 78' lang='lat' dir='ltr'><strong>lumineprae-</strong></span> 
     </span>
    </p>
   </div>
   <div class='ocr_carea' id='block_1_19' title="bbox 2062 788 3721 854">
    <p class='ocr_par' dir='ltr' id='par_1_19' title="bbox 2062 788 3721 854">
     <span class='ocr_line' id='line_1_19' title="bbox 2062 788 3721 854; baseline 0.004 -6"><span class='ocrx_word' id='word_1_58' title='bbox 2062 798 2229 849; x_wconf 89' lang='lat' dir='ltr'><strong>sente</strong></span> <span class='ocrx_word' id='word_1_59' title='bbox 2252 788 2410 850; x_wconf 91' lang='lat' dir='ltr'><strong>clero</strong></span> <span class='ocrx_word' id='word_1_60' title='bbox 2441 807 2508 849; x_wconf 89' lang='lat' dir='ltr'><strong>ac</strong></span> <span class='ocrx_word' id='word_1_61' title='bbox 2536 789 3079 852; x_wconf 85' lang='lat' dir='ltr'><strong>honorabilioribus</strong></span> <span class='ocrx_word' id='word_1_62' title='bbox 3104 792 3242 852; x_wconf 89' lang='lat' dir='ltr'><strong>viris</strong></span> <span class='ocrx_word' id='word_1_63' title='bbox 3270 790 3421 853; x_wconf 86' lang='lat' dir='ltr'><strong>infra</strong></span> <span class='ocrx_word' id='word_1_64' title='bbox 3446 793 3721 854; x_wconf 87' lang='lat' dir='ltr'><strong>nomina-</strong></span> 
     </span>
    </p>
   </div>
   <div class='ocr_carea' id='block_1_20' title="bbox 2060 877 3721 959">
    <p class='ocr_par' dir='ltr' id='par_1_20' title="bbox 2060 877 3721 959">
     <span class='ocr_line' id='line_1_20' title="bbox 2060 877 3721 959; baseline 0.006 -25"><span class='ocrx_word' id='word_1_65' title='bbox 2060 878 2154 957; x_wconf 86' lang='lat' dir='ltr'><strong>tis,</strong></span> <span class='ocrx_word' id='word_1_66' title='bbox 2182 886 2239 938; x_wconf 90' lang='lat' dir='ltr'><strong>et</strong></span> <span class='ocrx_word' id='word_1_67' title='bbox 2260 877 2558 955; x_wconf 81' lang='lat' dir='ltr'><strong>frequenti</strong></span> <span class='ocrx_word' id='word_1_68' title='bbox 2582 880 2823 959; x_wconf 90' lang='lat' dir='ltr'><strong>populo,</strong></span> <span class='ocrx_word' id='word_1_69' title='bbox 2856 891 2992 941; x_wconf 88' lang='lat' dir='ltr'><strong>ante</strong></span> <span class='ocrx_word' id='word_1_70' title='bbox 3014 899 3314 941; x_wconf 91' lang='lat' dir='ltr'><strong>summum</strong></span> <span class='ocrx_word' id='word_1_71' title='bbox 3340 884 3527 945; x_wconf 89' lang='lat' dir='ltr'><strong>altare</strong></span> <span class='ocrx_word' id='word_1_72' title='bbox 3551 884 3721 944; x_wconf 87' lang='lat' dir='ltr'><strong>cbori</strong></span> 
     </span>
    </p>
   </div>
   <div class='ocr_carea' id='block_1_21' title="bbox 2060 969 3723 1051">
    <p class='ocr_par' dir='ltr' id='par_1_21' title="bbox 2060 969 3723 1051">
     <span class='ocr_line' id='line_1_21' title="bbox 2060 969 3723 1051; baseline 0.005 -25"><span class='ocrx_word' id='word_1_73' title='bbox 2060 969 2326 1046; x_wconf 91' lang='lat' dir='ltr'><strong>ejuspem</strong></span> <span class='ocrx_word' id='word_1_74' title='bbox 2366 969 2655 1042; x_wconf 68' lang='lat' dir='ltr'><strong>ecclesiaa,</strong></span> <span class='ocrx_word' id='word_1_75' title='bbox 2694 971 3004 1030; x_wconf 84' lang='lat' dir='ltr'><strong>decantalo</strong></span> <span class='ocrx_word' id='word_1_76' title='bbox 3051 972 3213 1049; x_wconf 88' lang='lat' dir='ltr'><strong>prius</strong></span> <span class='ocrx_word' id='word_1_77' title='bbox 3266 972 3504 1051; x_wconf 81' lang='lat' dir='ltr'><strong>hymno,</strong></span> <span class='ocrx_word' id='word_1_78' title='bbox 3569 971 3723 1034; x_wconf 78' lang='lat' dir='ltr'><strong>Veni</strong></span> 
     </span>
    </p>
   </div>
   <div class='ocr_carea' id='block_1_22' title="bbox 2058 1056 3719 1143">
    <p class='ocr_par' dir='ltr' id='par_1_22' title="bbox 2058 1056 3719 1143">
     <span class='ocr_line' id='line_1_22' title="bbox 2058 1056 3719 1143; baseline 0.005 -27"><span class='ocrx_word' id='word_1_79' title='bbox 2058 1065 2293 1117; x_wconf 82' lang='lat' dir='ltr'><strong>creator</strong></span> <span class='ocrx_word' id='word_1_80' title='bbox 2320 1056 2617 1133; x_wconf 78' lang='lat' dir='ltr'><strong>Spiritus,</strong></span> <span class='ocrx_word' id='word_1_81' title='bbox 2646 1076 2779 1117; x_wconf 92' lang='lat' dir='ltr'><strong>cum</strong></span> <span class='ocrx_word' id='word_1_82' title='bbox 2806 1059 3052 1119; x_wconf 91' lang='lat' dir='ltr'><strong>collecta</strong></span> <span class='ocrx_word' id='word_1_83' title='bbox 3077 1060 3373 1138; x_wconf 84' lang='lat' dir='ltr'><strong>ejusdem,</strong></span> <span class='ocrx_word' id='word_1_84' title='bbox 3405 1076 3719 1143; x_wconf 72' lang='lat' dir='ltr'><strong>postquam</strong></span> 
     </span>
    </p>
   </div>
   <div class='ocr_carea' id='block_1_23' title="bbox 2064 1144 3718 1227">
    <p class='ocr_par' dir='ltr' id='par_1_23' title="bbox 2064 1144 3718 1227">
     <span class='ocr_line' id='line_1_23' title="bbox 2064 1144 3718 1227; baseline 0.008 -24"><span class='ocrx_word' id='word_1_85' title='bbox 2064 1163 2186 1204; x_wconf 88' lang='lat' dir='ltr'><strong>rev.</strong></span> <span class='ocrx_word' id='word_1_86' title='bbox 2215 1144 2374 1204; x_wconf 88' lang='lat' dir='ltr'><strong>adm.</strong></span> <span class='ocrx_word' id='word_1_87' title='bbox 2401 1144 2680 1207; x_wconf 91' lang='lat' dir='ltr'><strong>dominus</strong></span> <span class='ocrx_word' id='word_1_88' title='bbox 2702 1146 2987 1227; x_wconf 90' lang='lat' dir='ltr'><strong>decanus,</strong></span> <span class='ocrx_word' id='word_1_89' title='bbox 3013 1148 3128 1209; x_wconf 88' lang='lat' dir='ltr'><strong>alta</strong></span> <span class='ocrx_word' id='word_1_90' title='bbox 3154 1168 3319 1225; x_wconf 92' lang='lat' dir='ltr'><strong>voce,</strong></span> <span class='ocrx_word' id='word_1_91' title='bbox 3350 1153 3590 1214; x_wconf 90' lang='lat' dir='ltr'><strong>nomine</strong></span> <span class='ocrx_word' id='word_1_92' title='bbox 3612 1172 3718 1215; x_wconf 91' lang='lat' dir='ltr'><strong>suo</strong></span> 
     </span>
    </p>
   </div>
   <div class='ocr_carea' id='block_1_24' title="bbox 2067 1234 3721 1319">
    <p class='ocr_par' dir='ltr' id='par_1_24' title="bbox 2067 1234 3721 1319">
     <span class='ocr_line' id='line_1_24' title="bbox 2067 1234 3721 1319; baseline 0.007 -25"><span class='ocrx_word' id='word_1_93' title='bbox 2067 1245 2127 1294; x_wconf 87' lang='lat' dir='ltr'><strong>et</strong></span> <span class='ocrx_word' id='word_1_94' title='bbox 2150 1234 2388 1313; x_wconf 89' lang='lat' dir='ltr'><strong>capituli</strong></span> <span class='ocrx_word' id='word_1_95' title='bbox 2420 1237 2776 1315; x_wconf 88' lang='lat' dir='ltr'><strong>exposuerit.</strong></span> <span class='ocrx_word' id='word_1_96' title='bbox 2816 1255 2883 1297; x_wconf 90' lang='lat' dir='ltr'><strong>ac</strong></span> <span class='ocrx_word' id='word_1_97' title='bbox 2917 1255 3025 1298; x_wconf 93' lang='lat' dir='ltr'><strong>nos</strong></span> <span class='ocrx_word' id='word_1_98' title='bbox 3058 1238 3270 1299; x_wconf 91' lang='lat' dir='ltr'><strong>iterum</strong></span> <span class='ocrx_word' id='word_1_99' title='bbox 3338 1243 3630 1319; x_wconf 84' lang='lat' dir='ltr'><strong>rogaverit</strong></span> <span class='ocrx_word' id='word_1_100' title='bbox 3658 1251 3721 1305; x_wconf 89' lang='lat' dir='ltr'><strong>ut</strong></span> 
     </span>
    </p>
   </div>
   <div class='ocr_carea' id='block_1_25' title="bbox 2066 1322 3722 1406">
    <p class='ocr_par' dir='ltr' id='par_1_25' title="bbox 2066 1322 3722 1406">
     <span class='ocr_line' id='line_1_25' title="bbox 2066 1322 3722 1406; baseline 0.01 -26"><span class='ocrx_word' id='word_1_101' title='bbox 2066 1322 2453 1401; x_wconf 84' lang='lat' dir='ltr'><strong>dignarentur</strong></span> <span class='ocrx_word' id='word_1_102' title='bbox 2475 1325 2757 1405; x_wconf 81' lang='lat' dir='ltr'><strong>reliquias</strong></span> <span class='ocrx_word' id='word_1_103' title='bbox 2773 1326 3087 1406; x_wconf 70' lang='lat' dir='ltr'><strong>praedictas</strong></span> <span class='ocrx_word' id='word_1_104' title='bbox 3113 1334 3297 1393; x_wconf 88' lang='lat' dir='ltr'><strong>sancti</strong></span> <span class='ocrx_word' id='word_1_105' title='bbox 3314 1332 3512 1392; x_wconf 90' lang='lat' dir='ltr'><strong>Basilii</strong></span> <span class='ocrx_word' id='word_1_106' title='bbox 3530 1342 3722 1395; x_wconf 88' lang='lat' dir='ltr'><strong>trans-</strong></span> 
     </span>
    </p>
   </div>
   <div class='ocr_carea' id='block_1_26' title="bbox 2064 1412 3719 1498">
    <p class='ocr_par' dir='ltr' id='par_1_26' title="bbox 2064 1412 3719 1498">
     <span class='ocr_line' id='line_1_26' title="bbox 2064 1412 3719 1498; baseline 0.008 -27"><span class='ocrx_word' id='word_1_107' title='bbox 2064 1412 2221 1474; x_wconf 86' lang='lat' dir='ltr'><strong>ferre</strong></span> <span class='ocrx_word' id='word_1_108' title='bbox 2258 1413 2332 1474; x_wconf 91' lang='lat' dir='ltr'><strong>de</strong></span> <span class='ocrx_word' id='word_1_109' title='bbox 2363 1415 2608 1491; x_wconf 86' lang='lat' dir='ltr'><strong>antiquo</strong></span> <span class='ocrx_word' id='word_1_110' title='bbox 2643 1416 2702 1475; x_wconf 91' lang='lat' dir='ltr'><strong>in</strong></span> <span class='ocrx_word' id='word_1_111' title='bbox 2736 1435 2951 1478; x_wconf 91' lang='lat' dir='ltr'><strong>novum</strong></span> <span class='ocrx_word' id='word_1_112' title='bbox 2983 1417 3266 1479; x_wconf 89' lang='lat' dir='ltr'><strong>feretrum</strong></span> <span class='ocrx_word' id='word_1_113' title='bbox 3301 1440 3316 1494; x_wconf 89' lang='lat'><strong>;</strong></span> <span class='ocrx_word' id='word_1_114' title='bbox 3360 1425 3719 1498; x_wconf 90' lang='lat' dir='ltr'><strong>jusserimus</strong></span> 
     </span>
    </p>
   </div>
   <div class='ocr_carea' id='block_1_27' title="bbox 397 1502 3722 1588">
    <p class='ocr_par' dir='ltr' id='par_1_27' title="bbox 397 1502 3722 1588">
     <span class='ocr_line' id='line_1_27' title="bbox 397 1502 3722 1588; baseline -0.001 -12"><span class='ocrx_word' id='word_1_115' title='bbox 397 1511 660 1576; x_wconf 83' lang='lat' dir='ltr'><strong>Joannes</strong></span> <span class='ocrx_word' id='word_1_116' title='bbox 695 1512 988 1588; x_wconf 80' lang='lat' dir='ltr'><strong>Flaming,</strong></span> <span class='ocrx_word' id='word_1_117' title='bbox 2063 1502 2135 1560; x_wconf 89' lang='lat' dir='ltr'><strong>ad</strong></span> <span class='ocrx_word' id='word_1_118' title='bbox 2162 1520 2270 1562; x_wconf 91' lang='lat' dir='ltr'><strong>nos</strong></span> <span class='ocrx_word' id='word_1_119' title='bbox 2300 1503 2500 1564; x_wconf 77' lang='lat' dir='ltr'><strong>atferri</strong></span> <span class='ocrx_word' id='word_1_120' title='bbox 2520 1511 2821 1584; x_wconf 81' lang='lat' dir='ltr'><strong>antiquam</strong></span> <span class='ocrx_word' id='word_1_121' title='bbox 2844 1525 3081 1587; x_wconf 88' lang='lat' dir='ltr'><strong>capsam</strong></span> <span class='ocrx_word' id='word_1_122' title='bbox 3102 1525 3206 1569; x_wconf 90' lang='lat' dir='ltr'><strong>seu</strong></span> <span class='ocrx_word' id='word_1_123' title='bbox 3230 1509 3516 1571; x_wconf 86' lang='lat' dir='ltr'><strong>feretrum</strong></span> <span class='ocrx_word' id='word_1_124' title='bbox 3533 1513 3722 1574; x_wconf 89' lang='lat' dir='ltr'><strong>dicta-</strong></span> 
     </span>
    </p>
   </div>
   <div class='ocr_carea' id='block_1_28' title="bbox 400 1592 3717 1672">
    <p class='ocr_par' dir='ltr' id='par_1_28' title="bbox 400 1592 3717 1672">
     <span class='ocr_line' id='line_1_28' title="bbox 400 1592 3717 1672; baseline 0.001 -11"><span class='ocrx_word' id='word_1_125' title='bbox 400 1601 659 1663; x_wconf 85' lang='lat' dir='ltr'><strong>Jacobus</strong></span> <span class='ocrx_word' id='word_1_126' title='bbox 688 1601 933 1661; x_wconf 87' lang='lat' dir='ltr'><strong>Juvenis</strong></span> <span class='ocrx_word' id='word_1_127' title='bbox 2062 1608 2193 1651; x_wconf 89' lang='lat' dir='ltr'><strong>rum</strong></span> <span class='ocrx_word' id='word_1_128' title='bbox 2226 1592 2613 1670; x_wconf 85' lang='lat' dir='ltr'><strong>reliquiarum</strong></span> <span class='ocrx_word' id='word_1_129' title='bbox 2645 1596 2837 1657; x_wconf 85' lang='lat' dir='ltr'><strong>sancti</strong></span> <span class='ocrx_word' id='word_1_130' title='bbox 2871 1597 3099 1672; x_wconf 88' lang='lat' dir='ltr'><strong>Basilii,</strong></span> <span class='ocrx_word' id='word_1_131' title='bbox 3132 1609 3270 1659; x_wconf 90' lang='lat' dir='ltr'><strong>ante</strong></span> <span class='ocrx_word' id='word_1_132' title='bbox 3301 1609 3575 1661; x_wconf 84' lang='lat' dir='ltr'><strong>nostrum</strong></span> <span class='ocrx_word' id='word_1_133' title='bbox 3606 1603 3717 1666; x_wconf 85' lang='lat' dir='ltr'><strong>ad-</strong></span> 
     </span>
    </p>
   </div>
   <div class='ocr_carea' id='block_1_29' title="bbox 401 1683 3713 1769">
    <p class='ocr_par' dir='ltr' id='par_1_29' title="bbox 401 1683 3713 1769">
     <span class='ocr_line' id='line_1_29' title="bbox 401 1683 3713 1769; baseline -0.001 -18"><span class='ocrx_word' id='word_1_134' title='bbox 401 1689 603 1751; x_wconf 86' lang='lat' dir='ltr'><strong>Tertia</strong></span> <span class='ocrx_word' id='word_1_135' title='bbox 632 1689 937 1749; x_wconf 84' lang='lat' dir='ltr'><strong>translatio</strong></span> <span class='ocrx_word' id='word_1_136' title='bbox 987 1688 1373 1768; x_wconf 82' lang='lat' dir='ltr'><strong>reliquiarum</strong></span> <span class='ocrx_word' id='word_1_137' title='bbox 1429 1690 1614 1750; x_wconf 84' lang='lat' dir='ltr'><strong>sancti</strong></span> <span class='ocrx_word' id='word_1_138' title='bbox 1667 1688 1867 1751; x_wconf 88' lang='lat' dir='ltr'><strong>Basilii</strong></span> <span class='ocrx_word' id='word_1_139' title='bbox 1915 1688 1975 1748; x_wconf 88' lang='lat' dir='ltr'><strong>in</strong></span> <span class='ocrx_word' id='word_1_140' title='bbox 2061 1689 2299 1741; x_wconf 80' lang='lat' dir='ltr'><strong>ventum</strong></span> <span class='ocrx_word' id='word_1_141' title='bbox 2332 1683 2392 1741; x_wconf 86' lang='lat' dir='ltr'><strong>in</strong></span> <span class='ocrx_word' id='word_1_142' title='bbox 2430 1703 2632 1744; x_wconf 88' lang='lat' dir='ltr'><strong>mensa</strong></span> <span class='ocrx_word' id='word_1_143' title='bbox 2677 1704 2708 1744; x_wconf 88' lang='lat' dir='ltr'><strong>a</strong></span> <span class='ocrx_word' id='word_1_144' title='bbox 2741 1686 2924 1748; x_wconf 89' lang='lat' dir='ltr'><strong>latere</strong></span> <span class='ocrx_word' id='word_1_145' title='bbox 2984 1688 3265 1765; x_wconf 80' lang='lat' dir='ltr'><strong>evangelii</strong></span> <span class='ocrx_word' id='word_1_146' title='bbox 3325 1698 3713 1769; x_wconf 66' lang='lat' dir='ltr'><strong>expositum;</strong></span> 
     </span>
    </p>
   </div>
   <div class='ocr_carea' id='block_1_30' title="bbox 321 1770 3717 1859">
    <p class='ocr_par' dir='ltr' id='par_1_30' title="bbox 321 1770 3717 1859">
     <span class='ocr_line' id='line_1_30' title="bbox 321 1770 3717 1859; baseline 0.003 -22"><span class='ocrx_word' id='word_1_147' title='bbox 321 1799 531 1841; x_wconf 88' lang='lat' dir='ltr'><strong>novam</strong></span> <span class='ocrx_word' id='word_1_148' title='bbox 562 1781 771 1839; x_wconf 85' lang='lat' dir='ltr'><strong>iterum</strong></span> <span class='ocrx_word' id='word_1_149' title='bbox 798 1797 1315 1859; x_wconf 85' lang='lat' dir='ltr'><strong>capsam,eamque</strong></span> <span class='ocrx_word' id='word_1_150' title='bbox 1344 1789 1710 1858; x_wconf 82' lang='lat' dir='ltr'><strong>argenteam,</strong></span> <span class='ocrx_word' id='word_1_151' title='bbox 1742 1787 1975 1858; x_wconf 89' lang='lat' dir='ltr'><strong>peracta</strong></span> <span class='ocrx_word' id='word_1_152' title='bbox 2000 1808 2035 1858; x_wconf 61' lang='grc' dir='ltr'>ῃ</span> <span class='ocrx_word' id='word_1_153' title='bbox 2060 1770 2213 1850; x_wconf 91' lang='lat' dir='ltr'><strong>quod</strong></span> <span class='ocrx_word' id='word_1_154' title='bbox 2238 1773 2454 1851; x_wconf 72' lang='lat' dir='ltr'><strong>praevia</strong></span> <span class='ocrx_word' id='word_1_155' title='bbox 2486 1774 2752 1851; x_wconf 87' lang='lat' dir='ltr'><strong>diligenti</strong></span> <span class='ocrx_word' id='word_1_156' title='bbox 2786 1777 3118 1838; x_wconf 87' lang='lat' dir='ltr'><strong>visitatione</strong></span> <span class='ocrx_word' id='word_1_157' title='bbox 3149 1781 3485 1856; x_wconf 88' lang='lat' dir='ltr'><strong>reperimus</strong></span> <span class='ocrx_word' id='word_1_158' title='bbox 3514 1781 3717 1847; x_wconf 87' lang='lat' dir='ltr'><strong>debite</strong></span> 
     </span>
    </p>
   </div>
   <div class='ocr_carea' id='block_1_31' title="bbox 323 1863 3715 1947">
    <p class='ocr_par' dir='ltr' id='par_1_31' title="bbox 323 1863 3715 1947">
     <span class='ocr_line' id='line_1_31' title="bbox 323 1863 3715 1947; baseline 0.001 -19"><span class='ocrx_word' id='word_1_159' title='bbox 323 1877 413 1929; x_wconf 92' lang='lat' dir='ltr'><strong>est</strong></span> <span class='ocrx_word' id='word_1_160' title='bbox 432 1871 539 1929; x_wconf 91' lang='lat' dir='ltr'><strong>hac</strong></span> <span class='ocrx_word' id='word_1_161' title='bbox 566 1878 763 1928; x_wconf 89' lang='lat' dir='ltr'><strong>nostra</strong></span> <span class='ocrx_word' id='word_1_162' title='bbox 785 1875 978 1947; x_wconf 72' lang='lat' dir='ltr'><strong>aetate,</strong></span> <span class='ocrx_word' id='word_1_163' title='bbox 997 1886 1150 1929; x_wconf 88' lang='lat' dir='ltr'><strong>anno</strong></span> <span class='ocrx_word' id='word_1_164' title='bbox 1175 1869 1401 1928; x_wconf 62' lang='lat' dir='ltr'><strong>svilicet</strong></span> <span class='ocrx_word' id='word_1_165' title='bbox 1430 1870 1603 1943; x_wconf 71' lang='lat'><strong>1687;</strong></span> <span class='ocrx_word' id='word_1_166' title='bbox 1631 1866 1975 1929; x_wconf 83' lang='lat' dir='ltr'><strong>celebritate</strong></span> <span class='ocrx_word' id='word_1_167' title='bbox 2061 1863 2746 1941; x_wconf 83' lang='lat' dir='ltr'><strong>occlusum.Apertoque</strong></span> <span class='ocrx_word' id='word_1_168' title='bbox 2770 1866 2844 1926; x_wconf 91' lang='lat' dir='ltr'><strong>de</strong></span> <span class='ocrx_word' id='word_1_169' title='bbox 2869 1868 3143 1927; x_wconf 88' lang='lat' dir='ltr'><strong>mandato</strong></span> <span class='ocrx_word' id='word_1_170' title='bbox 3160 1878 3359 1928; x_wconf 88' lang='lat' dir='ltr'><strong>nostro</strong></span> <span class='ocrx_word' id='word_1_171' title='bbox 3388 1869 3544 1930; x_wconf 88' lang='lat' dir='ltr'><strong>dicto</strong></span> <span class='ocrx_word' id='word_1_172' title='bbox 3562 1874 3715 1933; x_wconf 88' lang='lat' dir='ltr'><strong>anti-</strong></span> 
     </span>
    </p>
   </div>
   <div class='ocr_carea' id='block_1_32' title="bbox 316 1956 3712 2053">
    <p class='ocr_par' dir='ltr' id='par_1_32' title="bbox 316 1956 3712 2053">
     <span class='ocr_line' id='line_1_32' title="bbox 316 1956 3712 2053; baseline 0.004 -36"><span class='ocrx_word' id='word_1_173' title='bbox 316 1966 515 2017; x_wconf 88' lang='lat' dir='ltr'><strong>autem</strong></span> <span class='ocrx_word' id='word_1_174' title='bbox 544 1958 776 2034; x_wconf 87' lang='lat' dir='ltr'><strong>majori,</strong></span> <span class='ocrx_word' id='word_1_175' title='bbox 816 1956 863 2016; x_wconf 93' lang='lat' dir='ltr'><strong>si</strong></span> <span class='ocrx_word' id='word_1_176' title='bbox 900 1957 1248 2034; x_wconf 85' lang='lat' dir='ltr'><strong>dignitatem</strong></span> <span class='ocrx_word' id='word_1_177' title='bbox 1277 1976 1663 2035; x_wconf 82' lang='lat' dir='ltr'><strong>personarum</strong></span> <span class='ocrx_word' id='word_1_178' title='bbox 1691 1958 1969 2037; x_wconf 85' lang='lat' dir='ltr'><strong>excipias,</strong></span> <span class='ocrx_word' id='word_1_179' title='bbox 2059 1972 2174 2053; x_wconf 82' lang='lat' dir='ltr'><strong>quo</strong></span> <span class='ocrx_word' id='word_1_180' title='bbox 2191 1956 2681 2036; x_wconf 84' lang='lat' dir='ltr'><strong>feretro,reperta</strong></span> <span class='ocrx_word' id='word_1_181' title='bbox 2700 1958 2883 2020; x_wconf 89' lang='lat' dir='ltr'><strong>fuitin</strong></span> <span class='ocrx_word' id='word_1_182' title='bbox 2904 1979 2972 2021; x_wconf 84' lang='lat' dir='ltr'><strong>eo</strong></span> <span class='ocrx_word' id='word_1_183' title='bbox 3002 1962 3242 2041; x_wconf 88' lang='lat' dir='ltr'><strong>parvula</strong></span> <span class='ocrx_word' id='word_1_184' title='bbox 3265 1963 3475 2023; x_wconf 90' lang='lat' dir='ltr'><strong>cistula</strong></span> <span class='ocrx_word' id='word_1_185' title='bbox 3496 1963 3712 2053; x_wconf 65' lang='lat' dir='ltr'><strong>lignea,</strong></span> 
     </span>
    </p>
   </div>
   <div class='ocr_carea' id='block_1_33' title="bbox 314 2044 1974 2126">
    <p class='ocr_par' dir='ltr' id='par_1_33' title="bbox 314 2044 1974 2126">
     <span class='ocr_line' id='line_1_33' title="bbox 314 2044 1974 2126; baseline 0.003 -23"><span class='ocrx_word' id='word_1_186' title='bbox 314 2064 446 2126; x_wconf 62' lang='lat' dir='ltr'><strong>qum</strong></span> <span class='ocrx_word' id='word_1_187' title='bbox 479 2044 776 2125; x_wconf 78' lang='lat' dir='ltr'><strong>prioribus</strong></span> <span class='ocrx_word' id='word_1_188' title='bbox 832 2045 1251 2106; x_wconf 86' lang='lat' dir='ltr'><strong>interfuerunt.</strong></span> <span class='ocrx_word' id='word_1_189' title='bbox 1313 2045 1544 2108; x_wconf 88' lang='lat' dir='ltr'><strong>Etenim</strong></span> <span class='ocrx_word' id='word_1_190' title='bbox 1600 2047 1974 2109; x_wconf 64' lang='lat' dir='ltr'><strong>caeremonim</strong></span> 
     </span>
    </p>
   </div>
   <div class='ocr_carea' id='block_1_34' title="bbox 316 2135 1971 2215">
    <p class='ocr_par' dir='ltr' id='par_1_34' title="bbox 316 2135 1971 2215">
     <span class='ocr_line' id='line_1_34' title="bbox 316 2135 1971 2215; baseline 0.002 -21"><span class='ocrx_word' id='word_1_191' title='bbox 316 2154 524 2195; x_wconf 80' lang='lat' dir='ltr'><strong>omnes</strong></span> <span class='ocrx_word' id='word_1_192' title='bbox 555 2135 840 2195; x_wconf 67' lang='lat' dir='ltr'><strong>adhibita:</strong></span> <span class='ocrx_word' id='word_1_193' title='bbox 873 2144 1030 2207; x_wconf 88' lang='lat' dir='ltr'><strong>sunt,</strong></span> <span class='ocrx_word' id='word_1_194' title='bbox 1066 2155 1199 2215; x_wconf 68' lang='lat' dir='ltr'><strong>quae</strong></span> <span class='ocrx_word' id='word_1_195' title='bbox 1246 2137 1682 2200; x_wconf 83' lang='lat' dir='ltr'><strong>solemnitatem</strong></span> <span class='ocrx_word' id='word_1_196' title='bbox 1714 2137 1971 2198; x_wconf 85' lang='lat' dir='ltr'><strong>reddere</strong></span> 
     </span>
    </p>
   </div>
   <div class='ocr_carea' id='block_1_35' title="bbox 316 2224 1971 2306">
    <p class='ocr_par' dir='ltr' id='par_1_35' title="bbox 316 2224 1971 2306">
     <span class='ocr_line' id='line_1_35' title="bbox 316 2224 1971 2306; baseline 0.001 -21"><span class='ocrx_word' id='word_1_197' title='bbox 316 2233 588 2305; x_wconf 78' lang='lat' dir='ltr'><strong>poterant</strong></span> <span class='ocrx_word' id='word_1_198' title='bbox 611 2224 1517 2306; x_wconf 87' lang='lat' dir='ltr'><strong>augustiorem,exquisitissima</strong></span> <span class='ocrx_word' id='word_1_199' title='bbox 1544 2233 1765 2288; x_wconf 85' lang='lat' dir='ltr'><strong>musica</strong></span> <span class='ocrx_word' id='word_1_200' title='bbox 1790 2227 1971 2288; x_wconf 92' lang='lat' dir='ltr'><strong>inter-</strong></span> 
     </span>
    </p>
   </div>
   <div class='ocr_carea' id='block_1_36' title="bbox 313 2315 1969 2380">
    <p class='ocr_par' dir='ltr' id='par_1_36' title="bbox 313 2315 1969 2380">
     <span class='ocr_line' id='line_1_36' title="bbox 313 2315 1969 2380; baseline 0.002 -4"><span class='ocrx_word' id='word_1_201' title='bbox 313 2316 575 2378; x_wconf 90' lang='lat' dir='ltr'><strong>cinente.</strong></span> <span class='ocrx_word' id='word_1_202' title='bbox 600 2315 944 2377; x_wconf 89' lang='lat' dir='ltr'><strong>Orationem</strong></span> <span class='ocrx_word' id='word_1_203' title='bbox 975 2316 1239 2377; x_wconf 89' lang='lat' dir='ltr'><strong>Latinam</strong></span> <span class='ocrx_word' id='word_1_204' title='bbox 1264 2316 1469 2377; x_wconf 81' lang='lat' dir='ltr'><strong>habuit</strong></span> <span class='ocrx_word' id='word_1_205' title='bbox 1499 2316 1723 2380; x_wconf 80' lang='lat' dir='ltr'><strong>R.A.D.</strong></span> <span class='ocrx_word' id='word_1_206' title='bbox 1758 2320 1969 2379; x_wconf 85' lang='lat' dir='ltr'><strong>Petrus</strong></span> 
     </span>
    </p>
   </div>
   <div class='ocr_carea' id='block_1_37' title="bbox 314 2406 1966 2489">
    <p class='ocr_par' dir='ltr' id='par_1_37' title="bbox 314 2406 1966 2489">
     <span class='ocr_line' id='line_1_37' title="bbox 314 2406 1966 2489; baseline 0 -21"><span class='ocrx_word' id='word_1_207' title='bbox 314 2408 499 2485; x_wconf 85' lang='lat' dir='ltr'><strong>Maes,</strong></span> <span class='ocrx_word' id='word_1_208' title='bbox 535 2407 800 2487; x_wconf 88' lang='lat' dir='ltr'><strong>ejusdem</strong></span> <span class='ocrx_word' id='word_1_209' title='bbox 865 2406 1221 2467; x_wconf 87' lang='lat' dir='ltr'><strong>cathedralis</strong></span> <span class='ocrx_word' id='word_1_210' title='bbox 1271 2407 1542 2467; x_wconf 62' lang='lat' dir='ltr'><strong>ecclesiae</strong></span> <span class='ocrx_word' id='word_1_211' title='bbox 1595 2411 1966 2489; x_wconf 80' lang='lat' dir='ltr'><strong>canonicos;</strong></span> 
     </span>
    </p>
   </div>
   <div class='ocr_carea' id='block_1_38' title="bbox 317 2495 1976 2576">
    <p class='ocr_par' dir='ltr' id='par_1_38' title="bbox 317 2495 1976 2576">
     <span class='ocr_line' id='line_1_38' title="bbox 317 2495 1976 2576; baseline 0.002 -21"><span class='ocrx_word' id='word_1_212' title='bbox 317 2496 638 2576; x_wconf 83' lang='lat' dir='ltr'><strong>Belgicam,</strong></span> <span class='ocrx_word' id='word_1_213' title='bbox 672 2495 742 2557; x_wconf 91' lang='lat' dir='ltr'><strong>ad</strong></span> <span class='ocrx_word' id='word_1_214' title='bbox 777 2498 1107 2557; x_wconf 82' lang='lat' dir='ltr'><strong>confertam</strong></span> <span class='ocrx_word' id='word_1_215' title='bbox 1140 2496 1337 2575; x_wconf 93' lang='lat' dir='ltr'><strong>populi</strong></span> <span class='ocrx_word' id='word_1_216' title='bbox 1398 2496 1775 2567; x_wconf 66' lang='lat' dir='ltr'><strong>concionem,</strong></span> <span class='ocrx_word' id='word_1_217' title='bbox 1830 2496 1976 2559; x_wconf 80' lang='lat' dir='ltr'><strong>dixit</strong></span> 
     </span>
    </p>
   </div>
   <div class='ocr_carea' id='block_1_39' title="bbox 309 2584 1970 2666">
    <p class='ocr_par' dir='ltr' id='par_1_39' title="bbox 309 2584 1970 2666">
     <span class='ocr_line' id='line_1_39' title="bbox 309 2584 1970 2666; baseline -0.001 -21"><span class='ocrx_word' id='word_1_218' title='bbox 309 2587 377 2647; x_wconf 90' lang='lat' dir='ltr'><strong>P.</strong></span> <span class='ocrx_word' id='word_1_219' title='bbox 412 2584 669 2647; x_wconf 87' lang='lat' dir='ltr'><strong>Jacobus</strong></span> <span class='ocrx_word' id='word_1_220' title='bbox 700 2586 871 2666; x_wconf 90' lang='lat' dir='ltr'><strong>Mols,</strong></span> <span class='ocrx_word' id='word_1_221' title='bbox 908 2586 1213 2647; x_wconf 90' lang='lat' dir='ltr'><strong>societatis</strong></span> <span class='ocrx_word' id='word_1_222' title='bbox 1241 2588 1377 2646; x_wconf 84' lang='lat' dir='ltr'><strong>Jesu</strong></span> <span class='ocrx_word' id='word_1_223' title='bbox 1414 2586 1850 2647; x_wconf 85' lang='lat' dir='ltr'><strong>celeberrimus</strong></span> <span class='ocrx_word' id='word_1_224' title='bbox 1880 2585 1970 2647; x_wconf 91' lang='lat' dir='ltr'><strong>sui</strong></span> 
     </span>
    </p>
   </div>
   <div class='ocr_carea' id='block_1_40' title="bbox 316 2674 1968 2757">
    <p class='ocr_par' dir='ltr' id='par_1_40' title="bbox 316 2674 1968 2757">
     <span class='ocr_line' id='line_1_40' title="bbox 316 2674 1968 2757; baseline 0.001 -22"><span class='ocrx_word' id='word_1_225' title='bbox 316 2677 604 2754; x_wconf 89' lang='lat' dir='ltr'><strong>temporis</strong></span> <span class='ocrx_word' id='word_1_226' title='bbox 634 2685 862 2737; x_wconf 76' lang='lat' dir='ltr'><strong>orator.</strong></span> <span class='ocrx_word' id='word_1_227' title='bbox 903 2674 1151 2757; x_wconf 82' lang='lat' dir='ltr'><strong>Reliqua</strong></span> <span class='ocrx_word' id='word_1_228' title='bbox 1204 2675 1307 2735; x_wconf 90' lang='lat' dir='ltr'><strong>tibi</strong></span> <span class='ocrx_word' id='word_1_229' title='bbox 1342 2675 1505 2737; x_wconf 89' lang='lat' dir='ltr'><strong>dabit</strong></span> <span class='ocrx_word' id='word_1_230' title='bbox 1534 2675 1752 2755; x_wconf 91' lang='lat' dir='ltr'><strong>ipsum,</strong></span> <span class='ocrx_word' id='word_1_231' title='bbox 1812 2677 1968 2753; x_wconf 89' lang='lat' dir='ltr'><strong>quod</strong></span> 
     </span>
    </p>
   </div>
   <div class='ocr_carea' id='block_1_41' title="bbox 314 2763 1971 2846">
    <p class='ocr_par' dir='ltr' id='par_1_41' title="bbox 314 2763 1971 2846">
     <span class='ocr_line' id='line_1_41' title="bbox 314 2763 1971 2846; baseline 0.001 -22"><span class='ocrx_word' id='word_1_232' title='bbox 314 2783 383 2825; x_wconf 87' lang='lat' dir='ltr'><strong>ea</strong></span> <span class='ocrx_word' id='word_1_233' title='bbox 413 2783 593 2846; x_wconf 91' lang='lat' dir='ltr'><strong>super</strong></span> <span class='ocrx_word' id='word_1_234' title='bbox 622 2783 688 2826; x_wconf 90' lang='lat' dir='ltr'><strong>re</strong></span> <span class='ocrx_word' id='word_1_235' title='bbox 720 2765 1057 2825; x_wconf 83' lang='lat' dir='ltr'><strong>confectum</strong></span> <span class='ocrx_word' id='word_1_236' title='bbox 1093 2773 1201 2839; x_wconf 87' lang='lat' dir='ltr'><strong>est,</strong></span> <span class='ocrx_word' id='word_1_237' title='bbox 1245 2763 1544 2844; x_wconf 90' lang='lat' dir='ltr'><strong>publicum</strong></span> <span class='ocrx_word' id='word_1_238' title='bbox 1581 2764 1971 2826; x_wconf 90' lang='lat' dir='ltr'><strong>illustrissimi</strong></span> 
     </span>
    </p>
   </div>
   <div class='ocr_carea' id='block_1_42' title="bbox 312 2853 1966 2935">
    <p class='ocr_par' dir='ltr' id='par_1_42' title="bbox 312 2853 1966 2935">
     <span class='ocr_line' id='line_1_42' title="bbox 312 2853 1966 2935; baseline 0.001 -21"><span class='ocrx_word' id='word_1_239' title='bbox 312 2853 541 2914; x_wconf 79' lang='lat' dir='ltr'><strong>domini</strong></span> <span class='ocrx_word' id='word_1_240' title='bbox 592 2855 880 2935; x_wconf 90' lang='lat' dir='ltr'><strong>episcopi,</strong></span> <span class='ocrx_word' id='word_1_241' title='bbox 937 2855 1219 2934; x_wconf 88' lang='lat' dir='ltr'><strong>reliquias</strong></span> <span class='ocrx_word' id='word_1_242' title='bbox 1264 2854 1694 2927; x_wconf 87' lang='lat' dir='ltr'><strong>transferentis,</strong></span> <span class='ocrx_word' id='word_1_243' title='bbox 1742 2855 1966 2915; x_wconf 84' lang='lat' dir='ltr'><strong>instru-</strong></span> 
     </span>
    </p>
   </div>
   <div class='ocr_carea' id='block_1_43' title="bbox 315 2952 602 3006">
    <p class='ocr_par' dir='ltr' id='par_1_43' title="bbox 315 2952 602 3006">
     <span class='ocr_line' id='line_1_43' title="bbox 315 2952 602 3006; baseline 0.007 -3"><span class='ocrx_word' id='word_1_244' title='bbox 315 2952 602 3006; x_wconf 89' lang='lat' dir='ltr'><strong>mentum.</strong></span> 
     </span>
    </p>
   </div>
   <div class='ocr_carea' id='block_1_44' title="bbox 310 3058 1970 3117">
    <p class='ocr_par' dir='ltr' id='par_1_44' title="bbox 310 3058 1970 3117">
     <span class='ocr_line' id='line_1_44' title="bbox 310 3058 1970 3117; baseline 0.001 -13"><span class='ocrx_word' id='word_1_245' title='bbox 310 3058 661 3106; x_wconf 76' lang='lat' dir='ltr'><strong>HUMBEBTUS</strong></span> <span class='ocrx_word' id='word_1_246' title='bbox 703 3059 1077 3117; x_wconf 86' lang='lat' dir='ltr'><strong>GUILIELMUS,</strong></span> <span class='ocrx_word' id='word_1_247' title='bbox 1143 3060 1237 3105; x_wconf 86' lang='lat' dir='ltr'><strong>DEI</strong></span> <span class='ocrx_word' id='word_1_248' title='bbox 1283 3060 1359 3106; x_wconf 83' lang='lat' dir='ltr'><strong>ET</strong></span> <span class='ocrx_word' id='word_1_249' title='bbox 1398 3060 1770 3107; x_wconf 66' lang='lat' dir='ltr'><strong>APOSTOLICAS</strong></span> <span class='ocrx_word' id='word_1_250' title='bbox 1811 3061 1970 3106; x_wconf 82' lang='lat' dir='ltr'><strong>SEDIS</strong></span> 
     </span>
    </p>
   </div>
   <div class='ocr_carea' id='block_1_45' title="bbox 2058 2045 3716 2138">
    <p class='ocr_par' dir='ltr' id='par_1_45' title="bbox 2058 2045 3716 2138">
     <span class='ocr_line' id='line_1_45' title="bbox 2058 2045 3716 2138; baseline 0.011 -35"><span class='ocrx_word' id='word_1_251' title='bbox 2058 2045 2249 2138; x_wconf 86' lang='lat' dir='ltr'><strong>rubro</strong></span> <span class='ocrx_word' id='word_1_252' title='bbox 2267 2046 2527 2138; x_wconf 85' lang='lat' dir='ltr'><strong>depicta,</strong></span> <span class='ocrx_word' id='word_1_253' title='bbox 2555 2047 2814 2110; x_wconf 75' lang='lat' dir='ltr'><strong>vinculis</strong></span> <span class='ocrx_word' id='word_1_254' title='bbox 2833 2049 3043 2111; x_wconf 89' lang='lat' dir='ltr'><strong>ferreis</strong></span> <span class='ocrx_word' id='word_1_255' title='bbox 3072 2053 3221 2112; x_wconf 89' lang='lat' dir='ltr'><strong>bene</strong></span> <span class='ocrx_word' id='word_1_256' title='bbox 3240 2052 3499 2132; x_wconf 86' lang='lat' dir='ltr'><strong>occlusa;</strong></span> <span class='ocrx_word' id='word_1_257' title='bbox 3525 2058 3579 2116; x_wconf 90' lang='lat' dir='ltr'><strong>in</strong></span> <span class='ocrx_word' id='word_1_258' title='bbox 3601 2045 3716 2138; x_wconf 77' lang='lat' dir='ltr'><strong>qua</strong></span> 
     </span>
    </p>
   </div>
   <div class='ocr_carea' id='block_1_46' title="bbox 2056 2136 3717 2227">
    <p class='ocr_par' dir='ltr' id='par_1_46' title="bbox 2056 2136 3717 2227">
     <span class='ocr_line' id='line_1_46' title="bbox 2056 2136 3717 2227; baseline 0.01 -34"><span class='ocrx_word' id='word_1_259' title='bbox 2056 2136 2393 2227; x_wconf 80' lang='lat' dir='ltr'><strong>reperimus</strong></span> <span class='ocrx_word' id='word_1_260' title='bbox 2425 2137 2533 2197; x_wconf 90' lang='lat' dir='ltr'><strong>tria</strong></span> <span class='ocrx_word' id='word_1_261' title='bbox 2558 2156 2714 2219; x_wconf 86' lang='lat' dir='ltr'><strong>ossa,</strong></span> <span class='ocrx_word' id='word_1_262' title='bbox 2745 2156 2959 2219; x_wconf 88' lang='lat' dir='ltr'><strong>nempe</strong></span> <span class='ocrx_word' id='word_1_263' title='bbox 2980 2158 3250 2217; x_wconf 85' lang='lat' dir='ltr'><strong>magnam</strong></span> <span class='ocrx_word' id='word_1_264' title='bbox 3278 2150 3503 2221; x_wconf 88' lang='lat' dir='ltr'><strong>partem</strong></span> <span class='ocrx_word' id='word_1_265' title='bbox 3527 2136 3717 2227; x_wconf 74' lang='lat' dir='ltr'><strong>spina)</strong></span> 
     </span>
    </p>
   </div>
   <div class='ocr_carea' id='block_1_47' title="bbox 2058 2223 3716 2311">
    <p class='ocr_par' dir='ltr' id='par_1_47' title="bbox 2058 2223 3716 2311">
     <span class='ocr_line' id='line_1_47' title="bbox 2058 2223 3716 2311; baseline 0.011 -29"><span class='ocrx_word' id='word_1_266' title='bbox 2058 2223 2243 2306; x_wconf 88' lang='lat' dir='ltr'><strong>dorsi,</strong></span> <span class='ocrx_word' id='word_1_267' title='bbox 2278 2224 2374 2286; x_wconf 92' lang='lat' dir='ltr'><strong>cui</strong></span> <span class='ocrx_word' id='word_1_268' title='bbox 2400 2227 2574 2287; x_wconf 89' lang='lat' dir='ltr'><strong>aftixa</strong></span> <span class='ocrx_word' id='word_1_269' title='bbox 2597 2237 2687 2289; x_wconf 90' lang='lat' dir='ltr'><strong>est</strong></span> <span class='ocrx_word' id='word_1_270' title='bbox 2707 2228 2994 2290; x_wconf 90' lang='lat' dir='ltr'><strong>scbedula</strong></span> <span class='ocrx_word' id='word_1_271' title='bbox 3027 2249 3412 2311; x_wconf 87' lang='lat' dir='ltr'><strong>pergamena,</strong></span> <span class='ocrx_word' id='word_1_272' title='bbox 3438 2236 3494 2294; x_wconf 92' lang='lat' dir='ltr'><strong>in</strong></span> <span class='ocrx_word' id='word_1_273' title='bbox 3518 2223 3716 2300; x_wconf 78' lang='lat' dir='ltr'><strong>verbis</strong></span> 
     </span>
    </p>
   </div>
   <div class='ocr_carea' id='block_1_48' title="bbox 2055 2317 3716 2401">
    <p class='ocr_par' dir='ltr' id='par_1_48' title="bbox 2055 2317 3716 2401">
     <span class='ocr_line' id='line_1_48' title="bbox 2055 2317 3716 2401; baseline 0.01 -29"><span class='ocrx_word' id='word_1_274' title='bbox 2055 2320 2387 2396; x_wconf 89' lang='lat' dir='ltr'><strong>continens,</strong></span> <span class='ocrx_word' id='word_1_275' title='bbox 2425 2317 2734 2386; x_wconf 67' lang='lat' dir='ltr'><strong>Rauenna</strong></span> <span class='ocrx_word' id='word_1_276' title='bbox 2762 2336 2957 2381; x_wconf 76' lang='lat' dir='ltr'><strong>SANCTI</strong></span> <span class='ocrx_word' id='word_1_277' title='bbox 2992 2322 3213 2383; x_wconf 49' lang='lat' dir='ltr'><strong>Basmn</strong></span> <span class='ocrx_word' id='word_1_278' title='bbox 3244 2337 3716 2401; x_wconf 79' lang='lat' dir='ltr'><strong>ARCHIEPISCOPI;</strong></span> 
     </span>
    </p>
   </div>
   <div class='ocr_carea' id='block_1_49' title="bbox 2056 2403 3714 2491">
    <p class='ocr_par' dir='ltr' id='par_1_49' title="bbox 2056 2403 3714 2491">
     <span class='ocr_line' id='line_1_49' title="bbox 2056 2403 3714 2491; baseline 0.01 -29"><span class='ocrx_word' id='word_1_279' title='bbox 2056 2411 2113 2462; x_wconf 92' lang='lat' dir='ltr'><strong>et</strong></span> <span class='ocrx_word' id='word_1_280' title='bbox 2136 2403 2252 2463; x_wconf 89' lang='lat' dir='ltr'><strong>duo</strong></span> <span class='ocrx_word' id='word_1_281' title='bbox 2282 2405 2601 2479; x_wconf 89' lang='lat' dir='ltr'><strong>alia,simul</strong></span> <span class='ocrx_word' id='word_1_282' title='bbox 2623 2407 2882 2471; x_wconf 89' lang='lat' dir='ltr'><strong>involuta</strong></span> <span class='ocrx_word' id='word_1_283' title='bbox 2904 2418 3201 2491; x_wconf 81' lang='lat' dir='ltr'><strong>gossypio,</strong></span> <span class='ocrx_word' id='word_1_284' title='bbox 3222 2422 3280 2474; x_wconf 90' lang='lat' dir='ltr'><strong>et</strong></span> <span class='ocrx_word' id='word_1_285' title='bbox 3297 2412 3554 2476; x_wconf 90' lang='lat' dir='ltr'><strong>obducto</strong></span> <span class='ocrx_word' id='word_1_286' title='bbox 3577 2417 3714 2479; x_wconf 88' lang='lat' dir='ltr'><strong>albo</strong></span> 
     </span>
    </p>
   </div>
   <div class='ocr_carea' id='block_1_50' title="bbox 2055 2492 3711 2582">
    <p class='ocr_par' dir='ltr' id='par_1_50' title="bbox 2055 2492 3711 2582">
     <span class='ocr_line' id='line_1_50' title="bbox 2055 2492 3711 2582; baseline 0.01 -31"><span class='ocrx_word' id='word_1_287' title='bbox 2055 2494 2246 2553; x_wconf 90' lang='lat' dir='ltr'><strong>serico</strong></span> <span class='ocrx_word' id='word_1_288' title='bbox 2270 2492 2661 2576; x_wconf 89' lang='lat' dir='ltr'><strong>Damasceno,</strong></span> <span class='ocrx_word' id='word_1_289' title='bbox 2693 2516 2825 2558; x_wconf 93' lang='lat' dir='ltr'><strong>cum</strong></span> <span class='ocrx_word' id='word_1_290' title='bbox 2854 2499 3066 2560; x_wconf 89' lang='lat' dir='ltr'><strong>litteris</strong></span> <span class='ocrx_word' id='word_1_291' title='bbox 3089 2503 3145 2560; x_wconf 91' lang='lat' dir='ltr'><strong>in</strong></span> <span class='ocrx_word' id='word_1_292' title='bbox 3173 2521 3711 2582; x_wconf 84' lang='lat' dir='ltr'><strong>pergameno,cum</strong></span> 
     </span>
    </p>
   </div>
   <div class='ocr_carea' id='block_1_51' title="bbox 2060 2582 3700 2673">
    <p class='ocr_par' dir='ltr' id='par_1_51' title="bbox 2060 2582 3700 2673">
     <span class='ocr_line' id='line_1_51' title="bbox 2060 2582 3700 2673; baseline 0.011 -34"><span class='ocrx_word' id='word_1_293' title='bbox 2060 2600 2269 2661; x_wconf 87' lang='lat' dir='ltr'><strong>magno</strong></span> <span class='ocrx_word' id='word_1_294' title='bbox 2294 2582 2491 2661; x_wconf 86' lang='lat' dir='ltr'><strong>sigillo</strong></span> <span class='ocrx_word' id='word_1_295' title='bbox 2510 2586 3045 2659; x_wconf 85' lang='lat' dir='ltr'><strong>rubro,exbibente</strong></span> <span class='ocrx_word' id='word_1_296' title='bbox 3063 2592 3321 2669; x_wconf 83' lang='lat' dir='ltr'><strong>effigiem</strong></span> <span class='ocrx_word' id='word_1_297' title='bbox 3343 2602 3700 2673; x_wconf 90' lang='lat' dir='ltr'><strong>equestrem,</strong></span> 
     </span>
    </p>
   </div>
   <div class='ocr_carea' id='block_1_52' title="bbox 2059 2674 3710 2762">
    <p class='ocr_par' dir='ltr' id='par_1_52' title="bbox 2059 2674 3710 2762">
     <span class='ocr_line' id='line_1_52' title="bbox 2059 2674 3710 2762; baseline 0.01 -32"><span class='ocrx_word' id='word_1_298' title='bbox 2059 2681 2115 2730; x_wconf 93' lang='lat' dir='ltr'><strong>et</strong></span> <span class='ocrx_word' id='word_1_299' title='bbox 2141 2674 2348 2732; x_wconf 88' lang='lat' dir='ltr'><strong>sericis</strong></span> <span class='ocrx_word' id='word_1_300' title='bbox 2380 2674 2637 2752; x_wconf 83' lang='lat' dir='ltr'><strong>antiquis</strong></span> <span class='ocrx_word' id='word_1_301' title='bbox 2669 2675 3007 2754; x_wconf 88' lang='lat' dir='ltr'><strong>ligamentis</strong></span> <span class='ocrx_word' id='word_1_302' title='bbox 3035 2679 3370 2758; x_wconf 89' lang='lat' dir='ltr'><strong>adjunctis:</strong></span> <span class='ocrx_word' id='word_1_303' title='bbox 3412 2684 3581 2762; x_wconf 83' lang='lat' dir='ltr'><strong>cujus</strong></span> <span class='ocrx_word' id='word_1_304' title='bbox 3617 2685 3710 2746; x_wconf 87' lang='lat' dir='ltr'><strong>le-</strong></span> 
     </span>
    </p>
   </div>
   <div class='ocr_carea' id='block_1_53' title="bbox 2055 2764 3708 2849">
    <p class='ocr_par' dir='ltr' id='par_1_53' title="bbox 2055 2764 3708 2849">
     <span class='ocr_line' id='line_1_53' title="bbox 2055 2764 3708 2849; baseline 0.009 -29"><span class='ocrx_word' id='word_1_305' title='bbox 2055 2770 2365 2837; x_wconf 88' lang='lat' dir='ltr'><strong>ctura,tam</strong></span> <span class='ocrx_word' id='word_1_306' title='bbox 2392 2765 2451 2823; x_wconf 90' lang='lat' dir='ltr'><strong>in</strong></span> <span class='ocrx_word' id='word_1_307' title='bbox 2476 2764 2666 2840; x_wconf 86' lang='lat' dir='ltr'><strong>sigillo</strong></span> <span class='ocrx_word' id='word_1_308' title='bbox 2690 2785 2864 2845; x_wconf 90' lang='lat' dir='ltr'><strong>quam</strong></span> <span class='ocrx_word' id='word_1_309' title='bbox 2897 2767 2957 2825; x_wconf 90' lang='lat' dir='ltr'><strong>in</strong></span> <span class='ocrx_word' id='word_1_310' title='bbox 2988 2786 3495 2846; x_wconf 89' lang='lat' dir='ltr'><strong>pergameno,non</strong></span> <span class='ocrx_word' id='word_1_311' title='bbox 3517 2776 3708 2849; x_wconf 91' lang='lat' dir='ltr'><strong>potuit</strong></span> 
     </span>
    </p>
   </div>
   <div class='ocr_carea' id='block_1_54' title="bbox 2054 2850 3698 2940">
    <p class='ocr_par' dir='ltr' id='par_1_54' title="bbox 2054 2850 3698 2940">
     <span class='ocr_line' id='line_1_54' title="bbox 2054 2850 3698 2940; baseline 0.009 -30"><span class='ocrx_word' id='word_1_312' title='bbox 2054 2850 2209 2932; x_wconf 84' lang='lat' dir='ltr'><strong>ﬁeri,</strong></span> <span class='ocrx_word' id='word_1_313' title='bbox 2247 2862 2491 2932; x_wconf 88' lang='lat' dir='ltr'><strong>propter</strong></span> <span class='ocrx_word' id='word_1_314' title='bbox 2519 2855 2763 2915; x_wconf 90' lang='lat' dir='ltr'><strong>nimiam</strong></span> <span class='ocrx_word' id='word_1_315' title='bbox 2798 2864 3169 2921; x_wconf 89' lang='lat' dir='ltr'><strong>vetustatem.</strong></span> <span class='ocrx_word' id='word_1_316' title='bbox 3204 2860 3493 2937; x_wconf 88' lang='lat' dir='ltr'><strong>Dictaque</strong></span> <span class='ocrx_word' id='word_1_317' title='bbox 3542 2880 3698 2940; x_wconf 87' lang='lat' dir='ltr'><strong>ossa,</strong></span> 
     </span>
    </p>
   </div>
   <div class='ocr_carea' id='block_1_55' title="bbox 2052 2942 3701 3031">
    <p class='ocr_par' dir='ltr' id='par_1_55' title="bbox 2052 2942 3701 3031">
     <span class='ocr_line' id='line_1_55' title="bbox 2052 2942 3701 3031; baseline 0.007 -29"><span class='ocrx_word' id='word_1_318' title='bbox 2052 2942 2425 3024; x_wconf 81' lang='lat' dir='ltr'><strong>discooperta</strong></span> <span class='ocrx_word' id='word_1_319' title='bbox 2440 2955 2495 3004; x_wconf 92' lang='lat' dir='ltr'><strong>et</strong></span> <span class='ocrx_word' id='word_1_320' title='bbox 2515 2948 3296 3024; x_wconf 87' lang='lat' dir='ltr'><strong>integreinventa,omnibus</strong></span> <span class='ocrx_word' id='word_1_321' title='bbox 3312 2951 3701 3031; x_wconf 68' lang='lat' dir='ltr'><strong>praesentibus</strong></span> 
     </span>
    </p>
   </div>
   <div class='ocr_carea' id='block_1_56' title="bbox 2049 3036 3702 3122">
    <p class='ocr_par' dir='ltr' id='par_1_56' title="bbox 2049 3036 3702 3122">
     <span class='ocr_line' id='line_1_56' title="bbox 2049 3036 3702 3122; baseline 0.007 -28"><span class='ocrx_word' id='word_1_322' title='bbox 2049 3036 2389 3095; x_wconf 86' lang='lat' dir='ltr'><strong>veneranda</strong></span> <span class='ocrx_word' id='word_1_323' title='bbox 2410 3039 2791 3115; x_wconf 84' lang='lat' dir='ltr'><strong>exposuimus</strong></span> <span class='ocrx_word' id='word_1_324' title='bbox 2815 3048 2870 3098; x_wconf 92' lang='lat' dir='ltr'><strong>et</strong></span> <span class='ocrx_word' id='word_1_325' title='bbox 2893 3036 3288 3101; x_wconf 79' lang='lat' dir='ltr'><strong>exhibuimus:</strong></span> <span class='ocrx_word' id='word_1_326' title='bbox 3308 3060 3375 3103; x_wconf 92' lang='lat' dir='ltr'><strong>ac</strong></span> <span class='ocrx_word' id='word_1_327' title='bbox 3391 3041 3702 3122; x_wconf 76' lang='lat' dir='ltr'><strong>praedictas</strong></span> 
     </span>
    </p>
   </div>
   <div class='ocr_carea' id='block_1_57' title="bbox 395 3124 3692 3213">
    <p class='ocr_par' dir='ltr' id='par_1_57' title="bbox 395 3124 3692 3213">
     <span class='ocr_line' id='line_1_57' title="bbox 395 3124 3692 3213; baseline 0.002 -28"><span class='ocrx_word' id='word_1_328' title='bbox 395 3142 601 3185; x_wconf 63' lang='lat' dir='ltr'><strong>cnam</strong></span> <span class='ocrx_word' id='word_1_329' title='bbox 662 3140 1656 3199; x_wconf 77' lang='lat' dir='ltr'><strong>EPISCOPUSBllUGENSIS,PEltPETUUS</strong></span> <span class='ocrx_word' id='word_1_330' title='bbox 1676 3142 1748 3186; x_wconf 66' lang='lat' dir='ltr'><strong>ac</strong></span> <span class='ocrx_word' id='word_1_331' title='bbox 1770 3142 1965 3187; x_wconf 39' lang='lat' dir='ltr'><strong>niani:-</strong></span> <span class='ocrx_word' id='word_1_332' title='bbox 1985 3154 2025 3204; x_wconf 72' lang='grc' dir='ltr'><strong>ρ</strong></span> <span class='ocrx_word' id='word_1_333' title='bbox 2050 3124 2357 3207; x_wconf 88' lang='lat' dir='ltr'><strong>reliquias,</strong></span> <span class='ocrx_word' id='word_1_334' title='bbox 2397 3125 2456 3185; x_wconf 91' lang='lat' dir='ltr'><strong>in</strong></span> <span class='ocrx_word' id='word_1_335' title='bbox 2490 3127 2785 3207; x_wconf 88' lang='lat' dir='ltr'><strong>corporali</strong></span> <span class='ocrx_word' id='word_1_336' title='bbox 2814 3128 2927 3189; x_wconf 91' lang='lat' dir='ltr'><strong>alio</strong></span> <span class='ocrx_word' id='word_1_337' title='bbox 2982 3131 3201 3192; x_wconf 90' lang='lat' dir='ltr'><strong>mundo</strong></span> <span class='ocrx_word' id='word_1_338' title='bbox 3231 3132 3406 3192; x_wconf 90' lang='lat' dir='ltr'><strong>simul</strong></span> <span class='ocrx_word' id='word_1_339' title='bbox 3430 3132 3692 3213; x_wconf 87' lang='lat' dir='ltr'><strong>junctas,</strong></span> 
     </span>
    </p>
   </div>
   <div class='ocr_carea' id='block_1_58' title="bbox 398 3214 3696 3302">
    <p class='ocr_par' dir='ltr' id='par_1_58' title="bbox 398 3214 3696 3302">
     <span class='ocr_line' id='line_1_58' title="bbox 398 3214 3696 3302; baseline 0.008 -42"><span class='ocrx_word' id='word_1_340' title='bbox 398 3222 658 3267; x_wconf 75' lang='lat' dir='ltr'><strong>nmmos</strong></span> <span class='ocrx_word' id='word_1_341' title='bbox 712 3222 1012 3266; x_wconf 66' lang='lat' dir='ltr'><strong>FLANDltlA-I</strong></span> <span class='ocrx_word' id='word_1_342' title='bbox 1076 3222 1532 3302; x_wconf 63' lang='lat' dir='ltr'><strong>CANCELLanius,</strong></span> <span class='ocrx_word' id='word_1_343' title='bbox 1596 3223 1785 3269; x_wconf 66' lang='lat' dir='ltr'><strong>neum:</strong></span> <span class='ocrx_word' id='word_1_344' title='bbox 1845 3223 1967 3268; x_wconf 57' lang='lat' dir='ltr'><strong>sua:</strong></span> <span class='ocrx_word' id='word_1_345' title='bbox 2048 3214 2335 3277; x_wconf 88' lang='lat' dir='ltr'><strong>decenter</strong></span> <span class='ocrx_word' id='word_1_346' title='bbox 2357 3216 2631 3277; x_wconf 89' lang='lat' dir='ltr'><strong>manibus</strong></span> <span class='ocrx_word' id='word_1_347' title='bbox 2654 3219 3267 3283; x_wconf 87' lang='lat' dir='ltr'><strong>nostrisinvolvimus.</strong></span> <span class='ocrx_word' id='word_1_348' title='bbox 3295 3224 3696 3302; x_wconf 66' lang='lat' dir='ltr'><strong>etinpreesen-</strong></span> 
     </span>
    </p>
   </div>
   <div class='ocr_carea' id='block_1_59' title="bbox 392 3296 1520 3357">
    <p class='ocr_par' dir='ltr' id='par_1_59' title="bbox 392 3296 1520 3357">
     <span class='ocr_line' id='line_1_59' title="bbox 392 3296 1520 3357; baseline 0.001 -11"><span class='ocrx_word' id='word_1_349' title='bbox 392 3302 701 3347; x_wconf 83' lang='lat' dir='ltr'><strong>MAJESTATI</strong></span> <span class='ocrx_word' id='word_1_350' title='bbox 746 3304 783 3345; x_wconf 75' lang='grc' dir='ltr'><strong>Δ</strong></span> <span class='ocrx_word' id='word_1_351' title='bbox 824 3303 1097 3347; x_wconf 80' lang='lat' dir='ltr'><strong>CONCILIO</strong></span> <span class='ocrx_word' id='word_1_352' title='bbox 1140 3304 1370 3357; x_wconf 70' lang='lat' dir='ltr'><strong>STATL’S,</strong></span> <span class='ocrx_word' id='word_1_353' title='bbox 1406 3296 1520 3347; x_wconf 90' lang='lat' dir='ltr'><strong>etc.</strong></span> 
     </span>
    </p>
   </div>
   <div class='ocr_carea' id='block_1_60' title="bbox 402 3393 1960 3475">
    <p class='ocr_par' dir='ltr' id='par_1_60' title="bbox 402 3393 1960 3475">
     <span class='ocr_line' id='line_1_60' title="bbox 402 3393 1960 3475; baseline -0.002 -18"><span class='ocrx_word' id='word_1_354' title='bbox 402 3393 744 3457; x_wconf 77' lang='lat' dir='ltr'><strong>«Universis</strong></span> <span class='ocrx_word' id='word_1_355' title='bbox 769 3402 828 3454; x_wconf 89' lang='lat' dir='ltr'><strong>et</strong></span> <span class='ocrx_word' id='word_1_356' title='bbox 849 3394 1098 3473; x_wconf 83' lang='lat' dir='ltr'><strong>singulis</strong></span> <span class='ocrx_word' id='word_1_357' title='bbox 1123 3405 1448 3474; x_wconf 63' lang='lat' dir='ltr'><strong>praesentes</strong></span> <span class='ocrx_word' id='word_1_358' title='bbox 1471 3395 1700 3455; x_wconf 87' lang='lat' dir='ltr'><strong>litteras</strong></span> <span class='ocrx_word' id='word_1_359' title='bbox 1722 3395 1960 3475; x_wconf 88' lang='lat' dir='ltr'><strong>visuris,</strong></span> 
     </span>
    </p>
   </div>
   <div class='ocr_carea' id='block_1_61' title="bbox 2050 3304 3692 3389">
    <p class='ocr_par' dir='ltr' id='par_1_61' title="bbox 2050 3304 3692 3389">
     <span class='ocr_line' id='line_1_61' title="bbox 2050 3304 3692 3389; baseline 0.009 -27"><span class='ocrx_word' id='word_1_360' title='bbox 2050 3304 2126 3363; x_wconf 91' lang='lat' dir='ltr'><strong>tia</strong></span> <span class='ocrx_word' id='word_1_361' title='bbox 2149 3314 2353 3365; x_wconf 88' lang='lat' dir='ltr'><strong>nostra</strong></span> <span class='ocrx_word' id='word_1_362' title='bbox 2375 3304 2433 3364; x_wconf 92' lang='lat' dir='ltr'><strong>in</strong></span> <span class='ocrx_word' id='word_1_363' title='bbox 2455 3306 2663 3367; x_wconf 86' lang='lat' dir='ltr'><strong>eodem</strong></span> <span class='ocrx_word' id='word_1_364' title='bbox 2688 3309 2982 3389; x_wconf 88' lang='lat' dir='ltr'><strong>corporali</strong></span> <span class='ocrx_word' id='word_1_365' title='bbox 3007 3312 3564 3375; x_wconf 85' lang='lat' dir='ltr'><strong>consuicuravimus</strong></span> <span class='ocrx_word' id='word_1_366' title='bbox 3579 3316 3692 3377; x_wconf 88' lang='lat' dir='ltr'><strong>ﬁlis</strong></span> 
     </span>
    </p>
   </div>
   <div class='ocr_carea' id='block_1_62' title="bbox 2051 3394 3701 3473">
    <p class='ocr_par' dir='ltr' id='par_1_62' title="bbox 2051 3394 3701 3473">
     <span class='ocr_line' id='line_1_62' title="bbox 2051 3394 3701 3473; baseline 0.009 -21"><span class='ocrx_word' id='word_1_367' title='bbox 2051 3394 2304 3472; x_wconf 83' lang='lat' dir='ltr'><strong>byssinis</strong></span> <span class='ocrx_word' id='word_1_368' title='bbox 2339 3410 2351 3453; x_wconf 88' lang='lat'>:</span> <span class='ocrx_word' id='word_1_369' title='bbox 2379 3394 2447 3452; x_wconf 90' lang='lat' dir='ltr'><strong>ad</strong></span> <span class='ocrx_word' id='word_1_370' title='bbox 2476 3414 2621 3473; x_wconf 88' lang='lat' dir='ltr'><strong>quas</strong></span> <span class='ocrx_word' id='word_1_371' title='bbox 2644 3396 2857 3457; x_wconf 90' lang='lat' dir='ltr'><strong>eodem</strong></span> <span class='ocrx_word' id='word_1_372' title='bbox 2890 3402 3252 3462; x_wconf 83' lang='lat' dir='ltr'><strong>reverendus</strong></span> <span class='ocrx_word' id='word_1_373' title='bbox 3281 3404 3603 3465; x_wconf 90' lang='lat' dir='ltr'><strong>admodum</strong></span> <span class='ocrx_word' id='word_1_374' title='bbox 3633 3424 3701 3467; x_wconf 90' lang='lat' dir='ltr'><strong>ac</strong></span> 
     </span>
    </p>
   </div>
   <div class='ocr_carea' id='block_1_63' title="bbox 312 3482 3700 3571">
    <p class='ocr_par' dir='ltr' id='par_1_63' title="bbox 312 3482 3700 3571">
     <span class='ocr_line' id='line_1_63' title="bbox 312 3482 3700 3571; baseline 0.004 -27"><span class='ocrx_word' id='word_1_375' title='bbox 312 3486 552 3565; x_wconf 86' lang='lat' dir='ltr'><strong>seulegi</strong></span> <span class='ocrx_word' id='word_1_376' title='bbox 578 3484 896 3563; x_wconf 87' lang='lat' dir='ltr'><strong>audituris,</strong></span> <span class='ocrx_word' id='word_1_377' title='bbox 921 3486 1172 3544; x_wconf 86' lang='lat' dir='ltr'><strong>salutem</strong></span> <span class='ocrx_word' id='word_1_378' title='bbox 1200 3484 1255 3543; x_wconf 87' lang='lat' dir='ltr'><strong>in</strong></span> <span class='ocrx_word' id='word_1_379' title='bbox 1292 3484 1566 3546; x_wconf 85' lang='lat' dir='ltr'><strong>Domino.</strong></span> <span class='ocrx_word' id='word_1_380' title='bbox 1598 3484 1961 3545; x_wconf 83' lang='lat' dir='ltr'><strong>Promotioni</strong></span> <span class='ocrx_word' id='word_1_381' title='bbox 2048 3482 2422 3544; x_wconf 86' lang='lat' dir='ltr'><strong>venerabiles</strong></span> <span class='ocrx_word' id='word_1_382' title='bbox 2452 3485 2731 3545; x_wconf 87' lang='lat' dir='ltr'><strong>dominos</strong></span> <span class='ocrx_word' id='word_1_383' title='bbox 2761 3486 2835 3546; x_wconf 86' lang='lat' dir='ltr'><strong>de</strong></span> <span class='ocrx_word' id='word_1_384' title='bbox 2868 3490 3029 3549; x_wconf 85' lang='lat' dir='ltr'><strong>clero</strong></span> <span class='ocrx_word' id='word_1_385' title='bbox 3080 3491 3351 3567; x_wconf 88' lang='lat' dir='ltr'><strong>ejusdem</strong></span> <span class='ocrx_word' id='word_1_386' title='bbox 3406 3496 3700 3571; x_wconf 57' lang='lat' dir='ltr'><strong>ecclesiae,</strong></span> 
     </span>
    </p>
   </div>
   <div class='ocr_carea' id='block_1_64' title="bbox 314 3572 1958 3654">
    <p class='ocr_par' dir='ltr' id='par_1_64' title="bbox 314 3572 1958 3654">
     <span class='ocr_line' id='line_1_64' title="bbox 314 3572 1958 3654; baseline -0.001 -20"><span class='ocrx_word' id='word_1_387' title='bbox 314 3575 510 3636; x_wconf 89' lang='lat' dir='ltr'><strong>cultus</strong></span> <span class='ocrx_word' id='word_1_388' title='bbox 540 3586 884 3635; x_wconf 85' lang='lat' dir='ltr'><strong>sanctorum</strong></span> <span class='ocrx_word' id='word_1_389' title='bbox 944 3573 1210 3635; x_wconf 89' lang='lat' dir='ltr'><strong>studiose</strong></span> <span class='ocrx_word' id='word_1_390' title='bbox 1268 3592 1508 3654; x_wconf 83' lang='lat' dir='ltr'><strong>semper</strong></span> <span class='ocrx_word' id='word_1_391' title='bbox 1570 3572 1958 3649; x_wconf 88' lang='lat' dir='ltr'><strong>intendimus,</strong></span> 
     </span>
    </p>
   </div>
   <div class='ocr_carea' id='block_1_65' title="bbox 310 3662 1967 3743">
    <p class='ocr_par' dir='ltr' id='par_1_65' title="bbox 310 3662 1967 3743">
     <span class='ocr_line' id='line_1_65' title="bbox 310 3662 1967 3743; baseline -0.001 -20"><span class='ocrx_word' id='word_1_392' title='bbox 310 3663 572 3726; x_wconf 90' lang='lat' dir='ltr'><strong>scientes</strong></span> <span class='ocrx_word' id='word_1_393' title='bbox 597 3666 785 3727; x_wconf 89' lang='lat' dir='ltr'><strong>Deum</strong></span> <span class='ocrx_word' id='word_1_394' title='bbox 815 3664 1285 3743; x_wconf 90' lang='lat' dir='ltr'><strong>omnipotentem</strong></span> <span class='ocrx_word' id='word_1_395' title='bbox 1312 3664 1371 3723; x_wconf 93' lang='lat' dir='ltr'><strong>in</strong></span> <span class='ocrx_word' id='word_1_396' title='bbox 1395 3664 1614 3725; x_wconf 90' lang='lat' dir='ltr'><strong>sanctis</strong></span> <span class='ocrx_word' id='word_1_397' title='bbox 1642 3662 1764 3723; x_wconf 89' lang='lat' dir='ltr'><strong>suis</strong></span> <span class='ocrx_word' id='word_1_398' title='bbox 1785 3664 1967 3722; x_wconf 88' lang='lat' dir='ltr'><strong>hono-</strong></span> 
     </span>
    </p>
   </div>
   <div class='ocr_carea' id='block_1_66' title="bbox 309 3753 1970 3827">
    <p class='ocr_par' dir='ltr' id='par_1_66' title="bbox 309 3753 1970 3827">
     <span class='ocr_line' id='line_1_66' title="bbox 309 3753 1970 3827; baseline -0.001 -13"><span class='ocrx_word' id='word_1_399' title='bbox 309 3763 873 3827; x_wconf 90' lang='lat' dir='ltr'><strong>ratum,sanctorum</strong></span> <span class='ocrx_word' id='word_1_400' title='bbox 900 3756 1163 3814; x_wconf 88' lang='lat' dir='ltr'><strong>cultores</strong></span> <span class='ocrx_word' id='word_1_401' title='bbox 1190 3753 1261 3813; x_wconf 89' lang='lat' dir='ltr'><strong>ad</strong></span> <span class='ocrx_word' id='word_1_402' title='bbox 1290 3762 1629 3813; x_wconf 90' lang='lat' dir='ltr'><strong>sanctorum</strong></span> <span class='ocrx_word' id='word_1_403' title='bbox 1668 3760 1721 3813; x_wconf 91' lang='lat' dir='ltr'><strong>in</strong></span> <span class='ocrx_word' id='word_1_404' title='bbox 1750 3759 1970 3813; x_wconf 59' lang='lat' dir='ltr'><strong>mterna</strong></span> 
     </span>
    </p>
   </div>
   <div class='ocr_carea' id='block_1_67' title="bbox 314 3842 1970 3923">
    <p class='ocr_par' dir='ltr' id='par_1_67' title="bbox 314 3842 1970 3923">
     <span class='ocr_line' id='line_1_67' title="bbox 314 3842 1970 3923; baseline -0.001 -18"><span class='ocrx_word' id='word_1_405' title='bbox 314 3843 681 3906; x_wconf 89' lang='lat' dir='ltr'><strong>beatitudine</strong></span> <span class='ocrx_word' id='word_1_406' title='bbox 704 3844 1049 3905; x_wconf 82' lang='lat' dir='ltr'><strong>societatem</strong></span> <span class='ocrx_word' id='word_1_407' title='bbox 1076 3844 1491 3923; x_wconf 55' lang='lat' dir='ltr'><strong>disiionere,et</strong></span> <span class='ocrx_word' id='word_1_408' title='bbox 1515 3842 1815 3905; x_wconf 84' lang='lat' dir='ltr'><strong>efﬁcacius</strong></span> <span class='ocrx_word' id='word_1_409' title='bbox 1837 3862 1970 3923; x_wconf 90' lang='lat' dir='ltr'><strong>per-</strong></span> 
     </span>
    </p>
   </div>
   <div class='ocr_carea' id='block_1_68' title="bbox 311 3934 1970 4015">
    <p class='ocr_par' dir='ltr' id='par_1_68' title="bbox 311 3934 1970 4015">
     <span class='ocr_line' id='line_1_68' title="bbox 311 3934 1970 4015; baseline -0.001 -20"><span class='ocrx_word' id='word_1_410' title='bbox 311 3936 558 3996; x_wconf 89' lang='lat' dir='ltr'><strong>ducere.</strong></span> <span class='ocrx_word' id='word_1_411' title='bbox 588 3934 732 3995; x_wconf 86' lang='lat' dir='ltr'><strong>Cum</strong></span> <span class='ocrx_word' id='word_1_412' title='bbox 760 3935 955 4014; x_wconf 87' lang='lat' dir='ltr'><strong>itaque</strong></span> <span class='ocrx_word' id='word_1_413' title='bbox 982 3953 1191 4015; x_wconf 82' lang='lat' dir='ltr'><strong>nuper,</strong></span> <span class='ocrx_word' id='word_1_414' title='bbox 1245 3953 1314 3996; x_wconf 81' lang='lat' dir='ltr'><strong>ex</strong></span> <span class='ocrx_word' id='word_1_415' title='bbox 1344 3935 1557 4014; x_wconf 89' lang='lat' dir='ltr'><strong>pietate</strong></span> <span class='ocrx_word' id='word_1_416' title='bbox 1603 3942 1660 3994; x_wconf 92' lang='lat' dir='ltr'><strong>et</strong></span> <span class='ocrx_word' id='word_1_417' title='bbox 1690 3936 1970 3996; x_wconf 79' lang='lat' dir='ltr'><strong>munifica</strong></span> 
     </span>
    </p>
   </div>
   <div class='ocr_carea' id='block_1_69' title="bbox 309 4021 1963 4105">
    <p class='ocr_par' dir='ltr' id='par_1_69' title="bbox 309 4021 1963 4105">
     <span class='ocr_line' id='line_1_69' title="bbox 309 4021 1963 4105; baseline -0.001 -21"><span class='ocrx_word' id='word_1_418' title='bbox 309 4021 666 4085; x_wconf 88' lang='lat' dir='ltr'><strong>liberalitate</strong></span> <span class='ocrx_word' id='word_1_419' title='bbox 680 4023 995 4085; x_wconf 81' lang='lat' dir='ltr'><strong>reverendi</strong></span> <span class='ocrx_word' id='word_1_420' title='bbox 1017 4023 1415 4086; x_wconf 88' lang='lat' dir='ltr'><strong>adm.domini</strong></span> <span class='ocrx_word' id='word_1_421' title='bbox 1438 4022 1686 4102; x_wconf 86' lang='lat' dir='ltr'><strong>Eugenii</strong></span> <span class='ocrx_word' id='word_1_422' title='bbox 1702 4024 1775 4085; x_wconf 92' lang='lat' dir='ltr'><strong>de</strong></span> <span class='ocrx_word' id='word_1_423' title='bbox 1796 4024 1963 4105; x_wconf 86' lang='lat' dir='ltr'><strong>Vicq,</strong></span> 
     </span>
    </p>
   </div>
   <div class='ocr_carea' id='block_1_70' title="bbox 310 4114 1961 4190">
    <p class='ocr_par' dir='ltr' id='par_1_70' title="bbox 310 4114 1961 4190">
     <span class='ocr_line' id='line_1_70' title="bbox 310 4114 1961 4190; baseline 0.001 -15"><span class='ocrx_word' id='word_1_424' title='bbox 310 4115 521 4175; x_wconf 88' lang='lat' dir='ltr'><strong>decani</strong></span> <span class='ocrx_word' id='word_1_425' title='bbox 554 4114 827 4175; x_wconf 62' lang='lat' dir='ltr'><strong>ecclesiae</strong></span> <span class='ocrx_word' id='word_1_426' title='bbox 858 4114 1217 4175; x_wconf 86' lang='lat' dir='ltr'><strong>cathedralis</strong></span> <span class='ocrx_word' id='word_1_427' title='bbox 1248 4114 1450 4177; x_wconf 82' lang='lat' dir='ltr'><strong>Sancti</strong></span> <span class='ocrx_word' id='word_1_428' title='bbox 1484 4116 1816 4190; x_wconf 85' lang='lat' dir='ltr'><strong>Donatiani,</strong></span> <span class='ocrx_word' id='word_1_429' title='bbox 1854 4115 1961 4176; x_wconf 89' lang='lat' dir='ltr'><strong>ab-</strong></span> 
     </span>
    </p>
   </div>
   <div class='ocr_carea' id='block_1_71' title="bbox 313 4203 1961 4285">
    <p class='ocr_par' dir='ltr' id='par_1_71' title="bbox 313 4203 1961 4285">
     <span class='ocr_line' id='line_1_71' title="bbox 313 4203 1961 4285; baseline 0.001 -20"><span class='ocrx_word' id='word_1_430' title='bbox 313 4206 507 4265; x_wconf 89' lang='lat' dir='ltr'><strong>soluto</strong></span> <span class='ocrx_word' id='word_1_431' title='bbox 539 4222 724 4283; x_wconf 88' lang='lat' dir='ltr'><strong>opere</strong></span> <span class='ocrx_word' id='word_1_432' title='bbox 756 4203 889 4264; x_wconf 92' lang='lat' dir='ltr'><strong>novi</strong></span> <span class='ocrx_word' id='word_1_433' title='bbox 948 4204 1156 4266; x_wconf 86' lang='lat' dir='ltr'><strong>feretri</strong></span> <span class='ocrx_word' id='word_1_434' title='bbox 1210 4222 1513 4265; x_wconf 87' lang='lat' dir='ltr'><strong>sacrarum</strong></span> <span class='ocrx_word' id='word_1_435' title='bbox 1574 4204 1961 4285; x_wconf 87' lang='lat' dir='ltr'><strong>reliquiarum</strong></span> 
     </span>
    </p>
   </div>
   <div class='ocr_carea' id='block_1_72' title="bbox 311 4293 1965 4373">
    <p class='ocr_par' dir='ltr' id='par_1_72' title="bbox 311 4293 1965 4373">
     <span class='ocr_line' id='line_1_72' title="bbox 311 4293 1965 4373; baseline 0 -17"><span class='ocrx_word' id='word_1_436' title='bbox 311 4298 469 4356; x_wconf 80' lang='lat' dir='ltr'><strong>senti</strong></span> <span class='ocrx_word' id='word_1_437' title='bbox 501 4293 704 4355; x_wconf 88' lang='lat' dir='ltr'><strong>Basilii</strong></span> <span class='ocrx_word' id='word_1_438' title='bbox 737 4294 957 4372; x_wconf 83' lang='lat' dir='ltr'><strong>Magni,</strong></span> <span class='ocrx_word' id='word_1_439' title='bbox 1009 4294 1291 4356; x_wconf 64' lang='lat' dir='ltr'><strong>Caesareae</strong></span> <span class='ocrx_word' id='word_1_440' title='bbox 1348 4294 1406 4354; x_wconf 91' lang='lat' dir='ltr'><strong>in</strong></span> <span class='ocrx_word' id='word_1_441' title='bbox 1438 4294 1809 4373; x_wconf 88' lang='lat' dir='ltr'><strong>Cappadocia</strong></span> <span class='ocrx_word' id='word_1_442' title='bbox 1864 4313 1965 4356; x_wconf 90' lang='lat' dir='ltr'><strong>ar-</strong></span> 
     </span>
    </p>
   </div>
   <div class='ocr_carea' id='block_1_73' title="bbox 314 4384 1967 4465">
    <p class='ocr_par' dir='ltr' id='par_1_73' title="bbox 314 4384 1967 4465">
     <span class='ocr_line' id='line_1_73' title="bbox 314 4384 1967 4465; baseline 0.001 -20"><span class='ocrx_word' id='word_1_443' title='bbox 314 4384 684 4465; x_wconf 89' lang='lat' dir='ltr'><strong>chiepiscopi</strong></span> <span class='ocrx_word' id='word_1_444' title='bbox 718 4393 773 4445; x_wconf 91' lang='lat' dir='ltr'><strong>et</strong></span> <span class='ocrx_word' id='word_1_445' title='bbox 832 4384 1215 4460; x_wconf 90' lang='lat' dir='ltr'><strong>confessoris,</strong></span> <span class='ocrx_word' id='word_1_446' title='bbox 1278 4384 1593 4463; x_wconf 89' lang='lat' dir='ltr'><strong>singularis</strong></span> <span class='ocrx_word' id='word_1_447' title='bbox 1626 4386 1875 4465; x_wconf 90' lang='lat' dir='ltr'><strong>patroni,</strong></span> <span class='ocrx_word' id='word_1_448' title='bbox 1934 4404 1967 4447; x_wconf 88' lang='lat' dir='ltr'><strong>a</strong></span> 
     </span>
    </p>
   </div>
   <div class='ocr_carea' id='block_1_74' title="bbox 2046 3571 3710 3658">
    <p class='ocr_par' dir='ltr' id='par_1_74' title="bbox 2046 3571 3710 3658">
     <span class='ocr_line' id='line_1_74' title="bbox 2046 3571 3710 3658; baseline 0.01 -27"><span class='ocrx_word' id='word_1_449' title='bbox 2046 3571 2314 3651; x_wconf 88' lang='lat' dir='ltr'><strong>aliosque</strong></span> <span class='ocrx_word' id='word_1_450' title='bbox 2344 3572 2732 3635; x_wconf 89' lang='lat' dir='ltr'><strong>notabiliores</strong></span> <span class='ocrx_word' id='word_1_451' title='bbox 2751 3588 3100 3658; x_wconf 72' lang='lat' dir='ltr'><strong>praesentes,</strong></span> <span class='ocrx_word' id='word_1_452' title='bbox 3130 3587 3246 3641; x_wconf 87' lang='lat' dir='ltr'><strong>tam</strong></span> <span class='ocrx_word' id='word_1_453' title='bbox 3274 3584 3710 3649; x_wconf 81' lang='lat' dir='ltr'><strong>ecclesiasticos</strong></span> 
     </span>
    </p>
   </div>
   <div class='ocr_carea' id='block_1_75' title="bbox 2054 3661 3708 3739">
    <p class='ocr_par' dir='ltr' id='par_1_75' title="bbox 2054 3661 3708 3739">
     <span class='ocr_line' id='line_1_75' title="bbox 2054 3661 3708 3739; baseline 0.011 -21"><span class='ocrx_word' id='word_1_454' title='bbox 2054 3679 2230 3739; x_wconf 89' lang='lat' dir='ltr'><strong>quam</strong></span> <span class='ocrx_word' id='word_1_455' title='bbox 2263 3661 2599 3734; x_wconf 66' lang='lat' dir='ltr'><strong>saeculares,</strong></span> <span class='ocrx_word' id='word_1_456' title='bbox 2628 3664 2700 3724; x_wconf 86' lang='lat' dir='ltr'><strong>ad</strong></span> <span class='ocrx_word' id='word_1_457' title='bbox 2732 3666 3002 3726; x_wconf 84' lang='lat' dir='ltr'><strong>osculum</strong></span> <span class='ocrx_word' id='word_1_458' title='bbox 3036 3681 3177 3730; x_wconf 88' lang='lat' dir='ltr'><strong>ante</strong></span> <span class='ocrx_word' id='word_1_459' title='bbox 3198 3689 3497 3733; x_wconf 91' lang='lat' dir='ltr'><strong>summum</strong></span> <span class='ocrx_word' id='word_1_460' title='bbox 3525 3676 3708 3737; x_wconf 90' lang='lat' dir='ltr'><strong>altare</strong></span> 
     </span>
    </p>
   </div>
   <div class='ocr_carea' id='block_1_76' title="bbox 2054 3750 3706 3832">
    <p class='ocr_par' dir='ltr' id='par_1_76' title="bbox 2054 3750 3706 3832">
     <span class='ocr_line' id='line_1_76' title="bbox 2054 3750 3706 3832; baseline 0.011 -22"><span class='ocrx_word' id='word_1_461' title='bbox 2054 3750 2319 3830; x_wconf 60' lang='lat' dir='ltr'><strong>praedicti</strong></span> <span class='ocrx_word' id='word_1_462' title='bbox 2346 3751 2511 3811; x_wconf 90' lang='lat' dir='ltr'><strong>chori</strong></span> <span class='ocrx_word' id='word_1_463' title='bbox 2528 3772 2630 3832; x_wconf 89' lang='lat' dir='ltr'><strong>per</strong></span> <span class='ocrx_word' id='word_1_464' title='bbox 2648 3754 2916 3814; x_wconf 87' lang='lat' dir='ltr'><strong>ordinem</strong></span> <span class='ocrx_word' id='word_1_465' title='bbox 2933 3756 3303 3823; x_wconf 85' lang='lat' dir='ltr'><strong>admisimus.</strong></span> <span class='ocrx_word' id='word_1_466' title='bbox 3322 3761 3706 3828; x_wconf 80' lang='lat' dir='ltr'><strong>Postmodum</strong></span> 
     </span>
    </p>
   </div>
   <div class='ocr_carea' id='block_1_77' title="bbox 2051 3841 3704 3935">
    <p class='ocr_par' dir='ltr' id='par_1_77' title="bbox 2051 3841 3704 3935">
     <span class='ocr_line' id='line_1_77' title="bbox 2051 3841 3704 3935; baseline 0.009 -34"><span class='ocrx_word' id='word_1_467' title='bbox 2051 3858 2259 3901; x_wconf 90' lang='lat' dir='ltr'><strong>omnes</strong></span> <span class='ocrx_word' id='word_1_468' title='bbox 2291 3841 2532 3902; x_wconf 88' lang='lat' dir='ltr'><strong>easdem</strong></span> <span class='ocrx_word' id='word_1_469' title='bbox 2566 3844 2873 3922; x_wconf 89' lang='lat' dir='ltr'><strong>reliquias,</strong></span> <span class='ocrx_word' id='word_1_470' title='bbox 2912 3844 3068 3906; x_wconf 92' lang='lat' dir='ltr'><strong>dicto</strong></span> <span class='ocrx_word' id='word_1_471' title='bbox 3093 3852 3387 3928; x_wconf 88' lang='lat' dir='ltr'><strong>corporali</strong></span> <span class='ocrx_word' id='word_1_472' title='bbox 3420 3853 3704 3935; x_wconf 88' lang='lat' dir='ltr'><strong>inclusas,</strong></span> 
     </span>
    </p>
   </div>
   <div class='ocr_carea' id='block_1_78' title="bbox 2051 3930 3710 4017">
    <p class='ocr_par' dir='ltr' id='par_1_78' title="bbox 2051 3930 3710 4017">
     <span class='ocr_line' id='line_1_78' title="bbox 2051 3930 3710 4017; baseline 0.01 -28"><span class='ocrx_word' id='word_1_473' title='bbox 2051 3930 2114 3989; x_wconf 92' lang='lat' dir='ltr'><strong>in</strong></span> <span class='ocrx_word' id='word_1_474' title='bbox 2148 3948 2296 3989; x_wconf 89' lang='lat' dir='ltr'><strong>novo</strong></span> <span class='ocrx_word' id='word_1_475' title='bbox 2322 3930 2515 3991; x_wconf 91' lang='lat' dir='ltr'><strong>serico</strong></span> <span class='ocrx_word' id='word_1_476' title='bbox 2540 3934 2795 3993; x_wconf 58' lang='lat' dir='ltr'><strong>caeruleo</strong></span> <span class='ocrx_word' id='word_1_477' title='bbox 2821 3933 2933 3994; x_wconf 86' lang='lat' dir='ltr'><strong>tilis</strong></span> <span class='ocrx_word' id='word_1_478' title='bbox 2958 3936 3169 3998; x_wconf 90' lang='lat' dir='ltr'><strong>sericis</strong></span> <span class='ocrx_word' id='word_1_479' title='bbox 3194 3940 3461 4017; x_wconf 89' lang='lat' dir='ltr'><strong>ejusdem</strong></span> <span class='ocrx_word' id='word_1_480' title='bbox 3487 3930 3710 4006; x_wconf 78' lang='lat' dir='ltr'><strong>cnloris</strong></span> 
     </span>
    </p>
   </div>
   <div class='ocr_carea' id='block_1_79' title="bbox 2051 4019 3708 4101">
    <p class='ocr_par' dir='ltr' id='par_1_79' title="bbox 2051 4019 3708 4101">
     <span class='ocr_line' id='line_1_79' title="bbox 2051 4019 3708 4101; baseline 0.008 -22"><span class='ocrx_word' id='word_1_481' title='bbox 2051 4019 2425 4080; x_wconf 90' lang='lat' dir='ltr'><strong>involvimus.</strong></span> <span class='ocrx_word' id='word_1_482' title='bbox 2465 4019 2734 4101; x_wconf 88' lang='lat' dir='ltr'><strong>Denique</strong></span> <span class='ocrx_word' id='word_1_483' title='bbox 2764 4022 2921 4083; x_wconf 89' lang='lat' dir='ltr'><strong>idem</strong></span> <span class='ocrx_word' id='word_1_484' title='bbox 2956 4026 3325 4089; x_wconf 88' lang='lat' dir='ltr'><strong>involucrum</strong></span> <span class='ocrx_word' id='word_1_485' title='bbox 3352 4030 3708 4093; x_wconf 90' lang='lat' dir='ltr'><strong>inclusimus</strong></span> 
     </span>
    </p>
   </div>
   <div class='ocr_carea' id='block_1_80' title="bbox 2050 4110 3709 4202">
    <p class='ocr_par' dir='ltr' id='par_1_80' title="bbox 2050 4110 3709 4202">
     <span class='ocr_line' id='line_1_80' title="bbox 2050 4110 3709 4202; baseline 0.008 -33"><span class='ocrx_word' id='word_1_486' title='bbox 2050 4126 2228 4202; x_wconf 84' lang='lat' dir='ltr'><strong>novae</strong></span> <span class='ocrx_word' id='word_1_487' title='bbox 2247 4110 2495 4184; x_wconf 82' lang='lat' dir='ltr'><strong>cistulae,</strong></span> <span class='ocrx_word' id='word_1_488' title='bbox 2522 4110 2594 4171; x_wconf 86' lang='lat' dir='ltr'><strong>ab</strong></span> <span class='ocrx_word' id='word_1_489' title='bbox 2623 4120 2785 4173; x_wconf 87' lang='lat' dir='ltr'><strong>extra</strong></span> <span class='ocrx_word' id='word_1_490' title='bbox 2808 4113 3037 4175; x_wconf 80' lang='lat' dir='ltr'><strong>atfabre</strong></span> <span class='ocrx_word' id='word_1_491' title='bbox 3058 4116 3411 4197; x_wconf 76' lang='lat' dir='ltr'><strong>depictze,et</strong></span> <span class='ocrx_word' id='word_1_492' title='bbox 3433 4139 3709 4202; x_wconf 61' lang='lat' dir='ltr'><strong>supernae</strong></span> 
     </span>
    </p>
   </div>
   <div class='ocr_carea' id='block_1_81' title="bbox 2050 4201 3710 4279">
    <p class='ocr_par' dir='ltr' id='par_1_81' title="bbox 2050 4201 3710 4279">
     <span class='ocr_line' id='line_1_81' title="bbox 2050 4201 3710 4279; baseline 0.008 -20"><span class='ocrx_word' id='word_1_493' title='bbox 2050 4201 2353 4279; x_wconf 73' lang='lat' dir='ltr'><strong>inscriptae</strong></span> <span class='ocrx_word' id='word_1_494' title='bbox 2382 4202 2563 4260; x_wconf 87' lang='lat' dir='ltr'><strong>rubro</strong></span> <span class='ocrx_word' id='word_1_495' title='bbox 2599 4202 2799 4264; x_wconf 85' lang='lat' dir='ltr'><strong>colore</strong></span> <span class='ocrx_word' id='word_1_496' title='bbox 2834 4224 2848 4262; x_wconf 89' lang='lat'><strong>:</strong></span> <span class='ocrx_word' id='word_1_497' title='bbox 2886 4206 3194 4276; x_wconf 65' lang='lat' dir='ltr'><strong>RELIQUl/E</strong></span> <span class='ocrx_word' id='word_1_498' title='bbox 3245 4226 3445 4273; x_wconf 81' lang='lat' dir='ltr'><strong>SANCTI</strong></span> <span class='ocrx_word' id='word_1_499' title='bbox 3478 4201 3710 4273; x_wconf 68' lang='lat' dir='ltr'><strong>BASILII</strong></span> 
     </span>
    </p>
   </div>
   <div class='ocr_carea' id='block_1_82' title="bbox 2052 4288 3708 4379">
    <p class='ocr_par' dir='ltr' id='par_1_82' title="bbox 2052 4288 3708 4379">
     <span class='ocr_line' id='line_1_82' title="bbox 2052 4288 3708 4379; baseline 0.008 -29"><span class='ocrx_word' id='word_1_500' title='bbox 2052 4288 2646 4363; x_wconf 60' lang='lat' dir='ltr'><strong>MAGNI,TRANSLAT}E</strong></span> <span class='ocrx_word' id='word_1_501' title='bbox 2668 4293 2950 4356; x_wconf 77' lang='lat' dir='ltr'><strong>XIIIJUNII</strong></span> <span class='ocrx_word' id='word_1_502' title='bbox 2984 4301 3005 4354; x_wconf 89' lang='grc' dir='ltr'><strong>-ι</strong></span> <span class='ocrx_word' id='word_1_503' title='bbox 3020 4298 3135 4359; x_wconf 86' lang='grc'>687</span> <span class='ocrx_word' id='word_1_504' title='bbox 3164 4319 3180 4379; x_wconf 86' lang='grc'><strong>;</strong></span> <span class='ocrx_word' id='word_1_505' title='bbox 3207 4308 3267 4361; x_wconf 89' lang='lat' dir='ltr'><strong>et</strong></span> <span class='ocrx_word' id='word_1_506' title='bbox 3294 4300 3366 4361; x_wconf 88' lang='lat' dir='ltr'><strong>ab</strong></span> <span class='ocrx_word' id='word_1_507' title='bbox 3410 4303 3566 4363; x_wconf 87' lang='lat' dir='ltr'><strong>intra</strong></span> <span class='ocrx_word' id='word_1_508' title='bbox 3602 4320 3708 4363; x_wconf 91' lang='lat' dir='ltr'><strong>co-</strong></span> 
     </span>
    </p>
   </div>
   <div class='ocr_carea' id='block_1_83' title="bbox 2050 4381 3711 4473">
    <p class='ocr_par' dir='ltr' id='par_1_83' title="bbox 2050 4381 3711 4473">
     <span class='ocr_line' id='line_1_83' title="bbox 2050 4381 3711 4473; baseline 0.008 -35"><span class='ocrx_word' id='word_1_509' title='bbox 2050 4388 2273 4459; x_wconf 65' lang='lat' dir='ltr'><strong>operta:</strong></span> <span class='ocrx_word' id='word_1_510' title='bbox 2302 4381 2491 4473; x_wconf 75' lang='lat' dir='ltr'><strong>satino</strong></span> <span class='ocrx_word' id='word_1_511' title='bbox 2514 4384 2769 4473; x_wconf 73' lang='lat' dir='ltr'><strong>caeruleo</strong></span> <span class='ocrx_word' id='word_1_512' title='bbox 2789 4385 2991 4464; x_wconf 88' lang='lat' dir='ltr'><strong>(quam</strong></span> <span class='ocrx_word' id='word_1_513' title='bbox 3020 4388 3232 4467; x_wconf 76' lang='lat' dir='ltr'><strong>praevia</strong></span> <span class='ocrx_word' id='word_1_514' title='bbox 3248 4390 3416 4469; x_wconf 87' lang='lat' dir='ltr'><strong>juxta</strong></span> <span class='ocrx_word' id='word_1_515' title='bbox 3446 4390 3711 4473; x_wconf 73' lang='lat' dir='ltr'><strong>praescri-</strong></span> 
     </span>
    </p>
   </div>
   <div class='ocr_carea' id='block_1_84' title="bbox 317 4470 3706 4559">
    <p class='ocr_par' dir='ltr' id='par_1_84' title="bbox 317 4470 3706 4559">
     <span class='ocr_line' id='line_1_84' title="bbox 317 4470 3706 4559; baseline 0.002 -24"><span class='ocrx_word' id='word_1_516' title='bbox 317 4473 517 4535; x_wconf 88' lang='lat' dir='ltr'><strong>multis</strong></span> <span class='ocrx_word' id='word_1_517' title='bbox 548 4482 709 4535; x_wconf 89' lang='lat' dir='ltr'><strong>retro</strong></span> <span class='ocrx_word' id='word_1_518' title='bbox 740 4473 974 4535; x_wconf 65' lang='lat' dir='ltr'><strong>saeculis</strong></span> <span class='ocrx_word' id='word_1_519' title='bbox 1004 4474 1065 4535; x_wconf 91' lang='lat' dir='ltr'><strong>in</strong></span> <span class='ocrx_word' id='word_1_520' title='bbox 1099 4475 1307 4535; x_wconf 88' lang='lat' dir='ltr'><strong>eadem</strong></span> <span class='ocrx_word' id='word_1_521' title='bbox 1343 4473 1597 4536; x_wconf 88' lang='lat' dir='ltr'><strong>ecclesia</strong></span> <span class='ocrx_word' id='word_1_522' title='bbox 1639 4476 1967 4537; x_wconf 87' lang='lat' dir='ltr'><strong>cathedrali</strong></span> <span class='ocrx_word' id='word_1_523' title='bbox 1992 4510 2033 4559; x_wconf 75' lang='grc' dir='ltr'>ο</span> <span class='ocrx_word' id='word_1_524' title='bbox 2055 4479 2215 4550; x_wconf 87' lang='lat' dir='ltr'><strong>ptum</strong></span> <span class='ocrx_word' id='word_1_525' title='bbox 2252 4470 2610 4533; x_wconf 82' lang='lat' dir='ltr'><strong>Pontificalis</strong></span> <span class='ocrx_word' id='word_1_526' title='bbox 2642 4474 2918 4555; x_wconf 81' lang='lat' dir='ltr'><strong>Romani,</strong></span> <span class='ocrx_word' id='word_1_527' title='bbox 2953 4496 3089 4538; x_wconf 92' lang='lat' dir='ltr'><strong>cum</strong></span> <span class='ocrx_word' id='word_1_528' title='bbox 3119 4481 3398 4558; x_wconf 79' lang='lat' dir='ltr'><strong>praedicto</strong></span> <span class='ocrx_word' id='word_1_529' title='bbox 3432 4470 3581 4543; x_wconf 83' lang='lat' dir='ltr'><strong>novo</strong></span> <span class='ocrx_word' id='word_1_530' title='bbox 3613 4480 3706 4541; x_wconf 88' lang='lat' dir='ltr'><strong>fe-</strong></span> 
     </span>
    </p>
   </div>
   <div class='ocr_carea' id='block_1_85' title="bbox 313 4559 3712 4652">
    <p class='ocr_par' dir='ltr' id='par_1_85' title="bbox 313 4559 3712 4652">
     <span class='ocr_line' id='line_1_85' title="bbox 313 4559 3712 4652; baseline 0.002 -26"><span class='ocrx_word' id='word_1_531' title='bbox 313 4572 779 4644; x_wconf 86' lang='lat' dir='ltr'><strong>asservatarum,</strong></span> <span class='ocrx_word' id='word_1_532' title='bbox 816 4572 872 4625; x_wconf 86' lang='lat' dir='ltr'><strong>et</strong></span> <span class='ocrx_word' id='word_1_533' title='bbox 934 4563 1045 4644; x_wconf 65' lang='lat' dir='ltr'><strong>pice</strong></span> <span class='ocrx_word' id='word_1_534' title='bbox 1096 4564 1463 4626; x_wconf 89' lang='lat' dir='ltr'><strong>venerationi</strong></span> <span class='ocrx_word' id='word_1_535' title='bbox 1513 4564 1965 4652; x_wconf 85' lang='lat' dir='ltr'><strong>exhibitarum;</strong></span> <span class='ocrx_word' id='word_1_536' title='bbox 2050 4559 2444 4652; x_wconf 84' lang='lat' dir='ltr'><strong>retromajori</strong></span> <span class='ocrx_word' id='word_1_537' title='bbox 2469 4571 2771 4641; x_wconf 88' lang='lat' dir='ltr'><strong>argenteo,</strong></span> <span class='ocrx_word' id='word_1_538' title='bbox 2801 4564 3243 4650; x_wconf 84' lang='lat' dir='ltr'><strong>benediximus)</strong></span> <span class='ocrx_word' id='word_1_539' title='bbox 3267 4590 3383 4632; x_wconf 89' lang='lat' dir='ltr'><strong>una</strong></span> <span class='ocrx_word' id='word_1_540' title='bbox 3405 4590 3538 4633; x_wconf 91' lang='lat' dir='ltr'><strong>cum</strong></span> <span class='ocrx_word' id='word_1_541' title='bbox 3567 4588 3712 4652; x_wconf 65' lang='lat' dir='ltr'><strong>prae-</strong></span> 
     </span>
    </p>
   </div>
   <div class='ocr_carea' id='block_1_86' title="bbox 315 4650 3711 4738">
    <p class='ocr_par' dir='ltr' id='par_1_86' title="bbox 315 4650 3711 4738">
     <span class='ocr_line' id='line_1_86' title="bbox 315 4650 3711 4738; baseline 0.001 -23"><span class='ocrx_word' id='word_1_542' title='bbox 315 4652 479 4715; x_wconf 85' lang='lat' dir='ltr'><strong>adm.</strong></span> <span class='ocrx_word' id='word_1_543' title='bbox 514 4652 828 4715; x_wconf 87' lang='lat' dir='ltr'><strong>reverendi</strong></span> <span class='ocrx_word' id='word_1_544' title='bbox 854 4660 913 4713; x_wconf 92' lang='lat' dir='ltr'><strong>et</strong></span> <span class='ocrx_word' id='word_1_545' title='bbox 941 4652 1318 4714; x_wconf 85' lang='lat' dir='ltr'><strong>venerabiles</strong></span> <span class='ocrx_word' id='word_1_546' title='bbox 1361 4651 1615 4725; x_wconf 89' lang='lat' dir='ltr'><strong>domini,</strong></span> <span class='ocrx_word' id='word_1_547' title='bbox 1654 4653 1971 4732; x_wconf 86' lang='lat' dir='ltr'><strong>praedictus</strong></span> <span class='ocrx_word' id='word_1_548' title='bbox 2052 4650 2319 4710; x_wconf 87' lang='lat' dir='ltr'><strong>sentibus</strong></span> <span class='ocrx_word' id='word_1_549' title='bbox 2351 4652 2567 4712; x_wconf 88' lang='lat' dir='ltr'><strong>nostris</strong></span> <span class='ocrx_word' id='word_1_550' title='bbox 2612 4652 2847 4728; x_wconf 89' lang='lat' dir='ltr'><strong>litteris,</strong></span> <span class='ocrx_word' id='word_1_551' title='bbox 2889 4657 3166 4733; x_wconf 62' lang='lat' dir='ltr'><strong>praedicto</strong></span> <span class='ocrx_word' id='word_1_552' title='bbox 3223 4650 3581 4738; x_wconf 19' lang='lat' dir='ltr'><strong>pervetustoi</strong></span> <span class='ocrx_word' id='word_1_553' title='bbox 3624 4658 3711 4720; x_wconf 92' lang='lat' dir='ltr'><strong>illi</strong></span> 
     </span>
    </p>
   </div>
   <div class='ocr_carea' id='block_1_87' title="bbox 317 4741 3712 4822">
    <p class='ocr_par' dir='ltr' id='par_1_87' title="bbox 317 4741 3712 4822">
     <span class='ocr_line' id='line_1_87' title="bbox 317 4741 3712 4822; baseline 0.001 -18"><span class='ocrx_word' id='word_1_554' title='bbox 317 4743 582 4805; x_wconf 88' lang='lat' dir='ltr'><strong>decanus</strong></span> <span class='ocrx_word' id='word_1_555' title='bbox 600 4752 658 4804; x_wconf 91' lang='lat' dir='ltr'><strong>et</strong></span> <span class='ocrx_word' id='word_1_556' title='bbox 679 4741 998 4822; x_wconf 90' lang='lat' dir='ltr'><strong>capitulum</strong></span> <span class='ocrx_word' id='word_1_557' title='bbox 1026 4742 1302 4822; x_wconf 90' lang='lat' dir='ltr'><strong>ejusdem</strong></span> <span class='ocrx_word' id='word_1_558' title='bbox 1328 4741 1972 4817; x_wconf 75' lang='lat' dir='ltr'><strong>ecclesiae,desideran-</strong></span> <span class='ocrx_word' id='word_1_559' title='bbox 2057 4756 2419 4819; x_wconf 85' lang='lat' dir='ltr'><strong>pergameno</strong></span> <span class='ocrx_word' id='word_1_560' title='bbox 2470 4741 2955 4816; x_wconf 82' lang='lat' dir='ltr'><strong>transﬁxis,inter</strong></span> <span class='ocrx_word' id='word_1_561' title='bbox 2972 4745 3118 4807; x_wconf 89' lang='lat' dir='ltr'><strong>duas</strong></span> <span class='ocrx_word' id='word_1_562' title='bbox 3132 4749 3406 4811; x_wconf 86' lang='lat' dir='ltr'><strong>culcitras</strong></span> <span class='ocrx_word' id='word_1_563' title='bbox 3425 4769 3495 4811; x_wconf 90' lang='lat' dir='ltr'><strong>ex</strong></span> <span class='ocrx_word' id='word_1_564' title='bbox 3518 4750 3712 4810; x_wconf 90' lang='lat' dir='ltr'><strong>satino</strong></span> 
     </span>
    </p>
   </div>
   <div class='ocr_carea' id='block_1_88' title="bbox 324 4828 3711 4919">
    <p class='ocr_par' dir='ltr' id='par_1_88' title="bbox 324 4828 3711 4919">
     <span class='ocr_line' id='line_1_88' title="bbox 324 4828 3711 4919; baseline 0.001 -27"><span class='ocrx_word' id='word_1_565' title='bbox 324 4840 415 4894; x_wconf 82' lang='lat' dir='ltr'><strong>tes</strong></span> <span class='ocrx_word' id='word_1_566' title='bbox 448 4850 554 4914; x_wconf 91' lang='lat' dir='ltr'><strong>pro</strong></span> <span class='ocrx_word' id='word_1_567' title='bbox 587 4850 761 4913; x_wconf 90' lang='lat' dir='ltr'><strong>posse</strong></span> <span class='ocrx_word' id='word_1_568' title='bbox 787 4834 1073 4894; x_wconf 86' lang='lat' dir='ltr'><strong>mandare</strong></span> <span class='ocrx_word' id='word_1_569' title='bbox 1127 4832 1491 4894; x_wconf 79' lang='lat' dir='ltr'><strong>exsecutioni</strong></span> <span class='ocrx_word' id='word_1_570' title='bbox 1524 4831 1971 4893; x_wconf 88' lang='lat' dir='ltr'><strong>translationem</strong></span> <span class='ocrx_word' id='word_1_571' title='bbox 2054 4828 2416 4919; x_wconf 73' lang='lat' dir='ltr'><strong>czeruleoah</strong></span> <span class='ocrx_word' id='word_1_572' title='bbox 2454 4837 2698 4910; x_wconf 88' lang='lat' dir='ltr'><strong>utraque</strong></span> <span class='ocrx_word' id='word_1_573' title='bbox 2737 4842 2902 4911; x_wconf 87' lang='lat' dir='ltr'><strong>parte</strong></span> <span class='ocrx_word' id='word_1_574' title='bbox 2930 4833 3139 4916; x_wconf 83' lang='lat' dir='ltr'><strong>factas,</strong></span> <span class='ocrx_word' id='word_1_575' title='bbox 3163 4855 3231 4897; x_wconf 90' lang='lat' dir='ltr'><strong>ac</strong></span> <span class='ocrx_word' id='word_1_576' title='bbox 3263 4838 3435 4919; x_wconf 90' lang='lat' dir='ltr'><strong>copia</strong></span> <span class='ocrx_word' id='word_1_577' title='bbox 3470 4856 3577 4919; x_wconf 90' lang='lat' dir='ltr'><strong>per</strong></span> <span class='ocrx_word' id='word_1_578' title='bbox 3605 4854 3711 4899; x_wconf 86' lang='lat' dir='ltr'><strong>nos</strong></span> 
     </span>
    </p>
   </div>
   <div class='ocr_carea' id='block_1_89' title="bbox 318 4921 1972 5005">
    <p class='ocr_par' dir='ltr' id='par_1_89' title="bbox 318 4921 1972 5005">
     <span class='ocr_line' id='line_1_89' title="bbox 318 4921 1972 5005; baseline 0 -22"><span class='ocrx_word' id='word_1_579' title='bbox 318 4924 733 5003; x_wconf 78' lang='lat' dir='ltr'><strong>praedictarum</strong></span> <span class='ocrx_word' id='word_1_580' title='bbox 769 4931 1110 4984; x_wconf 88' lang='lat' dir='ltr'><strong>sanctarum</strong></span> <span class='ocrx_word' id='word_1_581' title='bbox 1144 4922 1559 5005; x_wconf 90' lang='lat' dir='ltr'><strong>reliquiarum,</strong></span> <span class='ocrx_word' id='word_1_582' title='bbox 1595 4941 1669 4984; x_wconf 85' lang='lat' dir='ltr'><strong>ex</strong></span> <span class='ocrx_word' id='word_1_583' title='bbox 1726 4921 1972 4999; x_wconf 88' lang='lat' dir='ltr'><strong>antiquo</strong></span> 
     </span>
    </p>
   </div>
   <div class='ocr_carea' id='block_1_90' title="bbox 318 5011 1974 5086">
    <p class='ocr_par' dir='ltr' id='par_1_90' title="bbox 318 5011 1974 5086">
     <span class='ocr_line' id='line_1_90' title="bbox 318 5011 1974 5086; baseline 0 -14"><span class='ocrx_word' id='word_1_584' title='bbox 318 5011 380 5073; x_wconf 90' lang='lat' dir='ltr'><strong>in</strong></span> <span class='ocrx_word' id='word_1_585' title='bbox 409 5012 773 5075; x_wconf 88' lang='lat' dir='ltr'><strong>antedictum</strong></span> <span class='ocrx_word' id='word_1_586' title='bbox 798 5029 1013 5073; x_wconf 90' lang='lat' dir='ltr'><strong>novum</strong></span> <span class='ocrx_word' id='word_1_587' title='bbox 1038 5011 1465 5086; x_wconf 86' lang='lat' dir='ltr'><strong>feretrum,nos</strong></span> <span class='ocrx_word' id='word_1_588' title='bbox 1490 5012 1692 5073; x_wconf 89' lang='lat' dir='ltr'><strong>debita</strong></span> <span class='ocrx_word' id='word_1_589' title='bbox 1712 5029 1845 5075; x_wconf 90' lang='lat' dir='ltr'><strong>cum</strong></span> <span class='ocrx_word' id='word_1_590' title='bbox 1876 5011 1974 5073; x_wconf 60' lang='lat' dir='ltr'><strong>ina</strong></span> 
     </span>
    </p>
   </div>
   <div class='ocr_carea' id='block_1_91' title="bbox 323 5101 1975 5184">
    <p class='ocr_par' dir='ltr' id='par_1_91' title="bbox 323 5101 1975 5184">
     <span class='ocr_line' id='line_1_91' title="bbox 323 5101 1975 5184; baseline -0.001 -21"><span class='ocrx_word' id='word_1_591' title='bbox 323 5104 537 5165; x_wconf 87' lang='lat' dir='ltr'><strong>stantia</strong></span> <span class='ocrx_word' id='word_1_592' title='bbox 562 5101 967 5184; x_wconf 85' lang='lat' dir='ltr'><strong>requisierint,</strong></span> <span class='ocrx_word' id='word_1_593' title='bbox 990 5101 1049 5162; x_wconf 94' lang='lat' dir='ltr'><strong>id</strong></span> <span class='ocrx_word' id='word_1_594' title='bbox 1077 5103 1205 5165; x_wconf 80' lang='lat' dir='ltr'><strong>ﬁeri</strong></span> <span class='ocrx_word' id='word_1_595' title='bbox 1237 5121 1370 5164; x_wconf 91' lang='lat' dir='ltr'><strong>cum</strong></span> <span class='ocrx_word' id='word_1_596' title='bbox 1411 5101 1890 5164; x_wconf 88' lang='lat' dir='ltr'><strong>solemnitatibus</strong></span> <span class='ocrx_word' id='word_1_597' title='bbox 1917 5108 1975 5162; x_wconf 93' lang='lat' dir='ltr'><strong>et</strong></span> 
     </span>
    </p>
   </div>
   <div class='ocr_carea' id='block_1_92' title="bbox 2056 4918 3713 5004">
    <p class='ocr_par' dir='ltr' id='par_1_92' title="bbox 2056 4918 3713 5004">
     <span class='ocr_line' id='line_1_92' title="bbox 2056 4918 3713 5004; baseline 0.005 -25"><span class='ocrx_word' id='word_1_598' title='bbox 2056 4918 2460 4981; x_wconf 86' lang='lat' dir='ltr'><strong>authenticata</strong></span> <span class='ocrx_word' id='word_1_599' title='bbox 2491 4927 2549 4981; x_wconf 90' lang='lat' dir='ltr'><strong>et</strong></span> <span class='ocrx_word' id='word_1_600' title='bbox 2581 4920 2834 5000; x_wconf 81' lang='lat' dir='ltr'><strong>sigillata</strong></span> <span class='ocrx_word' id='word_1_601' title='bbox 2867 4923 3177 5004; x_wconf 88' lang='lat' dir='ltr'><strong>cujusdam</strong></span> <span class='ocrx_word' id='word_1_602' title='bbox 3213 4918 3540 4989; x_wconf 83' lang='lat' dir='ltr'><strong>testimonii</strong></span> <span class='ocrx_word' id='word_1_603' title='bbox 3572 4930 3713 4989; x_wconf 87' lang='lat' dir='ltr'><strong>anni</strong></span> 
     </span>
    </p>
   </div>
   <div class='ocr_carea' id='block_1_93' title="bbox 2058 5007 3711 5092">
    <p class='ocr_par' dir='ltr' id='par_1_93' title="bbox 2058 5007 3711 5092">
     <span class='ocr_line' id='line_1_93' title="bbox 2058 5007 3711 5092; baseline 0.005 -24"><span class='ocrx_word' id='word_1_604' title='bbox 2058 5007 2358 5068; x_wconf 89' lang='lat' dir='ltr'><strong>millesimi</strong></span> <span class='ocrx_word' id='word_1_605' title='bbox 2385 5010 2697 5070; x_wconf 87' lang='lat' dir='ltr'><strong>contesimi</strong></span> <span class='ocrx_word' id='word_1_606' title='bbox 2722 5013 3064 5090; x_wconf 88' lang='lat' dir='ltr'><strong>octogesimi</strong></span> <span class='ocrx_word' id='word_1_607' title='bbox 3090 5015 3240 5078; x_wconf 84' lang='lat' dir='ltr'><strong>sexti</strong></span> <span class='ocrx_word' id='word_1_608' title='bbox 3257 5031 3361 5080; x_wconf 87' lang='lat' dir='ltr'><strong>Vlll</strong></span> <span class='ocrx_word' id='word_1_609' title='bbox 3386 5014 3711 5092; x_wconf 87' lang='lat' dir='ltr'><strong>Kal.Junii;</strong></span> 
     </span>
    </p>
   </div>
   <div class='ocr_carea' id='block_1_94' title="bbox 2058 5098 3712 5182">
    <p class='ocr_par' dir='ltr' id='par_1_94' title="bbox 2058 5098 3712 5182">
     <span class='ocr_line' id='line_1_94' title="bbox 2058 5098 3712 5182; baseline 0.006 -23"><span class='ocrx_word' id='word_1_610' title='bbox 2058 5117 2172 5179; x_wconf 88' lang='lat' dir='ltr'><strong>qua</strong></span> <span class='ocrx_word' id='word_1_611' title='bbox 2205 5107 2390 5181; x_wconf 86' lang='lat' dir='ltr'><strong>patet,</strong></span> <span class='ocrx_word' id='word_1_612' title='bbox 2415 5117 2523 5180; x_wconf 87' lang='lat' dir='ltr'><strong>per</strong></span> <span class='ocrx_word' id='word_1_613' title='bbox 2548 5098 2909 5182; x_wconf 88' lang='lat' dir='ltr'><strong>Philippum,</strong></span> <span class='ocrx_word' id='word_1_614' title='bbox 2935 5104 3119 5165; x_wconf 84' lang='lat' dir='ltr'><strong>tilium</strong></span> <span class='ocrx_word' id='word_1_615' title='bbox 3141 5105 3499 5169; x_wconf 88' lang='lat' dir='ltr'><strong>Theodorici</strong></span> <span class='ocrx_word' id='word_1_616' title='bbox 3521 5107 3712 5169; x_wconf 92' lang='lat' dir='ltr'><strong>comi-</strong></span> 
     </span>
    </p>
   </div>
   <div class='ocr_carea' id='block_1_95' title="bbox 325 5187 3721 5274">
    <p class='ocr_par' dir='ltr' id='par_1_95' title="bbox 325 5187 3721 5274">
     <span class='ocr_line' id='line_1_95' title="bbox 325 5187 3721 5274; baseline 0.001 -21"><span class='ocrx_word' id='word_1_617' title='bbox 325 5192 702 5255; x_wconf 63' lang='lat' dir='ltr'><strong>caremoniis</strong></span> <span class='ocrx_word' id='word_1_618' title='bbox 735 5192 1087 5273; x_wconf 90' lang='lat' dir='ltr'><strong>opportunis</strong></span> <span class='ocrx_word' id='word_1_619' title='bbox 1115 5194 1188 5254; x_wconf 89' lang='lat' dir='ltr'><strong>ad</strong></span> <span class='ocrx_word' id='word_1_620' title='bbox 1220 5192 1335 5254; x_wconf 90' lang='lat' dir='ltr'><strong>hoc</strong></span> <span class='ocrx_word' id='word_1_621' title='bbox 1363 5192 1686 5274; x_wconf 89' lang='lat' dir='ltr'><strong>rcquisitis.</strong></span> <span class='ocrx_word' id='word_1_622' title='bbox 2060 5195 2176 5249; x_wconf 88' lang='lat' dir='ltr'><strong>tem</strong></span> <span class='ocrx_word' id='word_1_623' title='bbox 2211 5187 2527 5264; x_wconf 71' lang='lat' dir='ltr'><strong>Flandriaa,</strong></span> <span class='ocrx_word' id='word_1_624' title='bbox 2564 5189 2625 5250; x_wconf 90' lang='lat' dir='ltr'><strong>in</strong></span> <span class='ocrx_word' id='word_1_625' title='bbox 2661 5192 2975 5270; x_wconf 72' lang='lat' dir='ltr'><strong>praesentia</strong></span> <span class='ocrx_word' id='word_1_626' title='bbox 3003 5193 3292 5258; x_wconf 88' lang='lat' dir='ltr'><strong>Florentii</strong></span> <span class='ocrx_word' id='word_1_627' title='bbox 3324 5197 3555 5258; x_wconf 89' lang='lat' dir='ltr'><strong>comitis</strong></span> <span class='ocrx_word' id='word_1_628' title='bbox 3577 5198 3721 5260; x_wconf 91' lang='lat' dir='ltr'><strong>Hol-</strong></span> 
     </span>
    </p>
   </div>
   <div class='ocr_carea' id='block_1_96' title="bbox 412 5277 3716 5365">
    <p class='ocr_par' dir='ltr' id='par_1_96' title="bbox 412 5277 3716 5365">
     <span class='ocr_line' id='line_1_96' title="bbox 412 5277 3716 5365; baseline 0.002 -25"><span class='ocrx_word' id='word_1_629' title='bbox 412 5304 434 5338; x_wconf 66' lang='grc' dir='ltr'><em>ς</em></span> <span class='ocrx_word' id='word_1_630' title='bbox 476 5280 629 5343; x_wconf 88' lang='lat' dir='ltr'><strong>Hinc</strong></span> <span class='ocrx_word' id='word_1_631' title='bbox 659 5289 749 5343; x_wconf 90' lang='lat' dir='ltr'><strong>est</strong></span> <span class='ocrx_word' id='word_1_632' title='bbox 781 5281 940 5363; x_wconf 91' lang='lat' dir='ltr'><strong>quod</strong></span> <span class='ocrx_word' id='word_1_633' title='bbox 974 5300 1082 5343; x_wconf 92' lang='lat' dir='ltr'><strong>nos</strong></span> <span class='ocrx_word' id='word_1_634' title='bbox 1116 5301 1189 5343; x_wconf 87' lang='lat' dir='ltr'><strong>ea</strong></span> <span class='ocrx_word' id='word_1_635' title='bbox 1219 5281 1296 5343; x_wconf 91' lang='lat' dir='ltr'><strong>de</strong></span> <span class='ocrx_word' id='word_1_636' title='bbox 1324 5300 1522 5365; x_wconf 89' lang='lat' dir='ltr'><strong>causa,</strong></span> <span class='ocrx_word' id='word_1_637' title='bbox 1556 5300 1712 5343; x_wconf 89' lang='lat' dir='ltr'><strong>anno</strong></span> <span class='ocrx_word' id='word_1_638' title='bbox 1742 5280 1985 5344; x_wconf 90' lang='lat' dir='ltr'><strong>Domini</strong></span> <span class='ocrx_word' id='word_1_639' title='bbox 2066 5277 2304 5355; x_wconf 66' lang='lat' dir='ltr'><strong>landiaa,</strong></span> <span class='ocrx_word' id='word_1_640' title='bbox 2342 5280 2594 5342; x_wconf 86' lang='lat' dir='ltr'><strong>Gerardi</strong></span> <span class='ocrx_word' id='word_1_641' title='bbox 2625 5280 2925 5362; x_wconf 62' lang='lat' dir='ltr'><strong>praepositi</strong></span> <span class='ocrx_word' id='word_1_642' title='bbox 2960 5283 3159 5348; x_wconf 88' lang='lat' dir='ltr'><strong>Sancti</strong></span> <span class='ocrx_word' id='word_1_643' title='bbox 3204 5286 3543 5361; x_wconf 85' lang='lat' dir='ltr'><strong>Donatiani,</strong></span> <span class='ocrx_word' id='word_1_644' title='bbox 3574 5287 3716 5350; x_wconf 90' lang='lat' dir='ltr'><strong>item</strong></span> 
     </span>
    </p>
   </div>
   <div class='ocr_carea' id='block_1_97' title="bbox 330 5370 3721 5456">
    <p class='ocr_par' dir='ltr' id='par_1_97' title="bbox 330 5370 3721 5456">
     <span class='ocr_line' id='line_1_97' title="bbox 330 5370 3721 5456; baseline 0.001 -23"><span class='ocrx_word' id='word_1_645' title='bbox 330 5371 647 5433; x_wconf 87' lang='lat' dir='ltr'><strong>millesimo</strong></span> <span class='ocrx_word' id='word_1_646' title='bbox 671 5372 1105 5433; x_wconf 86' lang='lat' dir='ltr'><strong>sexcentesimo</strong></span> <span class='ocrx_word' id='word_1_647' title='bbox 1124 5382 1301 5452; x_wconf 89' lang='lat' dir='ltr'><strong>atque</strong></span> <span class='ocrx_word' id='word_1_648' title='bbox 1319 5372 1684 5451; x_wconf 81' lang='lat' dir='ltr'><strong>octogesimo</strong></span> <span class='ocrx_word' id='word_1_649' title='bbox 1702 5378 1982 5453; x_wconf 91' lang='lat' dir='ltr'><strong>septimo,</strong></span> <span class='ocrx_word' id='word_1_650' title='bbox 2066 5371 2317 5432; x_wconf 88' lang='lat' dir='ltr'><strong>Gerardi</strong></span> <span class='ocrx_word' id='word_1_651' title='bbox 2342 5370 2640 5450; x_wconf 69' lang='lat' dir='ltr'><strong>praepositi</strong></span> <span class='ocrx_word' id='word_1_652' title='bbox 2664 5371 3016 5450; x_wconf 87' lang='lat' dir='ltr'><strong>insulani,et</strong></span> <span class='ocrx_word' id='word_1_653' title='bbox 3037 5375 3255 5456; x_wconf 88' lang='lat' dir='ltr'><strong>reliqui</strong></span> <span class='ocrx_word' id='word_1_654' title='bbox 3284 5377 3431 5439; x_wconf 89' lang='lat' dir='ltr'><strong>cleri</strong></span> <span class='ocrx_word' id='word_1_655' title='bbox 3446 5377 3721 5440; x_wconf 77' lang='lat' dir='ltr'><strong>ecclesiae</strong></span> 
     </span>
    </p>
   </div>
   <div class='ocr_carea' id='block_1_98' title="bbox 329 5459 3722 5547">
    <p class='ocr_par' dir='ltr' id='par_1_98' title="bbox 329 5459 3722 5547">
     <span class='ocr_line' id='line_1_98' title="bbox 329 5459 3722 5547; baseline 0.001 -25"><span class='ocrx_word' id='word_1_656' title='bbox 329 5461 735 5525; x_wconf 85' lang='lat' dir='ltr'><strong>mensisJunii</strong></span> <span class='ocrx_word' id='word_1_657' title='bbox 760 5462 858 5522; x_wconf 90' lang='lat' dir='ltr'><strong>die</strong></span> <span class='ocrx_word' id='word_1_658' title='bbox 878 5477 1006 5540; x_wconf 79' lang='lat' dir='ltr'><strong>xm,</strong></span> <span class='ocrx_word' id='word_1_659' title='bbox 1039 5463 1229 5543; x_wconf 90' lang='lat' dir='ltr'><strong>pridie</strong></span> <span class='ocrx_word' id='word_1_660' title='bbox 1278 5463 1413 5525; x_wconf 80' lang='lat' dir='ltr'><strong>festi</strong></span> <span class='ocrx_word' id='word_1_661' title='bbox 1474 5462 1742 5542; x_wconf 90' lang='lat' dir='ltr'><strong>ejusdem</strong></span> <span class='ocrx_word' id='word_1_662' title='bbox 1797 5461 1984 5524; x_wconf 89' lang='lat' dir='ltr'><strong>sancti</strong></span> <span class='ocrx_word' id='word_1_663' title='bbox 2073 5459 2270 5521; x_wconf 88' lang='lat' dir='ltr'><strong>Sancti</strong></span> <span class='ocrx_word' id='word_1_664' title='bbox 2305 5460 2636 5541; x_wconf 88' lang='lat' dir='ltr'><strong>Donatiani,</strong></span> <span class='ocrx_word' id='word_1_665' title='bbox 2664 5460 2975 5542; x_wconf 68' lang='lat' dir='ltr'><strong>prmdictas</strong></span> <span class='ocrx_word' id='word_1_666' title='bbox 2993 5466 3280 5547; x_wconf 88' lang='lat' dir='ltr'><strong>reliquias</strong></span> <span class='ocrx_word' id='word_1_667' title='bbox 3304 5467 3498 5528; x_wconf 88' lang='lat' dir='ltr'><strong>sancti</strong></span> <span class='ocrx_word' id='word_1_668' title='bbox 3521 5464 3722 5528; x_wconf 86' lang='lat' dir='ltr'><strong>Basilii</strong></span> 
     </span>
    </p>
   </div>
   <div class='ocr_carea' id='block_1_99' title="bbox 356 5550 3722 5633">
    <p class='ocr_par' dir='ltr' id='par_1_99' title="bbox 356 5550 3722 5633">
     <span class='ocr_line' id='line_1_99' title="bbox 356 5550 3722 5633; baseline 0 -20"><span class='ocrx_word' id='word_1_669' title='bbox 356 5552 584 5627; x_wconf 87' lang='lat' dir='ltr'><strong>Basilii,</strong></span> <span class='ocrx_word' id='word_1_670' title='bbox 609 5552 857 5614; x_wconf 81' lang='lat' dir='ltr'><strong>sedente</strong></span> <span class='ocrx_word' id='word_1_671' title='bbox 880 5558 937 5612; x_wconf 87' lang='lat' dir='ltr'><strong>in</strong></span> <span class='ocrx_word' id='word_1_672' title='bbox 968 5553 1248 5615; x_wconf 87' lang='lat' dir='ltr'><strong>cathedra</strong></span> <span class='ocrx_word' id='word_1_673' title='bbox 1269 5553 1456 5615; x_wconf 90' lang='lat' dir='ltr'><strong>sancti</strong></span> <span class='ocrx_word' id='word_1_674' title='bbox 1479 5558 1632 5615; x_wconf 82' lang='lat' dir='ltr'><strong>Petri</strong></span> <span class='ocrx_word' id='word_1_675' title='bbox 1654 5550 1859 5615; x_wconf 75' lang='lat' dir='ltr'><strong>Romae</strong></span> <span class='ocrx_word' id='word_1_676' title='bbox 1887 5550 1991 5613; x_wconf 90' lang='lat' dir='ltr'><strong>In-</strong></span> <span class='ocrx_word' id='word_1_677' title='bbox 2076 5550 2289 5630; x_wconf 87' lang='lat' dir='ltr'><strong>Magni,</strong></span> <span class='ocrx_word' id='word_1_678' title='bbox 2325 5551 2587 5630; x_wconf 86' lang='lat' dir='ltr'><strong>aliasque</strong></span> <span class='ocrx_word' id='word_1_679' title='bbox 2616 5553 2955 5633; x_wconf 91' lang='lat' dir='ltr'><strong>complures</strong></span> <span class='ocrx_word' id='word_1_680' title='bbox 2982 5555 3163 5618; x_wconf 87' lang='lat' dir='ltr'><strong>fuisse</strong></span> <span class='ocrx_word' id='word_1_681' title='bbox 3192 5556 3454 5618; x_wconf 85' lang='lat' dir='ltr'><strong>visitatas</strong></span> <span class='ocrx_word' id='word_1_682' title='bbox 3505 5554 3722 5616; x_wconf 90' lang='lat' dir='ltr'><strong>debitis</strong></span> 
     </span>
    </p>
   </div>
   <div class='ocr_carea' id='block_1_100' title="bbox 332 5640 3722 5729">
    <p class='ocr_par' dir='ltr' id='par_1_100' title="bbox 332 5640 3722 5729">
     <span class='ocr_line' id='line_1_100' title="bbox 332 5640 3722 5729; baseline 0.001 -23"><span class='ocrx_word' id='word_1_683' title='bbox 332 5641 610 5706; x_wconf 79' lang='lat' dir='ltr'><strong>nocentia</strong></span> <span class='ocrx_word' id='word_1_684' title='bbox 638 5660 794 5727; x_wconf 84' lang='lat' dir='ltr'><strong>papa</strong></span> <span class='ocrx_word' id='word_1_685' title='bbox 825 5642 956 5723; x_wconf 87' lang='lat' dir='ltr'><strong>ejus</strong></span> <span class='ocrx_word' id='word_1_686' title='bbox 989 5642 1251 5705; x_wconf 90' lang='lat' dir='ltr'><strong>nominis</strong></span> <span class='ocrx_word' id='word_1_687' title='bbox 1299 5643 1646 5725; x_wconf 84' lang='lat' dir='ltr'><strong>undecimo,</strong></span> <span class='ocrx_word' id='word_1_688' title='bbox 1692 5640 1993 5725; x_wconf 88' lang='lat' dir='ltr'><strong>Leopoldo</strong></span> <span class='ocrx_word' id='word_1_689' title='bbox 2076 5641 2479 5721; x_wconf 70' lang='lat' dir='ltr'><strong>’caeremoniis,</strong></span> <span class='ocrx_word' id='word_1_690' title='bbox 2513 5649 2572 5703; x_wconf 90' lang='lat' dir='ltr'><strong>et</strong></span> <span class='ocrx_word' id='word_1_691' title='bbox 2597 5642 2787 5723; x_wconf 84' lang='lat' dir='ltr'><strong>sigillo</strong></span> <span class='ocrx_word' id='word_1_692' title='bbox 2821 5646 3091 5729; x_wconf 81' lang='lat' dir='ltr'><strong>ejusdem</strong></span> <span class='ocrx_word' id='word_1_693' title='bbox 3148 5646 3383 5711; x_wconf 86' lang='lat' dir='ltr'><strong>comitis</strong></span> <span class='ocrx_word' id='word_1_694' title='bbox 3428 5644 3722 5708; x_wconf 65' lang='lat' dir='ltr'><strong>Flandrite</strong></span> 
     </span>
    </p>
   </div>
  </div>
