2070 3220
196 190 293 217 men

907 184 1206 219 PROLEGOMENA.

199 252 353 293 adjuncto,
369 251 504 293 apposito
517 251 676 288 anteacta
686 258 772 284 novas
786 249 903 283 cistula
921 251 1019 292 sigillo
1028 255 1051 282 Λ
1062 251 1268 292 Hooghstrate,
1283 254 1392 285 comite
1407 254 1446 285 de
1458 252 1648 294 Renebourg,
1662 258 1679 285 ‘s
1690 254 1819 286 concilio
1832 256 1891 287 mi-

199 301 313 336 nostro,
329 297 368 330 ab
383 301 510 336 ulroqne
523 295 616 333 latere
630 294 662 327 in
676 305 747 327 cera
762 295 864 328 rubra.

245 345 336 375 «Acta
347 342 471 374 fuerunt
479 341 580 375 hacin
593 341 686 374 choro
696 349 776 381 sepe
792 341 879 374 dictae
890 342 1024 374 ecclesia:

200 388 381 421 cathedan
391 386 492 422 Sancti
504 385 661 419 Donatiani
674 385 791 426 Brugis,
802 395 893 428 anno,
907 396 1022 428 mense,

200 438 230 465 et
239 432 414 476 die,quibna
425 429 726 476 supra,praaseatibus
737 431 767 463 in
779 432 885 463 cadem
893 431 1022 463 solemni

197 477 390 512 translatione
401 475 560 508 admodum
574 476 748 507 reverendis
758 480 787 507 et
801 476 1022 509 venerabilibus

200 521 343 563 dominis,
352 519 490 553 videlicet
501 519 594 551 nobili
607 519 730 552 domino
741 521 875 561 Eugenio
884 522 922 553 de
933 521 1018 560 Vicq,

195 569 225 600 J'.
240 567 278 601 1.
291 567 328 600 ι..
345 564 495 607 "edicta
514 564 652 597 ecclesiae
675 566 810 607 decano;
840 567 874 598 D.
900 565 1019 598 Joanne

195 610 329 650 ﬁndat,
353 611 433 644 δι’.
462 610 495 642 L.
521 610 754 649 archidiacono;
783 610 820 643 D.
845 610 957 643 Jacobo
983 612 1021 642 de

194 656 286 696 θῆαι,
300 656 434 695 ultore;
447 656 483 689 Β.
497 655 610 688 Joanne
619 655 658 687 de
675 655 783 697 Blissy,
800 655 830 688 S.
844 656 880 687 T.
911 657 944 687 L.
969 665 1020 687 ar-

193 701 492 744 chipresbytero;D.
507 700 623 733 Joanne
647 701 806 733 Francisco
822 701 860 732 de
885 700 1019 732 Baillen-

192 751 291 790 court,
305 745 334 780 J.
352 746 387 779 ν.
404 745 438 785 Ιρ,
454 745 547 778 nobili
563 746 598 779 D.
609 745 726 778 Joanne
735 755 790 778 van
800 745 928 783 Volden,
941 745 968 778 J.
982 747 1018 785 ν,

192 793 228 827 ι.
244 793 280 824 D.
297 791 456 825 Franciscn
471 799 527 823 van
541 790 648 832 Terre,
663 790 699 822 Ι).
715 790 838 823 Claudio
851 792 979 830 Agretti,
991 793 1017 824 J.

192 836 228 871 ν.
246 838 284 870 D.
299 836 393 869 nobili
407 837 443 869 ι).
458 834 590 868 Roborto
604 835 775 869 Alexandro
793 837 830 867 de
844 835 971 877 llaynin,
990 836 1017 867 J.

191 882 228 916 υ.
244 882 280 916 D.
297 882 419 915 Δηιοτιο
435 881 644 924 Claysman,J.
658 882 696 914 U.
709 881 743 914 L.
757 881 848 912 nobili
862 882 897 913 D.
912 882 1019 912 Carolo

1067 296 1144 328 litari
1159 307 1220 329 sua;
1235 298 1397 338 majestatis
1426 302 1455 329 et
1478 298 1747 338 superintendente
1775 299 1894 331 militia

1065 343 1224 382 provincia
1234 342 1395 381 Flandriae;
1404 343 1498 374 nobili
1512 345 1544 374 D.
1552 343 1745 375 Ferdinando
1753 345 1895 384 Augusti-

1065 396 1103 418 no
1119 387 1159 419 de
1175 387 1261 427 Vicq,
1276 388 1417 428 toparcha
1430 389 1467 419 de
1479 388 1635 420 Meulevelt
1650 393 1680 420 et
1692 390 1893 428 Desmarreis,

1063 432 1212 463 civitentis
1227 433 1387 473 Brugensis
1404 434 1528 464 sculteto
1547 433 1661 470 ;nobili
1679 434 1713 465 D.
1733 434 1894 465 Francisco

1063 477 1156 518 Nans,
1174 477 1340 518 Toparcha,
1358 478 1396 509 de
1411 478 1666 516 Meetkerckhove,
1693 478 1892 519 Brugensium

1062 522 1273 562 burgimagisto
1286 523 1440 562 primario;
1450 523 1541 554 nobili
1556 523 1589 553 D.
1602 523 1725 555 Glaudto
1736 523 1776 554 de
1788 524 1889 562 Corte,

1060 567 1256 607 Brugensium
1270 567 1495 607 burgimagistro
1507 568 1889 607 secundario;nobiliChri-

1062 613 1203 653 stophoro
1220 622 1273 643 van
1288 613 1411 648 Volden,
1430 613 1524 653 primo
1536 613 1733 653 Brugensium
1751 613 1889 654 graphia—

1063 657 1127 695 rio;
1144 657 1238 688 nobili
1254 657 1417 688 Philiberto
1434 667 1489 688 van
1521 657 1648 694 Volden,
1682 659 1824 699 toparcha
1850 658 1889 690 do

1063 702 1217 741 Creugert,
1230 702 1513 733 Franconatensium
1528 703 1652 734 consule
1665 703 1820 743 primario;
1837 713 1890 735 no-

1063 746 1114 777 bili
1126 746 1160 778 D.
1172 747 1292 778 Nicolao
1304 747 1442 787 d’Heere,
1456 747 1737 779 Franconatensium
1751 749 1889 787 consule;

1062 791 1282 823 consultissima
1298 792 1419 822 domino
1430 791 1541 823 Jacobo
1553 792 1591 822 de
1602 792 1892 833 Steenberge,Fran-

1061 837 1263 867 conatensium
1281 837 1451 876 graphiaria
1468 837 1629 877 primario;
1647 838 1891 879 \generosissimo

1061 883 1122 912 viro
1138 882 1170 913 D.
1189 881 1346 913 Ambrosio
1362 882 1400 911 de
1416 881 1599 921 Praecipiano
1620 882 1729 912 comite
1746 882 1783 913 de
1801 881 1891 923 Soye,

190 927 302 968 Triest,
314 929 340 961 J.
352 927 433 960 ιλιι.
445 925 478 960 C.
491 926 620 960 Henrico
631 927 750 965 Mortel,
762 927 797 958 Ι).
807 927 921 958 Joanne
934 928 1016 966 Bapt.
1031 939 1049 962 Β
1061 927 1151 966 regia
1165 936 1227 957 sua:
1243 926 1388 965 majestati
1403 935 1420 957 a
1442 926 1574 957 consiliis
1591 926 1707 957 bellicis
1723 931 1752 958 et
1777 928 1891 959 militiai

191 975 319 1012 Besmte.
334 974 362 1006 J.
377 971 413 1006 υ.
429 971 462 1011 li.
474 971 508 1004 Β.
523 971 646 1005 Nicolao
675 971 829 1011 Bosignol,
841 972 876 1003 Ι).
889 971 1019 1012 Gaspare

189 1019 311 1055 Getam.
326 1017 363 1052 ὓ.
378 1015 536 1051 Theodoro
549 1016 664 1055 Benoit,
682 1015 776 1047 nobili
797 1016 833 1047 D.
849 1016 1018 1047 Alexandro

192 1043 1018 1107 $1335.53;ﬁiég;3.;'ii;.s'd;'i;iig;.z

189 1113 285 1151 court,
299 1106 329 1141 J.‘
441 1105 479 1140 Β.
492 1105 702 1151 ὕοιριηβιιρι.
716 1107 832 1151 vanden
850 1106 1014 1147 Bogaerde,

188 1149 537 1189 υᾶἑιὶὼτίῠοῦουιαη,
549 1149 585 1183 Β.
602 1149 692 1182 Petro
707 1151 799 1191 Maes,
814 1150 841 1182 J.
862 1151 896 1181 V.
914 1151 948 1182 L.
965 1160 1017 1181 no-

185 1195 457 1239 Ἰίωιεὶιὶηοτωσ
468 1195 596 1237 Joaepbo
604 1195 754 1228 Alverado
765 1205 781 1236 y
794 1196 1015 1234 Braccamonte,

185 1242 286 1276 nobili“
294 1242 331 1276 Ι).
348 1241 461 1274 Jacobo
476 1239 634 1273 Francisco
650 1241 688 1271 de
699 1240 831 1278 Aranda,
845 1241 870 1271 J.
885 1241 920 1272 V.
934 1240 965 1271 L.
979 1240 1014 1271 D.

184 1287 276 1322 rem
290 1287 461 1329 sum;
475 1285 638 1324 canonicis,
657 1285 836 1326 presbyteris
854 1295 888 1316 ac
901 1285 1016 1325 reliquo

186 1331 323 1378 ejusdem
336 1331 422 1378 chori
435 1329 549 1378 clerico
562 1339 577 1378 ;Δ
599 1331 812 1378 ηςξηοιιιεάιιι.
835 1330 1015 1378 reverendis

186 1375 216 1411 et
228 1376 449 1410 venerabibe
462 1375 605 1412 dominis,
620 1375 681 1407 DD.
695 1375 815 1406 Placido
827 1375 1013 1416 Ockerhout,

186 1429 216 1457 et
227 1423 354 1458 latino
367 1421 464 1460 Colle,
478 1421 510 1454 Β.
527 1420 656 1453 Andreze
672 1425 702 1452 et
713 1420 898 1452 Dunensium
910 1429 1014 1460 respe-

184 1466 456 1506 etian;
470 1465 507 1499 Ι).
522 1464 637 1497 Judoco
652 1464 746 1496 Ranst
760 1465 787 1497 J.
805 1465 843 1497 V.
858 1467 893 1497 L.
910 1469 940 1496 et
955 1465 1011 1496 de-

184 1522 262 1551 om.
283 1512 418 1551 “delia
445 1510 625 1545 cathedrslis
641 1511 671 1542 S.
702 1510 827 1542 Bavonis
852 1510 983 1543 Gandavi
1001 1526 1009 1551 ;

182 1555 510 1598 Mittamus
524 1555 633 1588 Garolo
663 1554 819 1587 Claesmsn
844 1560 873 1587 et
901 1555 1010 1587 Jacobo
1050 1555 1209 1595 jussimus.

54 1590 57 1591 ν
182 1590 641 1651 Ῐῷἷῂἀῄωΐίειὸοοὶειξιίβ
655 1599 741 1651 Jesu:
886 1645 895 1651 I
1019 1619 1039 1644 ε

123 1664 127 1667 -
223 1644 426 1686 [visentibus
441 1647 530 1678 etiam
546 1648 598 1677 aut
622 1644 754 1676 invitatis
783 1644 1007 1686 pranobilibus,

347 1698 384 1724 ac
400 1689 625 1723 bonorabilibus
639 1690 710 1721 viris
722 1689 783 1722 DD.
797 1690 1010 1722 excellentissi-

110 1744 117 1765 ῖ
171 1728 233 1772 ire
246 1728 368 1774 domino
380 1736 529 1778 Procopio
542 1735 580 1767 de
597 1735 710 1774 Lalein,
732 1744 768 1767 ex
783 1735 944 1767 comitibus
971 1735 1010 1767 de

1061 972 1198 1013 praefecto
1210 981 1218 1009 ;
1238 971 1469 1011 generosissimo
1479 971 1542 1002 viro
1555 972 1590 1002 D.
1604 971 1728 1002 Alberto
1738 972 1776 1003 de
1786 973 1886 1004 Mero-

1059 1017 1108 1055 de,
1125 1017 1232 1048 comite
1248 1016 1285 1047 de
1299 1015 1419 1047 Wattou
1435 1021 1465 1046 et
1488 1016 1594 1053 Thian,
1612 1016 1730 1047 tribuno
1761 1017 1886 1056 legionis

1060 1061 1206 1102 pedestris
1214 1060 1343 1102 praesidii
1351 1060 1620 1100 Brugensis,nobili
1630 1060 1743 1092 Jacobo
1750 1061 1786 1092 de
1793 1060 1886 1093 Croo-

1060 1106 1208 1140 mendale,
1225 1106 1290 1136 vice
1315 1109 1421 1136 comite
1438 1106 1475 1136 de
1499 1105 1662 1145 Vlieringe,
1680 1106 1822 1146 toparcha
1849 1107 1887 1138 de

1060 1151 1222 1183 Breethaut
1238 1161 1245 1188 ;
1266 1150 1360 1180 nobili
1376 1150 1410 1181 D.
1438 1150 1577 1190 Philippo
1594 1150 1715 1181 Alberto
1731 1150 1769 1182 de
1799 1151 1886 1191 Vicq,

1059 1197 1171 1227 barone
1187 1196 1223 1227 de
1238 1196 1388 1234 Cumligh.
1408 1196 1549 1236 toparcha
1560 1195 1598 1227 de
1609 1195 1794 1237 Vissennacq
1809 1207 1816 1233 ;
1835 1206 1887 1228 no-

1059 1241 1110 1272 bili
1127 1243 1162 1273 D.
1179 1241 1295 1273 Joanne
1312 1240 1432 1279 Carillo,
1446 1240 1589 1281 toparcha
1599 1240 1635 1271 de
1648 1240 1880 1282 Cauwerbourg;

1059 1288 1152 1319 nobili
1167 1289 1202 1319 D.
1221 1287 1324 1319 Carole
1339 1287 1450 1328 Gillon,
1468 1287 1609 1327 toparcha
1625 1287 1663 1318 de
1690 1287 1862 1327 Snellegem
1877 1299 1886 1327 ;

1057 1338 1086 1364 et
1100 1334 1130 1363 in
1148 1332 1306 1374 praesentia
1319 1332 1518 1374 plurimorum
1524 1371 1529 1374 _
1541 1331 1777 1374 reverendorum
1792 1337 1881 1374 atque

1056 1371 1276 1405 honorabilium
1292 1372 1450 1411 utriusque
1465 1371 1582 1402 ordinis
1596 1372 1741 1403 virorum.
1758 1373 1789 1403 In
1803 1371 1881 1413 quo-

1055 1428 1120 1450 rum
1137 1421 1269 1450 omnium
1285 1417 1374 1448 ﬁdem
1388 1426 1423 1447 ac
1453 1415 1656 1447 testimonium
1687 1416 1741 1447 bas
1771 1417 1884 1449 litteras

1055 1464 1175 1505 propria
1189 1472 1281 1494 manu
1297 1461 1489 1501 signavimus,
1515 1469 1633 1491 necnon
1649 1461 1756 1501 majori
1783 1467 1884 1493 nostro

1054 1509 1164 1549 sigillo,
1180 1512 1210 1540 et
1224 1506 1380 1539 secretarii
1400 1505 1495 1537 nostri
1525 1507 1688 1544 signatura.
1704 1506 1885 1536 communiri

1344 1596 1381 1627 ll.
1397 1594 1432 1627 G.
1449 1600 1605 1626 mscorus
1625 1602 1797 1627 enneaasrs.
1827 1608 1840 1624 ι

1051 1643 1142 1685 infra,
1158 1642 1195 1674 de
1207 1640 1352 1674 mandato
1362 1639 1567 1671 illustrissimi
1582 1649 1618 1671 ac
1631 1641 1884 1672 reoerendissimt'

1276 1686 1335 1716 Dnt
1347 1685 1477 1726 episcopi
1491 1685 1627 1724 praefati.

1112 1730 1319 1766 Brouckmans
1336 1734 1479 1762 secretar.
1495 1730 1583 1762 1687.

535 1928 616 1977 DE
654 1928 822 1976 VlTA.
863 1926 1091 1975 BASlLIl
1130 1923 1527 1981 APOCRYPHA,

453 2040 491 2071 Et
512 2039 622 2070 sancto
644 2036 866 2078 Amphilochio
887 2035 1037 2077 episcopo
1059 2032 1217 2067 Iconiensi
1242 2039 1411 2073 perperam
1433 2031 1597 2072 imputata.

221 2202 480 2245 Quemadmodum
499 2212 587 2235 nemo
613 2202 727 2235 curavit
751 2202 845 2234 sancti
871 2199 1116 2241 GregoriiDputa
1128 2199 1158 2231 S.
1175 2197 1339 2245 Notkerum
1358 2196 1388 2245 in
1418 2205 1472 2245 suo
1501 2195 1719 2245 Martyrologio,
1756 2197 1788 2225 ut
1817 2193 1878 2245 dixi

180 2248 359 2288 Nuianaeni
370 2248 468 2281 Vitam
478 2247 624 2286 scribere,
636 2251 698 2278 tum
711 2256 779 2279 cum
791 2246 889 2278 adhuc
900 2255 1008 2278 recens

181 2297 263 2334 esset
271 2298 405 2334 actorum
417 2293 483 2334 ejus
493 2295 649 2334 memoria;
659 2292 711 2334 sed
722 2292 835 2334 primus
846 2291 1009 2331 Gregorius

180 2331 463 2378 quidam'presbjtér
475 2333 584 2370 saeculo
598 2331 749 2378 circiter}
761 2331 791 2378 id
809 2341 885 2378 opus
895 2340 1009 2378 assum-

181 2375 255 2424 ﬁcit,
265 2375 325 2413 tam
339 2378 518 2424 infeliciter,
529 2383 561 2409 ut
582 2377 658 2424 ejus
672 2376 794 2424 scriptio
819 2376 942 2417 indigna
969 2375 1010 2407 sit

178 2422 243 2462 visa
257 2433 323 2466 quas
337 2423 415 2465 apud
430 2432 485 2455 nos
499 2422 705 2461 recuderetur,
719 2422 762 2456 sic
776 2430 874 2463 neque
889 2424 1009 2466 sanctus

180 2465 312 2508 Basilius
327 2467 508 2509 scriptorem
525 2467 619 2503 aetatis
645 2467 821 2509 propinquae
836 2470 866 2498 et
891 2465 1008 2497 idonea:

180 2514 313 2547 scientiae
323 2512 456 2554 reperit;
475 2511 585 2545 saeculo
608 2516 707 2544 autem
719 2520 771 2543 vui
785 2510 834 2542 uel
847 2519 887 2548 Ix,
900 2509 1009 2551 prodiit

179 2559 300 2601 aliquis,
313 2560 358 2590 vel
367 2557 429 2590 ﬂcti
443 2556 575 2588 nominis
589 2556 831 2598 Amphilochius.
846 2564 936 2587 ausus
950 2555 1008 2586 ali-

181 2606 254 2649 quid
269 2610 328 2638 tam
339 2604 429 2645 digno
438 2608 612 2645 argumch
623 2612 731 2645 parum
741 2602 924 2649 conveniens
940 2612 947 2633 :
961 2602 1008 2633 cui

179 2647 279 2686 tamen
291 2649 450 2691 postremis
462 2649 509 2680 his
520 2648 638 2682 saaculis
650 2657 787 2688 magnam
799 2647 1007 2679 auctoritatem

179 2695 304 2729 contulit
331 2695 367 2732 L.
392 2694 633 2735 Amphilochius,
657 2693 821 2725 lconiensis
849 2695 1006 2733 episcopus

178 2740 297 2783 ipsique
304 2744 406 2771 sancto
415 2738 800 2779 fsmiliarissimus,t‘acilius
808 2737 941 2768 creditus
949 2738 1005 2783 Ba-

179 2782 242 2818 silii
250 2785 342 2817 vitam
348 2783 589 2825 scripsisse,quia
596 2783 684 2824 hujus
692 2783 861 2814 encomium
870 2782 1001 2823 aliquod,

180 2830 261 2874 quod
272 2839 364 2871 supra
374 2827 461 2863 nobis
472 2829 595 2874 Prologi
611 2828 676 2874 loco
692 2828 759 2867 fuit,
770 2827 929 2874 reliquisse
946 2836 1002 2868 po-

180 2872 526 2914 sterissciebaturwmni
532 2872 612 2905 haud
618 2872 707 2906 dubie
714 2873 773 2905 ﬁde
782 2872 1004 2913 dignissimum.

179 2920 305 2962 Decepit
317 2928 354 2953 ea
368 2928 418 2952 res
432 2919 592 2961 plerosque
607 2918 756 2959 sequioris
766 2918 819 2950 sevi
829 2917 1005 2959 scriptores,

1049 2239 1165 2279 Comm.
1183 2252 1229 2284 pr.
1247 2252 1277 2274 n.
1293 2242 1311 2273 7
1326 2253 1334 2281 ;
1359 2241 1547 2281 Sigebertum
1560 2240 1819 2280 Gemblacensem,
1844 2239 1877 2271 in

1050 2288 1203 2328 Calalogo
1213 2287 1386 2319 illustrium
1404 2286 1591 2326 scriptorum
1604 2284 1743 2324 ;Petrum
1757 2284 1878 2325 episco-

1051 2343 1120 2375 pum
1136 2332 1319 2373 Equilinum,
1338 2332 1367 2362 in
1384 2330 1531 2371 Catologo
1555 2334 1743 2370 sanctorum,
1759 2328 1814 2375 lib.
1842 2337 1876 2375 ιι,

1050 2374 1117 2419 cap.
1133 2378 1193 2417 28;
1210 2376 1402 2408 Vincentium
1424 2375 1678 2416 Bellovacencem,
1696 2375 1727 2406 in
1749 2374 1879 2416 Speculo

1050 2423 1205 2461 historico,
1220 2422 1270 2454 lib.
1285 2430 1349 2460 xrv,
1361 2429 1426 2462 cap.
1441 2420 1492 2461 78,
1510 2421 1548 2453 79
1574 2424 1603 2451 et
1619 2419 1659 2452 80
1671 2430 1679 2458 ς
1694 2420 1727 2452 S.
1751 2419 1882 2454 Antoni-

1050 2478 1132 2503 num.
1149 2472 1235 2510 parte
1252 2476 1285 2507 ιι,
1302 2468 1346 2499 tit.
1360 2467 1391 2507 9,
1408 2475 1475 2507 cap.
1492 2466 1524 2507 5,
1539 2466 1556 2507 ᾗ
1569 2466 1588 2497 8
1602 2475 1611 2504 ;
1627 2464 1744 2497 Sixtum
1759 2465 1879 2497 Senen-

1050 2523 1125 2551 sem,
1138 2514 1228 2545 lib.1v
1239 2511 1433 2544 Bibliotheca
1443 2517 1567 2552 sancite,
1576 2519 1681 2542 omnes
1688 2519 1706 2541 a
1718 2510 1881 2543 Rosweido

1049 2558 1157 2590 citatos
1168 2557 1205 2589 ad
1215 2557 1298 2589 Vitas
1314 2557 1433 2588 Patrum
1450 2565 1518 2597 pag.
1537 2555 1594 2588 165
1611 2579 1618 2590 ,
1629 2553 1769 2586 omnibus
1781 2558 1879 2590 autem

1049 2603 1164 2644 praeivit
1178 2601 1283 2634 Ursus.
1301 2600 1334 2633 S.
1350 2602 1387 2633 Il.
1404 2600 1438 2632 Ε.
1456 2599 1668 2639 subdiaconus,
1698 2600 1773 2631 Vitta
1799 2598 1881 2635 illius

1049 2648 1199 2688 interpres
1215 2646 1324 2679 saeculo
1339 2654 1380 2684 lx,
1399 2649 1431 2676 ut
1448 2654 1516 2677 mox
1528 2645 1656 2678 dicetur.

1088 2694 1119 2724 2.
1132 2693 1198 2724 Istis
1209 2696 1310 2725 tamen
1324 2690 1464 2722 omnibus
1474 2690 1590 2722 cautior
1601 2689 1879 2731 Baronius,eﬁlorer

1047 2742 1151 2769 scente
1164 2737 1305 2778 paulatim
1312 2735 1430 2767 critices
1443 2735 1609 2776 majoribus
1616 2735 1761 2775 neglectae
1782 2735 1880 2768 studio

1045 2782 1078 2814 in
1088 2781 1171 2817 Notis
1186 2782 1223 2817 ad
1238 2782 1408 2825 Romanum
1422 2778 1675 2825 Martyrologium,
1691 2788 1712 2812 ιι
1726 2779 1878 2825 Januarii,

1047 2827 1088 2859 ait
1106 2838 1113 2860 :
1134 2839 1148 2857 α
1164 2827 1272 2861 Exstat.
1288 2824 1495 2866 Amphilochii
1523 2825 1647 2862 nomine
1673 2825 1794 2868 scripta
1811 2824 1883 2861 Vita

1047 2870 1152 2904 Basilii
1162 2881 1228 2914 quae
1239 2876 1352 2908 tamen,
1368 2879 1404 2902 ex
1415 2868 1643 2911 prudentiorum
1656 2869 1792 2902 omnium
1805 2878 1879 2903 sen-

1047 2917 1152 2958 tentia,
1167 2917 1292 2949 alterius
1307 2915 1473 2957 cujuspiam
1487 2915 1588 2956 potius
1600 2924 1690 2957 quam
1718 2916 1878 2957 Amphilo-
