2070 3197
275 166 478 197 EXCERPTA
503 166 553 196 EX
577 166 686 196 AGTIS
708 166 737 196 S.
764 165 900 196 BASILII
924 165 1219 198 BOLLANDIANIS.
1237 184 1269 188 —
1290 167 1383 199 VITA
1407 169 1643 202 APOCRYPHA.
1730 178 1837 205 (main

133 233 207 270 chii,
222 233 347 273 aequalis
360 233 551 270 Basilio,esse
564 237 697 273 putatur;
713 242 780 263 cum
796 232 893 273 aliqua
902 232 995 263 illieA
1007 233 1126 272 planum
1144 238 1173 264 et
1188 234 1356 275 simplicem
1373 235 1527 275 affectans,
1543 236 1694 267 abstinere
1719 239 1828 277 potuit.

132 278 306 311 habeantur,
322 288 386 319 quae
397 278 439 309 illi
461 278 559 309 minus
573 277 732 308 convenire
743 277 914 309 videntur.»
929 278 963 309 Et
1005 277 1093 308 Plura
1108 279 1236 310 subinde
1252 280 1431 319 explicando
1448 280 1588 319 litteram,
1607 281 1718 312 nullius
1733 286 1833 316 tamen

130 324 161 354 in
174 324 345 355 Annalibus
359 324 394 354 ad
405 334 452 354 an.
469 324 540 360 378,
567 336 580 351 κ
593 333 660 361 quae
669 322 873 363 Amphilochii
886 324 962 354 falso
1005 323 1192 363 praejudicio.
1213 337 1224 353 »
1243 325 1297 355 Hae
1312 325 1484 356 Combeﬁsii
1499 325 1629 356 rationes
1641 327 1831 366 postmodum

132 369 355 400 nominefertur
371 369 391 400 V
394 371 435 400 ila
447 369 549 400 Basili
555 370 574 406 ί,
589 369 665 399 haud
676 369 764 408 digna
775 373 846 399 satis
866 368 960 400 hahe-
1005 368 1212 408 expendendm
1223 373 1327 401 erunt:
1339 370 1542 410 interim,cum
1555 370 1682 401 fateatur
1692 371 1767 402 Acta
1778 372 1834 404 ista

130 418 180 445 tur
195 424 259 453 qum
274 414 458 445 eruditorum
475 414 597 444 auribus
610 414 761 453 ingeratur
776 424 783 451 ;
804 413 860 444 nisi
882 414 957 445 adeo

128 459 383 500 sintperpicaces,
398 460 467 490 utin
480 460 517 489 iis
530 468 597 497 quae
609 462 665 489 sint
689 459 871 490 veraafalsis
892 459 955 489 dis-

126 505 247 544 quirere
263 514 297 535 ac
320 514 478 535 secernere
493 504 621 535 valeant.
639 503 797 544 Complura
814 504 895 536 enim
915 504 955 539 ibi

124 558 197 580 vera
213 559 292 590 esse,
311 550 427 580 inﬁcias
445 559 532 579 nemo
545 549 651 585 iverit;
668 553 700 579 ut
725 558 759 579 ea
775 550 953 590 praesertim,

125 603 195 633 qua:
206 595 242 625 ab
254 594 400 625 ambobus
412 593 576 633 Gregoriis,
588 594 774 625 Nazianzeno
784 598 873 634 atque
882 595 954 633 Nys-

124 648 210 671 seno.
228 648 344 670 necnon
361 647 396 668 ex
412 638 540 678 Ephrem
558 648 623 669 esse
639 642 802 669 noscuntur
819 643 953 678 accepta,

125 684 172 713 vel
188 684 223 714 ah
240 683 375 715 Helladio
398 686 545 713 mutuatus
571 686 614 712 est
630 687 744 712 auctor.
765 694 774 710 ιι
805 682 955 713 Hactenus

123 729 275 759 Barouius
290 737 296 759 :
311 728 371 767 cui,
384 732 414 757 ut
428 727 586 765 assentior,
603 736 671 757 vera
684 736 750 757 esse
762 736 828 767 quae
838 736 854 757 a
868 737 954 767 pseu-

124 774 166 803 do
182 772 390 813 Amphilochio
399 782 432 802 ex
441 771 611 802 auctoribus
620 772 954 803 idoneistranslatasunt

120 817 157 848 in
174 818 271 848 Vitam
287 818 384 852 istam,
402 817 441 846 ita
459 817 501 847 vel
526 817 594 847 inde
607 821 708 856 patere
724 817 872 857 existimo,
889 818 954 849 haec

124 862 331 903 Amphilochii
344 869 402 892 non
415 870 499 900 esse;
512 871 577 892 cum
587 866 685 892 autem
696 861 832 902 aliorum,
846 872 910 902 quae
923 863 952 893 in

1004 413 1221 453 qualiacunque
1231 422 1246 445 a
1260 415 1483 455 monachis,per
1493 424 1620 454 quorum
1628 424 1733 447 manus
1741 420 1833 448 trans.

999 456 1109 497 ierunt,
1123 457 1237 488 fabellis
1249 459 1425 499 interpolata
1438 467 1517 495 esse;
1529 469 1588 499 qua
1605 459 1635 490 in
1656 468 1701 497 re,
1714 469 1828 501 quasso,

998 502 1136 533 dissentit
1148 512 1165 533 a
1177 503 1307 534 Baronio
1318 507 1331 534 ‘2
1344 504 1395 541 qui
1412 509 1524 541 monet,
1551 504 1580 534 in
1606 504 1713 535 iisdem
1741 506 1824 536 Actis

999 556 1067 577 vera
1087 557 1104 577 a
1122 547 1203 578 falsis
1218 547 1349 578 discerni
1373 547 1494 579 debere.
1522 547 1583 579 Erit
1605 548 1703 589 itaque
1730 559 1829 589 operae

999 592 1131 631 pretium
1160 601 1265 623 rursus
1291 592 1534 633 qualemcunque
1555 594 1798 634 Amphilochium
1818 620 1825 636 ,

997 637 1129 675 seposito
1147 637 1228 667 omni
1246 637 1434 677 praejudicio,
1453 637 1644 676 examinare;
1660 644 1691 669 ut
1706 639 1828 680 quaesita

998 689 1066 710 cum
1083 681 1165 712 omni
1183 682 1359 712 sinceritate
1374 682 1480 712 veritas
1496 682 1623 713 inveniri
1641 684 1746 723 possit.

1035 725 1066 755 4.
1083 724 1172 756 Ursus
1188 727 1218 757 S.
1232 726 1306 758 ΒΕ.
1317 726 1585 767 subdiaconus,qui
1594 727 1726 760 Graecam
1738 729 1826 760 istam

996 769 1109 801 Basilii
1126 770 1224 802 Vitam
1249 771 1365 811 primus
1385 772 1541 803 Latinitate
1568 772 1696 804 donasse
1720 774 1824 813 scitur,

996 814 1065 845 vixit
1081 816 1266 855 temporibus
1291 817 1440 848 Anastasii
1469 816 1698 849 Bibliothecarii.
1720 819 1825 850 Exstat

995 859 1086 890 enim.
1107 864 1179 890 teste
1196 861 1372 902 Rosweydo,
1386 861 1526 892 Romaein
1540 861 1725 893 bibliotheca
1737 862 1824 894 Valli-

126 907 181 937 illa
198 911 368 943 narrantur,
386 906 498 936 falsitas
512 907 608 945 retegi
625 906 709 936 facile
725 905 828 945 possit,
847 916 951 939 conse-
965 919 984 944 Β
996 904 1111 935 ceiiana
1127 905 1220 936 codex
1237 915 1293 937 ms.
1312 907 1362 946 qui
1388 906 1520 937 continet
1547 906 1643 938 Vitam
1659 907 1740 937 illam
1772 917 1827 948 per

122 960 223 991 quens
231 952 289 982 erit
297 951 369 981 nihil
383 951 457 980 inea
466 960 531 981 esse
542 950 842 991 Amphilochii.Unde
851 953 955 985 merito

126 996 271 1026 Bellarmi
280 1005 334 1026 nus
352 996 394 1025 De
408 995 658 1035 scripl.ercles.in
669 996 884 1036 Amphilochia
895 999 953 1030 ait:

122 1053 138 1068 (ι
161 1042 272 1077 Exstat,
291 1040 423 1080 quidem,
441 1041 497 1071 sub
512 1041 633 1071 nomine
646 1041 868 1082 Amphilochii,
890 1042 956 1075 Vita

117 1085 156 1117 S.
173 1085 284 1116 Basilii
299 1086 414 1124 Magni,
433 1086 484 1116 sed
503 1086 579 1116 haud
592 1085 684 1117 dubie
694 1086 766 1116 falsa
783 1086 827 1116 vel
843 1097 955 1128 suppo-

119 1130 224 1160 sititia.
247 1142 257 1158 ι)
286 1129 428 1160 Rationes
444 1130 554 1161 deinde
569 1131 690 1170 profert,
707 1131 809 1170 quales
831 1141 885 1162 nos
900 1143 954 1164 suo

117 1184 260 1214 quasque
279 1175 345 1206 loco
359 1175 576 1215 expendemus.

162 1223 189 1250 3.
200 1220 252 1250 His
265 1220 404 1251 omnibus
418 1221 576 1260 perpensis
587 1220 688 1251 mirari
701 1220 773 1251 mihi
785 1220 874 1251 liceat
884 1231 952 1253 cum

117 1265 284 1296 Godefrido
296 1264 483 1305 Hermantio,
497 1268 554 1297 hoc
564 1265 652 1297 etiam
674 1265 783 1296 sacculo
800 1265 952 1298 inventum

118 1319 189 1341 esse
202 1311 296 1342 virum
315 1313 477 1350 eruditum,
493 1312 544 1352 qui
556 1311 644 1341 vellet
658 1319 710 1350 pro
732 1309 798 1341 Vita
809 1309 865 1341 ista
878 1312 951 1339 Am-

118 1355 273 1394 pliilochio
288 1357 467 1387 vindicanda
480 1356 647 1396 apologiam
674 1354 825 1391 scribere;
845 1362 952 1393 nempe

119 1401 159 1431 Β.
176 1402 209 1432 Ρ.
238 1403 429 1433 Franciscum
453 1401 675 1434 Gombeﬁsium.
702 1399 757 1430 Hic
787 1404 885 1431 tamen
911 1398 951 1428 ita

120 1445 344 1477 defendendam
358 1447 438 1477 illam
452 1446 619 1486 suscipit,ut
631 1444 948 1484 fabulisinterpolatam

117 1490 268 1529 fateatur;
287 1492 315 1522 in
328 1502 386 1532 quo
398 1493 497 1522 forsan
509 1491 606 1531 reipsa
627 1499 685 1521 non
697 1490 835 1520 dissentit
855 1499 871 1519 a
889 1489 947 1519 Ba-

116 1536 219 1567 ronio.
235 1537 350 1568 Etenim
364 1547 429 1567 cum
442 1536 594 1567 retulisset
604 1534 839 1575 auctores,inter
850 1542 881 1564 se
895 1533 950 1564 hac

1000 948 1118 986 Ursum;
1133 959 1167 980 ex
1180 960 1275 991 eoque
1287 952 1439 991 exemplar
1446 956 1599 988 suum,aut
1608 953 1711 982 saltem
1726 952 1826 993 priora

999 998 1064 1024 octo
1078 995 1187 1033 capita,
1205 1005 1271 1026 cum
1296 995 1469 1035 praefatione
1494 995 1677 1036 Rosweydus
1696 997 1823 1037 accepit.

997 1039 1138 1070 Conlinet
1154 1044 1299 1080 praeterea
1317 1041 1457 1081 praefatus
1473 1041 1567 1071 codex
1583 1041 1726 1072 miracula
1740 1051 1823 1082 quaa-

997 1083 1064 1113 dam
1079 1084 1174 1115 sancti
1189 1085 1369 1125 Basilii,qum
1383 1085 1546 1116 creduntur
1557 1085 1593 1116 ab
1607 1086 1744 1117 Helladio
1755 1087 1821 1127 epi-

996 1136 1085 1168 scopo
1102 1130 1285 1160 Caesareensi
1302 1130 1487 1171 conscripta,
1511 1131 1541 1160 in
1556 1130 1693 1161 Latinum
1711 1132 1824 1171 pariter

996 1181 1079 1203 versa
1095 1174 1131 1203 ab
1148 1175 1304 1206 Anastasio
1318 1174 1552 1207 Bibliothecario
1570 1185 1578 1215 ;
1595 1175 1746 1216 hujusque
1762 1177 1821 1207 ibi-

996 1217 1063 1248 dem
1079 1218 1188 1258 legitur
1201 1219 1376 1250 Praefatioad
1387 1219 1495 1251 Ursum
1508 1228 1599 1259 supra
1611 1225 1820 1254 memoratum:

995 1262 1063 1292 vixit
1071 1268 1170 1294 autem
1178 1266 1199 1295 A
1206 1264 1601 1295 nastasiusBibliothecarius
1612 1264 1789 1296 subNicolao
1796 1266 1819 1305 Ι,

995 1308 1043 1346 qui
1059 1308 1135 1338 sedit
1147 1308 1185 1339 ab
1201 1317 1279 1339 anno
1294 1309 1353 1340 858
1383 1309 1420 1339 ad
1448 1317 1559 1339 annum
1584 1309 1654 1340 867.
1682 1309 1738 1340 Vix
1762 1311 1820 1342 Ur-

993 1360 1044 1382 sus
1062 1352 1157 1382 Vitam
1174 1352 1454 1393 Amphilochianam
1485 1352 1721 1394 elucubraverat,
1750 1363 1819 1386 cum

994 1396 1081 1437 illico,
1100 1401 1130 1428 ut
1146 1398 1289 1429 credibile
1303 1401 1359 1435 est,
1376 1408 1391 1427 a
1410 1397 1555 1438 pluribus,
1569 1398 1734 1437 praesertim
1751 1408 1819 1429 mo-

994 1441 1108 1482 nachis,
1124 1443 1267 1483 requisita
1280 1447 1326 1474 est
1343 1442 1552 1483 descriptaque
1570 1453 1576 1474 :
1594 1451 1610 1473 a
1640 1443 1816 1483 quibusdam

992 1487 1078 1517 etiam
1095 1488 1125 1518 in
1142 1488 1352 1528 compendium
1369 1488 1500 1526 redacta,
1518 1487 1556 1519 ab
1567 1487 1634 1518 aliis
1643 1488 1680 1518 ad
1692 1487 1817 1519 formam

993 1532 1151 1563 lectionum
1163 1533 1193 1563 in
1206 1532 1334 1564 ecclesia
1343 1533 1564 1564 recitaudarum
1577 1533 1819 1573 aptata;nonnul-

116 1581 148 1611 in
169 1591 257 1612 causa
272 1582 495 1619 diSsentientes,
515 1590 589 1620 quos
607 1584 636 1611 et
659 1589 712 1610 nos
728 1588 819 1619 supra
846 1578 978 1609 retuli—C
991 1576 1027 1606 lis
1040 1578 1431 1618 mutatis,additis,omissis,
1444 1578 1543 1616 qualia
1554 1577 1699 1608 habemus
1714 1586 1818 1609 exem—

118 1635 189 1663 nus,
212 1626 255 1656 sic
282 1627 490 1667 prosequitur:
521 1639 533 1653 α
558 1624 630 1663 Ego,
658 1630 689 1654 ut
711 1624 812 1664 paucis
839 1623 948 1659 dicam,
992 1622 1086 1661 plaria
1097 1632 1132 1653 ex
1144 1623 1326 1654 bibliotheca
1338 1622 1817 1659 Vallicellauaduo,exCasinensi

117 1670 260 1711 arbitror,
275 1672 403 1711 potuisse
414 1671 494 1702 viros
505 1668 883 1707 eminentissimos,majori
898 1677 948 1697 re-
991 1667 1200 1704 unum,omnia
1207 1667 1320 1707 scripta
1329 1667 1501 1699 charactere
1507 1667 1820 1707 Longobardico.Val-

118 1716 254 1746 verentia
275 1715 387 1747 habere
402 1716 596 1755 πραγμητείπιν,
628 1718 669 1745 tot
692 1714 753 1753 jam
779 1712 898 1744 saeculis
919 1716 950 1742 et
990 1711 1164 1742 iicellanum
1179 1718 1339 1751 utrumque
1364 1713 1490 1752 Prologo
1505 1717 1596 1750 caret,
1623 1721 1692 1743 eum
1719 1717 1818 1744 tamen

117 1761 202 1800 apud
218 1761 409 1791 doctissimos
427 1760 612 1791 obtinentem
626 1768 634 1796 ;
649 1767 716 1798 nec,
735 1761 802 1798 quia
813 1757 947 1797 quaedam
990 1765 1079 1795 quem
1095 1756 1162 1787 Ursi
1179 1757 1421 1796 interpretationi
1436 1767 1453 1787 a
1468 1766 1500 1787 se
1517 1757 1615 1797 editae,
1634 1758 1818 1797 Rosweydus

118 1805 167 1836 vel
179 1806 208 1836 in
221 1806 352 1843 re,velin
364 1807 451 1836 modo
464 1811 492 1836 et
504 1803 737 1835 circumstantiis
745 1801 945 1837 offendebant,
990 1802 1124 1840 praefixit,
1143 1801 1338 1841 ipseaccepit
1354 1810 1389 1832 ex
1406 1801 1509 1832 eadem
1527 1801 1707 1832 bibliotheca
1722 1800 1817 1832 Valli-

119 1854 212 1881 totam
228 1851 388 1891 repudiare
406 1855 435 1881 et
448 1850 562 1881 auctori
586 1848 763 1888 impingere,
785 1855 881 1886 eoque
901 1855 946 1876 ac.
990 1845 1103 1891 cellana
1121 1854 1127 1876 :
1146 1847 1199 1876 sed
1216 1851 1245 1876 et
1256 1850 1416 1886 utrumque
1432 1855 1487 1876 ms.
1497 1846 1528 1891 in
1539 1845 1739 1891 multisrestab
1755 1846 1817 1877 edi-

117 1905 228 1926 cusare
244 1890 322 1926 falsi.
341 1897 474 1936 falsoque
489 1894 634 1934 assumpti
651 1893 721 1923 tanti
737 1892 878 1931 nominis,
889 1901 947 1931 quo
991 1890 1475 1936 tioneﬁosweydianadiversum.
1496 1890 1597 1920 Exstat
1611 1890 1700 1936 igitur
1712 1894 1741 1921 et
1755 1895 1816 1921 ter-

118 1940 187 1981 ipse
203 1941 358 1971 mendacia
373 1934 532 1972 coloraret.
561 1939 650 1970 Forte
668 1938 747 1968 enim
770 1946 829 1967 non
854 1945 948 1976 pauca
990 1935 1063 1981 tium
1075 1936 1105 1966 in
1117 1936 1221 1966 eadem
1235 1934 1816 1981 bibliothecaUrsianmversionisexem-

119 1979 243 2017 defendi
268 1985 420 2025 potuerint
445 1996 451 2017 :
484 1985 623 2026 quaedam
646 1982 762 2014 ostendi
786 1981 883 2012 vitiata
911 1981 948 2012 ab
991 1980 1064 2020 plar,
1080 1980 1356 2021 quodiltosweydus
1371 1990 1406 2012 ex
1418 1989 1513 2026 eoque
1530 1980 1634 2026 Surius
1656 1979 1731 2019 typis
1748 1980 1815 2010 vul—

117 2031 307 2071 antiquariis,
321 2035 351 2062 et
362 2035 422 2062 tum
446 2025 627 2070 conjectura,
646 2033 707 2059 tum
729 2037 762 2059 ex
782 2026 841 2058 ﬁde
862 2026 947 2057 codi-
989 2030 1105 2071 gerunt,
1120 2026 1218 2057 addita
1235 2026 1408 2066 interpretis
1425 2025 1612 2056 Prtefatione.

117 2069 323 2107 cum—restitui
336 2087 343 2114 ;
356 2079 389 2108 ut
405 2077 453 2107 vix
469 2069 554 2116 pauci
571 2074 646 2106 naevi
661 2072 849 2112 restaveriut,
867 2071 892 2102 si
906 2075 951 2103 ta-
1030 2070 1063 2116 5.7
1077 2071 1239 2102 Casinense
1264 2071 1416 2111 exemplar
1442 2070 1601 2116 Prologum
1631 2069 1722 2100 habet
1750 2069 1816 2103 Ursi

119 2130 200 2157 men,
217 2121 293 2152 neevi
311 2132 319 2159 ;
337 2121 445 2161 quibus
469 2115 531 2151 tam
552 2119 664 2160 grande
680 2127 799 2158 corpus,
828 2121 949 2157 tamque
990 2115 1178 2152 subdiaconi,
1191 2116 1314 2146 omnino
1325 2116 1415 2146 alium
1424 2115 1461 2146 ab
1473 2125 1526 2161 eo,
1538 2124 1626 2161 quem
1649 2116 1818 2156 Roweydus

118 2165 243 2205 grandis
258 2166 326 2206 aevi,
343 2159 385 2196 tot
398 2159 667 2206 praecipuertritum
685 2162 833 2199 manibus,
850 2171 947 2202 quan-
991 2160 1095 2206 edidit,
1110 2161 1233 2200 dignum
1243 2161 1291 2191 hic
1304 2160 1389 2206 darii;
1403 2171 1438 2192 eo
1450 2160 1529 2206 quod
1543 2159 1677 2191 videatur
1687 2162 1818 2206 genuina

120 2211 223 2250 doque
239 2214 327 2241 etiam
357 2209 601 2251 impolitioribus,
618 2208 695 2239 haud
726 2208 812 2238 facile
841 2215 945 2237 carue-

990 2205 1058 2237 Ursi
1070 2205 1194 2246 scriptio
1206 2215 1283 2246 esse,
1299 2215 1359 2246 prae
1369 2205 1632 2246 Rosweydiana,et
1642 2205 1720 2245 quod
1734 2215 1818 2237 men-

120 2249 183 2287 rit:
215 2256 284 2287 Vita
313 2261 357 2286 est
385 2249 481 2287 Patris
510 2255 725 2285 monachorum
754 2253 784 2282 in
813 2251 1101 2295 Oriente,Dtionem
1113 2251 1201 2281 faciat
1214 2251 1288 2290 ejus,
1307 2252 1392 2291 cujus
1403 2256 1506 2291 rogatu
1517 2250 1612 2291 ipsam
1626 2249 1722 2295 Vitam
1736 2250 1816 2295 dedit

117 2310 205 2341 quam
230 2301 465 2332 innumerabiles
489 2304 609 2337 ascetze,
636 2298 741 2338 majori
768 2296 948 2337 quandoque

119 2345 229 2385 pietate
246 2355 334 2386 quam
358 2346 483 2377 scientia
498 2343 710 2384 exscripserint
724 2351 732 2380 ;
749 2342 798 2373 cui
823 2341 949 2382 proinde

119 2399 206 2420 suum
219 2390 331 2431 aliquid
344 2391 521 2430 ascripsisse
542 2389 667 2429 possint;
682 2392 715 2418 ut
725 2396 786 2417 non
796 2395 832 2417 ea
849 2386 949 2416 forsan

121 2435 248 2475 puritate
263 2436 299 2466 ad
318 2445 373 2466 nos
389 2436 514 2476 venerit,
537 2444 602 2475 quae
617 2434 672 2464 fuit
686 2432 722 2463 ab
738 2431 948 2471 Amphilochio

120 2480 212 2518 edita,
229 2481 291 2511 sive
308 2480 440 2520 pbrasim
456 2485 638 2520 spectemus,
657 2479 718 2508 sive
733 2477 826 2517 ipsam
847 2484 948 2506 rerum

121 2526 335 2564 narrationem;
352 2535 420 2565 queo
435 2525 534 2556 minus
550 2523 701 2559 continua,
715 2522 876 2561 multisque
890 2520 951 2550 dis—

124 2574 207 2601 creta
224 2570 326 2607 titulis,
346 2579 406 2600 non
422 2570 462 2600 ita
487 2567 719 2607 cohaerentibus,
737 2566 794 2597 nisi
820 2567 949 2604 castiga-

123 2619 151 2645 ta
182 2625 270 2646 manu
294 2615 480 2655 calamoque,
509 2613 637 2644 ascititia
664 2612 761 2651 aliqua
786 2615 816 2641 et
843 2610 951 2649 πληρώ-

123 2671 206 2701 ματα,
223 2670 283 2690 non
299 2660 551 2700 respuerit.Plura
567 2667 638 2688 sane
652 2656 833 2697 etpleraque
844 2663 952 2701 aequus

124 2699 229 2742 lector,
241 2699 441 2745 assuetusque
454 2702 864 2745 Amphilochianostylo,non
876 2699 952 2730 indi-

123 2757 183 2790 gna
197 2749 407 2790 Amphilochia
423 2748 679 2790 deprehenderit;
698 2748 730 2778 in
746 2746 849 2787 primis
864 2753 950 2775 usum

125 2794 208 2825 illum
227 2793 392 2834 Scripturee
409 2795 539 2831 facilem,
560 2793 609 2834 pia
618 2793 785 2832 devotaque
795 2790 953 2827 allusione;

129 2849 185 2881 qua
201 2849 299 2880 neque
327 2839 481 2871 historiam
501 2843 616 2876 texens,
640 2837 806 2878 stylumque
832 2835 953 2867 omnino

287 2921 418 2954 Parnm.
445 2922 504 2954 Gn.
526 2920 637 2952 XXIX.

989 2295 1149 2328 Latinitati.
1166 2296 1281 2326 scilicet
1291 2296 1428 2336 Gregorii
1437 2296 1461 2325 ΙΙ
1472 2295 1556 2326 ducis
1567 2294 1767 2335 Neapolitani,
1780 2296 1819 2327 de

990 2350 1059 2380 quo,
1072 2342 1150 2381 apud
1161 2339 1320 2379 Ughellum
1334 2349 1353 2371 ι.
1371 2340 1422 2378 VI,
1432 2350 1460 2371 c.
1474 2340 1544 2378 “3,
1560 2340 1682 2371 Bonitus
1691 2339 1816 2371 subdia-

990 2394 1082 2416 conus
1097 2386 1149 2426 ait,
1167 2385 1246 2426 quod
1262 2385 1316 2416 fuit
1331 2398 1341 2413 ι
1356 2388 1493 2425 neposet.
1503 2385 1613 2425 proles,
1626 2384 1717 2414 frater
1729 2388 1758 2414 et
1768 2394 1817 2424 pa-

990 2435 1036 2461 ter
1046 2431 1332 2470 Parthenopensium
1343 2430 1463 2464 ducum,
1481 2441 1492 2458 ι
1507 2429 1535 2461 Is
1547 2429 1649 2469 itaque
1657 2429 1701 2459 sic
1712 2427 1813 2460 habet:

994 2488 1007 2503 ι(
1021 2475 1126 2516 Incipit
1138 2476 1281 2515 Prologus
1290 2475 1320 2505 in
1336 2475 1430 2506 Vitam
1443 2475 1535 2505 sancti
1548 2473 1650 2505 Basilii
1661 2472 1814 2514 archiepi-

991 2521 1075 2560 scopi
1088 2525 1118 2551 et
1132 2520 1322 2552 confessoris.
1337 2520 1497 2558 Postquam
1515 2518 1633 2550 Lucifer
1648 2519 1697 2551 ille
1708 2526 1817 2557 procax

993 2566 1030 2596 de
1048 2566 1164 2597 caelesti
1175 2566 1270 2606 gloria
1282 2566 1439 2597 demersus
1447 2568 1503 2603 est,
1517 2567 1548 2596 et
1559 2564 1679 2595 invidiae
1689 2565 1816 2597 stimulis

992 2611 1144 2647 incitatus,
1161 2611 1199 2642 de
1212 2610 1340 2651 paradisi
1356 2613 1494 2641 amamita
1505 2614 1544 2650 te,
1559 2618 1613 2650 per
1621 2610 1816 2642 saevissimum

993 2665 1130 2697 anguem,
1149 2656 1364 2697 protoplastum
1384 2655 1516 2695 expulit;
1534 2654 1623 2686 veluti
1645 2655 1817 2687 stomachus

994 2702 1142 2741 languens
1153 2701 1253 2743 vitales
1265 2700 1376 2732 fastidit
1387 2700 1490 2740 dapes,
1500 2699 1540 2731 ita
1552 2709 1641 2731 omne
1654 2709 1747 2740 genus
1758 2700 1816 2730 hu-

994 2756 1113 2777 manum
1126 2746 1249 2777 caeleste
1255 2750 1342 2786 atque
1350 2745 1550 2776 intellectuale
1557 2745 1725 2777 convivium
1734 2745 1818 2784 igno-

993 2791 1089 2823 rabat.
1103 2791 1162 2822 Sed
1175 2791 1241 2831 pius
1251 2790 1303 2822 ille
1313 2794 1394 2822 sator
1406 2790 1818 2831 atqueredemptorhumame

1001 2836 1131 2868 miseriae
1148 2835 1302 2868 condoluit
1317 2836 1366 2876 pio
1381 2836 1533 2875 aﬂ‘ectu,et
1546 2835 1585 2867 de
1599 2835 1681 2867 caelis
1696 2842 1749 2874 per
1761 2832 1818 2863 vir-

1482 2925 1498 2948 3
