4140 6394
665 366 1063 431 EXCERPTA
1108 365 1209 427 EX
1252 359 1464 427 ACTIS
1508 364 1566 425 S.
1616 363 1894 426 BASILII
1942 358 2525 425 BOLLANDIANIS.
2555 392 2635 404 —
2668 359 2854 423 VITA
2896 361 3378 426 APOCRYPHA.

3566 378 3757 430 ορκον

384 509 483 570 tati
506 525 735 580 sumus;
763 524 956 586 operae
980 504 1233 585 pretium
1261 502 1693 576 duximus,tom
1730 504 2019 565 illustrem
2047 512 2080 555 A
2108 512 2217 586 cue
2251 492 2605 586 expugnavit
2633 512 2651 586 ;_
2682 492 2783 586 qiti
2814 490 3292 586 Christianorum
3341 512 3543 586 sanam
3579 496 3757 560 ﬁdem

384 599 712 677 vitam,tum
743 615 876 659 vera
900 612 1230 675 magnaque
1257 593 1505 672 pastoris
1527 594 1712 655 nostri
1738 603 1794 654 et
1817 594 2027 655 docto-

385 690 468 751 ris
502 688 703 751 Basilii
731 685 1016 747 miracula
1052 685 1137 765 (ut
1167 700 1242 743 ne
1270 683 1496 743 diutino
1529 691 1713 744 tractu
1742 683 2031 764 temporis

384 778 695 859 profundae
716 775 1001 837 oblivioni
1026 772 1258 834 tradiea
1297 774 1620 853 contingat)
1652 778 1870 853 scripto
1894 792 2031 833 con-

384 870 645 947 signare.
667 865 809 929 Cum
833 866 991 927 enim
1019 873 1140 925 tres
1166 862 1549 923 sacratissimi
1571 863 1871 943 divinique
1894 863 2024 935 viri,

387 958 710 1036 Gregorius
746 955 853 1036 (2),
881 956 1145 1035 inquam,
1175 952 1473 1032 theologia
1499 954 1693 1015 clarus
1720 970 1735 1027 ;
1768 953 2030 1031 alterque

388 1056 443 1110 et
486 1050 615 1129 ipse
646 1045 994 1123 Gregorius,
1028 1041 1198 1103 urbis
1252 1040 1628 1121 Nyssaeorum
1684 1042 2032 1104 decantatus

386 1137 702 1218 episcopus
735 1136 858 1212 (3);
893 1151 1001 1194 nec
1030 1150 1147 1191 non
1182 1133 1365 1192 eremi
1404 1134 1715 1212 praefectus
1756 1131 2032 1193 beatissi-

391 1246 521 1288 mus
543 1226 830 1306 Ephrem,
857 1219 1243 1302 aliique,aliis
1263 1222 1515 1302 aliisque
1538 1221 1884 1302 epitaphicis
1907 1238 2037 1281 ser-

390 1316 677 1378 monibus
695 1313 842 1374 tanti
866 1312 971 1371 viri
998 1312 1349 1371 memoriam
1371 1311 1822 1386 illustraverint;
1848 1310 2035 1370 visum

388 1418 475 1468 est
495 1417 552 1469 et
577 1405 744 1477 mihi,
772 1414 1050 1481 tanquam
1074 1401 1360 1473 abortivo,
1381 1410 1448 1461 ut
1470 1420 1604 1461 cum
1630 1400 1910 1478 Apostolo
1944 1400 2036 1461 lo-

390 1516 535 1577 quar
562 1493 779 1577 (a),ubi
804 1509 923 1571 prae
950 1490 1225 1551 manibus
1256 1490 1783 1571 accepissem,quaa
1804 1491 2038 1569 utrique

389 1587 477 1646 illi
540 1582 735 1659 magni
795 1580 903 1639 viri
982 1578 1323 1640 narratione
1400 1578 1632 1641 fuerant
1712 1578 2033 1660 prosecuti,

390 1674 673 1755 supplere
710 1688 842 1750 qua;
890 1669 1153 1732 dessent.
1190 1668 1465 1731 Debitum
1523 1669 2032 1749 repraesentando,

2111 582 2373 643 dilucide
2395 580 2837 645 stabilivit.Dux
2860 581 2961 642 ille
2981 582 3379 662 princepsque
3392 585 3762 665 sapientissi-

2114 691 2243 732 mus
2258 672 2454 750 gentis
2470 679 2710 745 sanctae,
2723 680 2921 750 pastor
2934 670 3757 752 acceptabilispopuli,Eccle-

2114 762 2215 823 siae
2236 761 2433 840 regale
2458 760 3110 833 sacerdotium,Christi
3134 762 3333 821 ovium
3359 763 3552 824 varius
3576 764 3756 841 aries,

2114 850 2327 911 divinae
2357 850 2491 910 ﬁdei
2544 850 2827 928 magister
2852 850 3092 909 inclitus
3119 872 3134 926 ;
3168 848 3396 927 magnis
3428 858 3486 912 et
3516 852 3676 914 vivus
3706 865 3765 917 et

2118 949 2246 1020 post
2278 939 2505 1000 obitum
2540 938 2845 999 miraculis
2878 937 3119 1019 clarus;
3148 946 3281 1019 post
3310 942 3662 1023 conscitam,
3700 951 3766 1005 ut

2117 1029 2337 1090 dictum
2373 1038 2483 1107 est,
2509 1028 2743 1089 Juliano
2764 1025 2886 1088 Deo
2916 1025 3287 1107 odibili,ejus
3306 1029 3586 1108 precibus
3611 1050 3763 1093 mor-

2118 1126 2275 1198 tem;
2305 1118 2412 1194 illi,
2433 1117 2698 1197 inquam,
2729 1116 2831 1195 qui
2862 1134 3049 1177 cornu
3083 1116 3145 1177 in
3177 1116 3360 1179 altum
3388 1120 3770 1197 extulerat,et

2120 1208 2402 1268 adversus
2433 1210 2621 1269 Deum
2650 1206 2887 1266 locutus
2917 1205 3110 1267 fuerat
3137 1207 3510 1287 iniquitatem
3538 1229 3554 1285 ;
3596 1211 3768 1291 cujus

2123 1297 2209 1377 (7)
2236 1314 2380 1357 avus
2395 1294 2891 1373 Valens,indigne
2912 1313 3235 1377 purpuram
3259 1297 3335 1357 im
3342 1299 3627 1379 perialem
3640 1319 3770 1362 sus-

2122 1387 2301 1467 cepit,
2330 1386 2814 1465 Ariamorumque
2832 1403 3009 1465 pravo
3041 1386 3301 1463 dogmati
3332 1397 3614 1467 patronus
3634 1390 3765 1467 fuit,

2122 1476 2195 1537 ad
2212 1476 2499 1536 illustrem
2518 1482 2779 1535 nostram
2796 1475 3238 1537 Cmsareensem
3254 1479 3769 1559 metropolim,una

2121 1583 2257 1624 cum
2286 1572 2521 1644 pastore
2582 1560 2798 1625 urbem
2850 1562 3245 1625 subversurus
3285 1565 3466 1628 venit.
3508 1565 3583 1631 Ut
3611 1568 3769 1629 enim

2121 1670 2217 1715 res
2240 1660 2403 1732 gesta
2430 1652 2528 1733 sit,
2552 1660 2610 1714 et
2641 1670 2815 1732 quam
2860 1653 2935 1713 ob
2959 1672 3223 1733 causam,
3249 1672 3369 1715 non
3401 1664 3771 1735 estpraasen—

394 1741 851 1845 prb'tlevoti-ﬁlii
877 1759 1105 1820 ratione
1131 1782 1145 1829 ;
1172 1765 1230 1819 et
1250 1758 1410 1819 velut
1431 1758 1549 1835 qui.
1582 1741 2031 1837 iit'existimatis,

2142 1743 2195 1802 is
2230 1744 2524 1845 temporis
2552 1743 2971 1845 narrare.‘Sed
3005 1741 3075 1803 ad
3136 1748 3503 1823 propositum
3550 1747 3769 1808 redea-

392 1853 465 1915 ab
490 1852 653 1912 initio
681 1858 1033 1921 assectatus,
1070 1857 1409 1907 accuratam
1444 1848 1708 1908 notitiam
1734 1850 1822 1928 (4)
1855 1866 2033 1909 acce-

393 1938 791 2022 perim.Novit
814 1936 1171 2010 enim,novit
1191 1936 1368 1997 etiam
1395 1937 1584 1999 nubes
1601 1938 1787 1998 solem
1806 1946 2033 2018 tegere;

392 2032 683 2109 longaque
706 2026 978 2105 corporis
1001 2026 1304 2089 successio
1328 2026 1816 2107 (5),bonasfacile
1836 2045 2035 2089 narra-

389 2120 607 2195 tiones,
645 2114 927 2179 oblivioni
959 2114 1288 2177 tradiderit.

472 2207 642 2282 Quod
669 2206 850 2286 igitur
880 2222 1129 2283 magnus
1160 2206 1261 2268 ille
1293 2206 1633 2288 mundoque
1663 2226 1839 2288 quam
1872 2208 2034 2269 cele-

391 2299 515 2361 bris
536 2296 998 2367 Basilius,Pater
1016 2295 1466 2370 noster,absens
1480 2298 2036 2378 csset,sapientissi-

395 2408 527 2451 mus
558 2388 659 2449 ille
691 2384 977 2467 pontifex,
1007 2383 1107 2443 ille
1125 2384 1456 2446 caelestium
1482 2387 1758 2447 virtutum
1793 2388 2035 2461 sodalis,

393 2480 587 2542 clarus
611 2492 889 2537 sermone
905 2474 1719 2555 penetrabilisque,magister
1736 2476 2036 2551 Ecclesiae,

394 2569 897 2631 solidarectorum
926 2564 1268 2641 dogmatum
1282 2565 1644 2639 columna,is
1661 2566 2038 2647 (6),inquam,

396 2663 494 2741 qui
524 2657 827 2737 sapienter
858 2653 1171 2715 hominum
1208 2671 1405 2715 mores
1428 2654 1809 2736 instituit,qui
1833 2674 2037 2717 rerum

394 2758 663 2811 naturam
679 2742 1055 2807 enucleatius
1073 2761 1140 2803 ex
1149 2744 1539 2825 planavit,qui
1559 2745 2035 2807 infensissimum

392 2838 695 2902 Trinitatis
725 2836 1019 2898 lulianum
1050 2838 1391 2913 Apostatam
1425 2834 1549 2897 suis
1581 2834 1862 2915 precibus
1894 2854 2035 2917 pro-

394 2927 727 3008 stravit;qui
760 2922 1022 2987 Valentis
1045 2942 1113 2983 os
1138 2923 1550 3004 blasphemum
1578 2924 1869 2987 obstruxit
1894 2947 1910 3003 ;
1935 2934 2034 3004 qui

394 3021 747 3084 Arianorum
769 3031 1001 3095 pravam
1028 3013 1360 3075 doctrinam
1381 3014 1778 3096 haeresimque
1808 3017 2039 3098 perspi-

2123 1850 2279 1912 mus,
2313 1833 2443 1911 ejus
2475 1830 2547 1893 ab
2582 1830 2854 1911 uterolad
2877 1832 3057 1893 ﬁnem
3085 1850 3275 1911 usque
3297 1832 3540 1894 virtutes
3561 1852 3773 1914 prose-

2119 1922 2334 1983 cuturi.

2162 2110 2586 2174 Adolescentia
2617 2110 2853 2173 Basilii
2880 2118 2942 2173 et
2961 2111 3169 2173 studia
3198 2110 3478 2189 Athenis,
3510 2112 3742 2176 Eubuli

2594 2204 2935 2286 philosophi
2968 2209 3304 2268 conversio.

2204 2297 2461 2358 Basilius
2490 2297 2655 2359 solus
2688 2298 2749 2358 in
2781 2307 2963 2374 terra,
2997 2299 3206 2379 aequali
3239 2298 3451 2361 claruit
3482 2306 3603 2361 tum
3630 2300 3773 2377 vita,

2122 2406 2467 2448 sermonum
2503 2394 2719 2448 ornatu
2750 2388 3213 2468 eruditioneque
3244 2390 3609 2465 decora,tum
3642 2409 3776 2452 ser-

2126 2494 2302 2537 mone
2333 2496 2401 2537 ac
2426 2476 2480 2536 vi
2505 2475 2774 2551 dicendi,
2797 2477 3188 2557 doctrinaque
3217 2484 3387 2539 vitam
3413 2480 3779 2542 exhilarante

2124 2567 2416 2646 sapientia
2467 2567 2706 2628 divina:
2742 2567 2843 2646 qui
2885 2568 3115 2629 Christo
3150 2569 3384 2630 dederit
3414 2569 3777 2652 omnia,ani-

2128 2674 2306 2735 mam,
2343 2672 2579 2734 corpus,
2625 2672 2997 2729 sermonem,
3031 2674 3278 2730 manus;
3314 2664 3561 2737 prepter
3614 2659 3773 2738 quod

2122 2746 2297 2807 etiam
2333 2762 2599 2806 errorem
2642 2744 2980 2825 gentilium,
3008 2745 3173 2805 velut
3200 2763 3552 2808 aranearum
3583 2749 3751 2828 telas,

2120 2835 2399 2916 disrupit.
2444 2834 2813 2913 Hicseptem
2838 2852 3133 2895 annorum
3163 2836 3372 2912 factus,
3390 2836 3605 2898 litteris
3631 2836 3752 2899 im-

2122 2928 2396 2988 buendus
2448 2944 2483 2985 a
2532 2924 2876 3005 parentibus
2920 2926 3171 2987 traditur
3204 2925 3311 3006 (8).
3360 2926 3507 2989 Cum
3551 2937 3751 2989 autem

2125 3015 2536 3098 quinquennio
2566 3031 2809 3096 operam
2832 3015 3122 3079 doctrinae
3134 3017 3402 3098 artisque
3423 3019 3751 3099 praeceptio

398 3201 547 3250 ctam
579 3204 607 3246 a
648 3187 1047 3259 Nazienzeno:
1100 3183 1256 3242 illam
1279 3195 1469 3243 autem
1489 3185 1616 3257 ipso
1636 3200 1753 3259 non
1770 3186 1885 3244 nisi
1927 3195 2099 3248 ter-ﬁ;
2126 3188 2347 3245 lochius
2378 3185 2821 3259 Nazianzeni‘de
2862 3186 3073 3245 Basilio
3110 3187 3440 3259 scribentis,
3471 3187 3642 3247 intuli
3677 3203 3784 3247 su-

395 3269 477 3322 tio
520 3279 551 3319 a
599 3268 798 3335 morte
832 3256 1026 3335 Basilii
1076 3271 1228 3335 anno
1277 3256 1656 3335 ponuniiavit.
1713 3258 2048 3335 Quiniimo,

398 3337 447 3393 si
478 3335 549 3393 ab
578 3328 974 3402 Amphilochio
1007 3330 1233 3403 scripta
1285 3331 1401 3384 haec
1448 3328 1568 3403 Vita
1618 3338 1720 3395 est,
1778 3328 2049 3403 scriptam

398 3423 525 3465 esse
555 3398 778 3475 oportet
808 3406 940 3475 post
965 3398 1139 3475 aliam
1190 3414 1353 3475 suam
1388 3402 1729 3475 orationem,
1779 3398 1950 3474 quain
1993 3410 2051 3465 in

400 3480 541 3536 festo
563 3471 1287 3551 C'ircumcisionisﬂomini
1319 3471 1636 3551 eodemque
1662 3471 1844 3551 saucii
1897 3477 2052 3535 Basi-

402 3552 483 3621 lii,
513 3551 583 3606 de
616 3547 818 3621 eodem
850 3544 1238 3599 sacratissimo
1278 3545 1550 3621 mysterio
1574 3544 1891 3621 eodemque
1917 3564 2052 3606 san-

401 3614 491 3680 cto
532 3622 771 3683 habuit;
806 3618 1009 3693 in_qua
1061 3629 1191 3671 cum
1223 3615 1525 3693 praeclaras
1575 3614 1765 3693 Basilii
1795 3614 2051 3678 'virtutes

400 3694 851 3766 perstrinxisset,
871 3687 1341 3766 itanprosequitur
1372 3702 1384 3741 :
1427 3706 1448 3737 ι
1473 3686 1620 3766 iiasc,
1645 3692 1900 3766 inquam,
1926 3706 2051 3766 om-

402 3756 495 3823 hia
526 3765 706 3821 sacris
741 3756 920 3818 divini
951 3756 1213 3830 Gregorii
1243 3756 1609 3816 sermonibus
1640 3756 1868 3817 abunde
1897 3764 2051 3821 arbi-

398 3848 521 3896 tror
551 3849 617 3893 ac
646 3836 934 3904 sapienter
980 3833 1222 3895 tradita;
1275 3844 1880 3904 supervacaneumque
1928 3839 2053 3893 exi-

399 3909 626 3982 stimavi
658 3905 905 3982 longiori
938 3905 996 3965 in
1038 3906 1488 3982 praesentiarum
1499 3905 1759 3982 oratione
1784 3905 2055 3982 dissere-

400 3996 484 4040 re.
527 3999 553 4034 ›
589 3979 723 4044 Cur,
760 3974 985 4046 amabo,
1018 3974 1065 4035 si
1119 3976 1301 4049 Vitam
1352 3974 1534 4030 Basilii
1578 3976 2049 4049 Amphilochius,

399 4062 532 4110 ante
564 4052 731 4128 hanc
788 4052 1105 4128 orationem
1154 4047 1433 4128 habitam,
1471 4047 1773 4128 scripserit
1831 4067 1845 4114 ;
1920 4047 2052 4128 cum

400 4122 1178 4200 mentionem__Gregoriauae
1243 4118 1527 4200 orationis
1575 4120 1785 4200 iaceret
1818 4163 1842 4200 ,_
1891 4124 2052 4200 nullo

405 4199 581 4255 verbo
609 4194 844 4260 addidit,
880 4188 951 4253 se
972 4207 1201 4266 quoque
1234 4192 1303 4247 de
1336 4188 1532 4246 Basilii
1562 4193 1714 4249 Actis
1732 4194 2052 4266 scripsisse,

405 4269 561 4341 quod
600 4266 849 4343 maxime
873 4269 1339 4343 convenienset
1389 4271 1772 4343 opportunum
1822 4273 2055 4343 tempori

407 4334 772 4409 drationique
800 4338 1096 4416 videbatur
1116 4335 1166 4416 ζ.
1198 4334 1542 4416 Πίθθηρᾳω,
1560 4336 1749 4407 itaque
1796 4339 1901 4395 erit
1929 4334 2058 4416 'au-

408 4421 644 4487 storem,
676 4406 808 4487 post
852 4411 1059 4487 festum
1110 4406 1578 4487 Circ‘uincisiqnis
1620 4406 1674 4464 et
1718 4413 2057 4487 pronuntia-

408 4494 540 4560 tum
573 4475 766 4560 Basilii
798 4483 1148 4560 encomium,
1180 4476 1454 4560 adhujus
1479 4475 1656 4560 Vitam
1686 4475 2055 4560 prolixiorem

407 4555 773 4629 scribendam
834 4554 1170 4622 accessisse,
1222 4549 1476 4629 ideoque
1507 4549 1647 4629 ejus
1688 4549 2056 4629 "mentionem

410 4627 805 4702 nonifecisse.
853 4632 916 4683 At
966 4640 1034 4702 eo
1077 4620 1216 4702 casu
1262 4620 1561 4702 opurtehii;
1595 4623 1814 4680 luctum
1865 4625 2057 4702 Basilii

411 4701 737 4768 funebrem,
775 4712 807 4770 a
836 4712 951 4770 quo
985 4691 1316 4770 desumitur
1363 4691 1689 4770 exordium,
1742 4699 2064 4770 per_quin-

411 4765 1002 4848 quennium_durasse
1036 4792 1049 4825 :
1102 4766 1286 4848 quodi
1310 4765 1671 4848 paradoxum
1708 4765 1812 4825 est.
1845 4765 1924 4848 Et
1964 4773 2063 4842 qui

408 4836 596 4916 potuit
626 4840 786 4916 atati
827 4841 987 4900 luctu
1032 4836 1204 4916 verus
1258 4836 1691 4916 Amphilochius
1745 4836 2064 4916 orationem

414 4909 689 4979 exordiri,
746 4920 1021 4985 tanquam
1058 4913 1124 4985 in
1175 4924 1302 4985 eam
1350 4922 1531 4985 usque
1579 4909 1730 4985 diem
1781 4911 2063 4981 durante;

412 5003 545 5045 cum
604 4986 783 5043 multo
848 4980 999 5050 ante,
1052 4984 1110 5039 in
1163 4984 1423 5054 oratione
1474 4980 1543 5054 de
1593 4980 2064 5054 Circumcisione,

413 5060 577 5132 quasi
610 5057 799 5114 omnis
829 5058 1045 5134 doloris
1081 5052 1475 5134 oblitus,_hec
1498 5051 1649 5134 Laeta
1668 5057 1834 5112 verba
1877 5051 2067 5134 paiam

414 5124 748 5207 iisurpasset
778 5145 791 5186 :
831 5150 852 5179 ι
886 5129 995 5186 Nos
1026 5128 1256 5207 interim
1289 5124 1466 5207 divini
1498 5124 1684 5207 Patris
1730 5124 2067 5207 memoriam

418 5197 585 5261 hodie
633 5202 986 5258 honoremus
1038 5199 1298 5260 canticis,
1344 5197 1733 5269 divinitusque
1776 5200 2067 5270 inspiratis

416 5276 683 5332 laudibus
731 5273 987 5344 magistri
1030 5272 1266 5327 virtutes
1310 5270 1598 5340 condigno
1653 5285 2069 5343 prosequamur

415 5352 638 5418 plausu.
685 5366 706 5395 η
740 5345 1105 5418 Hincitaque
1149 5350 1316 5413 patet,
1358 5344 1657 5399 exordium
1701 5344 1808 5400 hoc
1840 5349 2073 5416 amphi-

414 5417 603 5476 lochio
631 5419 822 5488 inepte
853 5417 1128 5473 aﬂictum.

487 5499 566 5570 (2)
598 5498 848 5555 Excusat
879 5513 938 5555 se
978 5496 1365 5554 Nazianzenus
1422 5493 1588 5551 initio
1645 5498 1923 5570 orationis
1975 5497 2063 5565 20,

420 5568 572 5644 quon
609 5591 633 5622 α
669 5570 849 5644 multo
883 5571 1068 5627 serius
1087 5582 1270 5644 quam
1291 5576 1551 5644 “tempus
1584 5568 1949 5644 postulabat,
1977 5587 2070 5644 ac

422 5638 544 5716 post
574 5642 782 5716 multos
808 5644 970 5706 alios,
1003 5638 1243 5713 qui’res
1291 5638 1477 5716 Basilii
1508 5638 1774 5716 privatim
1826 5638 2081 5712 publica.

2136 3274 2257 3331 pra,
2306 3266 2434 3315 ante
2478 3258 2652 3334 hunc
2683 3255 2849 3315 illum
2894 3260 3217 3330 scripsisse,
3270 3275 3338 3317 ex
3385 3255 3500 3332 quo
3558 3261 3785 3334 reliqua

2135 3330 2414 3401 Sequatur
2442 3330 2712 3401 absurda.

2207 3400 2282 3470 (3)
2314 3400 2769 3474 Videturhicde
2798 3400 2905 3457 vita
2934 3400 3131 3459 functo
3180 3402 3340 3474 loqui
3377 3412 3596 3470 auctor,
3650 3419 3785 3463 cum

2135 3482 2325 3530 tamen
2339 3486 2511 3548 verus
2531 3472 2974 3548 Amphilochius
2986 3474 3181 3548 paucis
3198 3472 3497 3548 mensibus
3530 3474 3789 3548 Nysseno

2135 3546 2569 3613 supervixerit;
2621 3544 2774 3613 quod
2822 3545 2867 3600 si
2920 3544 3014 3601 hic
3056 3546 3272 3603 ultimis
3316 3547 3439 3603 vita
3492 3544 3789 3607 mensibus

2135 3616 2445 3689 scripserit.
2489 3614 2775 3689 oportebit
2803 3629 2937 3689 eum
2971 3616 3406 3689 quatuordecim
3435 3619 3605 3674 annis
3660 3625 3789 3689 post

2136 3686 2962 3763 Basiliimortemscripsisse,
2997 3687 3153 3757 quod
3189 3687 3337 3743 male
3359 3690 3609 3746 cohaeret
3650 3686 3785 3748 cum

2135 3759 2484 3829 praefationis
2513 3758 2692 3814 initio.

2206 3831 2285 3900 (4)
2344 3828 2610 3900 Potuitne
2657 3828 2837 3900 magis
2890 3836 3215 3885 accuratam
3272 3830 3480 3887 habere
3518 3832 3787 3890 notitiam

2134 3898 2842 3975 pecude-amphilochius,
2875 3914 3047 3970 quam
3077 3900 3469 3975 Nazianzenus
3502 3913 3602 3960 aut
3634 3902 3787 3975 Nys-

2135 3970 2309 4030 senus
2338 3970 2365 4024 ?
2393 3973 2652 4029 Potuitne
2681 3972 3071 4029 Nazianzenus
3099 3972 3317 4044 aliquid
3344 3975 3627 4044 gravioris
3654 3970 3787 4033 nio-

2136 4046 2313 4102 menti
2356 4044 2654 4115 praterire
2687 4045 2712 4097 τ

2209 4117 2286 4186 (5)
2320 4116 2587 4173 Potuitne
2620 4115 2789 4187 longa
2825 4122 3148 4186 temporum
3164 4129 3289 4172 esse
3308 4117 3619 4187 successio,
3641 4119 3788 4177 inter

2137 4188 2410 4245 Basilium
2450 4196 2504 4245 et
2532 4187 3020 4259 Amphilochium,
3056 4189 3155 4258 qui
3185 4190 3359 4244 coaevi
3390 4188 3622 4249 fuerunt
3651 4190 3680 4247 τ

2210 4261 2287 4331 (6)
2318 4259 2465 4333 Hinc,
2488 4269 2542 4316 et
2589 4274 2722 4331 quae
2758 4267 3098 4333 sequuntur,
3122 4259 3416 4333 Avidentur
3463 4274 3669 4333 magna
3719 4275 3791 4321 ex

2140 4342 2299 4402 parte
2338 4347 2369 4388 e
2403 4332 2621 4389 Menaeis
2653 4333 2970 4402 desumpta,
3004 4331 3090 4387 vel
3121 4331 3240 4388 haec
3270 4332 3404 4390 inde
3433 4331 3597 4391 aucta
3634 4345 3790 4393 sunt.

2221 4406 2298 4483 (7)
2333 4404 2538 4466 Graece
2569 4405 2782 4471 Οὐάλης
2813 4406 2841 4459 ὁ
2887 4405 3071 4461 τούτου
3101 4409 3270 4469 θεῖος.
3327 4402 3514 4468 Ursus
3555 4405 3797 4469 subdia.

2140 4498 2342 4559 conus,
2376 4485 2596 4559 primus
2638 4483 3039 4559 Amphilochii
3062 4483 3366 4559 interpres,
3394 4486 3536 4559 haec
3583 4488 3796 4559 omisit,

2080 4588 2123 4637 Β
2142 4557 2227 4637 vel
2254 4559 2387 4627 quia
2410 4557 2608 4637 minus
2633 4558 2937 4637 intellexit,
2954 4556 3044 4637 vel
3066 4557 3199 4637 quia
3224 4557 3591 4637 manifestum
3615 4556 3794 4637 agno?

2146 4629 2224 4688 vit
2244 4626 2536 4691 errorem.
2562 4629 2765 4690 Avum
2790 4626 2969 4688 vertit
2990 4626 3403 4690 Combeﬁsius.
3416 4630 3635 4690 Verum
3652 4626 3796 4697 δετος

2145 4708 2478 4780 avunculum
2531 4710 2727 4780 potius
2774 4707 2864 4780 vei
2901 4711 3175 4780 patruum
3219 4708 3522 4779 signiﬁcat.
3577 4710 3799 4768 Deinde

2145 4780 2299 4837 idem
2329 4778 2703 4851 Combe'ﬁsius
2734 4778 3111 4849 conjectando
3139 4778 3471 4851 interrogat,
3494 4793 3567 4836 an
3593 4790 3798 4839 natura

2147 4853 2277 4909 talis
2310 4851 2503 4913 fuerit.
2534 4850 2738 4909 saltem
2767 4863 2838 4907 ex
2880 4857 3061 4907 matre
3083 4851 3109 4904 ἳ
3144 4854 3342 4922 Atego
3368 4850 3583 4921 pariter
3626 4851 3799 4910 dubi-

2149 4923 2321 4982 tando
2351 4925 2664 4993 interrogo,
2709 4936 2818 4994 qua
2850 4922 3074 4994 ratione
3102 4920 3386 4992 Basilina,
3417 4922 3625 4979 Juliani
3677 4938 3803 4983 ma-

2150 5004 2254 5061 ter,
2288 4995 2406 5052 ﬁlia
2443 5004 2540 5052 aut
2568 4992 2745 5052 sorori
2769 4992 2940 5051 fuerit
2976 4993 3248 5058 Valentis,
3280 5001 3343 5050 ut
3372 4994 3465 5049 hic
3494 5008 3669 5052 sensu
3691 4995 3801 5053 sal-

2150 5075 2269 5149 tem
2303 5068 2497 5149 aliquo
2526 5073 2670 5131 θεῖος
2696 5066 2813 5128 dici
2836 5065 3042 5149 possit.
3078 5062 3197 5127 Sed
3221 5064 3803 5149 confungitCombe-

2150 5148 2315 5206 ﬁsius
2347 5145 2419 5205 ad
2452 5161 2687 5205 sensum
2711 5145 3189 5217 metaphoricum,
3216 5145 3488 5218 dicitque,
3514 5147 3804 5206 Valentem

2148 5221 2361 5277 Juliani
2401 5220 2754 5278 avunculum
2783 5231 2882 5275 aut
2908 5232 3080 5275 avum
3114 5219 3327 5291 vocari,
3358 5232 3478 5277 non
3506 5223 3638 5291 quia
3672 5235 3804 5278 eum

2151 5293 2441 5349 afﬁnitatis
2467 5300 2565 5349 aut
2601 5291 3121 5362 consanguinitatis
3151 5290 3357 5361 gradu,
3388 5292 3489 5348 sed
3518 5294 3652 5363 quia
3684 5306 3806 5349 ma-

2152 5366 2271 5421 litia
2306 5373 2360 5420 et
2390 5365 2445 5419 in
2476 5363 2826 5420 Christianos
2856 5363 3070 5435 saevitia
3110 5367 3421 5431 praecessit.
3457 5363 3666 5421 Verum
3691 5378 3807 5435 quo

2151 5437 2416 5505 exemplo
2456 5435 2869 5492 monstrabitur
2906 5434 3035 5490 talis
3067 5436 3398 5505 metaphora
3436 5437 3495 5491 in
3540 5450 3647 5492 usu
3696 5434 3804 5490 un-

2150 5522 2323 5579 quam
2355 5508 2530 5563 fuisse
2560 5508 2585 5559 ?
2637 5505 2749 5577 Ego
2798 5507 3061 5563 existimo
3112 5506 3392 5565 inscitiam
3423 5508 3809 5577 pseudo-Am—

2160 5580 2437 5649 philochii
2472 5579 2604 5634 hinc
2630 5580 2795 5649 argui
2841 5579 3162 5635 manifeste.

2235 5653 2317 5721 (8)
2372 5647 2733 5718 Quibusnam
2799 5663 2934 5707 vero
2995 5651 3237 5707 traditus
3315 5659 3399 5705 est
3447 5663 3479 5704 a
3551 5647 3810 5721 parenti-

420 5710 531 5793 que
559 5714 827 5793 laudibus
848 5710 1151 5793 ornarent,
1187 5730 1211 5764 ›
1246 5711 1319 5768 ad
1350 5725 1482 5793 eum
1513 5710 1863 5793 laudandum
1884 5728 2081 5793 acces-
2166 5710 2270 5779 bus
2295 5710 2334 5780 ’ἵ
2361 5710 2486 5780 Non
2525 5722 2669 5779 alios
2698 5730 3069 5793 praeceptores
3118 5722 3173 5776 in
3219 5721 3461 5791 pueritia
3512 5710 3568 5775 et
3615 5718 3813 5775 adole-

424 5783 583 5847 serit.
617 5788 758 5857 Quia
786 5799 923 5843 vero
962 5787 1071 5841 hoc
1097 5787 1220 5840 loco
1264 5784 1613 5840 mentionem
1655 5783 1789 5842 facit
1834 5789 2081 5860 Amphi-
2168 5795 2379 5852 scentia
2406 5794 2653 5852 Basilius
2690 5783 2902 5850 habuit'
2918 5806 3091 5863 quam
3122 5783 3386 5861 parentes
3422 5803 3557 5846 suos
3589 5806 3604 5853 ;
3639 5799 3699 5849 ut
3740 5800 3811 5848 ex

494 5924 571 5991 (ι)
610 5920 633 5977 Ι
665 5919 791 5977 Cor.
838 5927 929 5982 xv,
963 5917 1015 5972 8.
