4140 6394
644 378 1047 442 EXCERPTA
1090 377 1190 438 EX
1236 376 1455 439 AGTIS
1502 376 1561 438 S.
1608 373 1854 436 BASILI
1898 373 2495 438 BOLLANDIANIS.
2535 407 2615 419 —
2643 372 2835 438 VITA
2875 371 3361 439 ΑΡΟΟΒῩΡΗΔ.

3524 388 3776 442 ocxcvu

378 509 808 587 verantesllQ),
840 514 1039 567 mutuo
1065 505 1479 569 conferebant.
1508 504 2084 584 Interrogavitita-A
2114 503 2402 580 bonitate,
2436 505 2511 567 iis
2554 504 2657 587 qui
2701 513 2999 569 venerunt
3026 505 3188 567 circa
3236 504 3445 568 horam
3506 504 3762 568 undeci-

376 617 487 678 que
510 599 771 659 Eubulus
798 597 1101 659 Basilium:
1138 598 1328 669 «Quae
1353 595 1727 658 estdcﬁnitio
1758 590 2023 674 philoso-

380 688 530 767 phim
557 689 702 769 βο),
730 686 996 752 Basilii?»
1024 686 1132 759 Qui
1156 689 1299 748 ait:«
1328 685 1524 746 Prima
1545 684 1813 746 deﬁnitio
1841 685 2029 763 philo-

374 778 619 857 sophias,
659 776 960 838 meditatio
1020 776 1245 836 mortis.
1290 801 1315 829 ι)
1353 774 1460 835 Ille
1523 793 1665 835 vero
1725 773 2028 836 admirans

374 868 490 927 ait:
531 890 556 925 «
584 868 727 939 Quis
750 875 813 928 ιιι
840 864 1098 926 mundus
1120 865 1150 923 ?
1176 892 1201 920 »
1232 864 1601 944 Respondit:
1630 863 1787 925 «Ille
1813 865 1914 943 qui
1942 873 2030 926 est

374 975 551 1037 supra
586 958 890 1018 mundum.
932 954 997 1015 Et
1028 954 1267 1035 quidem
1292 952 1502 1015 dulces
1526 964 1662 1015 sunt
1684 953 1887 1014 mundi
1908 972 2028 1014 ser-

376 1064 600 1126 mones,
654 1047 783 1127 ipse
829 1064 965 1107 vero
1013 1044 1271 1104 mundus
1318 1045 1707 1105 vehementer
1762 1061 2023 1117 amarus,

371 1136 612 1216 quando
646 1137 780 1217 quis
812 1134 1007 1195 eidem
1034 1134 1215 1194 animi
1249 1132 1458 1194 vitiosa
1484 1133 1799 1194 affectione
1831 1132 2026 1193 adhae-

369 1224 512 1287 serit
546 1247 558 1285 :
597 1234 653 1287 et
687 1226 806 1285 alia
838 1234 925 1286 est
977 1222 1242 1303 voluptas
1303 1223 1600 1303 corporis,
1638 1222 1753 1284 alia
1802 1229 2024 1283 natura;

370 1314 885 1395 iucorporeaeznec
908 1313 1034 1373 ﬁeri
1062 1319 1341 1391 potest,ut
1366 1313 1542 1374 simul
1562 1312 1779 1391 aliquis
1804 1318 2024 1371 utram-

370 1422 485 1483 que
510 1404 721 1463 habeal
749 1421 760 1464 ;
792 1420 923 1461 nam
953 1418 1129 1461 nemo
1148 1408 1341 1480 potest
1359 1399 1867 1477 duobusﬁdominis
1889 1417 2020 1461 ser-

375 1494 512 1552 vire.
578 1496 891 1569 Caeterum,
948 1496 1232 1567 quantum
1278 1508 1626 1567 possumus,
1683 1490 2023 1567 frangamus

368 1581 769 1641 esurientibus
795 1579 1065 1640 scientiae
1106 1598 1317 1658 panem
1350 1600 1363 1659 ;
1392 1588 1448 1641 et
1470 1597 1593 1654 eos,
1621 1580 1719 1660 qui
1762 1580 1907 1640 citra
1929 1579 2020 1639 vi-

371 1672 511 1730 tium
547 1679 604 1730 et
633 1669 867 1748 culpam
900 1677 1039 1729 sunt
1070 1674 1201 1729 sine
1231 1677 1409 1742 tecto,
1449 1687 1555 1747 per
1583 1670 1859 1730 virtutem
1911 1670 2020 1731 sub

370 1767 589 1819 tectum
615 1758 920 1820 ducamus.
949 1756 1114 1829 Quod
1138 1757 1185 1817 si
1208 1758 1386 1819 etiam
1412 1758 1733 1820 viderimus
1766 1758 2015 1834 nudum,

2118 613 2296 676 mam,
2354 596 2650 671 aequalem
2712 593 3049 657 mercedem
3103 593 3346 657 tribuit.
3409 592 3663 656 Donabit
3703 603 3763 657 et

2114 685 2240 765 ipse
2274 684 2693 765 pcenitentibus
2732 684 2927 751 nobis,
2978 692 3039 746 et
3095 702 3165 745 ex
3222 700 3378 764 aqua
3433 689 3494 745 et
3550 686 3763 764 spiritu

2111 774 2628 850 regenerationem
2678 772 3165 855 suscipientibus,
3218 791 3355 854 quas
3399 790 3511 835 nec
3554 772 3765 838 oculus

2110 864 2279 940 vidit,
2315 884 2426 926 nec
2469 865 2631 926 auris
2659 864 2905 937 audivit,
2941 881 3050 924 nec
3081 863 3142 923 in
3177 880 3283 924 cor
3340 862 3600 923 hominis
3656 880 3764 925 as-

2111 954 2465 1029 cenderunt,
2503 972 2640 1032 quas
2674 952 3028 1035 praeparavit
3070 954 3230 1015 Deus
3257 950 3335 1015 iis
3366 953 3467 1033 qui
3512 950 3764 1032 diligunt

2108 1044 2303 1123 ipsum
2341 1044 2449 1123 (α).
2488 1064 2516 1102 ›

2189 1132 2455 1195 Eubulus
2482 1152 2644 1212 ergo,
2679 1150 2818 1194 eum
2857 1132 2917 1193 in
2945 1131 3214 1194 animum
3232 1130 3364 1195 haec
3391 1129 3757 1213 induxisset,

2107 1230 2184 1285 ait
2216 1222 2328 1298 (21)
2360 1246 2371 1282 :
2408 1250 2426 1279 ι
2461 1224 2761 1286 Conemur
2779 1223 2978 1304 igitur,
3026 1222 3203 1284 Basili
3249 1221 3407 1302 quod
3455 1229 3515 1282 tu
3550 1218 3753 1301 jubes.

2105 1314 2328 1373 Verum
2343 1314 2470 1375 haec
2485 1314 2726 1395 quidem
2748 1312 2819 1375 ad
2843 1316 3134 1375 rationem
3155 1310 3523 1393 pmnitentiae
3533 1317 3762 1393 specta—

2108 1402 2319 1478 verint,
2361 1402 2539 1467 modo
2567 1409 2768 1466 autem
2804 1402 2949 1465 mihi
2988 1402 3295 1484 eloquere,
3348 1401 3508 1482 quod
3565 1418 3762 1482 nuper

2106 1492 2538 1572 percunctabar
2568 1492 2832 1554 divinum
2864 1501 3302 1555 sacramentum
3338 1490 3641 1575 (Q2),quod
3670 1490 3759 1553 ni-

2107 1583 2321 1643 mirum
2346 1583 2419 1643 ad
2453 1582 2661 1644 urbem
2680 1581 3259 1662 Hierosolymorum,
3280 1581 3523 1662 quidam
3541 1580 3756 1645 illuce-

2104 1678 2453 1748 scereaiunt
2466 1674 2641 1747 ;forte
2653 1690 2791 1734 vero
2808 1690 3042 1734 mecum
3064 1670 3604 1752 lustrans,alicujus
3622 1688 3760 1734 san-

2105 1764 2179 1823 cti
2212 1762 2707 1823 consuetudinem
2731 1761 3087 1824 obtinueris.
3115 1762 3414 1825 Caeterum
3433 1758 3755 1837 ne,Basili,

373 1852 731 1926 operiamus,
784 1865 894 1909 nec
955 1846 1315 1907 domesticos
1371 1848 1614 1908 seminis
1673 1847 2021 1927 despexeri-
2051 1862 2085 1910 Β
2110 1851 2307 1913 divina
2336 1852 2610 1931 dogmata
2640 1849 3195 1932 disceremupienti,
3231 1866 3479 1912 narrare
3499 1847 3754 1912 distule-

373 1953 530 1995 mus.
572 1961 598 1989 ι)

447 2025 589 2086 Cum
618 2026 746 2086 haec
766 2025 1030 2105 dixisset,
1064 2026 1236 2106 eique
1263 2026 1579 2089 Salvatoris
1603 2028 1663 2088 in
1690 2046 1797 2089 nos
1824 2026 2023 2090 media

366 2117 710 2194 poenitentia
729 2114 1295 2193 henignilalem,seu
1317 2116 2022 2198 inimagine,parabolice

366 2204 755 2283 expressisse!
774 2255 787 2278 ,
826 2213 945 2266 tres
975 2205 1217 2267 tabellas
1239 2224 1341 2285 pro
1365 2205 1593 2268 foribus
1617 2208 1802 2268 animi
1828 2214 2017 2269 menti

366 2297 643 2374 proponit
678 2314 689 2357 :
726 2314 902 2354 unam
932 2295 1171 2375 quidem
1198 2314 1377 2376 supra
1397 2295 1580 2375 fores,
1610 2316 1747 2376 quae
1779 2296 2020 2359 exhibe-

356 2394 445 2445 ret
471 2385 771 2465 virtutem,
803 2403 1016 2463 nempe
1044 2385 1443 2464 prudentiam,
1477 2384 2021 2466 fortitudinem,ju-

359 2474 1099 2555 stitiam,temperantiam;
1123 2476 1185 2536 in
1211 2475 1448 2536 sinistra
1487 2493 1621 2537 vero
1649 2485 1813 2556 parte
1836 2477 2014 2538 dece~

360 2566 646 2646 ptionem;
665 2566 897 2627 circum
926 2563 1111 2644 ipsam
1137 2571 1336 2626 autem
1360 2563 2015 2646 intemperantiam,lu-

361 2655 619 2733 xuriam,
655 2652 1031 2734 ebrietatem,
1057 2654 1517 2734 impudentiam,
1561 2655 1875 2734 pigritiam,
1911 2674 2015 2716 ca-

360 2744 668 2815 lumniam,
696 2743 1666 2821 linguositatem,adulationem,et
1684 2744 1798 2806 tale
1820 2743 2017 2824 quod-

361 2840 494 2896 dam
520 2834 796 2894 vitiorum
820 2850 1093 2896 examen:
1115 2836 1528 2913 paenitentiam
1553 2843 1751 2896 autem
1780 2834 2018 2897 decenti

1996 1998 1999 2001 .
2103 1940 2210 2004 ris.
2242 1962 2269 2000 ι
2299 1941 2370 2002 At
2392 1940 2494 2004 ille
2514 1941 2633 2005 ait:
2666 1964 2689 1997 α
2716 1939 2930 2003 Audivi
2947 1939 3025 2001 de
3041 1937 3372 2001 Jerusalem
3403 1954 3418 1997 :
3448 1938 3591 1999 nihil
3615 1955 3756 2000 vero

2106 2030 2304 2092 minus
2326 2030 2611 2092 aestimavi
2639 2034 2816 2111 quam
2842 2029 3059 2091 caelum
3085 2046 3100 2090 :
3127 2036 3191 2090 ut
3214 2026 3619 2108 nequevillam
3642 2026 3759 2107 ipsi

2106 2120 3144 2199 vicinam§nomineBethlehem,qum
3161 2118 3603 2180 caecutientium
3616 2134 3758 2179 ocu-

2107 2209 2304 2271 lorum
2327 2210 2577 2273 decussa
2591 2208 2844 2290 caligine
2864 2209 3201 2289 iisdemque
3214 2206 3618 2283 mundatis,ad
3632 2224 3757 2269 me-

2100 2300 2311 2362 liorem
2338 2300 2475 2362 vitae
2494 2299 2792 2363 rationem
2815 2298 3114 2379 vitamque
3137 2295 3538 2371 verissimam,
3554 2303 3753 2357 trans-

2104 2398 2320 2452 mutata
2354 2398 2466 2453 est.
2514 2389 2679 2462 Quod
2722 2407 2898 2469 porro
2934 2387 3109 2449 unius
3139 2387 3247 2450 Dei
3276 2388 3560 2463 cultores,
3592 2385 3755 2448 anti-

2100 2482 2339 2559 quiores
2368 2481 2488 2541 sint
2517 2478 2740 2540 Graecis
2768 2486 2825 2539 et
2847 2478 3147 2539 universis
3176 2475 3541 2552 nationibus,
3568 2475 3754 2539 doce-

2102 2587 2232 2629 mns
2262 2588 2400 2630 vere
2432 2587 2500 2630 ex
2534 2567 2751 2629 divinis
2782 2566 3062 2644 eloquiis.
3089 2566 3239 2629 Nam
3274 2585 3310 2629 a
3332 2566 3591 2648 primum
3622 2566 3754 2648 pla-

2099 2666 2296 2718 smate
2324 2657 2568 2719 homine
2591 2660 2832 2717 nomine
2848 2653 3144 2731 Adam,ad
3163 2673 3358 2736 usque
3370 2656 3498 2718 Noe
3513 2661 3751 2736 tempo-

2102 2765 2187 2824 ra,
2227 2748 2336 2810 sub
2369 2767 2483 2829 quo
2514 2744 2831 2819 diluvium,
2876 2744 3119 2806 fuerunt
3145 2742 3359 2806 decem
3413 2745 3756 2823 generatio-

2104 2855 2210 2897 nes
2248 2837 2387 2899 anni
2418 2850 2723 2899 nuccxcu.
2750 2834 2982 2898 Pariter
3001 2848 3239 2914 quoque
3260 2851 3295 2894 a
3317 2831 3542 2896 diluvio
3566 2851 3759 2915 usque

360 2924 747 3004 habitu,lene
770 2923 1391 3003 ridentem,blandam
1417 2930 1476 2987 et
1497 2934 1888 2998 mansuetam;
1914 2925 2019 2987 ad-
2102 2925 2172 2985 ad
2236 2926 2561 3005 Abraham,
2618 2923 3037 3005 generationes
3077 2920 3315 3002 decem,
3346 2921 3488 2983 anni
3549 2937 3751 3000 “In;

354 3014 655 3076 versarios
683 3013 919 3094 quidem
946 3014 1036 3074 sui
1066 3014 1267 3093 populi
1290 3016 1877 3096 reprimentem,sed
1908 3016 2015 3095 qui
2098 3014 2400 3077 Abraham
2459 3022 2653 3076 autem
2716 3021 2844 3076 erat
2900 3028 3194 3074 annorum
3252 3028 3429 3093 Lxxv,
3489 3028 3626 3074 cum
3684 3029 3757 3075 ex

355 3103 680 3166 necessarii
716 3112 936 3165 essent.
968 3102 1144 3165 Juxta
1171 3104 1324 3165 hanc
1359 3121 1500 3165 vero
1559 3104 2008 3186 abstinentiam,
2098 3104 2527 3186 Mesopotamia
2585 3101 3021 3183 transmigravit
3048 3107 3110 3164 in
3162 3108 3385 3164 terram
3444 3100 3750 3179 Chanaan,

358 3194 767 3273 sagacitatem,
827 3192 1204 3273 modestiam,
1242 3193 1636 3272 honestatem,
1696 3194 2231 3278 pudorem,Cubis
2261 3197 2433 3258 annis
2465 3212 2578 3257 xxv
2641 3194 3009 3267 demoratus,
3058 3191 3261 3274 genuit
3289 3191 3455 3256 Isaac
3515 3215 3531 3271 ;
3589 3189 3752 3255 Isaac

358 3282 889 3355 huinanitatem,ac
911 3282 1229 3343 multorum
1249 3282 1541 3343 honorum
1561 3283 2015 3363 plebem.Porro
2098 3294 2293 3346 autem
2325 3305 2458 3348 cum
2492 3285 2735 3348 vixisset
2762 3302 2954 3346 annos
2977 3282 3303 3363 sexaginta,
3340 3282 3494 3347 duos
3544 3281 3747 3366 progi-

351 3391 570 3435 sensus
586 3374 762 3450 hujus
783 3370 1408 3433 historiaevidentibus
1428 3372 1671 3453 quidem
1695 3381 2009 3453 cautioest,

354 3463 744 3524 audientibus
776 3480 917 3523 vero
954 3462 1203 3523 meliora
1230 3462 1547 3523 aemulandi
1578 3464 1836 3525 occasio.

439 3580 460 3607 υ
491 3552 633 3615 Haec
647 3570 788 3613 sane
811 3562 866 3612 et
886 3570 992 3630 ego
1011 3551 1218 3613 videns
1239 3552 1565 3614 admiratus
1583 3560 1804 3632 sum,et
1820 3551 1882 3612 in
1902 3554 2013 3617 hoc

351 3646 568 3706 ductus
601 3664 757 3717 sum,
796 3642 1055 3705 Euhule.
1090 3646 1241 3703 Sunt
1268 3642 1490 3723 quippe
1538 3642 1599 3703 in
1632 3642 1825 3715 nobis,
1894 3662 2010 3705 non

352 3735 642 3812 imagines
670 3753 863 3812 neque
884 3733 1227 3813 aenigmata,
1249 3732 1351 3793 sed
1382 3732 1511 3812 ipsa
1545 3730 1768 3812 liquida
1794 3732 2010 3794 veritas

351 3826 423 3886 ad
447 3826 695 3887 salutem
722 3823 1042 3886 adducens.
1070 3825 1475 3901 Resurgemus
1497 3821 1655 3883 enim
1686 3840 1916 3895 omnes,
1947 3822 2008 3882 hi

347 3917 409 3976 in
433 3915 605 3976 vitam
631 3920 1008 3987 aeternam,et
1037 3913 1093 3974 hi
1116 3913 1174 3974 in
1202 3911 1597 3994 opprobrium
1622 3917 1682 3971 et
1702 3911 2011 3973 confusio-

355 4023 493 4065 nem
536 4005 962 4083 sempiternam
1001 4021 1015 4077 ;
1054 4010 1113 4065 et
1170 4001 1495 4065 astabimus
1548 4008 1684 4062 ante
1746 4000 2009 4065 tribunal

346 4092 1105 4173 Christi,quemadmodum
1126 4093 1342 4154 docent
1357 4108 1467 4152 nos
1488 4091 1851 4173 magniloqui
1876 4111 2010 4171 pro-

348 4186 566 4263 phetae,
596 4186 797 4265 Isaias,
829 4182 1145 4257 Jeremias,
1200 4182 1498 4257 Ezechiel,
1534 4190 1713 4261 atque
1742 4181 1952 4245 Daniel
1988 4201 2007 4257 ;

345 4272 526 4335 David
552 4274 695 4334 item
722 4292 847 4343 rex,
873 4274 1231 4354 divinusque
1252 4272 1468 4333 Paulus
1498 4293 1512 4347 ;
1538 4281 1668 4351 post
1697 4273 1804 4334 h'os
1828 4273 2006 4333 deni-

347 4384 462 4444 que
488 4365 612 4443 ipse
644 4366 927 4425 Dominus
945 4365 1113 4424 dator
1134 4362 1499 4443 poenitentiae
1514 4373 1568 4423 et
1588 4370 2006 4426 remunerator

2097 3374 2223 3453 gnit
2255 3376 2427 3437 ﬁlios.
2475 3374 2560 3437 Ex
2614 3376 2688 3435 iis
2738 3391 2876 3435 vero
2929 3371 3138 3450 Jacob,
3200 3390 3497 3435 annorum
3551 3372 3751 3436 lactus

2095 3479 2273 3537 Cxxx,
2308 3464 2625 3526 descendit
2658 3464 2719 3524 in
2748 3463 3069 3543 [Egyptum
3100 3479 3238 3523 cum
3269 3460 3587 3525 duodecim
3608 3461 3749 3527 ﬁliis

2096 3560 2156 3614 et
2184 3553 2505 3631 nepotibus
2534 3552 2658 3615 suis
2684 3569 2937 3614 numero
2967 3567 3142 3614 Lxxv.
3246 3556 3251 3557 “

2162 3643 2344 3703 «Cum
2357 3641 2861 3705 antemAbraham
2877 3647 2938 3702 et
2949 3641 3081 3721 ejus
3092 3657 3302 3703 semen
3316 3640 3747 3706 fuissetaccola

2094 3732 2151 3793 in
2181 3741 2336 3793 terra
2360 3732 2594 3813 :Egypti
2615 3731 2788 3792 annis
2816 3745 2991 3811 ccxx,
3016 3729 3345 3811 fuissetque
3380 3730 3744 3813 multiplica-

2094 3830 2239 3895 tum,
2272 3822 2332 3881 in
2354 3822 2541 3883 tribus
2560 3820 2876 3882 duodecim
2910 3817 3207 3881 consitum
3243 3828 3355 3900 est,
3388 3828 3445 3882 et
3473 3818 3538 3883 in
3567 3837 3745 3884 sexa-

2094 3912 2254 3991 ginta
2289 3917 2546 3972 virorum
2580 3909 2770 3972 millia
2797 3907 3305 3989 computatum.Et
3335 3909 3579 3992 quidem
3605 3912 3746 3977 Levi

2094 4001 2420 4081 abnepotes
2450 4000 2696 4062 fuerunt
2725 3997 2951 4081 Moyses
2982 4006 3039 4060 et
3086 3999 3309 4075 Aaron,
3343 4018 3596 4080 quorum
3646 4002 3744 4070 hic

2094 4091 2333 4171 quidem
2367 4088 2696 4152 sacerdotio
2727 4089 3000 4169 praelatus
3013 4096 3138 4170 est;
3170 4089 3408 4170 Moyses
3441 4099 3638 4154 autem
3667 4094 3744 4157 ad

2096 4185 2489 4264 principatum
2526 4191 2860 4262 provectus.
2894 4184 2950 4246 Is
2979 4201 3135 4243 anno
3179 4181 3310 4244 vitae
3358 4198 3513 4247 Lxxx
3572 4203 3741 4251 mare

2091 4274 2360 4336 Rubrum
2382 4274 2656 4354 calcat,et
2675 4274 2876 4335 educit
2899 4272 3182 4353 populum
3207 4271 3282 4334 de
3299 4272 3567 4355 Egypto.
3592 4273 3739 4340 Flo-~

2089 4366 2209 4425 ruit
2242 4364 2337 4425 hic
2374 4368 2607 4444 Moyses
2637 4360 3007 4443 temporibus
3035 4361 3270 4437 Inachi,
3301 4364 3404 4443 qui
3429 4363 3656 4444 primus
3679 4368 3741 4429 in

348 4452 643 4533 ejusdem,
675 4453 1023 4533 perquisivit
1038 4471 1206 4514 ovem
1231 4452 1550 4531 perditam;
1572 4453 1671 4532 qui
1694 4471 1828 4513 cum
1851 4453 2005 4513 mul—
2026 4480 2069 4529 ο
2087 4455 2313 4518 Griecia
2328 4452 2723 4533 regnavit.Sic
2738 4450 3083 4515 suntJudaai
3101 4452 3470 4534 antiquiores
3486 4452 3737 4536 ϐιηθεὶς,

347 4545 418 4604 tis
451 4543 680 4606 divitiis
712 4543 846 4603 sinu
886 4549 1134 4623 paterno
1166 4544 1526 4603 abstractum
1560 4540 1773 4618 lilium,
1807 4541 2002 4623 iisqne
2088 4563 2198 4607 nec
2221 4545 2380 4622 leges
2402 4544 2626 4607 habent
2648 4544 2845 4606 minus
2876 4550 3133 4615 veteres,
3158 4541 3329 4617 Quod
3354 4542 3516 4606 enim
3546 4546 3734 4611 Deum

349 4633 649 4696 luxuriose
683 4633 1013 4712 absumptis
1044 4641 1247 4713 postea
1278 4632 1638 4693 redeuntem
1665 4639 1724 4692 et
1746 4630 1900 4693 fame
1922 4641 2003 4694 ta-
2087 4654 2273 4698 unum
2301 4636 3739 4716 colerentetcognoscerent,paternaacceperunt

346 4724 711 4797 hescentem,
748 4723 982 4783 sincere
1006 4723 1383 4802 amplexatur
1412 4739 1427 4796 ;
1455 4722 1776 4782 honestans
1800 4722 2005 4801 splen-

344 4813 482 4874 dida
513 4823 703 4887 veste,
727 4820 784 4874 et
805 4814 1023 4874 annqu
1053 4811 1354 4893 epuloque
1377 4810 1629 4890 opipare
1657 4810 1810 4872 :filio
1833 4810 1999 4889 item,

346 4904 445 4983 qui
470 4904 619 4965 nihil
642 4910 1227 4983 peccaverat,auctor
1240 4909 1350 4975 est,
1377 4912 1533 4961 utne
1563 4900 1716 4961 ferat
1734 4900 2000 4984 indigne,

347 4995 451 5055 sed
480 4993 784 5073 indulgeat
805 5004 867 5055 ut
898 4993 1088 5054 fratri.
1118 4993 1216 5053 Sic
1247 4992 1432 5053 nimia
1471 4990 1759 5052 Dominus
1782 4992 2009 5056 effusus

424 5157 534 5223 (t9)
575 5154 797 5212 Fuisset
824 5155 937 5210 haec
962 5168 1078 5211 non
1098 5167 1266 5225 parva
1292 5150 1615 5225 philosophi
1640 5146 2000 5211 inurbanitas

350 5228 396 5284 si
441 5229 720 5297 hospitem
772 5226 843 5282 ad
878 5242 938 5283 se
994 5224 1230 5296 peregre
1270 5224 1696 5297 advenientem,
1748 5225 2001 5283 triduum

341 5294 603 5370 jejunare
636 5294 1008 5369 permisissetl
1068 5294 1158 5354 Ε(
1185 5296 1310 5367 quis
1371 5294 1583 5360 credat,
1644 5296 1717 5370 ab
1764 5297 1999 5370 ethnico

348 5367 738 5497 plhilipjslqp‘hS-l,7
771 5378 990 5427 tantum
1050 5379 1283 5440 repente
1321 5376 1665 5437 conceptum
1699 5367 2000 5439 jejunandi

388 5460 444 5497 63
527 5485 541 5497 α
580 5460 591 5495 l
722 5487 733 5497 .

388 5443 733 5499 esiderium'l

420 5515 529 5583 ('20)
571 5514 806 5570 Erudite
852 5512 1101 5569 ostendit
1163 5510 1571 5583 Combefisius,
1612 5517 1792 5566 totum
1844 5513 2000 5569 hunc

352 5582 545 5642 Basilii
591 5599 722 5641 cum
773 5583 996 5641 Eub..lo
1049 5597 1396 5650 sermonem,
1441 5582 1736 5639 fundatum
1775 5597 1903 5639 esse
1940 5584 1999 5641 in

351 5658 712 5737 philosophia
746 5655 1029 5737 Platonica
1062 5666 1115 5712 et
1154 5669 1305 5712 sacra
1347 5654 1662 5737 Scripturq‘.
1706 5655 1791 5737 At
1808 5668 1879 5711 ne
1914 5656 1998 5712 vel

352 5723 433 5785 sic
465 5723 603 5786 mihi
634 5728 1024 5799 persuadebit,
1061 5740 1192 5786 eum
1223 5723 1490 5799 unquam
1535 5741 1564 5783 a
1622 5723 1834 5783 Basilio
1864 5740 2002 5798 pro-

426 5882 505 5953 (a)
544 5881 570 5940 Ι
606 5879 736 5940 Cor.
765 5890 828 5950 ιι,
866 5879 921 5935 9.

2090 4725 2407 4787 traditione
2443 4748 2455 4785 :
2494 4725 2781 4803 legislatio
2802 4731 3023 4798 autem,
3060 4731 3192 4800 post
3227 4730 3348 4785 tres
3375 4723 3506 4785 dies
3538 4726 3733 4808 profe-

2091 4814 2303 4877 ctionis
2333 4834 2407 4878 ex
2437 4814 2688 4896 IEgypto
2717 4814 2915 4875 divina
2941 4830 3086 4874 voce
3105 4811 3513 4874 datur.Morati
3534 4822 3734 4879 autem

2092 4915 2228 4966 sunt
2255 4904 2316 4966 in
2346 4906 2582 4968 deserto
2615 4905 2789 4965 annis
2818 4901 3224 4985 quadraginta.
3255 4899 3379 4964 Sub
3402 4900 3544 4966 Jesu
3574 4903 3736 4985 prin-

2091 4996 2222 5075 cipe
2250 4996 2492 5058 fuerunt
2518 4994 2693 5057 annis
2721 5011 2837 5058 xxv
2868 5014 2885 5072 ;
2912 4993 3026 5056 sub
3047 4990 3355 5073 judicibus
3383 5010 3523 5057 vero
3556 4996 3737 5060 annis

2083 5155 2287 5230 latum,
2320 5169 2414 5216 aut
2455 5158 2597 5217 satis
2628 5166 2759 5230 apte
2811 5155 2885 5215 ad
2922 5161 3174 5215 mentem
3215 5157 3399 5216 sancti
3428 5170 3557 5215 esse
3594 5171 3736 5218 con—

2082 5228 2600 5371 ﬂcgluiiacunam
2674 5299 2770 5357 hic
2842 5312 3111 5371 magnam
3162 5298 3439 5371 implevit
3491 5298 3738 5360 Combe-

2081 5370 2283 5443 ﬁsius,
2349 5388 2417 5431 ex
2472 5387 2593 5431 uno
2648 5370 2962 5444 antiquiori
3030 5370 3215 5444 Regio
3301 5370 3538 5438 codice.
3591 5373 3733 5431 reli-

2083 5446 2211 5515 quis
2243 5445 2697 5503 desiderantibus
2737 5442 3070 5501 describens
3113 5442 3353 5501 almram
3383 5452 3604 5515 partem
3634 5459 3735 5502 ce-

2084 5518 2653 5660 ιθῗὲἓῖθὲἓὸιιεωυω
2684 5586 2981 5660 intelligit,
3015 5600 3186 5660 quem
3218 5586 3450 5659 quidem
3498 5585 3733 5660 let-oso-

2086 5660 2250 5790 lbymis
2305 5656 2400 5718 vel
2451 5664 2510 5717 in
2565 5658 2816 5718 Iordane
2844 5656 3165 5718 devotionis
3222 5656 3395 5717 causa
3453 5656 3737 5729 suscipie-

2127 5747 2197 5789 an
2235 5778 2240 5786 .
2588 5784 2591 5785 ν
