4140 6392
468 346 871 409 EXCERPTA
917 346 1014 409 EX
1059 346 1279 409 ACTIS
1322 348 1381 409 S.
1429 345 1705 409 BASILII
1748 349 2327 415 BOLLANDIANIS.
2366 390 2435 398 ——
2479 355 2653 418 VlTA
2704 354 3184 417 APOCRYPHA.

3392 368 3567 417 GCCIII

194 497 311 559 quo
336 478 492 541 liber
521 499 594 543 an
621 480 1057 545 abducentibus
1086 482 1366 545 satellitio
1400 481 1837 545 dimitteretur:
1863 490 1901 539 A
1926 482 2052 555 Quo
2082 496 2350 567 accepto,
2385 494 2464 550 ait
2496 490 2749 551 Basilius
2794 508 2811 551 :
2847 512 2868 544 α
2907 489 3029 550 Nos
3059 488 3299 568 quidem
3320 485 3573 561 tibi,im-

192 568 297 631 ille
320 588 453 631 vero
476 570 801 632 exhibitam
822 573 880 634 in
905 573 1033 652 ipso
1064 571 1499 633 humanitatem
1526 590 1646 632 non
1672 573 1844 651 igno—

194 675 358 735 rans,
386 660 615 721 accedit
646 661 718 721 ad
750 663 1035 723 Basilium
1068 663 1290 740 gratias
1311 680 1495 740 agens
1524 682 1536 723 ε
1566 662 1848 723 advocata

194 758 392 811 autem
417 749 663 826 femina,
702 750 948 832 duplum
980 752 1033 812 ei
1060 753 1109 812 si
1136 752 1275 831 quid
1302 750 1586 829 debebat,
1608 771 1683 815 ex
1705 769 1848 832 pro-

196 840 345 919 priis
376 841 505 919 ipse
535 840 819 902 reddidit.

277 932 450 995 Circa
470 932 532 994 id
556 941 792 1014 tempus
809 953 942 996 cum
968 934 1233 996 Julianus
1256 932 1400 1010 (38),
1426 932 1846 996 odiosissimus

194 1023 278 1082 im
290 1024 841 1103 perator,adversus
856 1028 1066 1087 Persas
1085 1024 1765 1103 proﬁcisceretur,venit
1786 1024 1847 1084 in

195 1122 397 1193 partes
420 1114 887 1177 Caesareensium
918 1133 932 1174 :
957 1113 1213 1175 Basilius
1241 1121 1463 1193 autem,
1490 1133 1612 1176 una
1638 1115 1694 1175 ei
1711 1131 1846 1174 cum

193 1205 399 1284 sociis,
436 1203 665 1265 obviam
703 1202 1014 1283 processit.
1046 1205 1196 1263 Eum
1232 1203 1847 1283 intuitusimperator,

195 1294 351 1357 dixit
382 1315 395 1357 :
442 1318 468 1351 α
500 1295 584 1356 Te
626 1293 1006 1373 philosophia
1046 1292 1182 1363 vici,
1217 1293 1419 1354 Basili.
1459 1315 1485 1353 ›
1523 1291 1854 1373 Respondit

193 1402 339 1446 vero
371 1383 629 1448 Basilius
660 1402 673 1444 :
717 1408 736 1439 ι
782 1383 1018 1446 Utinam
1053 1382 1476 1462 philosophum
1511 1382 1739 1459 egisses
1768 1381 1781 1439 !
1822 1406 1848 1435 »

194 1473 371 1535 Tunc
392 1482 632 1536 sanctus
654 1474 839 1535 tresei
857 1489 1038 1552 panes
1063 1470 1373 1544 obtulit,ex
1402 1488 1854 1551 annona,quam

194 1562 525 1625 inferebat.
560 1562 635 1624 At
665 1562 792 1637 ille,
828 1578 941 1640 pro
977 1561 1240 1620 muneris
1274 1560 1556 1641 parvitate
1601 1568 1763 1622 ratus
1793 1577 1858 1620 se

191 1652 425 1732 injuria
452 1651 749 1726 affectum,
778 1649 964 1729 jussit
1014 1648 1373 1710 satellitibus
1405 1657 1467 1709 ut
1498 1667 1681 1728 panes
1714 1647 1855 1723 qui-

196 1741 344 1802 dem
378 1739 749 1820 acciperent,
771 1757 976 1801 eorum
1003 1746 1198 1800 autem
1229 1740 1358 1801 loco
1390 1738 1594 1800 fenum
1620 1738 1851 1799 darent.

1930 584 2197 655 perator,
2223 580 2387 639 exiis
2418 582 2743 659 attulimus,
2771 578 2986 660 quibus
3019 577 3350 657 vescimur;
3387 585 3445 637 tu
3478 596 3584 638 au-

1933 672 2048 725 tem
2078 667 2245 727 exiis
2268 669 2845 749 retribuisti,quihus
2882 669 3339 747 hrutajumenta
3380 666 3579 745 alis,id

1931 756 2173 834 quidem
2206 758 2474 821 affectata
2505 761 2804 821 irrisionis
2836 761 3038 839 specie
3067 781 3081 839 ;
3117 759 3221 819 sed
3248 758 3347 838 qui
3370 758 3580 817 nolens

1930 846 1991 905 in
2019 847 2267 924 hujusce
2301 851 2447 929 prati
2470 869 2684 930 pascua
2704 852 2833 930 (39)
2868 869 2973 910 nos
3000 850 3215 910 mittas.
3249 874 3273 902 υ
3313 848 3583 910 Audiens

1931 942 2126 996 autem
2151 940 2435 1012 Julianus,
2449 941 2604 1021 quod
2619 941 2779 1002 velut
2798 942 2875 1000 im
2889 948 3123 1020 perator
3144 939 3391 1019 gratiam
3409 955 3575 997 suam

1931 1042 2217 1088 revocare
2257 1049 2375 1090 non
2402 1039 2623 1110 posset,
2649 1031 2846 1091 furore
2872 1030 3133 1110 percitus
3164 1030 3244 1089 ait
3270 1030 3339 1089 ad
3366 1028 3533 1089 illum
3562 1045 3574 1089 :

1934 1134 1962 1173 «
1995 1113 2283 1194 Equidem
2312 1118 2459 1197 prati
2484 1118 2820 1198 pascuatibi
2845 1137 2977 1180 mea
2999 1118 3235 1179 donavit
3261 1118 3535 1197 majestas
3563 1133 3578 1189 ;

1936 1212 2213 1266 caeterum
2246 1206 2346 1267 ubi
2406 1210 2665 1271 subactis
2731 1209 2926 1271 Persis
2980 1209 3195 1269 iterum
3256 1208 3576 1268 divertere.

1939 1300 2097 1353 tuam
2118 1295 2416 1358 civitatem
2451 1299 2576 1359 solo
2602 1309 2888 1380 aequatam
2930 1297 3111 1359 arabo
3139 1320 3151 1360 :
3180 1306 3248 1358 ut
3278 1295 3586 1358 fructifera

1939 1382 2137 1460 potius
2159 1385 2657 1465 eiﬁciatur,quam
2688 1387 3032 1450 hominibus
3056 1386 3303 1448 edendis
3326 1386 3585 1447 educan-

1941 1470 2155 1551 disque
2186 1485 2526 1555 comparata
2553 1499 2563 1536 :
2592 1478 2747 1540 haud
2780 1479 2939 1541 enim
2970 1478 3203 1557 decepti
3235 1495 3267 1537 a
3299 1485 3353 1537 te
3388 1474 3589 1556 populi

1946 1562 2374 1640 impudentiam
2410 1568 2646 1629 nescio:
2686 1581 2746 1629 ut
2777 1569 3135 1648 impotentes
3163 1566 3407 1641 invidia,
3434 1565 3586 1628 For-

1944 1658 2143 1711 tunam
2177 1673 2351 1733 quam
2386 1674 2494 1733 ego
2543 1657 2715 1719 deam
2770 1659 2888 1738 (40)
2941 1658 3147 1729 adoro,
3185 1664 3500 1737 postquam
3533 1653 3589 1713 ei

1942 1740 2139 1823 libavi,
2166 1747 2326 1805 omni
2360 1765 2604 1826 prorsus
2635 1750 2885 1822 honore,
2918 1747 3269 1809 minuerint.
3303 1770 3329 1801 »
3364 1742 3471 1805 His
3493 1762 3590 1803 au-

196 1917 748 1997 omisissevidetnr,
784 1917 963 1997 victus
1020 1916 1218 1997 operis
1273 1916 1620 1997 prolixitate,
1679 1931 1855 1987 quam
1882 1925 1917 1973 Β
1941 1918 2146 1997 damus
2168 1920 2528 1997 Gombeﬁsio,
2570 1940 2681 1997 qua
2714 1927 2931 1983 ratione
2962 1928 3204 1984 Basilius
3236 1925 3347 1981 dici
3366 1922 3594 1997 poterit

193 1989 344 2060 quia
365 1987 589 2060 codices
622 1986 801 2060 ipsius
827 1987 884 2042 id
914 1986 1383 2045 desideraverint.
1447 1988 1577 2050 Cur.
1641 1986 1852 2060 quaeso,

196 2058 528 2129 prolixitate
578 2058 839 2115 codicum
880 2074 1120 2117 suorum
1178 2060 1503 2118 vinceretur
1551 2058 1749 2128 Ursus,
1804 2058 1853 2124 si

199 2130 265 2185 hi
329 2130 522 2204 capita
569 2132 673 2204 ista
733 2131 1091 2188 habuerint?
1151 2132 1345 2202 Meque
1390 2133 1641 2204 primum
1700 2148 1854 2197 caret

198 2202 364 2259 omni
396 2202 746 2267 diﬂicultate,
788 2205 1049 2274 quamvis
1089 2204 1147 2259 id
1200 2212 1361 2274 putet
1393 2202 1798 2267 ’Combefisius
1835 2233 1847 2265 :

200 2217 364 2259 omni
396 2217 746 2267 aimcunate,
783 2217 1049 2330 quamvis
1089 2217 1147 2259 iu
1200 2217 1361 2274 putet
1424 2217 1798 2267 uomnensius
1835 2233 1847 2265 :

200 2287 410 2350 parum
444 2274 781 2350 quippecre
803 2275 950 2350 Aibile
984 2276 1230 2343 videtur,
1258 2284 1687 2350 egauctoratum
1714 2296 1851 2350 prae-

198 2345 410 2425 sidem,
439 2346 599 2425 et_ad_
623 2346 853 2403 vincula
884 2348 1258 2425 damnatum,_
1283 2346 1472 2425 Basilii
1507 2345 1859 2425 apudimpe-

198 2424 458 2474 ratorem
487 2416 782 2475 Julianum
844 2428 939 2476 aut
972 2418 1367 2477 Constantium
1392 2416 1859 2484 intercessionem

197 2488 550 2562 postulasse,
585 2498 639 2562 et
668 2504 925 2562 peream
948 2490 1215 2562 dignitati
1248 2492 1596 2547 restitutum.

279 2559 396 2631 (38)
427 2561 562 2617 Haec
603 2559 680 2617 de
698 2561 929 2618 Juliano
988 2559 1335 2631 imperatore
1362 2562 1574 2619 omissa
1624 2574 1756 2622 sunt
1791 2566 1862 2623 ab

203 2630 354 2708 meo
380 2632 842 2708 su_bdiacopo,_et
870 2630 1086 2708 merito
1101 2634 1412 2708 omittenda
1443 2642 1611 2708 erant
1654 2637 1726 2705 ei,
1758 2639 1857 2708 qui

212 2705 403 2764 Vitam
444 2704 594 2761 hanc
652 2704 841 2761 Basilii
907 2705 1077 2762 vellet
1133 2706 1319 2762 facere
1380 2704 1731 2764 credibilem.
1775 2704 1863 2767 'At

201 2775 605 2841 Combeﬂsius,
642 2776 849 2833 voluns
911 2778 1066 2834 hunc
1098 2781 1152 2833 et
1197 2777 1339 2834 alios
1387 2778 1861 2837 anacbronismos

200 2862 510 2921 excusare.
544 2847 676 2921 dicit
714 2848 771 2905 in
804 2849 909 2906 hac
954 2848 1076 2905 Vita
1109 2849 1255 2921 nihil
1319 2849 1520 2906 ordine
1584 2852 1863 2921 temporis

200 2920 457 2977 narrari.
491 2920 770 2990 Adeoque,
805 2921 1068 2992 quamvis
1117 2920 1392 2978 adventus
1434 2921 1651 2979 Juliani
1680 2920 1857 2981 Caesa-

202 3006 369 3066 ream
402 2992 497 3066 hic
536 2998 827 3066 narretur,
862 3007 929 3049 ac
966 2993 1013 3066 si
1072 2993 1405 3066 contigisset
1462 3002 1600 3066 post,
1636 2998 1859 3066 episco-

204 3062 405 3139 palem
438 3062 630 3139 Basilii
657 3064 1155 3139 consecrationem
1191 3083 1204 3129 ;
1238 3062 1383 3139 nihil
1416 3062 1693 3135 impedire
1714 3082 1857 3139 quo-

205 3134 426 3192 inimus
461 3134 671 3208 referri
723 3135 902 3208 possit
937 3135 1041 3208 ad,
1074 3138 1358 3194 anteriora
1418 3134 1688 3208 tempora,
1728 3134 1859 3197 eum

206 3221 426 3276 nempe
461 3205 703 3279 Basilius
726 3205 848 3277 pro
884 3207 1125 3279 Eusebio
1161 3210 1427 3279 episcopo
1488 3205 1719 3275 latente,
1760 3211 1860 3269 de-

1939 1992 2399 2073 viceriusfuisse
2438 1992 2692 2073 Eusebii,
2760 1999 2978 2073 vivente
3016 1998 3304 2073 Julianof?
3364 1992 3587 2073 Morini.

1940 2065 2124 2134 inquit
2154 2064 2272 2131 ille,
2314 2077 2411 2123 aut
2445 2064 2690 2135 latentis,
2726 2081 2823 2127 aut
2854 2071 3021 2130 aliter
3054 2070 3324 2128 absentis.
3360 2069 3585 2124 Absen-

1938 2143 2051 2217 tem
2084 2137 2781 2217 tandiu_unqua_m__fuisse
2810 2159 2837 2197 a
2891 2159 2995 2201 suo
3027 2144 3353 2217 episcopatu
3416 2138 3589 2195 Euse-

1938 2208 2118 2272 bium,
2154 2218 2215 2287 u_t
2242 2208 2466 2287 vicario
2501 2211 2834 2283 indiguerit,
2866 2217 3040 2287 gratis
3064 2208 3348 2287 'asser'itur
3375 2221 3427 2267 et
3487 2223 3590 2287 ne-

1940 2290 2124 2349 gatur.
2166 2281 2393 2340 Juliano
2433 2281 2842 2352 praemortuum
2869 2281 3028 2355 'esse,
3086 2286 3292 2343 falsum
3352 2283 3590 2341 omnino

1942 2362 2069 2434 est;
2095 2361 2597 2434 cupstatnamque
2636 2372 2709 2413 ex
2754 2357 3110 2415 Nazianzeno
3142 2359 3355 2414 vixisse
3421 2356 3586 2412 illum

1946 2423 2107 2501 initio
2135 2423 2399 2482 Valentis.
2445 2423 2596 2491 Quin
2628 2443 2833 2501 capere
2863 2445 2978 2488 non
3012 2444 3265 2501 possum,
3300 2434 3589 2499 quomodo

1945 2494 2093 2571 idin
2145 2504 2393 2553 mentem
2451 2494 3056 2571 veneriti'Combeﬁsi‘o
3114 2523 3125 2556 :
3189 2494 3593 2571 argumentum

1949 2569 2125 2641 enim,
2159 2580 2287 2641 quo,
2305 2568 2627 2625 ostenditur
2654 2570 2888 2627 Basilius
2918 2588 3033 2628 non
3066 2572 3238 2628 fuisse
3261 2568 3593 2641 imperante

1939 2637 2170 2696 Juliano
2201 2639 2525 2709 episcopus,
2561 2641 2693 2695 inde
2753 2642 3089 2705 desumitur,
3123 2643 3277 2709 quod
3319 2637 3426 2699 sub
3483 2647 3595 2701 Va-

1945 2710 2095 2783 lente
2129 2709 2317 2766 adhuc
2346 2711 2757 2783 injivisesset
2782 2712 3078 2769 Eusebius.
3132 2709 3241 2769 Nec
3276 2715 3465 2783 aptius
3514 2725 3595 2774 est

1945 2780 2220 2852 effugium
2253 2795 2354 2851 per
2384 2780 2614 2838 Eusebii
2646 2782 2891 2839 latebras
2927 2806 2938 2838 :
2966 2799 3067 2841 cur
3098 2786 3253 2841 enim
3286 2780 3379 2838 hic
3403 2784 3594 2843 latuis-

1946 2862 2032 2927 set
2062 2853 2324 2910 veniente
2354 2853 2663 2927 Caesaream
2693 2854 2923 2912 Juliano
2950 2858 2978 2910 ‘?
3036 2854 3405 2927 Incurrerant
3461 2856 3597 2927 qui—

1948 2926 2076 2981 dem
2107 2929 2378 2994 Apostatae
2409 2926 2600 2982 odium
2630 2924 3036 2991 Caesareenses,
3094 2942 3294 2983 everso
3335 2924 3598 2985 Fortunae

1942 2996 2154 3071 templo
2190 3015 2202 3062 ;
2237 2996 2337 3071 39d
2378 2998 2549 3054 minis
2582 3006 2636 3054 et
2686 2998 2861 3056 multa
2897 2999 3222 3069 pecuniaria
3259 2998 3597 3071 plerumque

1943 3069 2207 3142 saeviebat
2238 3068 2365 3142 ille,
2406 3077 2468 3126 ut
2500 3068 2910 3142 praeireliquis
2932 3071 3412 3137 Ctesareensibus,
3451 3068 3597 3128 nihil

1942 3140 2051 3198 sibi
2096 3141 2297 3197 timere
2320 3140 2900 3215 tdeberetEusebius.
2937 3143 3101 3212 Quod
3134 3144 3181 3199 si
3214 3151 3405 3199 tamen
3441 3143 3603 3215 judi-

1944 3222 2130 3285 casset
2158 3212 2427 3283 expedire
2458 3214 2730 3285 tantisper
2768 3215 3029 3273 iracundi
3062 3212 3602 3285 imperatoris'ocu-

209 3287 449 3357 tuncto,
476 3284 573 3357 aut
601 3277 805 3357 saltem
837 3278 943 3357 alia
974 3280 1044 3336 de
1074 3277 1241 3336 causa
1274 3277 1539 3357 absente,
1588 3289 1860 3357 tanquam
1881 3292 1920 3343 C
1947 3284 2032 3341 los
2062 3277 2482 3357 subterfugere,
2514 3277 2717 3343 saltem
2751 3287 2892 3343 nihil
2928 3302 3075 3357 opus
3106 3277 3228 3344 erat
3255 3285 3431 3344 latere
3474 3297 3601 3357 post

205 3350 527 3422 primarius
556 3349 700 3406 inter
730 3351 1094 3422 presbyteros
1130 3359 1184 3422 et
1211 3350 1464 3421 episcopi
1493 3349 1740 3410 vicarius
1770 3356 1863 3411 Ec-

210 3418 455 3478 clesiam
487 3418 1381 3497 Cassaree'nsem'administraret.
1408 3422 1677 3493 Magnum
1706 3428 1845 3497 quip

208 3508 290 3567 pe
333 3500 455 3550 erat
493 3492 684 3549 Basilii
718 3507 953 3567 nomen,
988 3493 1160 3567 etiam
1184 3492 1513 3567 antequam
1539 3492 1864 3554 sacerdotio

210 3564 557 3636 fungeretur
587 3565 739 3636 apud
794 3564 1166 3636 Cappadocas
1213 3571 1266 3623 et
1294 3565 1558 3622 nationes
1623 3576 1861 3633 exteras,

210 3645 280 3696 ut
322 3635 390 3693 ex
427 3635 778 3693 Nazianzeno
838 3636 1084 3695 aﬂirmat
1141 3635 1561 3709 Combeﬁsiﬁus:
1628 3639 1867 3709 ipsaque

211 3710 589 3767 Caesareensis
621 3709 820 3767 civitas
848 3723 978 3765 eum
1011 3717 1277 3779 tanquam
1308 3708 1666 3766 conditorem
1698 3708 1865 3767 suum

213 3790 272 3839 et
316 3794 557 3853 conserv
572 3789 786 3838 atorem
820 3778 1186 3853 suspiciebat.
1220 3778 1451 3853 Deinde,
1482 3780 1671 3853 inquit
1694 3782 1863 3849 idem,

213 3849 368 3911 nihil
400 3860 666 3910 narratur
697 3860 811 3911 tota
841 3849 945 3909 hae
986 3852 1221 3910 historia
1276 3852 1487 3909 factum
1544 3849 1582 3909 a
1629 3854 1863 3921 Basilio,

218 3924 373 3997 quod
405 3940 434 3981 a
460 3924 791 3996 presbytero
848 3934 902 3982 et
932 3923 1457 3997 episcopi_vicario
1500 3926 1693 3997 peragi
1750 3940 1865 3983 non

216 3995 510 4069 potuerit:
542 3995 669 4069 nec,
712 3997 823 4053 nisi
858 3996 1049 4069 semel,
1087 3995 1335 4069 Basilius
1367 4003 1607 4053 vocatur
1646 3995 1869 4069 episco-

222 4067 354 4149 pus.
395 4067 590 4149 Potuit
619 4075 817 4131 autem
849 4067 1022 4129 facile
1064 4069 1153 4149 ᾁτὶ
1203 4068 1382 4149 ἱερέως
1434 4086 1538 4147 pro
1582 4067 1873 4149 ἀρχ-ιερὲως

220 4148 253 4210 a
286 4148 529 4210 librario
560 4149 836 4232 quopiam
862 4148 1124 4232 describi
1151 4170 1166 4226 ;
1192 4148 1281 4232 vel
1301 4148 1475 4232 etiam
1503 4148 1878 4232 potnitép-Ate-

223 4232 339 4309 ρεὺς
383 4237 545 4292 recte
575 4230 774 4291 vocari
806 4229 1142 4310 presbyter,
1174 4229 1274 4309 qui
1313 4228 1517 4291 officio
1542 4238 1599 4291 et
1621 4228 1875 4310 jurisdi-

222 4311 430 4374 ctione,
461 4318 522 4367 ut
579 4318 801 4375 vocant,
845 4310 1098 4380 episcopi
1158 4310 1491 4379 fungeretur
1530 4326 1544 4367 :
1604 4313 1687 4367 sic
1725 4322 1877 4371 certe

223 4395 406 4439 unum
450 4383 704 4452 episcori
738 4382 1050 4452 vicariique
1077 4380 1337 4437 tribunal
1367 4382 1774 4453 agnoscimus;
1824 4393 1876 4441 et

263 4464 383 4510 esta
417 4454 613 4526 vicarii
645 4453 823 4526 ipsius
856 4453 1117 4526 episcopi
1141 4460 1296 4523 gesta
1332 4466 1755 4523 nuncupamus.
1792 4456 1874 4513 Ita

269 4524 604 4584 ombeﬂsius
635 4524 791 4582 hunc
810 4525 1319 4582 anacbronismum
1346 4538 1622 4581 excusare
1645 4528 1870 4584 nititur:

226 4611 400 4669 quam
432 4597 679 4654 feliciter
730 4596 945 4668 judicet
1000 4596 1201 4669 lector.
1243 4593 1421 4651 Nemo
1478 4596 1679 4653 saltem
1740 4599 1879 4655 mihi

1947 3357 2265 3429 discessum
2293 3356 2684 3429 Julianitimo
2723 3368 2848 3427 post
2907 3356 3106 3416 necem
3172 3360 3373 3429 ipsius,
3430 3356 3603 3429 quam

1947 3427 2160 3502 dicitur
2199 3429 2493 3484 nuntiasse
2531 3427 2857 3502 Libentius;
2904 3440 2957 3487 et
3016 3445 3120 3500 pro
3170 3427 3285 3502 quo
3346 3427 3603 3502 tempore

1949 3498 2191 3573 Basilius
2254 3506 2489 3573 vocatur
2565 3500 2864 3573 pontifex,
2938 3498 3051 3559 non
3126 3498 3206 3559 ita
3289 3516 3425 3559 sane
3464 3498 3599 3573 'ap-

1950 3569 2251 3639 pellendus
2319 3570 2390 3626 ab
2458 3569 2852 3638 Amphilochia
2896 3614 2909 3638 ,
2972 3574 3019 3628 si
3094 3573 3342 3630 vicarius
3405 3569 3595 3629 solum

1951 3642 2168 3698 fuisset.
2205 3641 2338 3697 Nam
2369 3655 2488 3698 non
2550 3641 2899 3713 distinguere
2938 3644 3087 3700 inter
3146 3646 3479 3713 episcopum
3547 3656 3600 3701 et

1952 3713 2076 3784 ejus
2108 3713 2386 3769 vicarium
2422 3711 3075 3787 imperitisquandoque
3099 3711 3277 3785 possit
3301 3711 3602 3787 centinge-

1952 3782 2034 3849 re,
2067 3797 2185 3840 non
2218 3798 2349 3841 vero
2379 3797 2573 3841 rerum
2606 3782 3123 3856 ecclesiastica—rum
3166 3784 3422 3855 apprime
3458 3782 3603 3856 gna-

1956 3871 2040 3913 ro.
2074 3856 2321 3913 Librarii
2343 3855 2781 3929 erroremquod
2813 3862 3042 3929 spectat.
3109 3857 3284 3929 gratis
3336 3858 3427 3913 hic
3455 3855 3602 3927 quo-

1956 3943 2068 3999 que
2097 3930 2461 3999 supponitur,
2503 3926 2664 3983 nullo
2698 3926 2869 3985 allato
2900 3926 3207 3986 codice'in
3271 3943 3384 3999 quo
3442 3926 3604 3987 aliter

1963 4003 2199 4071 tegatur,
2260 4000 2424 4056 nullo
2483 4007 2721 4071 urgente
2752 4010 3113 4070 argumento.
3180 4000 3361 4056 Manet
3412 4001 3603 4071 itaque

1960 4070 2447 4134 anachonismns,
2481 4070 2726 4141 prodens
2758 4086 2929 4144 quam
2992 4071 3351 4144 impudenter
3408 4070 3607 4130 auctor

1960 4144 2411 4216 Amphilochium
2453 4143 2727 4200 mentitus
2765 4143 2854 4199 sit.

2035 4234 2146 4304 (30)
2178 4254 2200 4287 α
2248 4234 2477 4291 Videtur
2507 4232 2936 4291 consuetudinis
2996 4234 3237 4291 fuisse...
3283 4243 3344 4292 ut
3392 4234 3478 4290 vel
3512 4249 3608 4291 ac-

1963 4308 2149 4378 ceptio
2186 4306 2272 4363 vel
2307 4307 2535 4364 traditio
2595 4305 3001 4363 nonnullarum
3068 4306 3297 4378 frugum
3356 4307 3610 4378 cujusvrs

1959 4377 2140 4446 fundi,
2172 4378 2243 4435 ad
2272 4393 2443 4449 quem
2478 4380 2783 4449 imperator
2807 4378 3149 4443 advenisset,
3170 4377 3273 4437 aut
3308 4377 3603 4448 occupatio

1961 4450 2290 4515 haberetur,
2327 4459 2421 4507 aut
2462 4451 2659 4507 missio
2703 4449 2759 4503 in
2816 4452 3236 4520 possessionem
3274 4467 3286 4506 :
3321 4459 3384 4507 ut
3441 4451 3610 4507 dein-

1961 4536 2093 4596 ceps
2126 4521 2209 4596 vel
2237 4524 2473 4593 principi
2500 4522 2742 4584 cederet,
2771 4524 2815 4576 si
2860 4524 2905 4596 is
2935 4523 3249 4596 quidquam
3272 4523 3339 4577 de
3365 4522 3604 4596 alicujus

1964 4594 2168 4663 privati
2200 4608 2337 4664 agro
2371 4598 2751 4666 sumpsisset;
2788 4595 2870 4649 vel
2901 4594 2969 4651 in'
2990 4598 3081 4666 jus
3139 4596 3395 4659 alterius,
3458 4595 3612 4651 velut

227 4663 393 4727 facile
425 4663 808 4739 persuadebit,
843 4681 957 4724 non
990 4668 1162 4725 fuisse
1219 4676 1467 4739 mentem
1526 4670 1775 4725 auctoris
1819 4677 1873 4727 in
1898 4672 1943 4723 Ι)
1966 4668 2219 4736 principe
2247 4663 2817 4739 ’donante‘transiretf
2841 4667 2886 4739 si
2922 4663 3042 4735 ipse
3073 4667 3140 4722 de
3172 4680 3306 4739 agro
3334 4668 3403 4739 ad
3428 4679 3611 4739 ipsum

226 4742 331 4798 hac
382 4738 503 4797 Vita
534 4740 931 4810 describenda,
981 4754 1208 4796 servare
1265 4738 1523 4811 ordinem
1586 4744 1875 4811 temporis.

225 4812 387 4885 Certe
417 4814 598 4885 capita
639 4811 934 4885 capitibus
968 4818 1382 4885 annectuntur_
1417 4810 1881 4885 inchoanturque

226 4886 299 4941 iis
322 4881 594 4955 loquendi
630 4883 914 4948 formulis,
947 4882 1151 4954 quibus
1192 4883 1271 4939 uti
1302 4881 1707 4955 solemuscum
1730 4881 1883 4942 in'ter

226 4954 582 5014 narrandum
640 4956 901 5012 ordinem
961 4955 1253 5025 temporis,
1292 4954 1737 5025 prosequimur.
1800 4957 1879 5014 ita

226 5042 470 5085 numero
505 5027 594 5095 32,
636 5037 941 5098 postquam
990 5027 1132 5098 dixit
1164 5041 1193 5082 a
1240 5024 1443 5081 Basilio
1486 5024 1880 5086 "convocatum

229 5101 503 5170 populum
536 5100 605 5155 ad
637 5097 937 5157 ecclesiam
969 5097 1305 5155 auditurum
1338 5098 1576 5170 verbum
1611 5098 1725 5169 Dei,
1790 5117 1880 5157 se-

228 5169 496 5242 quentem
528 5185 834 5228 numerum
865 5171 958 5242 33,
992 5184 1105 5242 quo
1135 5176 1409 5226 narratur
1435 5169 1619 5225 Judaei
1648 5186 1882 5230 conver-

231 5241 336 5307 sio,
370 5245 455 5299 sic
486 5244 719 5300 inchoat
750 5258 764 5301 :
802 5262 823 5292 ι
848 5241 979 5299 Cum
1010 5241 1315 5313 itaqueres
1346 5254 1505 5297 sacra
1538 5254 1826 5312 ageretur,
1859 5267 1870 5293 ›

231 5325 335 5372 etc.
373 5314 513 5382 Quis
542 5328 661 5372 non
693 5313 918 5384 colliget
953 5328 1023 5368 ex
1061 5310 1168 5368 hoc
1200 5310 1473 5384 loquendi
1519 5310 1708 5381 modo,
1743 5310 1882 5372 con-

230 5388 556 5444 versionem
584 5386 755 5443 Judaei
786 5383 1052 5458 evenisse
1084 5386 1233 5441 inter
1268 5396 1390 5458 rem
1426 5383 1699 5450 divinam,
1760 5397 1885 5458 post

232 5460 491 5516 habitum
522 5458 592 5515 ad
625 5457 902 5529 populum
924 5470 1249 5529 sermonem
1281 5453 1383 5529 ?E_t
1407 5466 1709 5529 postquam
1729 5453 1884 5517 h'unc

230 5544 541 5588 numerum
573 5526 826 5586 in"Jtidaei
849 5528 1181 5601 baptismate
1205 5526 1505 5591 conclusit,
1533 5526 1603 5584 ad
1634 5544 1883 5601 sequen-

230 5611 343 5659 tem
374 5601 443 5658 34
461 5605 544 5657 sic
569 5603 800 5660 transit:
843 5620 864 5650 ι
900 5600 1152 5671 Cumque
1178 5608 1409 5671 sanctus
1432 5600 1822 5671 egrederetur.
1854 5626 1876 5655 ι

228 5672 533 5732 Contendit
561 5680 751 5731 tamen
782 5669 1175 5735 Combeﬂsius,
1202 5669 1485 5742 quidquid
1510 5672 1618 5729 hoc
1641 5688 1883 5734 numero

228 5752 521 5815 narratur,
570 5746 639 5802 ad
705 5746 990 5803 anteriora
1040 5752 1295 5813 tempora
1356 5756 1524 5815 posse
1569 5755 1623 5802 et
1678 5747 1885 5806 debere

225 5817 450 5900 referri.
483 5818 553 5876 At
582 5818 872 5900 quomodo
898 5815 1063 5900 t_ni_si
1095 5821 1293 5873 contra
1311 5814 1559 5900 Ehodum
1587 5817 1883 5900 ioquendi

227 5890 523 5958 usitatum,
555 5884 672 5947 vim
707 5890 905 5950 verbis
935 5888 1273 5948 inferamus.
1308 5884 1462 5955 Quin
1501 5894 1559 5948 ut
1582 5888 1640 5948 id
1669 5884 1883 5953 conce-

1965 4745 2272 4812 spectante,
2297 4753 2365 4794 eo
2396 4739 2564 4796 modo
2612 4738 2826 4812 aliquid
2852 4737 3137 4812 donasset.
3190 4756 3210 4785 ι)
3260 4738 3332 4812 ita
3366 4736 3608 4812 Combe-

1964 4807 2173 4873 fi’sius,
2233 4812 2483 4884 probans
2539 4807 2803 4884 exemplo
2875 4808 3179 4884 Eudoxus,
3265 4807 3433 4884 simili
3519 4822 3614 4884 ra-

1965 4884 2119 4939 tione
2159 4882 2510 4947 excusantis,
2547 4878 2797 4941 ablatam
2855 4879 3033 4936 viduae
3103 4878 3459 4948 Theognistae
3524 4880 3611 4932 vi-

1966 4967 2153 5010 neam.

2038 5026 2149 5093 (40)
2184 5025 2279 5080 Vix
2321 5024 2538 5087 dubito,
2573 5024 2711 5096 quin
2749 5033 2947 5084 auctor
3006 5021 3177 5096 hujus
3232 5019 3387 5092 Vitw,
3445 5023 3611 5094 quis-—

1969 5112 2215 5169 cumque
2251 5098 2479 5153 demum
2506 5095 2695 5163 fuerit,
2720 5098 2939 5154 incerto
2976 5095 3155 5152 relatu
3188 5103 3241 5151 et
3274 5098 3502 5169 mutatis
3534 5110 3615 5150 re-

1966 5184 2093 5226 rum
2119 5166 2543 5225 circumstaniis
2589 5184 2651 5225 ea
2709 5169 3010 5232 audiverit,
3045 5182 3167 5237 quae
3221 5183 3250 5222 a
3296 5166 3612 5224 Sozomcno

1968 5244 2041 5299 ita
2075 5250 2403 5303 narrantur,
2448 5240 2544 5296 lib.
2578 5252 2635 5305 v,
2670 5255 2794 5310 cap.
2832 5240 2863 5294 4
2901 5256 2911 5294 :
2954 5259 2975 5289 α
3029 5238 3148 5295 Sub
3182 5240 3330 5294 idem
3386 5250 3611 5309 tempus

1952 5315 2278 5384 .imperator
2308 5312 2593 5384 Julianus,
2629 5312 2938 5369 Caesaream
2978 5311 3048 5367 ad
3083 5318 3337 5366 montem
3372 5313 3613 5383 Argium

1968 5387 2156 5449 sitam,
2186 5386 2387 5441 urbem
2420 5383 2683 5453 amplam,
2722 5384 3076 5453 locupletem,
3106 5391 3161 5440 et
3193 5384 3445 5454 regionis
3474 5384 3610 5453 Cap-

1969 5457 2212 5527 padiocae
2244 5459 2600 5528 primariam,
2644 5469 2709 5510 ex
2753 5469 2995 5512 numero
3038 5455 3346 5528 civitatum
3384 5455 3612 5519 delevit,

1970 5526 2023 5586 et
2052 5526 2293 5586 Caesaris
2322 5528 2564 5599 privavit
2602 5528 2870 5593 nomine;
2905 5526 3059 5599 quod
3113 5526 3346 5598 quidem
3404 5540 3613 5599 nomen

1968 5596 2528 5680 regnanteCi'audio,
2579 5613 2713 5680 eum
2772 5596 3083 5680 Maza'jam
3132 5596 3279 5680 ante
3333 5596 3614 5680 appeilata

1966 5670 2184 5740 fuisset,
2216 5673 2559 5729 obtinuerat.
2598 5670 2743 5728 Nam
2786 5680 2984 5729 contra
3022 5672 3175 5726 cives
3200 5670 3321 5740 ejus
3371 5670 3611 5740 civitatis

1967 5737 2181 5803 dudum
2210 5746 2615 5817 gravissimum
2649 5743 2841 5801 odium
2867 5737 3248 5817 conceperat}
3306 5749 3424 5798 tum
3460 5737 3613 5817 quod

1966 5832 2163 5893 omnes
2196 5811 2777 5893 fidemphristianam
2827 5811 3408 5893 profiterentur,.tu_m
3464 5811 3616 5893 quod

1964 5889 2106 5949 olim
2136 5888 2347 5961 templa
2373 5888 2530 5948 Jovis
2558 5888 2722 5949 urbis
2753 5881 2996 5960 paironi,
3030 5892 3084 5944 et
3132 5882 3299 5955 patrii
3333 5881 3620 5953 Apollinis
