4140 6446
472 360 644 410 θεοῖν

1860 343 2448 409 PROLEGOMENA.

461 487 579 541 tem
610 480 783 542 dictis
801 480 945 542 abiit
967 482 1027 542 in
1048 480 1352 544 Persidem
1383 501 1395 545 :
1424 483 1681 546 Basilius
1705 502 1844 545 vero
1872 491 2107 561 ingres-
2129 491 2170 539 A
2192 482 2824 567 scelestiimperatoris
2849 485 3166 548 consilium
3193 486 3856 566 dissipet,rogent.[llis

464 587 565 632 sus
593 569 1232 649 civitatem,accitaque
1257 573 1534 634 universa
1557 573 1759 653 populi
1788 571 2112 634 multitudi-

2197 575 2394 655 itaque
2452 576 2781 647 orantibus,
2815 585 2876 637 et
2930 577 3184 639 contrito
3217 576 3399 639 corde
3441 576 3862 657 pervigilibus,

464 677 560 731 ne,
596 660 965 721 denuntiavit
995 662 1368 739 imperatoris
1392 661 1589 734 verba,
1620 663 1879 743 bonique
1910 662 2113 724 consi-
2194 662 2349 726 videt
2371 666 2429 726 in
2458 667 2546 741 (41
2566 665 2814 739 )somnis
2838 666 3086 729 Basilius
3106 666 3548 728 multitudinem
3577 667 3853 737 caelestis

463 748 527 809 lii
552 756 760 811 auctor
788 752 1049 814 eilicitur
1081 753 1327 816 dicens:
1363 776 1385 809 α
1418 753 1631 826 Nihili,
1665 753 1897 827 fratres,
1935 770 2110 832 pecu-

462 837 620 900 niam
680 840 989 918 facientes,
1027 851 1280 905 vestram
1340 853 1542 904 curate
1592 843 1883 922 salutcm;
1938 849 2022 919 ut,
2059 842 2105 902 si

462 939 638 995 etiam
667 939 913 1011 tyranno
947 932 1032 994 illi
1065 933 1411 1012 imperatori
1456 933 1817 995 concedatur
1844 938 2101 1011 tempus,

461 1038 598 1083 eum
633 1020 982 1084 muneribus
1012 1022 1369 1084 molliamus.
1402 1044 1431 1082 ι
1466 1023 1642 1084 Atilii
1684 1024 1742 1085 in
1779 1040 1918 1083 suas
1947 1022 2106 1101 quis-

457 1130 572 1191 que
603 1111 895 1174 abeuntes
934 1116 1163 1181 domos.
1192 1132 1299 1175 sua
1348 1112 1588 1192 singuli,
1625 1121 1744 1174 tum
1776 1117 1834 1172 in
1871 1130 2013 1173 auro
2049 1119 2107 1172 et

458 1203 1071 1284 argento,lapillorum
1092 1205 1604 1266 itemimmensam
1631 1201 2097 1274 multitudinem,

460 1292 584 1352 suis
604 1292 718 1371 ipsi
742 1292 1442 1356 manibusattuleruntls
1462 1311 1602 1356 vero
1628 1310 1834 1354 eorum
1857 1310 2100 1372 perspe-

460 1388 556 1442 cta
583 1382 887 1446 alacritate
913 1384 1233 1465 animoque
1285 1383 1358 1445 ad
1410 1382 1861 1463 obsequendum
1916 1380 2094 1461 facili,

458 1483 703 1553 accepta
724 1474 996 1555 deposuit
1020 1476 1076 1536 in
1111 1474 1383 1536 ecclesiae
1410 1473 1689 1545 armario,
1726 1470 2096 1550 singulorum

454 1560 758 1645 inscriptis
787 1564 1364 1640 nominibus,dicens
1394 1584 1407 1625 :
1436 1564 1631 1624 Potest
1655 1561 2094 1623 destinatorum

457 1652 746 1715 Dominus
769 1664 828 1716 et
848 1654 1015 1717 illum
1038 1654 1466 1733 interficere,et
1486 1660 1743 1714 vestram
1770 1650 1937 1712 vobis
1960 1650 2096 1712 sub-

457 1744 727 1804 stantiam
761 1745 1103 1808 restituere.

2195 753 2439 827 militim,
2465 756 2561 819 hic
2583 756 2704 819 illic
2732 757 2791 819 in
2816 764 3057 830 monte;
3086 756 3469 837 mediamque
3499 756 3763 827 illorum,
3785 764 3860 820 in

2191 844 3127 927 sedegloriosa,muliebrihabitu
3153 847 3553 923 feminam,sic
3567 847 3858 911 aﬂ‘antem

2190 941 2448 997 astantes
2508 936 2644 998 illos
2701 937 2859 998 viros
2910 936 3290 1015 magnificos:
3332 962 3358 992 α
3415 940 3641 1002 Vocate
3701 938 3863 1000 mihi

2190 1025 2577 1097 Mercurium,
2605 1027 2832 1105 ibitque
2852 1032 2918 1090 ut
2940 1027 3241 1088 Julianum
3266 1026 3613 1099 interficiat,
3649 1030 3751 1108 qui
3784 1028 3859 1090 in

2191 1114 2400 1176 Filium
2420 1134 2615 1178 meum
2640 1126 2698 1177 et
2718 1115 3034 1178 Dominum
3053 1114 3258 1178 Jesum
3275 1116 3484 1193 inique
3503 1122 3642 1196 egit.
3658 1116 3815 1183 nSan
3832 1156 3857 1166 -

2185 1212 2313 1264 ctus
2343 1224 2503 1275 vero.
2540 1207 2665 1269 suis
2694 1206 2972 1267 omnibus
3003 1207 3188 1267 armis
3222 1208 3849 1285 instructus.jubente

2183 1292 2305 1374 illa,
2341 1305 2552 1374 prtesto
2600 1295 2939 1375 adveniens,
2974 1296 3288 1357 confestim
3339 1296 3462 1358 ivit.
3524 1298 3835 1361 Accersito

2183 1392 2376 1445 autem
2415 1387 2627 1448 Basilio
2649 1385 2889 1447 tradidit
2916 1387 2971 1447 ei
3002 1387 3243 1461 librum,
3273 1405 3390 1467 quo
3419 1393 3544 1449 tota
3566 1390 3791 1451 creatio
3811 1424 3843 1436 -

2186 1473 2275 1535 nis
2310 1477 2565 1538 narratio
2596 1478 2816 1555 scripta
2846 1484 3027 1548 esset,
3052 1485 3543 1559 postremumque
3576 1477 3841 1543 hominis

2180 1583 2215 1625 a
2244 1563 2364 1625 Deo
2390 1564 2687 1627 formatio.
2727 1567 2910 1629 Porro
2942 1565 3077 1627 libri
3112 1566 3282 1627 initio
3318 1568 3443 1628 haec
3499 1575 3627 1628 erat
3684 1569 3839 1631 scri-

2183 1653 2305 1733 ptio
2331 1676 2343 1714 :
2389 1678 2410 1710 a
2448 1655 2572 1734 Dic,
2600 1681 2622 1713 υ
2653 1656 2714 1716 in
2742 1656 3101 1735 fineautem,
3131 1656 3230 1718 ubi
3255 1656 3515 1720 hominis
3547 1656 3822 1722 formatio

2184 1743 2583 1808 habebaturzu
2609 1746 3210 1825 l’arce.»Suscipiens
3226 1754 3422 1808 autem
3448 1747 3667 1809 librum
3685 1748 3838 1831 legit

532 1834 663 1895 Mox
694 1854 833 1914 ergo
845 1834 1018 1915 jubet
1048 1843 1109 1896 ut
1154 1835 1356 1896 clerus
1379 1833 1812 1910 universusque
1843 1832 2100 1895 civitatis
2124 1819 2161 1868 Β
2184 1834 2716 1914 coramilla,usque
2735 1835 2808 1895 ad
2829 1834 2988 1895 illam
3010 1819 3538 1917 subscriptionem,
3559 1819 3829 1906 merce:-

452 1923 723 2002 populus,
752 1944 885 1985 cum
926 1924 1278 1986 mulieribus
1325 1934 1385 1986 et
1419 1924 1698 2003 parvulis,
1737 1925 1797 1983 in
1836 1930 2096 1983 montem

448 2010 702 2092 Didymi,
736 2013 837 2074 ubi
878 2032 1163 2094 perquam
1220 2011 1564 2074 venerabile
1619 2014 1721 2072 Dei
1787 2011 2098 2091 genitricis

449 2102 733 2181 templum
766 2103 983 2165 honori
1030 2102 1286 2165 habetur
1340 2110 1398 2163 et
1452 2101 1686 2172 colitur,
1722 2101 2090 2179 ascendant;

452 2199 690 2274 tresque
715 2192 845 2256 dies
857 2193 1073 2274 jejuni,
1097 2193 1348 2256 orationi
1382 2191 1603 2253 instent
1632 2212 1647 2269 ;
1676 2210 1746 2255 ac
1779 2195 1994 2271 Deum,
2033 2200 2095 2252 ut

447 2370 777 2430 diruissent.
804 2372 949 2441 Quin
969 2371 1137 2430 etiam
1163 2371 1447 2429 universa)
1469 2370 1680 2429 civi'ati
1704 2373 1953 2444 graviter
1969 2388 2094 2429 suc—

443 2444 667 2515 censuit
697 2446 991 2515 iratusque
1028 2454 1128 2509 est,
1188 2445 1549 2514 minatusque
1606 2444 1759 2514 quod
1815 2445 2089 2515 templnm

424 2513 705 2581 Fortunae,
767 2513 919 2586 quod
980 2516 1162 2573 solum
1222 2530 1288 2572 eo
1353 2513 1634 2586 regnante
1696 2513 2019 2586 supererat,
2056 2533 2083 2574 a

425 2585 762 2645 Christianis
792 2585 1057 2645 eversum
1081 2598 1228 2646 esset
1262 2604 1274 2643 :
1312 2585 1480 2658 atque
1512 2585 1780 2657 gentiles,
1800 2588 1893 2655 qui
1933 2585 2083 2643 inea

434 2658 580 2731 urbe
609 2661 772 2731 pauci
806 2673 1047 2717 numero
1104 2668 1283 2723 erant,
1352 2658 1515 2715 valde
1574 2659 1872 2731 incusavit.
1935 2664 2087 2729 quod

438 2729 582 2786 illud
610 2729 830 2789 facinus
860 2732 956 2787 ulti
990 2746 1106 2789 non
1139 2732 1379 2789 fuissent
1412 2754 1422 2786 :
1462 2738 1513 2786 et
1536 2731 1582 2787 si
1617 2730 1759 2787 forte
1788 2731 2087 2787 calamita-

437 2802 508 2876 tis
538 2802 755 2876 aliquid
779 2803 907 2862 ideo
939 2803 1294 2876 subeundum
1350 2812 1520 2870 esset,
1550 2801 1704 2876 quod
1736 2802 1792 2858 id
1840 2815 1952 2859 non
2017 2804 2086 2859 li-

439 2873 708 2933 bentibus
748 2876 958 2932 animis
1022 2891 1129 2947 pro
1184 2874 1432 2933 Fortuna
1488 2873 1818 2947 tulissent:
1884 2889 2084 2931 omnes

435 2954 707 3017 praeterea
746 2962 883 3017 opes
938 2945 1284 3018 omnemque
1327 2945 1627 3018 pecuniam
1686 2946 2084 3017 ecclesiarum,

434 3024 556 3075 tum
587 3018 646 3077 in
678 3017 950 3085 Caesarea,
989 3025 1109 3075 tum
1140 3018 1199 3074 in
1253 3017 1519 3074 conﬁniis
1552 3017 1675 3088 ejus
1736 3020 2079 3086 positarum,

437 3088 739 3162 diligenter
801 3090 1069 3162 vestigari
1122 3088 1592 3162 inquemedium
1654 3089 1862 3162 afferri,
1911 3100 2082 3162 atque

434 3160 624 3218 statim
670 3170 955 3218 trecentas
998 3160 1177 3216 libras
1207 3161 1330 3217 auri
1373 3162 1568 3217 aerario
1629 3160 1859 3231 publico
1910 3161 2078 3227 solvi,

436 3240 491 3289 et
523 3232 763 3289 clericos
802 3246 1002 3290 omnes
1026 3232 1091 3289 in
1122 3246 1426 3303 numerum
1455 3232 1725 3302 militum,
1748 3234 1845 3303 qui
1887 3232 2082 3301 praefe-

2186 1926 2506 2004 statimque
2529 1933 2687 1985 metu
2713 1924 2935 2003 pariter
2955 1934 3015 1988 et
3037 1926 3249 2003 gaudio
3275 1933 3691 2001 actus,tomum
3719 1930 3832 1991 de-

2180 2013 2392 2074 cussit.

2261 2103 2542 2182 Ejusdem
2562 2121 2737 2184 porro
2770 2103 3041 2183 rationis,
3067 2103 3246 2165 etiam
3282 2104 3564 2168 Libanius
3585 2106 3708 2187 (42)
3734 2127 3823 2170 so-

2179 2194 2391 2274 phista,
2418 2193 2544 2273 ipsa
2589 2204 2760 2254 nocte
2806 2195 3104 2257 somnium
3139 2194 3301 2270 vidit,
3328 2214 3461 2258 cum
3491 2195 3735 2260 Iuliano
3767 2199 3832 2261 in

2175 2381 2311 2437 tam,
2344 2379 2472 2443 post
2523 2386 2723 2445 necem
2766 2373 2913 2443 ejns,
2962 2374 3175 2445 scripta
3244 2388 3346 2430 sua
3415 2375 3839 2435 elucubrarinr

2174 2445 2461 2521 quomodo
2502 2443 2573 2521 _id
2627 2453 2881 2521 poterant
2945 2443 3537 2521 prieteriresilentio,
3585 2447 3633 2506 si
3689 2451 3831 2521 quid

2175 2515 2457 2586 ejusmodi
2496 2515 2707 2573 factum
2738 2516 2937 2573 fuisset
2971 2520 3001 2571 ?
3051 2518 3444 2588 Apparitionis
3502 2515 3836 2579 autem‘hic

2172 2596 2413 2646 narratae
2476 2588 2698 2646 vacillat
2762 2588 2919 2647 ﬁdes.
2984 2599 3216 2657 propter
3270 2593 3634 2661 episcopatus
3688 2607 3836 2649 ana-

2173 2661 2594 2731 chronismum,
2626 2661 2723 2731 qui
2758 2661 2927 2716 etiam
2965 2661 3252 2730 reperitur
3278 2677 3349 2718 ex
3380 2663 3491 2718 alia
3535 2662 3709 2721 simili
3742 2664 3835 2721 le-

2171 2733 2376 2802 genda,
2410 2735 2468 2788 in
2504 2730 2765 2788 Chronico
2795 2731 3164 2787 Alexandrino
3199 2730 3268 2787 ad
3299 2746 3515 2790 annum
3548 2735 3678 2799 363,
3717 2736 3834 2793 hoc

2170 2813 2367 2863 tenore
2401 2820 2413 2860 :
2448 2822 2473 2855 ι
2509 2802 2713 2859 Eadem
2756 2810 2923 2859 nocte
2967 2803 3122 2872 (quas
3153 2810 3274 2872 post
3304 2804 3515 2860 Juliani
3580 2816 3833 2866 mortem

2210 2878 2351 2932 rima
2388 2876 2518 2940 fuit)
2568 2873 2855 2929 somnium
2915 2873 3055 2930 vidtt
3113 2875 3518 2930 sanctissimus
3558 2875 3834 2948 Basilius,

2167 2888 2442 3002 Emsareae
2478 2946 2804 3002 enisconus.
2846 2943 3021 3000 caelos
3076 2951 3305 3002 apertos
3358 2953 3412 3000 et
3469 2944 3831 3002 Salvatorem

2207 2962 2442 3004 asserem
2478 2946 2804 3015 episcopus,
2846 2943 3021 3000 caelos
3076 2951 3305 3013 apertos
3358 2953 3412 3000 et
3469 2943 3831 3005 Salvatoreni

2166 3017 2454 3075 Christum
2492 3017 2546 3072 in
2581 3016 2788 3072 throno
2825 3016 3145 3085 sedentem,
3205 3027 3520 3085 magnoque
3571 3016 3829 3075 clamore

2497 3057 2954 3153 :"ltl‘er'cvnri,uahi,
2990 3057 3187 3141 occide
3215 3057 3515 3142 Julianum
3572 3057 3829 3157 imﬁ‘éii‘.’

2166 3168 2370 3225 torem,
2402 3160 2566 3216 iilum
2613 3156 2835 3216 hostem
2884 3158 3357 3214 Christianorum.
3420 3156 3669 3218 Sanctus
3713 3175 3824 3217 au-

2165 3240 2278 3289 tem
2314 3232 2647 3294 Mercurius,
2690 3238 2845 3285 stans
2877 3242 3071 3285 coram
3101 3228 3346 3285 Domino
3404 3230 3586 3288 lorica
3635 3230 3819 3290 ferrea

435 3311 524 3359 cto
567 3303 718 3377 illius
758 3303 1009 3375 regionis
1036 3300 1327 3374 parebant.
1362 3304 1567 3377 ascribi
1594 3300 1798 3377 jussit}
1824 3300 1946 3377 quae
1976 3318 2138 3377 res”
2168 3303 2416 3377 indutus.
2459 3302 2654 3359 audito
2704 3300 2973 3377 mandato
3029 3300 3276 3377 evanuit.
3332 3300 3550 3377 Bursns
3610 3303 3822 3377 deinde

435 3383 492 3431 et
545 3375 855 3443 plurimum
896 3386 1158 3446 sumptus
1214 3375 1475 3447 requirit,
1524 3375 1673 3433 et'in
1734 3376 2080 3433 exercitibus

436 3447 939 3528 Boomanismagno
970 3449 1181 3517 probro
1227 3446 1478 3506 ducitur.
1518 3449 1771 3528 Itemque
1808 3446 2077 3528 multitu-

436 3517 627 3576 dinem
656 3519 1131 3584 Christianorum.
1164 3535 1274 3577 una
1306 3535 1437 3578 cum
1463 3517 1740 3577 uxoribus
1767 3526 1821 3577 et
1860 3517 2076 3584 liberis,

437 3592 699 3663 censeri;
740 3600 795 3649 et
824 3606 939 3648 non
976 3590 1137 3649 aliter
1166 3602 1335 3663 atque
1391 3594 1448 3648 in
1498 3592 1662 3663 pagis
1727 3589 1847 3663 fieri
1913 3589 2075 3653 solet,

434 3662 643 3720 tributa
681 3672 958 3733 pensntare
980 3660 1301 3732 mandavit;
1343 3678 1473 3721 cum
1500 3660 1893 3734 jurejurando
1915 3674 2078 3719 com-

435 3732 705 3799 minatus,
749 3750 933 3807 neque
976 3736 1046 3793 ab
1087 3737 1168 3792 ira
1204 3751 1285 3802 se,
1308 3732 1597 3805 neque‘ab
1628 3732 2076 3807 amigen‘danci-

436 3807 605 3864 tritate
637 3801 1107 3877 temperaturum,
1141 3822 1327 3879 neque
1382 3801 1797 3879 permissurum
1836 3801 2080 3879 Galilaeis

435 3879 540 3945 (sic
571 3879 722 3935 enim
756 3874 1116 3936 Christianos
1175 3874 1277 3949 per
1332 3874 1738 3949 contumeliam
1788 3874 2079 3949 appellare

434 3949 674 4017 solebat)
706 3951 887 4020 capita
919 3967 1020 4008 sua
1052 3945 1375 4008 cervicibus
1397 3946 1669 4013 retinere,
1700 3947 1811 4003 nisi
1838 3945 2073 4020 delubra

431 4016 717 4100 idolorum
756 4016 1203 4100 _quamprimum
1235 4022 1305 4078 de
1328 4023 1551 4100 integro
1573 4027 1950 4100 exstruerem.
1976 4016 2077 4072 Cu-

434 4091 522 4150 'us
554 4094 723 4151 minae
751 4091 989 4152 fortasse
1021 4095 1206 4165 reipsa
1242 4091 1478 4161 expleta:
1512 4092 1773 4154 fuissent,
1816 4091 1927 4144 nisi
1983 4104 2075 4144 ce-

430 4106 674 4220 {criuse
714 4167 822 4220 vita
882 4167 1250 4220 minuisset:
1314 4164 1461 4220 Haec.
1517 4164 1771 4220 inquam.
1826 4160 2075 4220 pseudo-

454 4166 674 4243 eriu_s__e
714 4167 822 4243 vita
882 4160 1250 4243 migrasset.-
1314 4164 1461 4226 Haec,
1517 4164 1771 4243 inquam,
1826 4160 2077 4243 pseudo-

430 4236 842 4307 Amphilochio,
878 4233 991 4296 diu'
1016 4246 1142 4306 post
1170 4250 1291 4293 rem
1351 4245 1569 4305 gestam
1600 4233 1897 4307 scribenti,
1938 4246 2080 4289 con-

429 4305 554 4365 fuso
603 4323 837 4366 rumore
898 4307 1105 4369 audita.
1167 4307 1526 4365 occasionem
1583 4305 1713 4360 dare
1770 4306 2078 4374 potuerunt

431 4382 904 4438 comminiscendi
945 4397 1008 4436 ea
1030 4395 1152 4452 quae
1192 4378 1262 4433 de
1318 4378 1562 4434 adventu
1620 4375 1831 4433 Juliani
1885 4375 2078 4452 Caesa-

429 4464 587 4509 ream
617 4461 672 4509 et
704 4452 894 4510 Basilii
929 4449 1063 4508 cum
1101 4466 1168 4507 eo
1200 4464 1517 4520 congressu
1549 4457 1773 4505 narrata
1828 4457 1979 4520 sunt.
2014 4449 2080 4505 At

428 4536 614 4594 neque
655 4540 724 4581 ex
779 4524 1094 4583 Sozomeno
1153 4518 1406 4594 sequitur
1459 4520 1752 4578 Julianum
1811 4518 2079 4594 Caesareae

428 4590 681 4665 unquam
714 4597 889 4653 fuisse
932 4611 943 4650 :
980 4590 1284 4665 potuerunt
1319 4592 1471 4649 enim
1508 4593 1722 4654 omnia.
1755 4606 1884 4663 qum
1918 4590 2080 4665 Soco-

428 4662 631 4725 menus
671 4668 809 4725 facta
834 4662 998 4731 dixit,
1036 4667 1106 4722 ab
1161 4667 1505 4732 imperatore
1545 4662 1797 4733 apostata
1831 4676 1930 4733 per
1987 4662 2048 4717 lit

2099 3354 2139 3402 C

2166 3374 2321 3431 visus
2352 3383 2436 3430 est
2470 3381 2656 3429 astare
2685 3385 2881 3429 coram
2926 3372 3191 3439 Domino,
3225 3373 3548 3430 exclamans
3584 3390 3598 3431 :
3631 3376 3817 3432 Julia-

2164 3461 2271 3503 nus
2301 3445 2623 3516 imperator
2646 3443 2999 3513 interfectus,
3036 3453 3297 3502 mortuus
3329 3454 3434 3508 est,
3468 3454 3527 3503 ut
3559 3447 3807 3516 impera-

2163 3518 2252 3581 sti,
2288 3518 2549 3573 Domine.
2584 3515 2838 3574 Territus
2870 3532 2937 3574 eo
2967 3517 3220 3573 clamore
3278 3517 3588 3588 episcopus
3652 3515 3819 3576 Basi-

2163 3588 2275 3645 lius
2306 3604 2336 3642 e
2366 3601 2567 3645 somno
2600 3589 2881 3647 tutcitatur
2916 3604 2930 3647 :
2974 3590 3138 3646 illum
3174 3588 3327 3645 enim
3360 3587 3585 3647 colebat
3638 3589 3818 3647 Julia-

2162 3674 2272 3717 nus
2318 3662 2651 3729 impvrator,
2688 3668 2747 3717 ut
2818 3661 3004 3718 virum
3040 3659 3330 3717 eruditum
3396 3668 3451 3717 et
3490 3661 3817 3720 studiorum

2163 3733 2405 3793 socium,
2437 3732 2815 3803 crebriusque
2845 3733 2914 3787 ad
2968 3732 3134 3789 illum
3194 3731 3470 3802 epistolas
3534 3733 3815 3791 mittebat.

2162 3803 2529 3876 Descendens
2586 3801 2795 3861 deinde
2855 3803 3003 3860 idem
3059 3801 3307 3859 Basilius
3364 3804 3670 3876 episcopus
3758 3806 3815 3862 in

2159 3875 2338 3933 aedem
2367 3890 2589 3933 sacram
2621 3876 2693 3932 ad
2743 3889 2939 3947 preces
2998 3876 3329 3939 matutinas.
3386 3875 3667 3933 universo
3718 3878 3818 3934 ad-

2162 3956 2359 4019 vocato
2391 3948 2568 4010 clero.
2604 3948 2841 4019 visionis
2898 3960 3174 4019 arcanum
3234 3947 3479 4019 aperuit,
3548 3955 3602 4005 et
3660 3949 3817 4019 quod

2162 4018 2487 4091 interfectus
2517 4027 2665 4076 esset
2696 4018 2953 4075 Julianus
3001 4018 3331 4089 imperator,
3367 4020 3587 4091 hacque
3646 4018 3815 4077 nocte

2160 4090 2393 4147 obiisset
2422 4108 2434 4145 :
2464 4091 2503 4147 ii
2528 4091 3021 4161 vezoepiscopum
3080 4100 3356 4162 rogarunt
3399 4103 3459 4146 ut
3504 4090 3633 4148 haec
3682 4093 3813 4150 reti.

2159 4176 2311 4218 cem
2358 4162 2689 4232 neminique
2720 4162 3064 4219 enuntiaret.
3104 4181 3127 4211 ι

2233 4234 2341 4302 (4?)
2373 4233 2671 4291 Libanium
2705 4233 3011 4303 sophistatn
3050 4247 3184 4291 cum
3212 4232 3439 4291 Juliano
3490 4234 3549 4290 in
3580 4233 3818 4292 Perside

2163 4305 2356 4374 fuisse,
2402 4321 2513 4361 non
2548 4305 2710 4362 facile
2744 4306 2970 4363 credam
3002 4325 3014 4371 ;
3068 4305 3248 4379 multo
3289 4306 3483 4379 minus
3514 4309 3816 4379 quaestoris

2162 4391 2373 4449 munus
2404 4379 2616 4434 obiisse
2649 4395 2661 4431 :
2696 4391 2884 4449 neque
2910 4379 3063 4434 enim
3096 4377 3165 4434 ad
3227 4376 3338 4436 tale
3370 4376 3583 4434 muniis
3649 4385 3817 4449 aptus

2161 4448 2336 4505 fuisse
2371 4449 2592 4507 videtur
2649 4448 2937 4521 Libanius,
3010 4450 3400 4521 sophistarum
3462 4463 3623 4506 more
3680 4448 3814 4507 talia

2162 4534 2363 4590 parum
2396 4532 2633 4589 curans,
2665 4520 2974 4578 dummodo
3010 4520 3117 4577 sibi
3147 4530 3296 4578 esset
3324 4522 3471 4577 bene
3503 4541 3516 4575 :
3550 4523 3818 4590 quamvis

2160 4599 2300 4648 teste
2325 4591 2587 4662 Eunapio
2618 4606 2735 4649 non
2762 4605 2908 4663 esset
2955 4594 3141 4663 impar
3181 4591 3643 4649 administrandae
3699 4592 3817 4649 rei-

2166 4663 2422 4734 publicae,
2466 4674 2519 4721 et
2557 4667 2749 4722 causis
2780 4662 3051 4721 civilibus
3075 4663 3337 4726 idoneus.
3370 4666 3543 4721 etiam
3575 4664 3647 4721 ad
3706 4678 3817 4722 au-

427 4714 1020 4807 ἱὲἔέζὶὰᾜὶἶπῗτέἓὶὄε
1037 4714 1462 4799 “mactatast
1480 4714 1945 4807 ’θιᾲτιῐῖέᾟέἇιίῥί
1988 4714 2077 4790 ἔα
2102 4714 2145 4764 υ
2166 4714 2422 4794 διὲιῖἇόΗί
2465 4714 3543 4807 strh'craa'dasaue‘a‘sf“agebatis?
3567 4714 3689 4807 ᾇιῖω
3707 4714 3816 4795 Ἷιι

427 4805 874 4869 exsecutionem.
908 4809 1047 4874 lmo,
1082 4809 1129 4865 si
1156 4807 1479 4876 Nicephoro
1531 4806 1737 4865 Calisto
1768 4805 2079 4870 credimus,

425 4895 540 4938 non
571 4892 657 4939 est
692 4879 1038 4943 verosimile,
1070 4880 1362 4938 Julianum
1425 4894 1676 4951 unquam
1739 4878 1912 4935 fuisse
1969 4877 2082 4933 Cae-

425 4968 597 5010 sareae
634 4971 646 5010 :
683 4953 753 5009 ita
787 4953 938 5009 enim
974 4952 1079 5008 iste
1118 4952 1186 5008 de
1246 4953 1425 5021 impio
1458 4950 1555 5007 lib.
1614 4963 1711 5011 XL.
1781 4964 1905 5020 cap.
1971 4951 2004 5004 4
2064 4973 2076 5005 :

435 5045 456 5073 ι
514 5024 667 5090 Quas
726 5030 916 5080 autem
989 5022 1329 5081 civitatesin
1385 5021 1593 5081 Christi
1645 5022 1928 5093 religione
1981 5036 2081 5079 ar-

426 5094 713 5152 dentiores
771 5108 896 5150 esse
956 5097 1172 5153 sciret.
1236 5094 1481 5150 infestus
1545 5094 1624 5149 eis
1683 5094 1788 5151 fuit
1822 5136 1837 5161 ,
1890 5107 2077 5162 neque

426 5166 498 5237 ad
547 5180 641 5223 eas
701 5165 983 5225 divertere
1045 5166 1242 5225 voluit.
1302 5165 1363 5223 Et
1424 5180 1669 5237 perstepe
1722 5180 1856 5223 cum
1917 5163 2077 5237 lega-

429 5236 613 5310 tiones
644 5238 712 5295 ad
748 5253 898 5304 eum,
939 5250 1168 5310 propter
1205 5252 1401 5296 casum
1458 5236 1701 5308 aliquem
1773 5238 1872 5308 qui
1931 5236 2073 5310 inci-

426 5307 621 5434 d‘ipset,
652 5307 1376 5382 provincia’les'mitterent,
1419 5307 1617 5379 preces
1664 5307 1863 5366 eorum
1922 5308 2076 5378 reje—

426 5393 454 5434 α
509 5424 517 5434 .
556 5401 577 5430 ο

423 5389 517 5436 ett.
556 5401 577 5430 ο

499 5451 608 5525 (41)
639 5455 775 5509 Cum
807 5452 1070 5525 pluribus
1091 5453 1303 5511 sanctis
1335 5468 1433 5524 per
1464 5452 1653 5525 varias
1705 5451 1862 5509 orbis
1889 5457 2075 5525 partes

421 5523 633 5581 Julioni
694 5522 958 5583 interitus
1011 5526 1290 5583 divinitus
1336 5522 1689 5591 innotuerit,
1749 5538 1865 5580 non
1930 5522 2074 5579 foret

421 5595 924 5673 creditudilﬂcile,
950 5598 1121 5673 etiam
1146 5596 1373 5665 Basilio,
1407 5598 1465 5653 in
1497 5594 1810 5673 solitudine
1847 5595 2073 5673 Pontica

419 5671 697 5740 versanti,
724 5668 888 5740 impii
908 5670 1204 5728 interitum
1234 5684 1336 5740 per
1367 5668 1771 5725 revelationem
1801 5668 2077 5740 innotuis-

420 5753 502 5806 se,
551 5736 1056 5800 nisi'con'trarium
1114 5736 1380 5799 suaderet
1424 5741 1608 5811 ipsius
1641 5740 1820 5795 sancti
1856 5750 1911 5795 et
1967 5736 2077 5794 Na~

420 5812 676 5874 zianzeni
713 5812 1027 5873 silentium.
1060 5814 1199 5873 Nam
1229 5828 1360 5873 cum
1383 5812 1553 5871 simul
1601 5820 1800 5871 contra
1832 5813 2077 5884 Aposta-

2166 4808 2387 4865 theatro
2431 4806 2817 4878 spectatorum
2867 4806 3090 4865 animos
3142 4806 3387 4864 delinire
3445 4822 3510 4864 ac
3553 4806 3817 4866 recreare

2164 4888 2415 4949 possent.
2460 4879 2603 4936 Cum
2635 4880 2790 4935 enim
2820 4887 3123 4950 sequentes
3167 4879 3543 4951 imperatores
3603 4880 3813 4951 amplis

2166 4953 2374 5008 simum
2407 4951 2488 5024 illi
2524 4951 2817 5024 dignitatis
2843 4967 2905 5024 gr
2945 4951 3079 5009 dum
3105 4950 3448 5024 detulissent
3476 4957 3637 5024 (nam
3664 4952 3815 5009 salu-

2167 5031 2341 5079 tatum
2368 5023 2575 5092 palatio
2593 5021 2930 5094 'prafecttim
2962 5038 3028 5081 eo
3052 5024 3272 5080 honore
3295 5022 3451 5094 fungi
3470 5021 3810 5094 iusserant),

2167 5037 2341 5079 latum
2368 5037 2575 5092 patatto
2608 5037 2930 5094 praetectum
2962 5038 3028 5081 eo
3053 5037 3272 5080 nonore
3295 5037 3451 5149 iungi
3470 5037 3810 5094 jusserant),

2166 5094 2351 5151 noluit
2379 5095 2659 5162 accipere,
2693 5094 2981 5158 dictitans.
3042 5094 3353 5166 sophistam
3396 5095 3496 5151 tlo
3535 5094 3813 5166 majorem

2161 5180 2307 5222 esse.
2352 5165 2633 5236 Equidem
2668 5167 2860 5239 nescio
2891 5182 3000 5239 qua
3027 5165 3361 5225 auctoritate
3383 5177 3605 5239 asserat
3628 5165 3819 5225 Euna-

2162 5239 2313 5306 pius,
2351 5246 2653 5307 sequentes
2682 5237 2974 5297 Julianum
3013 5240 3389 5309 imperatores
3421 5237 3812 5309 amplissimas

2160 5308 2465 5381 dignitates
2498 5310 2735 5368 Libanio
2767 5311 3064 5377 obtulisse,
3097 5308 3232 5366 eum
3262 5308 3593 5381 iovinianus
3623 5311 3815 5381 ipsum

2161 5380 2425 5437 occidere
2459 5383 2718 5443 voluerit.
2752 5394 2804 5441 et
2868 5383 3188 5452 imperante
3249 5380 3575 5440 Theodosio
3632 5380 3809 5441 senex

2161 5462 2327 5527 esset.
2363 5453 2502 5527 Quis
2525 5463 2713 5512 autem
2743 5454 2939 5527 credat
2977 5454 3129 5525 quod
3159 5452 3255 5527 hic
3286 5452 3545 5521 ultimus,
3583 5456 3677 5527 qui
3708 5470 3817 5512 nec

2164 5524 2493 5598 militemln
2520 5528 2775 5584 exercitu
2809 5524 3031 5598 habere,
3084 5525 3315 5598 volebat
3379 5538 3496 5581 non
3558 5524 3814 5598 baptiza-

2162 5603 2307 5661 tum.
2342 5597 2613 5655 voluisset
2642 5598 2883 5669 impium
2922 5596 3284 5655 idololatram
3323 5597 3565 5669 evehere
3594 5596 3662 5656 ad
3725 5600 3812 5655 di-

2161 5670 2459 5741 guitatesg?
2490 5669 2597 5725 “iet:
2628 5669 2697 5727 de
2723 5668 2969 5733 Valente,
2994 5672 3257 5740 quamvis
3282 5668 3514 5741 Ariano,
3538 5671 3816 5729 credibile

2163 5740 2425 5811 estquod
2454 5741 2722 5798 voluisset
2748 5742 3070 5799 honoribus
3130 5740 3422 5799 cumulare
3480 5740 3592 5799 tam
3647 5744 3813 5801 fami-

2162 5811 2364 5871 liarem
2389 5812 2642 5872 amicum
2669 5814 2879 5875 Juliani
2917 5817 3207 5887 Apostata,
3249 5813 3416 5885 cujus
3461 5814 3812 5889 impietatem
