4140 6404
525 333 925 397 EXCERPTA
970 335 1067 397 EX
1114 335 1332 397 ACTIS
1376 337 1432 397 S.
1484 331 1760 396 BASlLlI
1808 332 2408 396 BOLLANDIANIS.
2443 368 2517 377 -—
2550 334 2737 396 VITA
2782 334 3260 399 APOCRYPHA.

3471 357 3618 404 CCCV

235 464 489 527 Perside
516 466 823 542 exsistens,
850 485 918 529 ac
952 470 1258 548 quaestoris
1283 487 1496 529 munus
1517 468 1744 530 obiens.
1770 470 1874 532 Ba-
1900 484 1937 531 A
1961 468 2138 529 citius
2166 469 2239 532 ad
2275 479 2535 533 montem
2573 494 2585 531 :
2628 470 3011 554 excitansque
3046 489 3195 551 quos
3213 472 3337 535 illic
3358 475 3619 556 relique-

231 554 405 615 silius
425 572 565 635 ergo
588 576 658 617 ex
678 557 900 619 visione
916 566 1187 639 stupens,
1218 559 1464 639 soloque
1488 558 1720 621 Eubulo
1771 578 1876 621 ex-

230 647 437 719 citato,
473 647 781 708 descendit
814 668 943 709 eum
978 650 1123 710 eoin
1154 646 1477 721 civitatem,
1507 650 1782 730 venitque
1806 651 1877 711 ad

227 736 421 799 sancti
450 738 716 817 Martyris
739 738 1012 799 Mercurii
1039 740 1413 818 martyrium,
1441 740 1498 798 in
1523 759 1637 819 quo
1659 749 1715 802 et
1748 740 1878 819 ipse

224 833 291 885 et
317 844 487 888 arma
517 828 646 907 ejus
671 830 857 907 posita
883 837 1050 891 erant
1078 847 1091 891 :
1115 847 1376 905 cumque
1397 830 1721 909 quaesisset,
1759 850 1874 891 non

218 924 367 976 sunt
397 922 658 979 inventa.
685 920 984 980 Advocato
1009 929 1206 979 autem
1230 920 1499 993 custode,
1530 933 1876 998 percuncta-

217 1005 406 1067 batur
439 1007 683 1068 ubinam
714 1010 979 1087 gentium
1007 1014 1228 1069 esseni.
1256 1006 1310 1069 Is
1334 1027 1471 1069 vero
1503 1018 1874 1071 sacramento

215 1097 561 1177 respondit,
594 1097 779 1159 fuisse
810 1098 1065 1178 vesperi,
1105 1097 1205 1159 ubi
1239 1116 1342 1176 pro
1377 1117 1541 1159 more
1591 1100 1875 1161 continue

214 1195 624 1248 servarentur.
655 1186 826 1249 Certo
853 1189 1031 1266 igitur
1053 1206 1371 1265 persuasus
1397 1188 1873 1261 :‘Trtsilius,veratn

214 1291 358 1337 esse
386 1277 944 1357 visionem,Deoque
968 1276 1103 1337 data
1120 1276 1333 1356 gloria,
1365 1278 1463 1357 qui
1492 1298 1605 1336 non
1626 1278 1879 1358 despicit

213 1367 596 1429 conﬁdentes
617 1369 677 1428 in
701 1366 1142 1449 ipsum,ardore
1165 1366 1347 1426 multo
1362 1366 1700 1444 gaudioque
1717 1368 1875 1429 ittex~

216 1456 958 1535 plicabili,dormientibus
979 1456 1172 1516 adhuc
1195 1456 1679 1527 omnibus,rediit
1700 1475 1876 1537 quam

213 1632 303 1692 ita
359 1636 667 1693 deteStatus
732 1634 936 1705 fuerat,
974 1641 1033 1688 ut
1087 1634 1396 1704 prtelegerit
1451 1634 1684 1705 cingulo
1736 1636 1885 1692 mili-

214 1706 334 1761 tari
372 1706 583 1774 potius,
608 1717 780 1774 quam
820 1704 1145 1760 Christiano
1174 1706 1394 1760 nomini
1429 1704 1783 1763 renuntiare.
1820 1707 1877 1765 Si

214 1785 421 1832 tamen
482 1775 784 1833 credamus
844 1776 1131 1846 Eunapio,
1178 1784 1495 1846 recusatam
1554 1794 1581 1833 a
1634 1779 1874 1837 Libanio

262 1848 629 1904 rmfecturam
677 1847 888 1916 palatii,
951 1845 1237 1916 qUomodo
1271 1848 1360 1901 hic
1419 1849 1715 1905 admittere
1776 1866 1869 1907 vo-

251 1918 426 1973 uisset
458 1920 764 1992 quaesieris
786 1932 995 1973 munus
1010 1918 1381 1992 _?_Au_d_iamus
1403 1933 1557 1992 nunc
1581 1920 1647 1976 de
1680 1924 1871 1992 seipso

202 1986 544 2061 loquentem
569 1988 890 2061 Libanium,
924 1987 1063 2061 quid
1099 1989 1540 2061 sibi‘contigerit
1571 1993 1627 2047 in
1654 1986 1866 2051 Juliani

200 2057 858 2135 Persicanpeditione.
899 2057 1119 2126 {Quod
1167 2059 1235 2115 ad
1266 2057 1553 2133 reliquum
1618 2075 1862 2135 tempus,

202 2130 367 2203 quod
402 2130 811 2203 hineelﬂuxit,
846 2136 1047 2202 inquit,
1082 2147 1263 2203 usque
1312 2130 1410 2189 ad“
1442 2130 1863 2203 expeditionem

202 2202 493 2274 adversus
552 2201 791 2266 Persas,
829 2201 996 2274 alies
1056 2201 1186 2260 alio'
1220 2213 1385 2274 pacto
1450 2201 1637 2263 affecit
1692 2226 1710 2265 :
1765 2211 1865 2266 sed

208 2273 354 2329 mihi
394 2274 578 2349 majus
619 2275 776 2349 apud
822 2273 996 2349 illum
1036 2273 1247 2349 ameris
1293 2278 1535 2349 attulit;
1582 2279 1864 2349 siquidem

208 2348 597 2415 perseveravit
627 2346 735 2401 hoc
765 2347 823 2402 in
857 2361 955 2401 ore
988 2347 1197 2403 habere
1231 2363 1243 2402 :
1290 2347 1492 2403 Munus
1524 2349 1625 2405 tibi
1651 2346 1865 2409 confe-

204 2430 337 2473 ram
372 2417 674 2493 excedens,
700 2418 851 2488 quod
885 2432 1001 2474 non
1024 2418 1503 2493 quemadmodum
1538 2420 1644 2477 alia
1668 2423 1862 2493 fugere

201 2502 460 2558 possem.
495 2488 683 2555 Quare
715 2503 847 2545 cum
898 2490 1343 2547 coenavissemus
1401 2494 1647 2557 (coactus
1708 2488 1861 2551 enim

200 2560 279 2616 ab
323 2560 421 2617 illo
445 2561 706 2634 fueram),
739 2561 808 2634 Mi
842 2562 1030 2634 homo,
1094 2562 1301 2634 inquit,
1367 2572 1588 2634 tempus
1657 2576 1742 2621 est
1803 2576 1861 2624 ut

202 2646 426 2707 munus
457 2632 725 2707 accipias,
769 2632 1047 2707 Equidem
1119 2633 1411 2707 conjicere,
1434 2632 1548 2691 non
1604 2647 1859 2707 poteram

198 2704 489 2774 quidnam
522 2704 675 2761 istud
705 2704 890 2776 foret;
947 2704 1042 2759 ille
1103 2720 1236 2761 vero
1296 2705 1528 2776 subjecit
1562 2728 1573 2760 :
1605 2704 1857 2766 'Videris

199 2776 353 2850 mihi
378 2777 435 2831 in
471 2775 980 2850 oratorumalbum
1018 2777 1091 2833 ob
1124 2775 1419 2834 sermones
1455 2782 1855 2850 transcriptus,

197 2848 277 2903 ob
312 2850 566 2905 actiones
604 2862 735 2904 vero
766 2849 824 2904 in
863 2849 1332 2919 phiiosophorum
1373 2863 1677 2907 numerum
1707 2848 1855 2909 reia-

205 2928 326 2976 tus.
353 2919 454 2975 His
486 2919 649 2994 dictis
673 2919 996 2994 _oblecta_tus
1024 2934 1172 2994 sum,
1218 2928 1277 2977 ut
1306 2919 1441 2994 olim
1461 2921 1752 2994 Lycurgus
1783 2925 1855 2981 ob

198 3005 551 3061 responsum
584 2991 685 3048 Dei
717 2991 1012 3049 oraculare
1080 2992 1149 3047 de
1180 3007 1240 3048 se
1310 2992 1433 3063 ipso
1488 2991 1516 3049 ί
1564 2991 1854 3053 enimvero

199 3063 333 3119 haec
362 3063 437 3119 ab
502 3078 587 3129 eo,
624 3064 721 3134 qui
754 3077 885 3119 cnm
915 3062 1024 3119 diis
1056 3062 1520 3131 conversabatur,
1556 3066 1701 3124 dicta
1735 3069 1853 3125 fue-

190 3143 353 3207 rant.
390 3134 574 3207 Porro
608 3134 913 3205 praemissis
945 3151 974 3189 e
1002 3144 1221 3199 senatu,
1257 3137 1353 3207 qui
1386 3148 1756 3207 precarentur
1794 3150 1853 3198 ut

192 3206 585 3264 Tarsensibus
615 3207 1040 3264 dimitterentur
1091 3206 1355 3275 crimina,
1398 3209 1558 3277 dixit,
1598 3224 1660 3267 se
1712 3227 1852 3269 con-

193 3292 497 3335 cessurum
528 3280 657 3335 urbi
688 3276 944 3339 Cilicum.
978 3280 1023 3334 si
1049 3279 1192 3336 Deus
1230 3281 1419 3350 ipsum
1461 3276 1711 3339 servaret
1754 3301 1767 3341 :
1797 3293 1851 3341 et

190 3351 450 3433 profecto
484 3350 1158 3433 mihiperspicuumest,
1190 3351 1398 3433 inquit,
1438 3354 1575 3424 quid
1632 3354 1702 3410 ad
1736 3357 1849 3411 haec

191 3431 539 3494 eventurum
573 3424 669 3491 sit;
704 3433 767 3479 ut
797 3422 855 3479 in
886 3422 1174 3494 legatione
1219 3422 1485 3480 functuro
1534 3438 1688 3493 spem
1751 3442 1847 3482 ve-

186 3500 370 3552 stram
401 3491 695 3562 collecetis
720 3513 731 3546 :
759 3494 914 3550 hunc
946 3491 1136 3551 autem
1164 3495 1361 3565 ipsum
1396 3495 1535 3550 illuc
1564 3491 1846 3565 proﬁcisci

186 3580 423 3623 mecum
455 3565 756 3636 oportebit.
809 3565 953 3637 Tum
1023 3564 1379 3636 amplexatus
1436 3564 1844 3637 laerymantem

190 3651 311 3694 non
345 3637 692 3709 lacrymans,
721 3638 840 3709 jam
869 3636 1175 3694 Persarum
1217 3637 1365 3694 mala
1423 3636 1696 3708 cernens,
1743 3655 1844 3709 po-

188 3708 649 3782 stremislitteris
662 3708 912 3782 scriptis,
929 3708 1141 3765 ﬁnibus
1160 3710 1389 3782 imperii
1402 3708 1842 3782 excessit,agros

190 3725 422 3766 stremts
444 3725 773 3766 niterisscri
820 3725 912 3779 iis,
929 3725 1141 3765 nninus
1160 3725 1842 3782 rmperuexcessrt,agros

190 3780 575 3854 depopulans,
608 3725 839 3839 castella
874 3789 928 3838 et
962 3780 1392 3853 propugnacula
1424 3783 1676 3853 capiens,
1732 3782 1842 3841 ﬂu-

190 3854 319 3910 vios
341 3855 647 3925 trajiciens,
674 3867 870 3910 muros
895 3854 1251 3925 concutiens,
1275 3854 1447 3910 urbes
1469 3868 1838 3925 expugnans:

197 3934 369 3999 atque
410 3924 614 3999 horum
638 3924 1084 3999 singulapnullus
1116 3925 1438 3990 nuntiavit;
1463 3930 1561 3999 sed
1582 3924 1842 3999 nosgau-

189 3996 287 4053 dio
318 3997 697 4067 spectantium
746 3996 1148 4068 gaudebamus,
1187 4012 1251 4054 ea
1279 4011 1401 4069 quae
1456 3998 1575 4069 jam
1612 3996 1834 4065 ﬁebant,

190 4083 365 4139 porro
398 4071 565 4126 etiam
603 4071 812 4125 factum
845 4070 913 4125 iri
946 4069 1261 4132 credentes,
1332 4084 1463 4126 cum
1534 4072 1594 4126 in
1656 4072 1838 4128 virum

184 4142 624 4211 inspiceremus.
657 4140 860 4197 Verum
894 4141 1118 4197 fortuna
1150 4156 1281 4197 suas
1313 4151 1501 4212 partes
1532 4142 1665 4212 egit.
1706 4145 1839 4200 Nam

186 4226 323 4269 cum
356 4212 640 4269 exercitus
682 4212 929 4268 caedibus
961 4220 1015 4267 et
1073 4213 1203 4282 fuga
1263 4212 1560 4270 Persarum
1623 4227 1835 4281 ovaret,

186 4285 601 4357 certaminibus
629 4284 913 4356 gymnicis
943 4294 999 4339 et
1021 4286 1421 4357 equestribus,
1455 4300 1576 4355 quae
1614 4301 1644 4339 a
1711 4302 1842 4357 pro-

186 4356 532 4428 pugnaculis
608 4355 941 4427 spectabant
1007 4355 1394 4428 Ctesiphontis
1465 4355 1829 4423 habitatores,

1966 566 2057 619 rat
2074 560 2213 620 etad
2229 578 2437 640 preces
2460 562 2751 635 hortatus,
2790 561 3044 623 faustum
3081 561 3142 621 in
3174 580 3316 623 voce
3349 566 3613 629 exsulta-

1962 647 2141 708 tionis
2173 648 2342 710 factm
2372 650 2485 711 sibi
2518 650 2799 711 divinitus
2822 650 3203 712 revelationis
3234 653 3505 712 nuntium
3530 665 3614 716 at-

1966 737 2113 811 tulit,
2150 739 2302 819 quod
2337 749 2509 800 nocte
2542 740 2643 800 illa
2695 747 2975 820 tyrannus
3037 739 3302 801 sublatus
3348 740 3561 803 fuisset
3595 765 3607 807 :

1963 833 2334 908 peractisque
2366 829 2784 889 communibus
2804 829 3070 889 omnium
3096 828 3265 909 votis,
3294 831 3608 908 gratiarum

1960 916 2310 987 actionibus,
2346 936 2620 978 reversus
2652 927 2741 978 est
2787 920 2844 977 in
2877 918 3203 993 civitatem,
3234 920 3454 997 jubens
3477 940 3609 983 orn-

1961 1006 2159 1079 nibus,
2196 1015 2256 1066 ut
2286 1008 2342 1067 in
2378 1026 2586 1086 magna
2614 1008 2865 1068 ecelesia
2926 1007 3123 1087 positi,
3159 1008 3369 1069 divinae
3430 1010 3607 1073 litur-

1962 1096 2071 1173 giae
2102 1096 2418 1175 participes
2448 1098 2681 1159 fierent.

2044 1184 2165 1245 Hoc
2194 1194 2389 1246 autem
2424 1185 2797 1265 ita_peracto,
2835 1186 3084 1267 ipsoque
3118 1186 3387 1251 elevante
3406 1204 3609 1254 sancta

1963 1273 2118 1353 (43),
2149 1294 2261 1335 non
2285 1284 2373 1336 est
2396 1276 2611 1336 factum
2627 1277 2887 1356 signum,
2927 1289 2991 1337 ut
3037 1277 3221 1337 moris
3243 1288 3387 1355 erat,
3418 1290 3478 1341 ut
3508 1283 3605 1343 ni-

1963 1368 2179 1424 mirum
2213 1364 2489 1426 columba
2530 1376 2890 1430 moveretur.
2944 1370 3075 1447 Ipso
3128 1385 3266 1429 vero
3312 1373 3607 1450 cogitante

1962 1453 2247 1532 quidnam
2280 1455 2368 1515 rei
2390 1466 2569 1529 esset,
2632 1456 2990 1537 vidiqunum
3050 1458 3123 1517 de
3179 1460 3605 1525 ventilantibus

1968 1632 2229 1689 acerbior
2256 1633 2410 1688 omni
2445 1632 2808 1705 jngulatione
2847 1635 3029 1693 futura
3056 1648 3225 1694 esset.
3262 1659 3281 1688 ιι
3321 1639 3400 1696 Ita
3432 1640 3608 1699 Liba-

1967 1706 2187 1785 niusin
2214 1705 2474 1785 oratione
2506 1706 2586 1760 De
2615 1708 2727 1763 vita
2771 1721 2894 1764 sua.
2938 1710 3123 1785 Atque
3164 1712 3346 1785 exhis
3383 1712 3605 1785 colligi-

1902 1766 2053 1834 Btur
2073 1775 2391 1851 bibanium.
2427 1788 2906 1851 necquaestgrem
2964 1766 3175 1836 Juliani
3230 1766 3602 1851 fuissefnoe—c

1961 1848 2224 1905 comitem
2255 1848 2315 1902 in
2345 1849 2703 1917 expeditione
2760 1848 3005 1913 Persica,
3039 1866 3144 1907 nec
3188 1848 3417 1908 vid:sse'
3445 1869 3604 1911 som-

1959 1922 2117 1976 nium
2147 1929 2346 1994 mortts
2384 1920 2508 1989 ejus
2541 1923 2914 1991 praesagium;
2950 1921 3048 1977 sed
3078 1937 3275 1978 necem
3328 1926 3600 1994 Apostataa

1954 2000 2007 2048 et
2041 1992 2259 2047 cladem
2289 1990 2675 2048 Romanorum
2710 1990 3014 2049 Antiochia;
3046 1995 3321 2051 duntaxat
3374 1990 3602 2054 intelle—

1953 2064 2128 2132 xisse,
2163 2064 2446 2134 simulque
2467 2074 2751 2133 spectasse
2773 2067 2829 2120 in
2853 2065 3185 2134 sandapbila
3211 2068 3414 2124 deferri
3439 2071 3601 2126 cada-

1950 2149 2045 2191 ver
2083 2177 2123 2209 ,_
2163 2132 2556 2209 sepeliendum
2598 2136 2756 2209 Tarsi
2818 2132 3065 2191 Cilicia.
3137 2137 3369 2194 Videtur
3428 2154 3597 2209 porro

1947 2205 2633 2331 pseudo-Amphilochius
2665 2207 2943 2277 ejusmodi
2968 2210 3260 2265 somnium
3292 2205 3599 2283 amngendi

1990 2278 2180 2331 ihanio
2213 2279 2573 2331 occasionem
2620 2284 2934 2331 sumnsisse
2964 2294 3034 2331 ex
3100 2282 3433 2331 Soznmenn.
3497 2287 3593 2331 nni

1990 2278 2180 2334 ibanio
2213 2279 3064 2356 occasiopeni“sumpsis_se__ex_
3100 2278 3458 2347 Sozomeno,‘
3497 2287 3595 2356 qui

1948 2349 2047 2405 lib.
2079 2361 2156 2414 vr,
2192 2348 2404 2422 eap.2,
2434 2352 2501 2406 de
2532 2350 2724 2422 aliquo
2752 2348 2826 2407 ex
2853 2350 3068 2408 Juliani
3096 2356 3438 2410 necessariis
3490 2348 3595 2414 ista

1947 2432 2143 2496 narrat
2175 2440 2244 2496 ;_¢
2274 2421 2493 2496 Dicitur
2522 2421 2679 2491 eum,
2718 2437 2850 2479 cum
2877 2424 2952 2496 ad
2980 2423 3272 2482 lulianum
3315 2428 3414 2496 qui
3474 2439 3595 2486 erat

1945 2494 2005 2568 in
2030 2489 2398 2568 Perside,__ire
2430 2489 2754 2568 maturaret,
2781 2496 2839 2548 in
2873 2494 2997 2550 loco
3046 2489 3440 2568 quodam-qui
3473 2509 3594 2557 erat

1946 2564 2001 2639 in
2039 2564 2121 2618 via
2157 2560 2383 2639 publica
2418 2572 2582 2639 s.tus_,
2620 2560 3009 2639 diversatum;
3042 2560 3096 2622 et
3160 2560 3380 2639 aedium'
3406 2585 3587 2639 petiu-

1944 2633 2025 2689 ria
2054 2640 2335 2708 coactum,
2366 2634 2423 2689 in
2455 2633 2695 2708 ecclesia
2741 2650 2873 2708 quae
2914 2636 2991 2690 ibi
3050 2646 3172 2693 erat
3228 2633 3588 2708 dormivisse,

1942 2704 2340 2780 et_secuudum
2372 2706 2621 2775 quietem
2668 2706 2753 2780 vel
2787 2720 2907 2760 rem
2939 2716 3155 2777 gestam
3216 2711 3447 2780 vidisse,
3500 2704 3585 2769 vel

1940 2777 2138 2852 saltem
2166 2780 2483 2852 somniasse
2532 2777 2862 2852 complures
2913 2792 2983 2852 ex
3013 2781 3287 2852 apostolis
3339 2791 3393 2837 et
3431 2777 3586 2852 'pro-

1940 2849 2128 2918 phetis
2179 2850 2234 2903 in
2297 2863 2474 2904 unum
2513 2850 2739 2913 coactis,
2798 2849 3046 2919 graviter
3095 2850 3163 2906 de
3224 2849 3589 2920 imperatoris

1940 2920 2284 2995 contumelia
2345 2920 3176 2995 adversus__ecelesias_facta,
3240 2936 3586 2995 conquestos

1941 3005 2083 3056 esse,
2124 2992 2469 3062 inivisseque
2496 2993 2825 3056 consilium,
2856 2993 2993 3062 quid
3027 2996 3081 3048 in
3145 2994 3247 3049 hac
3277 2992 3445 3051 causa
3505 2999 3584 3054 fa-

1870 3054 1915 3109 ε
1938 3054 2204 3121 ciendum
2227 3054 2395 3120 esset:
2428 3066 2510 3120 Ac
2537 3077 2669 3120 cum
2701 3078 2763 3120 ea
2804 3054 2957 3120 de're
2986 3074 3134 3121 esset
3188 3065 3580 3135 deliberatum,

1938 3142 1994 3194 et
2020 3138 2209 3192 adhuc
2239 3149 2440 3192 eorum
2468 3138 2646 3194 animi
2681 3136 2832 3193 velut
2876 3137 2934 3193 in
2967 3136 3141 3194 dubio
3184 3141 3395 3195 versari
3430 3140 3581 3196 vide-

1937 3218 2156 3270 rentur.
2190 3207 2397 3264 duose
2450 3211 2637 3266 medio
2690 3217 2990 3280 surgentes
3048 3214 3377 3267 cohortatos
3444 3216 3583 3270 reli-

1934 3292 2080 3356 quos
2108 3288 2182 3356 -ut
2214 3280 2848 3356 bono_a_nimoessen_t,
2887 3295 3263 3356 propereque,
3308 3288 3583 3356 tanquam

1933 3350 2002 3427 ad
2033 3350 2335 3427 delendum
2366 3350 2583 3407 Juliani
2612 3350 2939 3427 imperium,
2974 3350 3272 3410 econéilio
3296 3350 3578 3427 egressos.

1932 3422 2232 3479 Hominem
2256 3423 2440 3486 illum,
2480 3426 2576 3493 qui
2609 3426 2711 3480 bas
2742 3438 2834 3480 res
2873 3432 2988 3480 tam
3026 3422 3393 3483 admirabiles
3436 3443 3579 3486 eon-

1932 3495 2230 3572 templatus
2262 3495 2478 3572 fuerat,
2500 3505 2605 3550 iter
2631 3494 2700 3572 de
2731 3502 2931 3572 caetero
2982 3497 3305 3572 neglexisse
3334 3516 3348 3554 :
3412 3511 3581 3572 atque

1929 3564 2067 3638 dum
2100 3575 2256 3621 metu
2286 3566 2606 3634 perculsus,
2638 3566 2932 3632 haesitaret,
2961 3564 3089 3636 quis
3140 3568 3309 3638 hujus
3341 3564 3579 3629 visionis

1929 3636 2116 3691 exitus
2148 3638 2373 3691 futurus
2404 3645 2570 3701 esset,
2608 3638 2859 3693 secundo
2889 3645 3087 3693 eodem
3123 3639 3180 3694 in
3218 3636 3356 3695 loco
3422 3657 3578 3698 som-

1928 3706 2087 3763 nium
2123 3708 2363 3777 cepisse,
2412 3708 2734 3778 vidisseque
2784 3708 3055 3764 eumdem
3094 3710 3477 3779 apostolorum
3523 3724 3576 3770 et

1928 3780 2337 3850 prophetarum
2359 3787 2708 3850 conventum
2742 3794 2755 3835 :
2779 3790 2951 3849 atque
2972 3795 3041 3835 ex
3073 3784 3402 3850 improviso,
3423 3786 3577 3842 velut

1928 3848 1958 3905 ἐ
1989 3848 2077 3907 via
2122 3853 2181 3923 in
2218 3848 2540 3923 concilium
2585 3848 2876 3921 ingressos
2926 3850 3081 3915 illos,
3134 3848 3233 3922 qui
3280 3858 3576 3923 superiore

1926 3934 2092 3980 nocte
2125 3922 2190 3978 ad
2214 3922 2505 3979 Julianum
2537 3924 2985 3993 expugnandum
3018 3923 3296 3988 abierant,
3352 3922 3575 3985 caeteris

1927 4010 2037 4066 que
2068 3998 2360 4050 nuntiasse
2391 4009 2521 4051 eum
2561 3996 2813 4050 occisum
2864 4010 3007 4050 esse.
3053 4016 3073 4045 η
3112 3996 3328 4051 Putarit
3383 3999 3572 4055 forsan

1927 4067 2621 4138 pseudo-Amphilochius,
2656 4068 2825 4122 istum
2866 4068 2934 4122 de
2966 4082 3077 4136 quo
3111 4069 3204 4122 hic
3240 4069 3357 4139 agit
3400 4070 3575 4126 Sozo-

1928 4154 2152 4204 manus,
2176 4139 2395 4213 Juliani
2417 4140 2806 4213 necessarium
2828 4153 2848 4207 ;
2873 4140 2964 4195 cui
2988 4139 3115 4213 talis
3139 4141 3334 4196 visisio
3366 4142 3576 4213 obtige-

1924 4219 2036 4281 rat,
2077 4212 2250 4267 luisse
2292 4211 2593 4268 Libanium
2625 4211 2977 4281 sephistam;
3030 4212 3089 4266 in
3124 4224 3240 4282 quo
3272 4211 3511 4281 ipsum,‘
3533 4217 3581 4271 si

1925 4282 2036 4338 hoc
2065 4284 2332 4347 senserit,
2367 4297 2590 4338 errasse
2631 4282 2991 4339 manifestum
3026 4292 3110 4339 est
3141 4299 3205 4339 ex
3246 4284 3442 4341 eodem
3475 4286 3580 4343 So-

1922 4368 2183 4416 zomeno.
2216 4356 2313 4424 qui
2348 4355 2444 4410 lib.
2489 4365 2561 4413 vt.
2604 4369 2726 4425 cap.
2796 4357 2847 4422 1,
2880 4357 3052 4411 aliam
3088 4355 3313 4427 ,Libanii
3350 4358 3576 4427 opinio-

182 4423 315 4484 διιιῇ
349 4428 496 4485 muri
527 4423 891 4485 crassitudini
948 4423 1232 4483 conﬁdere
1262 4441 1377 4483 non
1436 4440 1719 4554 posssent,
1779 4441 1833 4487 et
1857 4423 2047 4482 Dnem
2078 4427 2148 4481 de
2180 4423 2393 4482 Juliani
2424 4436 2604 4483 morte
2632 4423 2823 4483 refert.
2854 4426 3177 4483 Combeﬁsii
3226 4423 3573 4499 conjectura

182 4499 376 4554 Medus
407 4500 750 4554 decrevisset
810 4499 1090 4554 legatione
1122 4510 1173 4554 et
1207 4501 1429 4554 muneri
1480 4515 1546 4554 us
1604 4503 1831 4554 sunnli—
1915 4508 2019 4554 est.
2053 4498 2195 4553 duos
2234 4500 2412 4554 fuisse
2440 4499 2734 4554 Libanios.
2788 4509 3123 4554 quaestorem
3151 4512 3351 4554 unum.
3414 4501 3465 4554 al
3490 4513 3571 4554 te-

180 4499 376 4557 Medus
407 4500 750 4556 decrevisset
810 4499 1090 4569 legatione
1122 4510 1173 4555 et
1207 4499 1546 4556 muneribus
1604 4503 1831 4571 suppli—

179 4585 313 4629 care
342 4572 575 4643 (quippe
603 4588 633 4628 a
672 4572 889 4629 ratione
918 4573 1172 4628 alienum
1204 4584 1330 4627 esse
1361 4572 1647 4637 censebat,
1700 4590 1830 4630 eum

178 4645 327 4709 viro,
364 4642 463 4715 qui
505 4644 646 4700 deus
678 4644 909 4715 quidam
943 4652 1084 4708 erat,
1117 4644 1416 4714 pugnare),
1468 4642 1588 4714 jam
1631 4645 1832 4715 legatis

179 4727 359 4786 equos
390 4715 931 4779 conscendentibus,
965 4716 1393 4784 prudentissimi
1427 4731 1471 4773 ft
1492 4718 1579 4783 gis
1626 4718 1829 4781 virtus,

180 4784 340 4860 hasta
377 4786 576 4860 lumbo
610 4788 916 4858 proscisso.
960 4789 1166 4858 rigavit
1222 4788 1502 4857 sanguine
1524 4789 1596 4844 ab
1635 4803 1702 4845 eo
1733 4790 1831 4860 qui

176 4858 397 4917 vicerat
425 4858 629 4927 effuso,
662 4867 872 4916 terram
909 4861 1159 4915 hostium
1190 4870 1589 4929 superatorum
1626 4877 1639 4916 :
1697 4858 1832 4917 eﬂ’e-

179 4932 372 5003 citque
399 4946 532 4988 eum
564 4930 660 5002 qui
685 4942 902 5003 terrore
935 4930 1321 4996 cohorruerat,
1368 4933 1831 5003 persequentium

178 5001 480 5059 dominum
515 5023 527 5056 :
562 5001 1026 5074 quandoquidem
1060 5017 1089 5058 a
1122 5001 1416 5074 transfuga
1460 5001 1707 5073 quedam
1749 5005 1840 5061 di-

178 5087 340 5145 scere
370 5074 557 5132 Persae
587 5076 845 5138 licuerat,
898 5077 956 5130 in
996 5088 1138 5145 quo
1170 5074 1405 5130 fortunas
1464 5084 1613 5133 statu
1668 5089 1835 5134 esset.

178 5144 355 5203 Nobis
388 5155 580 5205 autem
616 5143 1094 5203 Antiochensibus
1126 5143 1424 5203 hominum
1456 5156 1610 5204 certe
1639 5150 1857 5211 nemo."

178 5218 278 5292 sed
336 5227 694 5292 terraemotus
725 5219 1094 5292 calamitatis
1144 5217 1367 5274 indices
1428 5218 1675 5286 fuerant,
1734 5220 1835 5292 qui

177 5290 351 5347 urbes
384 5291 687 5348 Palestina:
717 5289 1196 5363 Syriaequasdam
1231 5305 1299 5345 ex
1332 5299 1512 5360 parte,
1559 5289 1834 5363 quasdam

181 5370 327 5419 totas
386 5364 821 5420 subverterent.
884 5362 1099 5420 Etenim
1156 5363 1308 5420 Deus
1354 5364 1515 5419 cobts
1576 5362 1835 5422 Cladibus

177 5436 405 5506 magnis
446 5448 719 5506 magnum
757 5434 1134 5492 infortunium
1159 5434 1486 5505 signiﬁcare
1505 5436 1830 5495 videbatur:

176 5506 514 5577 optantibus
548 5521 678 5563 vero
703 5506 945 5563 nobisne
976 5522 1108 5564 vera
1138 5518 1531 5577 Optnaremur,
1562 5509 1832 5566 acerbum

177 5576 359 5635 tristis
386 5580 576 5635 nuntii
605 5578 778 5635 telum
798 5592 967 5634 aures
990 5576 1323 5648 penetravit,
1350 5579 1641 5636 lulianum
1671 5582 1831 5637 illum

184 5649 250 5706 in
284 5650 580 5720 sandapila
610 5651 771 5717 ferri,
803 5661 857 5706 et
886 5660 1176 5776 sceptrum
1231 5666 1261 5706 a
1291 5654 1486 5709 nescio
1524 5668 1637 5724 quo
1687 5656 1838 5710 obti-

193 5724 317 5776 neri
346 5739 362 5776 :
396 5723 721 5776 Armeniam
758 5731 944 5776 autem
1032 5737 1288 5776 crsarum
1347 5738 1493 5776 esse.
1554 5732 1609 5776 et
1654 5739 1838 5776 anan-

193 5724 317 5779 neri
346 5739 362 5790 ;
396 5723 721 5779 Armeniam
758 5731 944 5779 autem
991 5723 1288 5779 Persarum
1347 5738 1493 5791 esse,
1542 5723 1609 5782 ’et
1654 5739 1839 5795 quan-

180 5800 544 5878 tumeunque
561 5807 846 5876 agrorum
888 5794 1245 5878 reliquorum
1276 5794 1509 5878 vellent,
1578 5794 1837 5878 Quapro-

169 5872 299 5938 νωι-
329 5866 530 5928 statim
558 5866 633 5926 in’
678 5878 878 5924 ensem
944 5866 1147 5925 oculos
1200 5866 1441 5940 conieci,
1507 5872 1671 5941 quasi
1705 5866 1838 5928 ‘vita

1915 4508 2019 4561 est,
2053 4498 2195 4553 duos
2234 4500 2412 4555 fuisse
2440 4499 2734 4563 Libanios,
2788 4509 3123 4569 quaestorem
3151 4498 3351 4566 unum,
3414 4501 3466 4560 al
3490 4513 3571 4559 te-

1917 4583 2042 4625 rum
2076 4572 2435 4643 sopliistam:
2473 4582 2527 4626 et
2580 4572 2673 4625 hic
2724 4573 2987 4640 soyhistaa
3039 4586 3247 4628 nomen
3312 4578 3577 4643 quaestori

1916 4648 2132 4713 temere
2158 4642 2411 4697 additum
2444 4658 2474 4698 a
2508 4643 2747 4699 librario
2786 4643 3054 4713 quodam.
3098 4644 3171 4699 lta
3204 4644 3297 4700 ille
3327 4642 3577 4702 Credibi-

1918 4711 2031 4769 lem
2065 4716 2214 4769 hanc
2239 4716 2630 4770 narrationem
2692 4711 2933 4771 reddere
2990 4714 3204 4779 nititur,
3250 4724 3567 4783 temeraria,

1919 4794 1985 4859 ut
2013 4786 2418 4859 mihiquidem
2479 4787 2718 4849 videtur,
2781 4787 3131 4859 conjectura,
3201 4800 3311 4857 qua
3375 4788 3570 4859 plures

1919 4856 2140 4913 fabellae
2182 4874 2213 4913 a
2241 4857 2605 4914 fabulosrtate
2634 4856 3047 4914 eximerentur.
3088 4856 3317 4913 interim
3366 4856 3571 4916 fatetur

1919 4928 2060 4999 ipse,
2098 4930 2213 4985 haec
2246 4929 2407 4985 nullo
2447 4929 2614 4986 modo
2639 4929 2707 4985 de
2745 4929 2980 4985 Libanio
3018 4931 3270 4999 sophista
3324 4930 3568 5004 intelligi

1956 5015 2102 5057 0888.

1919 5015 2105 5143 pofigj
2144 5072 2457 5144 zEnigmati
2490 5072 2629 5129 mihi
2657 5072 2844 5128 simile
2885 5081 2986 5137 est,
3044 5072 3179 5127 dum
3243 5072 3400 5131 locus
3469 5091 3567 5133 au-

1919 5143 2222 5214 dientium,
2257 5143 2366 5202 tam
2411 5160 2587 5215 prope
2621 5148 2690 5201 ad
2730 5145 2906 5201 altare
2942 5145 3226 5209 statuitur,
3261 5155 3323 5202 ut
3345 5146 3477 5203 inde
3509 5154 3566 5205 in

1921 5220 2240 5274 sacrarium
2274 5217 2482 5273 mulier
2509 5225 2699 5287 posset
2751 5219 3139 5287 introspicere.
3176 5218 3337 5274 Unde
3396 5219 3564 5277 Com-

1919 5290 2155 5347 beﬁsius
2188 5296 2344 5357 putat
2366 5291 2652 5360 designari
2686 5288 2896 5353 locum,
2932 5289 3195 5344 ﬁdelibus
3229 5292 3568 5354 mulieribus

1919 5361 2259 5418 destinatum
2296 5379 2309 5418 :
2343 5363 2439 5417 sed
2473 5375 2657 5431 neque
2704 5364 2814 5425 hic,
2878 5364 3078 5417 saltim
3140 5364 3197 5416 in
3253 5361 3568 5433 majoribus

1918 5435 2195 5496 ecclesils,
2250 5442 2363 5491 tam
2399 5447 2574 5503 prepe
2609 5434 2678 5488 ad
2723 5432 2893 5489 altare
2941 5442 3081 5489 erat.
3145 5434 3225 5490 De
3275 5432 3431 5492 metu
3470 5452 3569 5495 co-

1917 5503 2122 5561 lumbae
2154 5506 2212 5561 in
2246 5505 2473 5576 signum
2506 5506 2781 5561 adventus
2809 5505 3054 5575 Spiritus
3085 5510 3286 5571 sancti,
3317 5508 3454 5564 alibi
3477 5516 3567 5564 ni-

1919 5577 1996 5632 hil
2033 5579 2281 5641 invenio,
2311 5591 2417 5634 nec
2446 5578 2579 5633 satis
2610 5578 2860 5648 intelligo
2889 5592 2960 5634 an
2995 5586 3196 5647 sponte
3233 5589 3286 5635 et
3318 5580 3564 5636 miracu—

1924 5649 2043 5722 lose
2074 5662 2421 5715 moveretur,
2454 5663 2525 5705 an
2564 5662 2725 5722 vero,
2755 5665 2783 5706 a
2816 5654 3103 5718 ministro,
3141 5658 3204 5706 ut
3250 5654 3401 5722 apud
3442 5665 3564 5722 ros

1925 5720 2190 5793 pulsatur
2222 5734 2541 5792 campana;
2592 5727 2645 5776 et
2686 5721 2733 5777 si
2776 5722 3137 5787 miraculose,
3189 5734 3261 5793 an
3288 5720 3567 5787 omnibus

1923 5792 2138 5865 passim
2166 5793 2230 5865 id
2259 5793 2459 5865 ﬂeret,
2489 5807 2561 5851 an
2594 5793 2807 5850 Basilio
2842 5802 3085 5851 tantum.
3106 5794 3175 5865 ,Si
3206 5792 3412 5865 Basilio
3442 5802 3566 5851 tan-

1924 5862 2070 5935 tum,
2099 5864 2281 5923 miror
2317 5864 2467 5922 nihil
2525 5874 2640 5924 tam
2696 5865 3011 5938 singularis
3040 5862 3300 5924 miraculi
3360 5866 3567 5923 memi-
