4140 6420
503 340 671 389 CCCVI

1912 315 2317 377 PBOLEGOM
2328 317 2502 378 ENA.

502 459 771 521 diaconis
790 463 1155 517 annuentem
1181 452 1764 532 mulieri,aspicienti
1784 452 1857 511 de
1881 452 2206 531 superio-A
2236 459 2375 522 tem,
2405 451 2725 529 captivitati
2785 452 3264 534 mancipandam,
3319 453 3606 531 liberasti,
3656 455 3900 533 Deique

504 549 665 609 ribus
686 548 1070 618 deorsum,ac
1093 543 1404 605 inclinanti
1436 545 1491 603 in
1525 541 1941 621 eumzquemin
1966 540 2149 617 gradu

506 639 914 717 motum,intra
946 635 1265 696 ecclesiam
1302 632 1525 693 servari
1561 632 2150 711 prazcepit.Cumque

502 730 589 789 sic
618 728 872 807 Spiritus
894 725 1084 787 sancti
1115 724 1431 784 adventum
1482 727 1651 797 signo
1681 721 1900 781 visibili
1934 738 2147 798 perce-

501 816 904 898 pisset,jussit
934 823 999 876 ut
1030 815 1281 893 populus
1314 813 1633 873 universus
1666 810 1791 871 dies
1824 820 2055 890 septem
2087 812 2146 869 in

500 907 756 969 ecclesia
784 901 1455 987 permaneret.Diacono
1487 910 1682 962 autem
1711 900 1961 979 jejuniis
1985 899 2146 959 etvi-

511 998 666 1077 giliis
718 995 1079 1074 mancipato,
1121 992 1275 1072 quod
1309 992 1365 1052 ei
1398 999 1455 1051 et
1503 990 1905 1051 abundantius
1928 991 2149 1052 eratad

500 1104 823 1163 egenorum
845 1083 1263 1147 sublevandam
1287 1082 1547 1161 inopiam
1575 1080 1700 1142 dari
1728 1082 2045 1155 mandavit;
2063 1088 2151 1139 ut-

502 1196 617 1258 que
640 1177 727 1237 sic
760 1176 1052 1237 offensum
1084 1174 1317 1234 Numen
1350 1172 1631 1251 placaret,
1670 1171 1881 1251 hisque
1908 1171 2150 1230 demum

504 1267 800 1347 expiatus,
837 1262 1235 1326 ministerium
1262 1280 1498 1322 sacrum
1536 1260 2151 1340 praesumeretjussit.

504 1357 789 1419 Cofestim
816 1372 955 1416 vero
996 1352 1275 1432 praecepit
1314 1350 1597 1431 suspendi
1628 1351 1757 1411 vela
1787 1351 1846 1411 in
1882 1350 2010 1411 loco
2042 1368 2153 1411 au-

505 1447 822 1527 dientium,
856 1445 1176 1524 injungens
1209 1440 1584 1515 mulieribus,
1619 1448 1682 1500 ut
1710 1440 1760 1501 si
1782 1458 1914 1520 quae
1944 1438 2158 1518 depre-

505 1539 693 1599 hensa
716 1544 891 1607 esset,
920 1533 1182 1613 quandiu
1209 1549 1378 1593 sacra
1399 1538 2013 1609 peragerentur,extra
2028 1529 2157 1591 vela

505 1625 927 1707 despicere,de
960 1621 1217 1684 ecclesia
1248 1622 1573 1701 pelleretur
1602 1630 1661 1681 et
1687 1627 1852 1682 extra
1884 1638 2154 1683 commu-

504 1718 744 1777 nionem
782 1716 951 1777 ﬁeret
1001 1711 1127 1773 Sub
1160 1711 1338 1772 ﬁnem
1374 1729 1553 1790 porro
1616 1717 1844 1790 septem
1897 1710 2155 1786 dierum,
2185 1739 2219 1787 Β

503 1806 727 1868 celebri
756 1806 937 1867 totius
970 1801 1171 1881 populi
1204 1809 1668 1873 conventu,cum
1700 1801 1918 1861 festum
1948 1818 2158 1879 agere-

507 1906 625 1976 tur,
658 1903 977 1974 essentque
1010 1909 1218 1953 omnes
1252 1892 1314 1951 iu
1346 1890 1604 1952 ecclesia
1647 1890 2026 1969 congregati;
2084 1908 2158 1951 en

505 1988 639 2066 (44)
673 1984 776 2047 tibi
812 1982 1116 2060 Libanius,
1180 1980 1398 2044 Iuliani
1459 1992 1709 2060 qumsto,
1767 1980 1902 2058 fuga
1934 1980 2154 2059 lapsus,

506 2076 801 2139 civitatem
829 2070 1266 2150 ingressus.ubi
1296 2072 1499 2152 populi
1520 2070 1581 2129 in
1603 2069 1857 2131 ecclesia
1889 2069 2161 2149 frequen-

508 2166 648 2227 tiam
704 2163 1010 2243 didicit,eo
1046 2161 1319 2233 accessit,
1347 2159 1781 2221 odiosissimam
1810 2159 2031 2221 Juliani
2074 2166 2165 2241 ty-

504 2258 675 2318 ranni
709 2261 961 2315 mortem
1018 2251 1404 2327 annuntians;
1442 2250 1820 2329 genibusque
1866 2249 2167 2329 pontiﬁcis

508 2341 1073 2417 advolutus,Christi
1104 2340 1475 2418 signaculum
1509 2348 1676 2417 rogat
1699 2339 2165 2420 acciperezquod

512 2443 888 2508 consecutus,
924 2432 1111 2493 factus
1154 2440 1241 2493 est
1292 2430 1512 2492 Basilio
1549 2428 1996 2491 contubernalis
2048 2448 2164 2492 una

513 2544 645 2587 cum
678 2522 927 2585 Eubulo.

594 2614 913 2694 Seequenti
967 2619 1164 2672 autem
1214 2611 1311 2672 die
1363 2612 1543 2690 jussit
1594 2610 1897 2682 omnibus,
1934 2618 1997 2671 ut
2028 2627 2164 2670 suas

514 2705 768 2787 quisque
826 2700 1112 2783 pecunias
1172 2700 1492 2783 reciperet.
1564 2701 1641 2763 At
1705 2701 1789 2763 illi
1848 2718 1967 2762 una
2023 2718 2169 2762 voce

511 2797 585 2859 ad
645 2796 888 2875 ipsum:
951 2818 971 2849 ι
1022 2791 1249 2865 Quibus
1306 2793 1503 2853 animo
1556 2793 1947 2854 constitutum
1981 2792 2165 2865 "erat,

2235 541 2315 599 tui
2344 542 2628 619 templum
2667 543 3256 619 magniﬁcentissime
3304 545 3644 621 exornasti;
3702 565 3897 608 unum

2234 640 2529 709 superest,
2566 641 2627 691 ut
2661 632 2895 710 plenam
2955 634 3127 695 nobis
3174 634 3404 693 virtutis
3454 634 3673 695 divinm
3705 635 3901 698 facias

2234 719 2476 779 ﬁdem.»
2513 722 2585 781 At
2618 722 2742 801 ille,
2768 722 2867 783 ubi
2893 725 3059 785 brevi
3083 742 3361 785 sermone
3391 734 3632 786 ostensa
3666 727 3760 786 via
3783 744 3901 788 sa-

2234 809 2771 889 lutis,suasissetet
2801 812 2935 873 ﬁdei
2970 814 3326 874 rudimentis
3358 814 3736 889 instituisset,
3776 815 3898 876 ba-

2233 900 2447 979 ptismo
2510 901 2702 961 tinxit.
2750 902 2894 963 Cum
2948 913 3145 963 autem
3198 921 3366 964 sacra
3426 904 3905 983 Quadragesima

2233 988 2601 1071 advenisset,
2637 990 2895 1052 divinam
2932 992 3093 1052 illam
3147 994 3349 1072 operis
3382 1012 3484 1054 sex
3516 994 3749 1055 dierum
3784 1013 3902 1056 ex-

2237 1079 2589 1156 positionem
2627 1081 2841 1160 populo
2873 1099 3186 1149 enarrans,
3240 1082 3557 1161 plurimam
3612 1092 3737 1144 tum
3770 1087 3903 1146 He-

2235 1165 2529 1318 brlaeorum
2567 1177 2688 1229 tum
2712 1171 3018 1247 gentilium
3048 1171 3491 1234 multitudinem
3521 1174 3759 1235 Christo
3785 1174 3900 1236 ob-

2237 1265 2297 1317 tu
2330 1266 2389 1318 lt.

2237 1265 2389 1319 tulit.

2865 1352 3105 1418 CAPUT
3152 1354 3255 1419 Ill.

2242 1448 2556 1535 Deerctum
2588 1449 2808 1535 exsilit:
2826 1451 2937 1535 sub
2968 1448 3211 1535 Valente
3231 1450 3803 1535 impedt_tum,hujus
3833 1456 3909 1535 ﬁ-

2325 1530 2397 1590 lii
2428 1531 2738 1612 interitus.
2768 1531 3263 1609 Chi‘rographum
3297 1533 3600 1612 magicum
3634 1530 3908 1598 domant

2324 1618 2659 1671 extortum.
2699 1611 3006 1671 Anastasii
3046 1614 3384 1690 presbyteri
3401 1611 3735 1678 sanctitas.
3769 1618 3907 1679 Ad-

2326 1697 2541 1752 ventus
2575 1690 2645 1753 S.
2684 1691 2949 1769 Ephrem
2974 1692 3051 1753 ad
3074 1691 3402 1755 Basiliam.

2325 1784 2577 1857 Quidam
2610 1785 2793 1863 igitur
2814 1785 2890 1847 de
2911 1784 3135 1846 relictis
3157 1787 3480 1864 gentilibus
3506 1789 3644 1864 (46),
3671 1790 3811 1871 quin
3849 1800 3913 1853 et

2244 1894 2313 1935 ex
2333 1875 2569 1936 Arianis
2596 1874 2957 1937 calumniam
2984 1876 3139 1955 apud
3155 1874 3467 1937 Valentem
3486 1879 3906 1957 imperatorem

2244 1963 2461 2026 Basilio
2524 1973 2782 2045 struunt,
2835 1973 3111 2045 tanquam
3167 1966 3343 2027 ﬁdem
3378 1965 3908 2032 Consubstantialis

2250 2054 2437 2132 gloria
2449 2054 3083 2135 eﬁ‘erret,Arianorum
3099 2062 3297 2116 autem
3314 2056 3590 2118 haeresim
3603 2058 3909 2120 abomina-

2250 2153 2417 2206 retur
2450 2153 2506 2205 et
2538 2142 2969 2225 despuereLIis
3000 2142 3273 2206 obanimi
3306 2146 3610 2208 levitatem
3648 2152 3907 2227 persua-

2252 2253 2353 2296 sus
2375 2232 2617 2308 Valens,
2655 2234 2824 2297 illum
2858 2236 2929 2297 ad
2963 2252 3027 2295 se
3060 2234 3443 2297 Antiochiam
3475 2239 3909 2301 accersit.Cum

2250 2334 2445 2387 autem
2482 2326 2831 2387 Anastasius
2868 2326 2990 2405 (47)
3042 2333 3301 2406 quaestor
3330 2326 3676 2389 advenisset
3704 2331 3908 2389 Cassa-

2250 2415 2789 2495 ream,Basilioque
2822 2415 3090 2496 injuncta
3110 2417 3221 2478 sibi
3248 2417 3321 2477 ab
3348 2417 3712 2496 imperatore
3731 2437 3917 2498 expo-

2247 2505 2485 2585 suisset,
2520 2506 2600 2566 ait
2654 2505 2952 2568 Basilius:
2995 2527 3017 2562 α
3056 2508 3247 2569 Etiam
3301 2525 3433 2585 ego,
3472 2507 3579 2588 ﬁli,
3616 2518 3752 2569 ante
3786 2526 3917 2569 non

2250 2616 2474 2675 paucos
2500 2598 2631 2659 dies
2654 2599 2932 2678 cognovi,
2970 2598 3267 2678 quomodo
3308 2598 3655 2680 imperator,
3711 2599 3920 2661 stultis

2250 2686 2597 2749 hominibus
2612 2688 2788 2749 ﬁdem
2806 2687 3057 2761 habens,
3079 2688 3510 2767 deportationis
3535 2708 3680 2751 mea;
3704 2700 3920 2771 typum

2253 2785 2761 2851 exaraturus,tres
2788 2776 3136 2837 contriverit
3165 2776 3450 2849 calamos;
3483 2784 3661 2856 atque
3693 2780 3923 2841 insen-

513 2894 576 2947 υί
604 2864 686 2947 δά.
724 2883 973 2947 civitatis
1030 2864 1429 2945 amojiendam
1484 2882 1885 2959 eversionem,
1939 2864 2167 2940 morta;
2191 2948 2228 2959 ﬂ
2253 2865 3021 2959 salidcalamiﬁmpotentem
3228 2864 3517 2959 impetum
3535 2866 3930 2930 inhibuerinl

511 2976 553 3038 li
584 2993 684 3038 eas
716 2973 1056 3055 imperatori
1114 2970 1537 3051 praeberemus,
1594 2970 1813 3050 potiori
1858 2948 1994 3047 jure
2056 2970 2165 3029 de-
2187 2948 2228 2998 C
2252 2957 2453 3055 (cuiu?
2478 2965 2597 3054 1913
2632 2954 3078 3055 cupiditasest,
3115 2963 3176 3013 ut
3201 2952 3417 3055 veritas
3449 2954 3831 3055 obscuretur,
3864 2973 3933 3055 et

512 3064 819 3125 buerimus
850 3062 1064 3122 oﬁ'erre
1100 3059 1424 3120 immortali
1448 3056 1823 3135 imperatori,
1851 3056 1954 3135 qui
2000 3074 2110 3116 nos
2139 3074 2173 3115 a

513 3164 677 3217 tanto
701 3152 966 3234 periculo
998 3147 1435 3211 redemit.Ecce
1466 3165 1606 3208 vero
1633 3156 1770 3207 sunt
1792 3145 2083 3234 universa
2107 3144 2170 3204 in

514 3233 789 3306 manibus
821 3239 1156 3312 tuis,facito
1175 3248 1237 3298 ut
1259 3237 1365 3299 tibi
1398 3237 1684 3300 Dominus
1721 3234 2028 3314 jusserit.»
2064 3233 2170 3295 Ille

486 3326 760 3395 'miratus
793 3348 1067 3408 magnum
1106 3328 1437 3391 ﬁdelissimi
1473 3326 1671 3408 populi
1719 3326 2009 3401 animum;
2041 3331 2167 3385 ter—

512 3425 652 3486 tiam
680 3430 901 3503 partem
931 3418 1045 3480 illis
1070 3417 1320 3498 prmbuit
1348 3440 1363 3491 ;
1388 3435 1463 3479 ex
1497 3415 1748 3497 reliquis
1780 3434 1917 3476 vero
1978 3431 2172 3475 sacra-

515 3514 673 3575 rium
695 3520 878 3572 totum
899 3528 1033 3570 cum
1053 3508 1171 3589 (45)
1192 3509 1416 3569 ciborio
1437 3506 1668 3581 induit;
1698 3523 1953 3586 cumque
1987 3504 2173 3566 altare

514 3622 657 3667 auro
690 3600 913 3664 mundo
960 3607 1018 3662 et
1069 3599 1288 3679 lapillis
1319 3607 1609 3671 ornasset,
1643 3598 1922 3659 advocata
1957 3593 2168 3657 civium

518 3691 923 3770 multitudine,
966 3708 1294 3767 mensaque
1342 3707 1511 3751 sacra
1560 3688 1950 3765 sanctiﬁcata,
1994 3682 2174 3764 jussit

516 3783 709 3844 triduo
731 3782 947 3843 festum
986 3780 1099 3859 agi.
1132 3781 1277 3843 Cum
1304 3789 1498 3841 autem
1548 3780 1672 3840 haec
1696 3778 1775 3839 ita
1806 3790 2169 3858 perageren-

519 3881 633 3946 tur,
655 3873 895 3953 quidam
918 3871 1173 3932 necdum
1196 3869 1489 3950 gentilitio
1510 3886 1717 3931 errore
1734 3866 2016 3939 absoluti,
2036 3882 2175 3926 eum

519 3963 900 4037 conveniunt,
932 3961 1241 4023 dicentes:
1278 3985 1304 4016 α
1342 3959 1495 4021 Ecce
1532 3957 1808 4039 precibus
1842 3956 1955 4017 tuis
1977 3955 2172 4017 civita~

522 4142 681 4200 nisse
725 4140 1145 4198 Nazianzenum
1198 4146 1253 4195 et
1305 4136 1627 4208 Nyssenum
1690 4158 1702 4190 :
1776 4136 1820 4192 si
1883 4134 2175 4203 omnibus,

522 4214 705 4298 magis
733 4214 969 4277 mirum,
1014 4210 1232 4269 nullam
1262 4208 1397 4267 alibi
1439 4217 1667 4265 exstare
1697 4208 1821 4279 ejus
1858 4208 1945 4265 rei
1968 4220 2183 4263 memo-

521 4299 691 4343 nam.

597 4356 705 4425 (44)
750 4354 1020 4426 Seposita
1067 4367 1191 4426 qua:
1241 4350 1705 4426 gratisuaﬂ‘ertur
1751 4367 1781 4409 a
1840 4348 2183 4426 Combeﬁsio

524 4422 853 4495 conjectura
895 4425 965 4482 de
990 4422 1217 4481 duobus
1249 4422 1524 4486 Libanils.
1552 4423 1791 4481 omnino
1833 4422 2043 4479 falsum
2102 4429 2186 4478 est

527 4500 850 4569 sophistam
902 4511 1159 4569 unquam
1219 4510 1557 4569 conversum
1618 4496 1832 4561 fuisse,
1886 4505 1993 4569 aut
2058 4502 2185 4569 post

525 4567 769 4628 mortem
791 4567 1264 4626 Juliani'venisse
1294 4568 1605 4625 Caesaream
1646 4583 1658 4623 :
1692 4582 1825 4623 nam
1867 4567 2186 4624 Antiochiae

524 4644 651 4715 ejus
688 4642 1006 4715 orationem
1046 4641 1345 4715 funebrem
1375 4640 1541 4709 dixit,
1573 4648 1635 4715 ut
1671 4639 1792 4709 ipse
1826 4639 1893 4695 de
1924 4653 1984 4696 se
2014 4645 2187 4695 testa-

520 4712 641 4772 tur.
682 4736 703 4765 α
737 4714 932 4771 Visum
974 4721 1076 4777 est,
1112 4712 1401 4784 inquiens,
1458 4712 1706 4783 partium
1741 4724 1997 4767 mearum
2037 4724 2181 4775 esse,

525 4796 587 4845 ut
632 4787 856 4844 funebri
888 4786 1150 4843 oratione
1193 4785 1586 4841 tatotunctum
1640 4784 2102 4842 cohonestarem.
2157 4802 2178 4834 ι

525 4858 795 4918 Praeterea
830 4865 1024 4915 narrat
1053 4870 1114 4911 se
1147 4856 1269 4912 vitae
1311 4855 1623 4927 periculum
1668 4855 1967 4912 Joviniano
1994 4853 2189 4927 incur-

524 4932 695 5001 risse,
731 4930 866 5002 quia
910 4928 1165 5002 nimium
1220 4926 1489 5002 laudabat
1535 4926 1857 5002 _Julian_um.
1897 4946 1921 4979 α
1991 4926 2188 5002 Prstea

524 4996 728 5060 rursus
750 4996 967 5072 inquit,
1006 5000 1092 5055 vir
1122 4999 1404 5072 barbarus
1448 5000 1686 5056 irritavit
1728 5000 1785 5055 in
1818 5013 1909 5056 me
1960 4996 2193 5072 primi:

527 5090 700 5143 pem;
738 5068 866 5129 cum
909 5072 1145 5137 diceret,
1180 5086 1273 5129 me
1329 5071 1500 5127 ﬁnem
1531 5085 1648 5143 non
1710 5072 1895 5127 facere
1960 5068 2191 5143 lugendi

528 5141 755 5215 plagam
781 5144 903 5214 ejus
923 5145 1020 5215 qui
1043 5144 1410 5201 occubuerat.
1436 5142 1683 5199 Proinde
1705 5143 2023 5215 imperator
2045 5141 2193 5197 male

526 5214 903 5287 mejperdere
930 5214 1273 5287 fcogitabat,
1329 5215 1593 5287 mmroris
1649 5229 1869 5285 poenam
1896 5286 1903 5287 ί
1929 5214 2191 5287 exigens.

527 5286 641 5343 Sed
668 5284 766 5344 ‘vir
807 5284 1065 5358 quidam‘
1106 5289 1320 5357 probus
1365 5284 1692 5356 Cappadox,
1765 5284 2195 5355 condiscipulus

530 5359 673 5415 olim
706 5374 889 5425 meus,
923 5360 1021 5430 qui
1090 5374 1336 5431 magnus
1392 5367 1514 5415 erat
1574 5358 1722 5430 apud
1786 5360 1969 5419 illum,
2009 5358 2197 5431 inter—

538 5432 730 5488 cessit.
768 5452 789 5481 »
857 5429 1057 5487 Mirum
1110 5429 1302 5488 tamen
1335 5444 1448 5486 non
1512 5429 1618 5497 sit,
1659 5429 2199 5501 pseudo-amphilo-

533 5502 728 5559 chium
769 5502 1107 5567 credidisse,
1168 5504 1474 5558 Libanium
1524 5500 1843 5573 sopbistam
1899 5500 1969 5559 ad
2022 5501 2191 5557 ﬁdem

535 5589 899 5641 conversum,
932 5576 1004 5632 ob
1035 5574 1349 5631 amicitiam
1378 5590 1547 5645 quam
1598 5576 1841 5633 Basilius
1875 5590 1971 5645 per
2043 5574 2191 5629 litte-

531 5661 625 5705 ras
642 5660 789 5775 ἔξω
824 5662 890 5705 eo
922 5646 1121 5711 coluit,
1162 5656 1434 5717 tanquam
1486 5661 1617 5705 cum
1651 5648 1907 5721 sophista
1967 5654 2021 5702 et
2071 5646 2193 5704 viro

535 5733 637 5775 eru
682 5734 776 5775 ιο.

535 5728 776 5779 θῐυσιῑο.

2259 3045 2641 3106 mendacium
2674 3042 3198 3119 obtineat),secum
3223 3042 3439 3103 melius
3454 3055 3651 3105 actum
3680 3046 3749 3106 iri
3782 3050 3928 3107 exi-

2259 3136 2667 3213 stimantes,ut
2689 3132 3421 3214 confringerentur,quam
3443 3142 3509 3196 ut
3539 3134 3762 3214 iniqua:
3784 3138 3931 3217 ejus

2261 3223 2577 3287 sententiae
2607 3221 3005 3284 deservirem.
3038 3248 3061 3281 ν

2335 3311 2448 3376 Ubi
2481 3312 2659 3391 igitur
2692 3312 2930 3375 advenit
2959 3313 3453 3388 Antiochiam,ad
3488 3313 3921 3395 praefectorum

2257 3403 2517 3464 tribunal
2541 3404 2882 3465 adducitur.
2917 3402 3319 3483 Interrogatus
3355 3413 3578 3485 autem,
3606 3424 3713 3465 cur
3734 3406 3921 3467 ﬁdem

2256 3495 2635 3575 imperatoris
2661 3493 2861 3557 minus
2882 3494 3371 3575 amplecteretur,
3395 3495 3705 3574 respondit
3730 3501 3922 3559 multa

2255 3604 2389 3647 cum
2414 3585 2688 3648 libertate
2707 3583 2809 3645 Dei
2835 3584 3148 3647 hierarcba
3177 3603 3189 3647 :
3218 3608 3245 3639 ‹‹
3278 3583 3450 3647 Absit
3471 3593 3534 3644 ut
3566 3583 3717 3644 viam
3748 3585 3917 3646 veri-

2259 3674 2401 3737 tatis
2431 3677 2733 3747 deseram,
2755 3673 3244 3753 Arianorumque
3265 3691 3533 3735 errorem
3555 3682 3613 3734 et
3636 3674 3922 3736 haeresim

2257 3765 2583 3844 amplectar
2611 3783 2624 3826 :
2661 3764 2885 3844 quippe
2910 3763 3094 3824 didici
3121 3782 3153 3823 a
3178 3762 3474 3842 Patribue,
3509 3763 3922 3825 Consubstan-

2258 3854 2417 3915 tialis
2455 3855 2634 3916 ﬁdem
2658 3852 3262 3932 amplecti,ethonori
3286 3853 3573 3916 habere.»
3614 3853 3726 3915 Ubi
3758 3873 3921 3934 prae-

2260 3942 2451 4006 fectus
2475 3951 2727 4006 mortem
2757 3942 2812 4003 ei
2838 3940 3099 4005 minatus
3123 3950 3283 4003 esset
3309 3944 3391 4003 ait
3415 3942 3662 4005 Basilius
3700 3966 3713 4007 :
3754 3967 3780 4001 α
3808 3944 3917 4007 Εδο

2341 4123 2454 4194 (45)
2483 4122 2798 4192 Ciborium,
2834 4120 3270 4194 umbraccultrm
3300 4120 3524 4191 altaris,
3557 4128 3803 4193 quatuor
3822 4138 3928 4194 co-

2266 4192 2483 4256 lumnis
2514 4194 2804 4258 innixum,
2854 4193 3024 4265 cujus
3062 4192 3213 4265 apud
3258 4192 3623 4265 Anastasium
3660 4194 3723 4265 in
3790 4193 3927 4253 Vitis

2257 4268 2581 4344 pontiﬁcum
2613 4264 2941 4344 creberrimi
2971 4264 3207 4344 mentio,
3248 4264 3319 4322 de
3348 4266 3457 4344 hoc
3486 4266 3616 4344 vide
3647 4264 3927 4344 Qangium

2266 4336 2328 4399 in
2373 4336 2616 4409 utroque
2664 4336 2974 4409 Glossario,
3028 4336 3220 4394 Graeco
3281 4351 3351 4393 ac
3412 4336 3926 4405 Latino—Barbare,

2268 4428 2413 4483 saepe
2444 4408 2615 4467 etiam
2658 4408 2965 4483 Cyborium
3022 4409 3615 4483 scribitur;_ethanc
3669 4410 3930 4481 origina-

2270 4479 2419 4549 riam
2446 4501 2579 4545 esse
2629 4479 3019 4561 scriptionem
3085 4482 3179 4543 vix
3232 4479 3464 4561 dubito,
3514 4482 3619 4538 ἀπὸ
3675 4479 3780 4561 cori
3815 4485 3924 4541 se-

2268 4566 2386 4642 ϐου,
2430 4588 2451 4620 ι
2490 4561 2656 4631 cubo,
2696 4587 2723 4619 »
2759 4559 3002 4643 prepter
3048 4562 3297 4623 formam
3349 4559 3644 4640 cubicam,
3692 4559 3752 4622 id
3808 4570 3925 4640 est,

2269 4644 2635 4721 quadratam.

2345 4716 2455 4787 (46)
2488 4714 2578 4787 ίΑᾶ
2604 4713 2849 4787 gentiles
2878 4728 3084 4787 parum
3140 4715 3446 4786 spectabat,
3503 4714 3622 4771 sive
3668 4714 3927 4787 consub-

2271 4786 2558 4848 stantialis
2589 4786 2760 4843 ﬁdem
2798 4786 3125 4845 defenderet
3153 4788 3419 4849 Basilius,
3453 4786 3572 4843 sive
3622 4799 3758 4842 non.
3812 4786 3930 4843 Cae-

2270 4873 2457 4920 terum
2499 4874 2623 4929 quae
2653 4858 2747 4914 hic
2787 4864 2910 4916 acta
2964 4868 3277 4917 narrantur
3322 4858 3610 4915 Valentem
3674 4858 3841 4929 inter,
3872 4865 3929 4915 et

2272 4927 2551 4991 Basiliam
2581 4930 2854 5001 illiusque
2876 4930 3168 4989 ministros
3199 4929 3597 4987 desiderantur
3625 4930 3786 4997 apud
3819 4927 3927 4987 Ro-

2274 5004 2689 5129 sweyd'umhet
2721 5000 2889 5073 longe
2920 5002 3083 5061 aliter
3122 5004 3249 5061 data
3303 5003 3534 5060 fuerunt
3562 5015 3629 5058 ex
3690 5000 3929 5058 Nazian-

2275 5091 2417 5129 zeno
2460 5088 2521 5129 ιῐι
2600 5090 2614 5128 ι
2649 5088 2702 5129 8.

2275 5091 2417 5135 zeno
2460 5077 2521 5130 in
2552 5076 2702 5129 Vita.

2352 5148 2465 5217 (t7)
2507 5146 2872 5203 Anastasium
2909 5146 3229 5215 przefeetum
3274 5144 3363 5202 vel
3417 5153 3789 5215 quaestorem,
3835 5146 3932 5217 ubi

2280 5216 2640 5276 nominatum
2674 5219 2954 5274 invenerit
2989 5227 3207 5283 auctor,
3232 5217 3491 5288 equidem
3536 5219 3765 5288 ignoro.
3821 5216 3934 5274 Alii

2281 5306 2482 5349 omnes
2548 5288 2873 5359 praefectum
2944 5289 3256 5348 Modestum
3307 5299 3534 5355 vocant,
3601 5290 3765 5358 isque
3826 5300 3935 5347 tam

2280 5373 2451 5421 notus
2474 5363 2575 5417 fuit
2608 5375 2739 5418 vero
2782 5360 3203 5433 Ampbilocbio,
3234 5368 3297 5418 ut
3326 5361 3386 5417 in
3430 5360 3665 5417 nomine
3697 5359 3821 5430 ejus
3854 5373 3937 5417 er-

2282 5450 2411 5492 rare
2446 5448 2563 5490 non
2598 5435 2861 5502 potuerit.
2904 5436 2971 5489 At
2998 5433 3388 5497 Combeﬁsius,
3424 5446 3555 5489 cum
3582 5435 3793 5503 saepius
3817 5440 3938 5490 ten-

2282 5515 2391 5564 tata
2433 5508 2505 5563 sit
2533 5507 2639 5562 sub
2671 5504 2905 5561 Valente
2942 5504 3132 5562 Basilii
3181 5504 3524 5570 constantia,
3574 5513 3735 5575 putat
3794 5508 3940 5561 inter

2279 5581 2464 5637 varios
2496 5577 2781 5634 adhibitos
2832 5577 3146 5644 ministros,
3181 5578 3433 5647 aliquem
3489 5587 3588 5634 aut
3647 5586 3938 5648 praetorem

2279 5661 2377 5709 aut
2416 5659 2739 5706 exactorem
2784 5648 2981 5715 fuisse,
3010 5650 3384 5716 Anastasium,
3417 5648 3489 5706 ob
3530 5650 3936 5707 auctoritatem

2278 5723 2504 5779 scilicet
2532 5719 2939 5792 Amphilochii.
