4140 6400
544 316 943 380 EXCEIIPTA
992 317 1092 378 EX
1141 316 1358 378 ACTIS
1402 318 1459 378 S.
1512 314 1786 377 BASILII
1833 311 2423 375 BOLLANDIANIS.
2457 347 2523 357 —
2566 316 2750 378 VITA
2794 317 3267 382 APOCRYPHA.

3479 343 3648 394 CCCIX

263 450 426 511 enim
460 459 520 513 te
550 452 732 513 hodie
761 453 824 512 in
856 451 1106 513 sommis
1142 458 1499 532 pugnantem
1542 467 1651 530 pro
1703 466 1822 525 me,
1856 452 1975 508 etA
1997 463 2132 507 nem
2166 455 2510 510 sanctorum
2561 446 2782 512 Christi
2812 449 3105 514 donorum
3157 454 3427 520 indulsit.
3460 459 3643 527 Facto

261 539 598 603 vincentem
630 540 958 604 diabolum.
993 564 1021 597 n
1051 542 1190 605 Mox
1215 559 1377 622 ergo,
1416 540 1602 601 faccta
1630 537 1704 600 de
1743 555 1912 600 more

259 630 774 707 oratione,eduxit
800 631 1312 707 illum,etduxitin
1336 629 1684 692 cubiculum
1707 645 1907 690 suum.

257 720 434 784 Mane
457 730 658 784 autem
677 722 854 801 facto,
877 721 979 784 ubi
1003 727 1389 785 convocasset
1418 729 1540 783 tum
1565 728 1832 783 sanctum
1855 725 1912 779 et

259 810 667 875 venerabilem
701 813 952 895 clerum,
989 820 1112 875 tum
1146 812 1506 874 monasteria
1536 811 1912 872 universum-

260 920 376 981 que
399 901 931 966 Christiamautem
956 901 1584 984 populum,dixit,illis:
1609 897 1911 961 «Filiimei

261 987 490 1066 dilecti,
525 1009 769 1070 agamus
791 1010 1002 1053 omnes
1023 991 1240 1071 gratias
1262 989 1516 1053 Domino
1544 1012 1558 1054 :
1583 1008 1724 1051 ecce
1747 987 1908 1050 enim

262 1097 428 1140 ovem
455 1082 750 1161 perditam
777 1085 987 1144 Pastor
1016 1083 1231 1155 bonus,
1265 1080 1608 1163 impositam
1642 1077 1912 1141 humeris

260 1169 624 1233 reducturus
645 1181 736 1234 est
753 1172 826 1234 ad
843 1171 1204 1234 Ecclesiam.
1238 1171 1309 1234 Et
1327 1190 1433 1232 nos
1452 1181 1685 1251 oportet
1717 1167 1911 1249 pervi-

261 1258 441 1333 gilem
467 1259 692 1322 ducere
710 1269 971 1335 noctem,
992 1267 1048 1321 et
1072 1259 1390 1338 deprecari
1412 1260 1548 1339 ejus
1561 1258 1908 1335 bonitatem,

263 1357 326 1408 ut
378 1369 452 1410 ne
501 1350 697 1411 vincat
757 1349 858 1410 ille
915 1349 1257 1410 animarum
1317 1355 1655 1427 corruptor.
1696 1371 1718 1404 ι)
1758 1343 1915 1421 ;Hoc

262 1445 462 1500 autem
499 1440 678 1514 facto,
714 1446 1111 1520 prompteque
1142 1447 1200 1498 et
1242 1437 1522 1499 alacriter
1551 1443 1912 1515 congregato

263 1532 480 1607 populo
535 1538 717 1591 totam
776 1535 1036 1602 noctem,
1093 1546 1211 1588 una
1259 1546 1393 1588 cum
1445 1526 1602 1588 bono
1648 1537 1911 1606 pastore,

262 1616 455 1680 Deum
488 1620 932 1699 deprecantur;
968 1618 1294 1678 clamantes
1318 1635 1424 1698 pro
1459 1636 1527 1678 eo
1559 1635 1693 1678 cum
1726 1616 1915 1696 lacry-

265 1706 421 1768 tris:
476 1705 728 1768 Domine
780 1706 1095 1780 miserere,
1134 1709 1327 1787 Atque
1373 1707 1635 1768 diluculo
1667 1706 1917 1767 collecta

1991 553 2130 599 vero
2157 535 2246 598 vir
2274 546 2512 602 sanctus
2529 558 2742 621 magno
2772 542 3066 622 convivio,
3090 545 3432 612 universum
3463 551 3642 619 Chri-

1995 625 2071 688 sti
2094 635 2390 690 amantem
2423 630 2706 711 populum
2731 633 3000 698 ot‘ﬁciose
3021 634 3228 700 habuit
3250 651 3312 702 et
3336 642 3500 706 fovit.
3525 647 3640 708 Du-

1993 723 2086 813 cto
2117 727 2320 813 autem
2341 719 2745 813 adolescente,
2773 731 2832 786 et
2856 725 3168 808 instructo,
3197 745 3268 790 ac
3291 730 3346 793 ei
3377 750 3638 813 congrua

1992 804 2128 868 data
2154 807 2380 902 regula,
2415 808 2680 902 reddidit
2724 815 2922 892 uxori,
2977 804 3393 883 indesinenter
3420 804 3642 902 gloriﬁ-

1992 904 2225 958 cantem
2266 903 2325 958 et
2350 896 2830 965 benedicentem.

2073 985 2262 1086 Btiam
2285 1006 2421 1086 vero
2455 989 2599 1086 mihi
2633 990 2752 1086 hoc
2778 994 3038 1056 narravit
3067 999 3338 1076 praefatus
3365 1005 3639 1086 egregius

1993 1073 2082 1137 vir
2107 1075 2438 1140 Helladius.
2461 1077 2568 1140 Die
2599 1080 2855 1158 quadam
2887 1073 3135 1149 sanctus
3155 1087 3330 1154 Pater
3354 1073 3558 1158 noster
3581 1104 3640 1159 et

1995 1183 2241 1265 magnus
2256 1165 2845 1265 Basilius,.illu_strato
2873 1176 3089 1239 mentis
3118 1181 3315 1264 oculo,
3339 1187 3639 1265 profectus

1995 1254 2071 1316 de
2099 1254 2352 1354 civitate,
2381 1258 2608 1320 nemini
2639 1259 2845 1323 dicens
2876 1254 3408 1345 quoessetiturus:
3445 1277 3640 1358 prior-

1996 1345 2270 1441 que-ipse
2286 1365 2601 1441 egressus,
2633 1358 2696 1411 et
2723 1369 2832 1413 nos
2863 1371 3072 1416 omnes
3103 1345 3460 1441 procedens,
3493 1367 3642 1430 dixit

1999 1432 2202 1526 nobis:
2234 1459 2252 1489 ι
2275 1434 2420 1526 γΙῗὶΙὶί
2443 1437 2584 1514 mei,
2609 1443 2930 1521 sequimini
2953 1463 3069 1526 me,
3101 1432 3168 1512 ut
3187 1469 3424 1516 mecum
3445 1432 3642 1520 videa-

1997 1523 2068 1614 tis
2097 1521 2207 1584 Dei
2232 1525 2517 1604 gloriam:
2550 1546 2741 1611 exque
2770 1521 3081 1614 discipulis
3108 1540 3483 1608 admiremur
3511 1565 3642 1610 ma-

1995 1612 2269 1690 gistrum.
2303 1616 2442 1678 Mox
2487 1634 2626 1697 ergo
2661 1627 2724 1681 ut
2762 1612 3098 1688 communis
3128 1631 3304 1694 Pater
3335 1641 3542 1698 noster
3567 1637 3644 1701 de

1999 1712 2204 1798 nostra
2255 1706 2830 1798 civitate‘proﬁcisci
2888 1719 3090 1794 coepit,
3142 1724 3377 1798 agnovit
3431 1726 3644 1790 virtute

261 1813 396 1854 cum
446 1795 579 1875 ipso
608 1797 911 1896 universa
956 1794 1609 1896 populi‘multitudine,
1667 1793 2363 1896 assnm‘itasanctissimi
2412 1794 2690 1896 Spiritus,
2711 1800 3057 1896 Anastasius
3079 1793 3389 1892 presbyter
3417 1816 3645 1896 (51);et

263 1902 400 1943 eum
453 1893 733 1946 sanctus:
789 1895 1124 1965 tenensque
1168 1883 1502 1964 dexteram,
1563 1903 1702 1946 cum
1757 1885 1916 1966 psal-

264 1972 378 2031 mis
431 1981 487 2033 et
537 1974 771 2052 hymnis
821 1972 1076 2034 ducebat
1127 1974 1200 2034 ad
1251 1980 1513 2035 sanctam
1564 1972 1671 2035 Dei
1715 1974 1915 2037 eccle-

261 2078 412 2121 sram
427 2112 438 2123 .

347 2149 504 2213 Ecce
533 2169 674 2213 vero
703 2151 1005 2234 diabolus,
1033 2153 1133 2234 qui
1159 2172 1399 2235 semper
1429 2153 1675 2230 invidet,
1696 2173 1806 2216 nec
1827 2152 1918 2215 vi-

264 2249 383 2303 tam
419 2249 685 2302 nostram
716 2260 750 2302 a
774 2242 1013 2306 tristitia
1043 2242 1294 2305 liberam
1325 2243 1605 2319 sustinet,
1637 2262 1772 2306 cum
1800 2251 1919 2306 tota

265 2331 520 2393 exitiosa
540 2332 756 2394 virtute
782 2351 886 2394 sua
906 2333 1079 2394 adest
1101 2355 1116 2408 ;
1140 2336 1759 2416 comprehensumque
1779 2334 1920 2395 invi-

259 2420 425 2482 sibili
441 2421 697 2502 quadam
713 2422 945 2484 ratione
959 2441 1208 2502 puerum
1223 2423 1635 2505 voluitrapere
1652 2425 1727 2485 de
1742 2442 1920 2485 manu

261 2511 484 2573 sancti:
515 2512 813 2592 coepitque
832 2530 980 2592 puer
998 2512 1259 2574 clamare
1286 2533 1298 2574 :
1343 2535 1365 2569 α
1389 2512 1574 2576 Serve
1598 2512 1729 2587 Dei,
1755 2513 1921 2593 adju-

259 2619 331 2662 va
354 2619 470 2664 me.
492 2626 517 2656 n
547 2600 732 2662 Porro
759 2602 822 2664 in
847 2609 1076 2663 tantum
1102 2602 1393 2682 processit
1417 2603 1736 2684 impudens
1763 2602 1921 2662 reni-

257 2691 555 2772 tentia,ut
589 2691 789 2771 ipsum
821 2691 1081 2754 divinum
1116 2692 1408 2754 Basilium
1445 2711 1562 2755 una
1586 2692 1922 2773 impelleret

257 2789 322 2842 et
349 2787 800 2861 contorqueret.
841 2780 1180 2844 Conversus
1205 2783 1404 2862 itaque
1425 2790 1666 2845 sanctus
1690 2782 1762 2843 ad
1787 2781 1916 2843 dia-

256 2868 493 2948 bolum,
528 2871 633 2934 ait:
670 2894 697 2932 ς
736 2871 1263 2952 Impudentissime
1312 2880 1369 2934 et
1398 2874 1729 2934 animarum
1765 2873 1916 2945 lues,

259 2969 431 3042 pater
459 2961 851 3024 tenebrarum
882 2970 940 3022 et
971 2963 1352 3042 perditionis,
1393 2983 1513 3025 non
1547 2962 1650 3024 tibi
1681 2962 1920 3036 sufﬁcit,

263 3070 438 3132 quam
488 3052 598 3113 tibi
629 3052 762 3132 ipse
799 3052 1032 3133 tibique
1059 3051 1345 3133 subjectis
1389 3051 1742 3135 aquisivisti,
1780 3070 1919 3132 per-

2001 1881 2149 1942 dixit
2172 1902 2316 1964 sum,
2333 1885 2502 1946 uxori
2524 1886 2767 1968 quidem
2790 1894 3052 1970 nomine,
3079 1881 3188 1959 usu
3205 1881 3400 1964 autem
3421 1881 3640 1968 sorori:

2006 1995 2031 2026 «
2058 1971 2176 2073 Bgo
2212 1975 2360 2035 vado
2396 1975 2470 2037 ad
2500 1977 2790 2073 culturam
2845 1982 3001 2063 ogri,
3034 1985 3279 2053 domina
3323 1995 3400 2054 mi
3444 2014 3642 2073 soror,

1999 2063 2106 2124 sed
2137 2080 2315 2144 surge
2347 2073 2403 2125 et
2433 2083 2580 2128 orna
2609 2067 2853 2131 domum
2894 2079 3051 2135 tuam
3079 2096 3095 2153 ;
3144 2089 3203 2139 et
3233 2081 3396 2145 circa
3426 2063 3644 2150 nonam

1999 2161 2245 2234 accepto
2287 2154 2588 2217 thuribulo
2631 2165 2688 2218 et
2718 2160 3404 2239 cereis,occurresolaS.
3430 2178 3646 2240 Basilio

2001 2247 2456 2336 archiepiscopo:
2483 2249 2821 2336 veni_t_enim,
2840 2258 2979 2313 utin
3005 2270 3260 2320 nostram
3283 2279 3648 2336 peccatorum

2003 2328 2255 2422 domum
2266 2329 2578 2422 divertat.»
2597 2330 2703 2394 Illa
2725 2341 2990 2399 tremens
3018 2357 3205 2422 snpcr
3231 2328 3533 2414 sermonis
3543 2328 3647 2416 {ibi

2003 2418 2211 2524 yitate,
2229 2418 2373 2480 fecit
2401 2423 2563 2524 quod
2590 2422 2763 2484 docta
2794 2433 2940 2489 erat.
2963 2418 3112 2490 Erat
3123 2451 3302 2511 porro
3327 2438 3454 2502 haec
3484 2442 3647 2524 virgo

2004 2508 2541 2608 honesteversata:
2569 2529 2873 2608 nam‘cum
2906 2534 3097 2580 annos
3119 2508 3508 2608 quadraginta
3538 2508 3646 2595 ex-

2004 2596 2311 2698 egissetin
2341 2597 2445 2702 illo
2495 2601 2794 2699 conjugio,
2828 2596 3293 2702 mysteriumque
3329 2596 3647 2702 scrvasset,

2003 2685 2064 2746 in
2079 2687 2360 2767 opinione
2395 2687 2705 2750 hominum
2737 2693 2962 2754 sterilis
2981 2704 3130 2760 erat.
3158 2685 3304 2764 C'um
3327 2717 3526 2771 autem
3547 2685 3651 2774 de:

2006 2776 2128 2838 bita
2175 2776 2468 2872 modestia
2524 2777 2696 2872 nobis
2744 2778 2976 2872 obviam
3026 2792 3439 2872 processisset,
3493 2818 3649 2862 con-

2005 2885 2338 2970 gruamque
2365 2867 2780 2970 adorationem
2811 2870 3176 2953 impertisset
3201 2899 3216 2960 ;
3242 2867 3498 2961 primum
3523 2896 3652 2970 qui-

2005 2959 2144 3018 dem
2188 2955 2566 3018 benedicitur
2594 2976 2628 3019 a
2657 2968 2860 3022 sancto
2891 2964 3064 3026 Patre
3094 2955 3322 3045 nostro,
3356 2980 3480 3038 tum
3513 2955 3651 3042 vere

2005 3047 2087 3108 ait
2118 3046 2226 3108 illi:
2268 3070 2292 3104 (ι
2309 3045 2621 3119 Quomodo
2639 3048 2844 3124 habes,
2869 3051 3110 3117 domina
3130 3057 3476 3141 'l'heognia?
3498 3091 3519 3126 ιο
3547 3069 3654 3133 Illa

263 3140 610 3240 ditiontual
627 3160 750 3240 non
783 3159 986 3203 cessas
1009 3142 1184 3240 etiam
1221 3142 1327 3240 Dei
1360 3141 1922 3240 figmento-infestus
1939 3169 1983 3223 α
2007 3149 2361 3240 stupens—ex
2385 3140 3101 3240 nominisappellatione,
3123 3150 3196 3212 ad
3219 3140 3379 3220 eum:
3411 3178 3435 3214 α
3462 3159 3650 3240 Bene,

265 3249 397 3292 esse
421 3230 450 3290 ‘?
478 3255 501 3290 υ
543 3229 827 3292 Diabolus
857 3249 996 3293 vero
1030 3233 1181 3294 dixit
1215 3232 1291 3295 ad
1323 3252 1460 3294 eum
1489 3251 1503 3295 :
1545 3255 1567 3289 α
1603 3231 1744 3294 Mihi
1777 3231 1923 3293 facis

266 3321 572 3402 iniuriam,
632 3319 814 3382 Basili
844 3340 857 3383 :
888 3343 913 3380 ›
954 3321 1032 3383 ita
1063 3323 1267 3403 plane,
1301 3330 1362 3383 ut
1396 3321 1562 3383 multi
1593 3321 1924 3401 vocesﬁejus

266 3410 568 3474 audirent.
619 3411 693 3472 At
739 3421 980 3472 sanctus
1032 3411 1142 3474 Dei
1169 3411 1242 3473 ad
1288 3410 1479 3492 ipsum
1520 3432 1533 3474 :
1589 3409 1926 3491 «Increpat

269 3508 331 3561 te
368 3500 685 3570 Dominus,
719 3499 978 3562 diabole.
1014 3523 1035 3557 ι
1073 3498 1179 3561 Ille
1209 3519 1350 3562 vero
1396 3499 1469 3562 ad
1501 3518 1677 3561 eum:
1723 3525 1745 3554 α
1786 3499 1925 3560 Mihi

265 3589 411 3651 facis
445 3589 754 3670 injuriam,
785 3590 991 3651 Basili:
1031 3607 1151 3650 non
1182 3607 1288 3667 ego
1322 3589 1398 3651 ad
1421 3588 1618 3669 ipsum
1647 3588 1789 3669 abii,
1817 3587 1925 3650 sed

264 3679 398 3760 ipse
426 3680 497 3741 ad
529 3697 646 3741 me.
669 3677 1135 3742 Ab.enuntiavit
1157 3677 1394 3742 Christo
1416 3697 1546 3760 suo,
1570 3695 1926 3755 mecumque

265 3767 407 3831 iniit
436 3767 652 3843 ftedus;
686 3775 746 3830 et
775 3785 916 3829 ecce
939 3768 1071 3848 ejus
1099 3769 1460 3847 scripturam
1493 3786 1617 3849 pra;
1647 3768 1926 3830 manibus

264 3857 489 3930 habeo,
515 3858 827 3920 deleturus
849 3858 910 3919 in
936 3858 1260 3938 diejudicii
1280 3877 1478 3920 coram
1510 3859 1816 3921 communi
1831 3859 1928 3940 ju-

266 3948 422 4010 dice.
451 3972 479 4005 ι
513 3949 764 4010 Sanctus
807 3955 1004 4009 autem
1036 3947 1278 4009 Domini
1310 3947 1491 4012 dixit:
1530 3974 1551 4004 «
1569 3947 1928 4012 Benedictus

269 4034 566 4096 Dominus
580 4035 739 4096 Deus
754 4052 960 4098 meus:
988 4053 1106 4096 non
1122 4035 1392 4117 deponet
1408 4037 1660 4118 p0pulus
1680 4039 1791 4098 iste
1806 4055 1929 4099 ma-

268 4142 387 4186 nus
405 4122 478 4186 de
497 4123 734 4186 excelso
760 4122 922 4200 coeli,
946 4123 1143 4186 donec
1167 4125 1524 4206 scripturam
1555 4126 1832 4191 reddas.»
1859 4125 1932 4190 Et

268 4231 598 4276 conversus
620 4213 771 4276 dixit
802 4212 961 4294 plebi
983 4234 1046 4277 τα
1074 4211 1290 4277 Tollite
1313 4234 1528 4279 omnes
1551 4226 1774 4279 vestras
1797 4235 1926 4280 ma-

267 4322 386 4367 nus
408 4303 468 4364 in
497 4302 1162 4379 excelsum,clamantes
1176 4323 1309 4366 cum
1328 4305 1622 4387 lacrymis:
1642 4308 1923 4384 Domine,

269 4393 622 4456 miserere.»
647 4393 916 4474 Cumque
938 4394 1192 4474 populus
1208 4401 1393 4458 staret
1413 4396 1485 4457 ad
1503 4396 1744 4476 longum
1768 4404 1927 4460 tem-

271 4502 384 4567 pus
435 4483 700 4545 extensis
743 4482 1028 4545 manibus
1059 4483 1117 4545 in
1169 4483 1410 4560 coelum,
1447 4503 1590 4548 ecce
1635 4486 1927 4568 scriptum

270 4572 702 4655 adolescentis,
737 4572 798 4635 in
829 4591 969 4636 aere
998 4573 1405 4656 deportatum,
1432 4580 1611 4656 utque
1640 4575 1703 4637 in
1727 4576 1930 4638 eximii

271 4663 528 4746 pastoris
562 4661 750 4725 nostri
784 4681 995 4724 manus
1044 4663 1385 4745 depositum
1418 4664 1597 4726 venit.
1646 4667 1936 4747 Suscepto

269 4760 472 4816 autem
503 4751 628 4829 illo,
655 4753 876 4833 gratias
898 4770 1088 4833 agens
1101 4752 1250 4835 Deo,
1267 4756 1800 4837 vehementiusque
1826 4776 1936 4839 ga-

269 4849 432 4905 visus
451 4860 588 4906 cum
612 4843 830 4924 populo
855 4845 1160 4920 universo,
1178 4843 1323 4905 dixit
1352 4845 1428 4907 ad
1448 4845 1896 4910 adolescentem
1918 4869 1931 4913 :

277 4957 307 4990 α
334 4931 679 5013 Cognoscis,
707 4933 915 5009 frater,
941 4931 1283 4995 libellum?»
1313 4933 1420 4998 Ille
1445 4954 1583 4997 vero
1604 4936 1678 4998 ad
1705 4935 1924 5018 ipsum:

278 5047 304 5081 ι
334 5021 551 5098 Etiam,
577 5029 782 5085 sancte
802 5021 933 5084 Dei.-
962 5040 1174 5086 manus
1206 5026 1462 5104 propriae
1485 5025 1728 5108 scriptio
1751 5034 1864 5090 est.
1899 5051 1925 5090 ι

274 5112 458 5176 Porro
487 5112 759 5193 disrupta
781 5112 1076 5194 scriptura
1104 5112 1343 5176 induxit
1362 5114 1426 5177 in
1460 5116 1799 5198 ecclesiam,
1834 5118 1935 5181 ad-

278 5203 584 5284 missoque
603 5201 676 5264 ad
709 5219 939 5266 sacram
974 5202 1174 5266 missm
1197 5203 1575 5276 sacriﬁciuae.
1593 5207 1935 5289 perceptio-

364 5323 498 5404 (51)
526 5321 805 5383 Historiae
833 5321 1013 5402 hujus
1055 5323 1446 5404 imposturam
1481 5345 1598 5388 non
1630 5327 1931 5392 immerito

278 5404 551 5492 pateﬁeri
601 5410 976 5492 putamus-ex
1027 5422 1121 5480 eo,
1155 5405 1335 5492 quod
1368 5408 1593 5492 omnia,
1629 5411 1794 5484 quasi
1829 5429 1936 5492 per

277 5482 410 5567 pios
444 5482 644 5572 dolos,
660 5491 725 5572 ut
745 5482 989 5572 cornicis
1013 5503 1142 5546 mos
1163 5482 1280 5572 est,
1303 5482 1602 5572 descripta
1619 5482 1742 5572 βῑῃι
1767 5507 1782 5562 ;
1807 5482 1937 5572 είυεε

279 5563 315 5628 a
347 5566 638 5646 gravitate
671 5563 878 5626 Basilii
909 5564 970 5646 in
1010 5567 1276 5646 agendo,
1315 5575 1373 5629 et
1400 5563 1656 5631 Helladii
1686 5571 1748 5632 in
1779 5563 1936 5635 scri-

276 5645 476 5731 bendo
511 5645 864 5731 abhorrent,
909 5645 1400 5731 Quin,_ostendat
1434 5648 1854 5731 Combetisius,
1891 5660 1938 5714 si

279 5727 488 5808 possit,
511 5727 814 5810 quomodo
836 5725 1184 5810 Anastasius
1208 5728 1669 5810 presbyter,tam
1695 5725 1940 5798 sanctus

280 5805 342 5870 et
391 5805 788 5888 Deo'plenus,
819 5806 1012 5888 possit
1055 5805 1326 5872 excusari
1380 5805 1696 5875 mendacio
1732 5834 1748 5890 ;
1805 5833 1939 5878 cum

608 5925 870 5988 Ριπιοι..
921 5925 1040 5991 Gn.
1081 5927 1307 5993 XXIX.

2007 3241 2211 3292 sancto
2243 3234 2417 3294 Det.)
2468 3231 2623 3294 Dicit
2653 3233 2744 3294 illi
2767 3244 3010 3299 sanctus
3039 3238 3212 3303 Pater
3231 3255 3454 3314 noster.
3488 3276 3509 3307 ε
3541 3231 3657 3316 Ubi

2006 3330 2097 3383 est
2125 3321 2406 3384 dominus
2436 3323 2801 3386 Athanasius
2845 3328 3176 3409 presbyter,
3203 3333 3391 3400 frater
3421 3343 3602 3404 tuus?
3627 3369 3653 3406 ι

2010 3411 2165 3506 Dicit
2196 3411 2280 3506 illi
2312 3432 2326 3473 :
2390 3435 2409 3465 ο
2442 3411 2688 3474 Maritus
2718 3431 2889 3506 meus
2919 3425 3032 3498 est,
3062 3419 3330 3506 domine,
3364 3433 3426 3491 et
3451 3431 3554 3494 ivit
3582 3435 3656 3497 ad

2008 3500 2329 3602 colendam.
2366 3508 2678 3602 terram.“-
2726 3505 2818 3602 At_
2851 3505 2954 3602 ille
2975 3525 3002 3602 _:
3055 3500 3121 3571 In
3165 3500 3342 3578 domo
3391 3526 3489 3582 tua
3539 3534 3652 3602 est,

2010 3607 2205 3670 neque
2233 3589 2519 3668 fatigeris.
2549 3616 2575 3648 ι
2608 3591 2889 3656 Perculsa
2911 3595 3090 3675 igitur
3125 3603 3343 3667 mulier
3371 3607 3434 3669 in
3474 3589 3655 3675 verbo

2008 3680 2146 3774 isto,
2177 3699 2294 3740 non
2321 3690 2548 3774 tantum
2575 3682 2731 3761 quod
2764 3701 2835 3746 ex
2868 3687 3112 3750 nomine
3130 3693 3511 3774 appellasset,
3546 3703 3652 3764 sed

2009 3771 2186 3833 etiam
2239 3770 2396 3851 quod
2429 3788 2676 3834 uxorem
2724 3774 2966 3854 quidem
3000 3770 3267 3857 nomine,
3301 3803 3414 3849 usu
3455 3770 3654 3853 autem

2009 3861 2434 3954 sororem,Deo_
2457 3861 2688 3954 atllatus
2719 3864 2898 3926 Pater
2923 3876 3126 3931 noster
3155 3871 3433 3954 dixisset;
3465 3881 3659 3944 vehe-

2012 3950 2318 4048 menti-que
2366 3950 2758 4048 admiratione
2787 3956 3057 4039 attonita,
3090 3977 3158 4022 ac
3209 3950 3427 4030 timore
3471 3975 3653 4048 tenta,

2012 4039 2229 4103 cecidit
2275 4044 2336 4101 in
2385 4049 2624 4117 terram,
2655 4042 2920 4106 clamans
2952 4053 3012 4107 et
3053 4049 3260 4114 dicens
3299 4073 3315 4119 :
3370 4079 3400 4112 ι
3435 4039 3658 4125 Sancte

2012 4131 2121 4230 Dei
2159 4151 2276 4230 _ora
2309 4152 2426 4230 pro
2479 4151 2577 4197 me
2609 4139 2960 4230 peccatrice.
2997 4141 3137 4223 quia
3185 4164 3283 4210 res
3325 4166 3568 4230 magnas
3599 4163 3659 4216 et

2011 4223 2473 4324 admirandasin
2491 4234 2546 4286 te
2600 4227 2973 4324 contlueor.»
3003 4230 3155 4324 Tum
3180 4223 3454 4319 ilie,iusis
3479 4260 3663 4324 super

2012 4313 2172 4375 illam
2222 4313 2525 4394 precibus,
2562 4318 2788 4396 primus
2835 4318 2977 4384 ibat.
3012 4313 3407 4391 Venieutibus
3459 4313 3658 4395 autem

2013 4403 2187 4465 nobis
2208 4403 2268 4497 in
2297 4403 2556 4497 domum
2575 4407 2929 4489 presbyteri,
2956 4415 3132 4475 etiam
3158 4415 3289 4497 ipse
3310 4418 3540 4484 obviam
3571 4424 3661 4486 fa-

1952 4498 2150 4594 Dctus
2178 4512 2233 4594 ;_‘
2249 4494 2628 4594 honorabiles
2681 4499 2791 4594 viri
2821 4500 3013 4594 pedes,
3055 4494 3430 4574 dosculatur:
3478 4522 3537 4574 at
3563 4513 3665 4577 ille

2021 4583 2444 4684 eininDomino
2458 4587 2730 4684 osculum
2753 4590 3043 4684 dedit.Ait
3064 4612 3201 4658 vero
3219 4597 3308 4659 illi
3332 4603 3662 4684 presbyter:

2027 4671 2229 4740 «Unde
2254 4674 2367 4737 hoc
2391 4675 2636 4757 mihi,ut
2654 4679 2884 4740 venerit
2915 4692 3155 4746 sanctus
3182 4671 3422 4751 Domini
3443 4671 3562 4753 mei
3589 4694 3665 4757 ad

2021 4784 2116 4828 me
2139 4771 2167 4828 ‘?
2191 4786 2220 4826 ι
2271 4763 2448 4828 Pater
2474 4775 2670 4828 autem
2705 4781 2907 4831 noster
2937 4777 3019 4832 ait
3049 4773 3166 4834 illi:
3227 4800 3254 4831 α
3287 4780 3451 4842 Bene
3481 4789 3537 4843 ιθ
3565 4782 3664 4845 in-

2020 4858 2178 4937 veni,
2211 4855 2430 4919 Christi
2461 4855 2799 4938 discipule:
2829 4877 3058 4942 eamus,
3085 4871 3143 4925 et
3166 4881 3295 4928 rem
3324 4885 3552 4932 sacram
3575 4872 3664 4934 fa-

2014 4946 2263 5010 ciamus.
2288 4967 2316 5007 »
2341 4951 2492 5042 _Erat
2515 4947 2675 5008 enim
2701 4947 2831 5029 ipse
2861 4951 3172 5042 presbyter
3206 4957 3473 5035 quotidie
3495 4962 3663 5042 jeju-

2015 5055 2190 5135 na_n_s_,
2221 5047 2280 5100 et
2330 5038 2752 5135 (praeterquam
2802 5041 3059 5104 Sabbato
3101 5055 3163 5107 et
3204 5045 3304 5112 die
3327 5038 3669 5135 Domi—nica)

2017 5127 2166 5189 nihil
2198 5128 2553 5206 contingens
2583 5129 2698 5191 nisi
2729 5148 2943 5211 panem
2969 5139 3034 5197 et
3061 5152 3299 5217 aquam.

2099 5218 2364 5300 Cumque
2415 5221 2885 5301 perrexissemus
2933 5223 2992 5285 in
3026 5234 3291 5290 sanctam
3326 5232 3432 5294 Dei
3463 5235 3665 5298 eccle-

2017 5344 2199 5469 supra
2230 5333 2504 5388 narratur
2549 5325 2776 5390 dixisse
2809 5333 2974 5391 uxori
3005 5347 3129 5395 suae
3162 5354 3176 5398 :
3231 5335 3372 5428 Ego
3403 5343 3559 5404 vado
3588 5344 3668 5406 ad

2017 5427 2088 5469 cu
2116 5416 2318 5469 turam
2342 5409 2574 5469 aari.et
2597 5417 2793 5469 tamen
2817 5409 3122 5469 insciailla
3153 5415 3314 5469 domi
3342 5423 3625 5469 manem-il
3648 5444 3663 5459 ο

2017 5409 2318 5504 culturam
2342 5409 2574 5504 ag,ri,et
2597 5417 2793 5504 tamen
2817 5409 3006 5504 inscia
3022 5413 3123 5476 illa
3153 5409 3317 5504 dom_i
3341 5423 3664 5504 manserit;

2021 5488 2123 5551 uhi
2183 5487 2357 5569 paulo
2387 5487 2568 5551 “infra
2622 5488 2844 5553 diciiur
2898 5492 3150 5557 invenus
3195 5515 3228 5558 a
3275 5500 3544 5564 Basilio:
3609 5487 3668 5566 et

2021 5589 2154 5662 mox
2199 5575 2396 5647 jussus
2426 5570 2769 5664 anastasius
2820 5575 3054 5664 aperire
3085 5578 3300 5664 ostium
3324 5583 3666 5664 conclavis,

2023 5651 2082 5712 in
2117 5670 2238 5733 quo
2267 5653 2617 5733 servabatur
2645 5652 2823 5716 homo
2855 5651 3189 5733 ulcerosus,
3218 5660 3363 5721 dixit
3393 5680 3524 5723 esse
3555 5651 3668 5724 ne;

2021 5730 2284 5796 cessaris
2313 5730 2548 5796 domus.

3013 5946 3038 6000 τ
