4140 6412
436 347 583 396 occx
1842 334 2247 400 PROLEGOM
2258 339 2433 404 ENA.

435 469 607 543 siam,
646 470 928 551 przecepit
977 468 1322 552 presbytero
1352 479 1416 531 ut
1446 471 1686 532 missam
1721 471 2079 535 celebraret.
2106 485 2142 529 Α
2170 478 2459 540 civitatem
2497 496 2629 541 cum
2684 480 2921 557 gaudio,
2956 477 3269 539 laudantes
3302 488 3357 538 et
3410 471 3821 537 benidicentes

435 557 543 620 Ille
572 570 767 621 autem
824 560 907 622 ait
934 560 1007 622 ad
1053 580 1229 622 eum:
1291 586 1315 617 α
1353 560 1566 623 Sancte
1600 562 1729 636 Dei,
1763 572 1827 622 ut
1882 563 2081 636 doces,
2174 562 2381 629 Deum.

433 650 589 730 quod
642 650 840 710 minus
871 658 962 711 est
1001 669 1036 710 a
1068 651 1304 713 meliori
1339 651 1735 713 benedicitur.
1769 677 1793 705 »
1852 652 2007 713 Dicit
2033 654 2085 713 ei
2174 655 2434 733 Fratres,
2471 660 2873 719 narrationem
2932 658 3063 717 volo
3098 660 3289 718 facere
3339 657 3461 735 (5'2)
3498 656 3571 716 de
3608 674 3817 734 magno

430 746 667 800 sanctus
718 742 892 801 Pater
920 749 1166 801 noster:
1227 762 1252 797 ‹
1285 740 1371 801 Ad
1406 742 1669 821 reliquas
1702 748 1829 802 tuas
1876 760 2084 802 omnes
2172 754 2229 803 et
2258 746 2477 806 celebri
2502 747 2720 807 Basilio
2753 756 2811 808 et
2841 746 3097 824 Ephrem
3132 750 3276 826 Syro
3303 748 3455 825 (53).
3487 747 3556 807 Et
3590 765 3656 807 ea
3679 747 3816 825 qni-

431 828 699 910 virtutes,
721 828 1067 891 obedientia
1095 830 1358 891 accedat.
1391 856 1415 888 »
1455 832 1855 892 Consentiens
1885 842 2077 892 autem
2170 833 2303 894 dem
2340 855 2471 913 qum
2504 846 2771 915 spectant
2794 837 2865 897 ad
2904 839 3133 898 Patrem
3170 847 3462 910 nostrum,
3496 836 3622 915 ipse
3655 836 3817 909 vidi;

428 917 737 997 presbyter
780 917 962 979 astitit
990 919 1061 979 ad
1096 937 1265 980 sacra
1314 919 1659 981 missarum.
1694 920 1878 981 Porro
1928 930 2078 980 tem-
2166 942 2296 1002 quae
2340 935 2535 985 autem
2568 927 2638 987 ad
2690 934 2956 987 sanctum
2990 937 3047 987 et
3082 929 3360 987 eximium
3410 923 3694 1004 Ephrem,
3746 944 3816 986 ex

427 1025 572 1085 pore
626 1008 978 1069 evelatienis
1031 1009 1244 1070 viviﬁci
1297 1011 1567 1089 corporis
1618 1009 1857 1071 Domini
1892 1011 2079 1070 nostri
2168 1015 2357 1074 veraci
2384 1017 2512 1094 ejus
2535 1034 2638 1076 ore
2669 1017 2899 1077 audivi:
2937 1016 3022 1076 sic
3056 1025 3251 1077 autem
3285 1016 3527 1077 habent.
3564 1013 3674 1075 Ubi
3708 1034 3810 1074 ce-

424 1100 563 1160 .lesn
591 1100 835 1171 Christi,
862 1102 1004 1162 vidit
1026 1110 1266 1163 sanctus
1298 1101 1400 1163 Dei
1428 1102 1739 1181 etquidam
1761 1104 1833 1163 de
1852 1103 2072 1179 dignis,
2164 1102 2345 1164 lebris
2372 1104 2473 1165 ille
2506 1104 2788 1183 Ephrem,
2821 1124 3003 1183 agens
3030 1106 3088 1164 in
3120 1105 3382 1176 deserto,
3405 1123 3517 1183 qua
3541 1123 3605 1164 ex
3636 1105 3817 1183 Spiri-

424 1190 866 1250 sanctissimum
918 1190 1231 1271 Spiritum,
1266 1190 1732 1253 descendentem
1778 1192 1837 1251 in
1871 1194 2071 1272 specie
2166 1203 2255 1253 tus
2280 1196 2467 1254 sancti
2490 1196 2891 1256 illustratione
2916 1195 3309 1273 vidis.~et,qna
3342 1214 3408 1253 ex
3430 1193 3731 1253 desiderio
3755 1205 3814 1256 et

424 1277 601 1355 ignis,
632 1280 1228 1360 circumdantemque
1263 1280 1677 1360 presbyterum
1711 1292 1769 1342 et
1799 1294 2067 1342 sanctum
2156 1285 2643 1363 percunctatione
2675 1285 2980 1345 didicisset
3024 1284 3373 1343 admiranda
3402 1282 3591 1344 Patris
3622 1286 3810 1345 nostri

420 1368 631 1431 altare.
660 1369 927 1451 Cumque
950 1374 1579 1445 commnnicassemns,
1608 1379 1667 1431 et
1696 1370 1819 1432 Deo
1851 1370 2072 1449 egisse-
2154 1371 2351 1433 Basilii
2384 1392 2563 1452 opera
2593 1398 2606 1447 ;
2639 1376 2825 1435 Deum
2861 1373 3084 1433 intente
3108 1373 3452 1452 jngiterqne
3485 1371 3711 1453 orabat,
3749 1383 3811 1433 nt

422 1477 554 1518 mus
586 1458 1136 1535 gratias,rediimus
1158 1462 1218 1520 in
1251 1460 1497 1520 domum
1534 1459 1887 1541 presbyteri,
1909 1460 2070 1521 cibo-
2156 1464 2267 1540 ipsi
2300 1464 2619 1537 revelaret,
2647 1464 2835 1543 qualis
2867 1463 3112 1540 Magnus
3145 1463 3395 1523 Basilius
3412 1470 3591 1523 esset.
3619 1461 3680 1523 In
3707 1482 3806 1523 ex-

421 1565 535 1626 que
568 1560 826 1629 snmpto,
861 1550 1007 1611 dixit
1040 1550 1125 1610 illi
1167 1559 1405 1610 sanctus
1431 1548 1537 1609 Dei
1567 1571 1579 1612 :
1646 1570 1671 1605 ei
1715 1552 1893 1611 Bel‘er
1924 1549 2070 1609 mihi
2155 1553 2356 1613 stasim
2377 1571 2521 1630 ergo
2540 1552 3805 1633 raptus,videttolumnamignis,cnjusver-

423 1637 580 1699 unde
614 1640 925 1701 thesaurus
960 1638 1070 1698 iste
1098 1660 1113 1715 ;
1163 1647 1221 1699 et
1250 1657 1384 1714 qua;
1416 1648 1505 1699 est
1534 1639 1649 1699 vita
1680 1645 1825 1700 tua?
1852 1661 1877 1697 »
1917 1638 2069 1700 Dicit
2153 1648 2247 1701 tex
2278 1642 2605 1720 attingebat
2641 1642 2857 1704 coelum
2887 1659 3152 1720 :voxque
3181 1643 3259 1701 de
3289 1642 3438 1702 cmlo
3467 1642 3686 1712 audita,
3714 1643 3808 1701 (ἰῇ-ο

419 1728 469 1787 ei
521 1728 829 1807 presbyter
863 1752 875 1786 :
939 1754 966 1783 α
993 1728 1135 1807 Ego,
1162 1738 1365 1789 sancte
1396 1729 1523 1804 Dei,
1560 1729 1737 1789 homo
1792 1737 2069 1808 peccator
2154 1749 2335 1792 cens:
2379 1732 2699 1812 «Ephrem,
2736 1731 2991 1809 Ephrem
3022 1752 3033 1792 :
3071 1732 3577 1805 quemadmodum
3612 1730 3806 1791 vidisti

415 1833 587 1909 sum,
608 1819 862 1895 publicis
893 1818 1136 1909 tributis
1167 1817 1533 1909 obnoxius.»
1559 1820 1709 1909 Sunt
1744 1836 1918 1897 porro
1951 1819 2067 1879 duo
2093 1861 2129 1909 Β
2152 1822 2489 1883 columnam
2526 1822 2701 1901 ignis,
2740 1821 3035 1899 ejusmodi
3063 1829 3152 1881 est
3183 1823 3437 1899 Magnus
3468 1820 3741 1883 Basilius.
3780 1849 3797 1877 ι

408 1906 553 1985 juga
574 1907 753 1969 boum
776 1930 790 1990 ;
813 1927 996 1969 unum
1022 1908 1264 1987 quidem
1291 1925 1399 1985 ego
1423 1908 1589 1968 mino
1616 1908 1899 1983 ;alternm
1927 1925 2064 1968 vero
2093 1906 2122 1909 ⁷
2155 1912 2227 1972 Et
2257 1912 2457 1973 statim
2509 1910 2776 1972 adhibito
2806 1910 3154 1989 interprete,
3193 1911 3347 1971 velut
3380 1910 3543 1971 rudis
3587 1911 3803 1988 linguae

417 2013 585 2058 meus
618 1999 1025 2060 mercenarius
1054 2006 1146 2079 ,et
1167 1997 1416 2058 alterum
1444 1996 1686 2076 quidem
1711 1996 1770 2055 in
1803 1998 2065 2057 ministe-
2151 2002 2393 2075 Griecze,
2427 2001 2585 2062 venit
2607 2000 2678 2061 ad
2707 2018 2976 2077 magnam
3006 2001 3319 2060 ecclesiam
3350 1998 3606 2060 celebris
3638 2002 3799 2060 urbis

408 2083 563 2145 rium
590 2088 753 2148 cedit
774 2087 1106 2167 hOSpitum;
1133 2086 1384 2147 alterum
1406 2097 1604 2145 autem
1628 2086 1689 2145 in
1710 2084 2061 2164 obsequium
2150 2088 2433 2151 Caesareae
2465 2110 2475 2152 :
2512 2090 2583 2151 ad
2612 2108 2785 2169 quam
2822 2091 2949 2169 ipsa
2982 2108 3191 2167 magna
3225 2090 3690 2168 Epiphaniorum
3708 2110 3798 2150 so-

410 2175 789 2240 tribntornm:
824 2186 1033 2257 estque
1063 2176 1405 2238 confamula
1432 2176 1558 2236 haec
1587 2194 1737 2236 uxor
1767 2194 1921 2250 mea,
1950 2177 2063 2236 bo—
2153 2181 2455 2241 lemnitate
2518 2180 2897 2259 perveniens,
2952 2180 3221 2258 clamque
3282 2182 3608 2258 ingressus,
3657 2179 3800 2240 vidit

409 2264 660 2342 spitihus
713 2266 1054 2326 mlnistrans
1102 2272 1159 2325 et
1208 2264 1379 2327 mihi.
1406 2285 1436 2324 )
1498 2264 1601 2326 Ait
1642 2264 1725 2325 illi
1786 2274 2054 2325 sanctus:
2150 2270 2571 2349 procedentem
2606 2268 2879 2348 Magnum
2903 2268 3635 2349 Basilium;aitqnesocio
3653 2290 3800 2330 suo;

415 2377 437 2405 (ι
476 2351 637 2415 Voca
668 2356 828 2416 illam
876 2373 1169 2430 sororem,
1202 2355 1371 2433 juxta
1422 2353 1580 2433 quod
1616 2360 1745 2427 est;
1799 2354 2064 2434 mihique
2155 2382 2175 2415 (ι
2215 2357 2278 2419 In
2312 2378 2547 2439 vanum,
2577 2370 2742 2439 puto,
2774 2359 3196 2420 laboravimus.
3234 2359 3438 2420 Frater
3470 2361 3578 2419 iste
3611 2359 3794 2435 enim,

408 2441 622 2504 edicito
653 2445 915 2521 reliquas
940 2453 1067 2505 tuas
1087 2444 1359 2505 virtutes.
1398 2468 1424 2499 »
1450 2443 1603 2505 Dicit
1626 2444 1679 2503 ei
1706 2442 2054 2523 presbyter:
2147 2450 2205 2509 in
2241 2460 2401 2512 tanto
2427 2450 2609 2527 gradu
2643 2448 3019 2529 positus,non
3044 2459 3134 2510 est
3164 2450 3397 2529 qualem
3426 2449 3562 2510 vidi.
3597 2474 3623 2503 »
3652 2448 3799 2510 Con-

414 2534 578 2594 «Non
603 2533 793 2595 habeo
817 2534 1145 2614 quidquam
1171 2531 1314 2594 boni
1337 2550 1515 2612 super
1538 2542 1779 2607 terram,
1806 2532 1878 2593 ab
1900 2535 2060 2593 οι]ῑυὶ
2145 2540 2434 2619 spiciebat
2464 2540 2621 2601 enim
2650 2540 2932 2600 amictum
2961 2540 3106 2601 stola
3142 2540 3421 2619 candida,
3441 2557 3797 2619 sacrumque

403 2621 618 2685 virtute
652 2634 966 2685 extraneus
997 2642 1152 2684 sum.
1196 2645 1218 2679 (ι
1249 2623 1400 2684 Dicit
1431 2623 1485 2683 ei
1517 2623 1853 2684 communis
1884 2622 2057 2684 Pater
2141 2631 2299 2691 circa
2328 2631 2521 2711 ipsum
2542 2631 2794 2707 clerum,
2819 2628 2972 2689 albis
2998 2629 3269 2689 indutum
3292 2639 3349 2688 et
3371 2631 3426 2688 ei
3453 2627 3793 2708 obsequen-

404 2722 651 2778 noster:
694 2740 717 2769 ι(
740 2719 1023 2791 Surge,et
1043 2732 1248 2775 eamus
1265 2713 1460 2774 simul.
1491 2739 1514 2769 ι
1558 2713 1731 2774 Ducit
1752 2731 1891 2775 vero
1916 2732 2050 2774 eum
2139 2728 2279 2782 tem.
2337 2718 2508 2781 Stans
2541 2736 2687 2796 ergo
2732 2724 2791 2776 in
2840 2725 3072 2777 secreto
3106 2717 3235 2776 loco
3285 2717 3582 2795 ecclesiae,
3621 2720 3798 2797 cmpit

402 2800 463 2862 in
495 2805 706 2865 cellam
737 2823 913 2866 unam
940 2804 1154 2865 domus
1177 2804 1330 2883 ejus,
1361 2812 1419 2864 et
1448 2808 1528 2863 ait
1555 2803 1677 2865 illi:
1720 2826 1741 2857 α
1766 2802 1951 2882 Aperi
1973 2805 2053 2881 ja-
2138 2810 2384 2870 velutde
2401 2807 2704 2888 proposito
2737 2806 3083 2884 desperare,
3112 2806 3320 2867 dicens
3345 2807 3501 2866 intra
3528 2826 3612 2868 se:
3645 2807 3796 2867 «Nos

400 2909 604 2958 nuam.
632 2918 654 2951 η
683 2893 919 2958 Atille:
951 2916 973 2949 α
1002 2895 1328 2973 Ne,sancle
1348 2890 2056 2971 Dei,inejusserisingre-
2138 2898 2242 2974 qui
2276 2899 2633 2978 portavimus
2666 2895 2899 2973 pondus
2930 2894 3052 2955 diei
3085 2902 3143 2954 et
3164 2902 3342 2957 aestus
3372 2895 3519 2954 nihil
3550 2896 3797 2976 profeci-

400 2985 497 3047 di:
536 2984 822 3066 quoniam
846 2988 1010 3045 usus
1057 2991 1147 3044 est
1176 2982 1411 3043 domus.
1453 3005 1475 3034 ι»
1521 2978 1622 3043 Ait
1649 2981 1995 3053 ei._sanctus
2038 3005 2052 3041 :
2137 3005 2313 3066 mus;
2351 2988 2443 3046 hic
2470 2993 2693 3055 autem,
2723 2984 2780 3042 in
2816 2991 2975 3043 tanto
3001 2982 3307 3057 comitatu,
3337 2993 3397 3045 et
3430 2984 3656 3043 honore
3678 2985 3793 3043 hu-

406 3077 647 3161 gEtiam
672 3096 780 3157 ego
810 3075 947 3139 veni
978 3074 1051 3135 ad
1082 3075 1240 3135 hunc
1271 3091 1469 3133 usum.
1504 3094 1529 3131 ι)
1564 3072 1833 3153 Cumque
1867 3072 2051 3134 nollet
2138 3094 2336 3149 mano,
2374 3084 2463 3135 est
2492 3071 2772 3133 columna
2797 3072 2991 3149 ignis?
3022 3072 3205 3134 Plane
3227 3074 3430 3135 miror.
3465 3099 3486 3127 υ
3523 3072 3660 3134 Hmc
3694 3074 3795 3132 ita-

400 3159 706 3248 presbyter
738 3166 974 3244 aperire
1006 3173 1559 3245 portam,sermone
1588 3162 1827 3242 aperuit
1849 3162 2047 3223 admi-
2133 3183 2271 3240 quae
2302 3164 2427 3243 ipso
2464 3160 2783 3239 cogitante,
2822 3159 2981 3223 misit
3032 3162 3104 3223 ad
3138 3181 3273 3223 eum
3307 3172 3545 3224 sanctus
3592 3164 3788 3224 archi-

401 3258 607 3319 rabilis
628 3259 803 3319 Pater
837 3263 1061 3317 noster:
1096 3261 1521 3333 ingressusque
1555 3251 1891 3313 morbidum
1925 3252 2108 3323 illicc
2133 3253 2446 3315 diaconum
2501 3269 2698 3324 suum,
2738 3251 2980 3314 dicens:
3025 3278 3049 3307 α
3082 3251 3243 3313 Vade
3292 3253 3364 3313 ad
3400 3263 3627 3332 portam
3661 3272 3793 3333 qua;

399 3348 704 3409 hominem
727 3343 1263 3415 etulcerosum,cni
1283 3343 1565 3423 pleraque
1580 3343 1849 3422 corporis
1866 3360 2049 3401 mem~
2135 3341 2380 3421 respicit
2410 3340 2808 3413 occidentem,
2846 3340 3049 3421 ibique
3074 3342 3132 3403 in
3168 3343 3441 3404 ecclesiae
3463 3344 3674 3419 angulo
3698 3362 3793 3403 re-

397 3436 505 3499 bra
534 3438 882 3510 deﬂuerent,
919 3432 1167 3510 invenit,
1202 3452 1320 3493 uno
1350 3432 1580 3494 sciente
1614 3432 1957 3512 presbytero
1991 3439 2049 3492 et
2135 3433 2328 3513 peries
2357 3431 2655 3511 abbatem,
2682 3431 2972 3492 cucullam
2995 3431 3317 3493 habentem
3341 3434 3401 3493 in
3423 3434 3783 3513 capite,cum

400 3545 609 3589 sorore
660 3529 815 3606 ejus.
848 3525 1074 3587 Dicitei
1126 3532 1367 3585 sanctus
1414 3522 1587 3586 Pater
1614 3527 1861 3583 noster:
1920 3546 1939 3575 «
1980 3524 2051 3584 Ut
2133 3524 2386 3604 quodam
2414 3523 2556 3600 alio,
2576 3521 3322 3603 raribarbium,pusillum,
3352 3532 3640 3585 etcmtera
3658 3522 3789 3583 vul-

399 3617 539 3697 quid
570 3617 804 3678 voluisti
823 3615 1020 3677 celare
1046 3615 1392 3674 thesaurum
1417 3623 1581 3674 tuum
1607 3611 1860 3673 istum?»
1894 3613 2047 3673 Dicit
2137 3621 2228 3675 tus
2260 3615 2430 3695 ejus;
2462 3613 2745 3693 dicesque
2773 3612 2825 3672 ei
2853 3633 2865 3673 :
2904 3611 3477 3690 Qumso,ingredere
3502 3613 3559 3672 in
3592 3629 3792 3673 sacra-

397 3707 449 3767 ei
485 3706 811 3787 presbyter:
851 3708 1199 3783 «Promptus
1228 3701 2043 3783 est,domine,etinjuriosus,
2129 3704 2330 3765 rium:
2390 3711 2550 3764 vocat
2583 3710 2638 3762 te
2687 3702 3191 3782 archiepiscopus.
3234 3728 3259 3757 ι
3314 3702 3791 3764 Archidiaconus

398 3796 690 3877 timuique
707 3815 781 3856 ne
799 3796 947 3856 forte
971 3795 1029 3853 in
1045 3791 2049 3855 verbooifenderet.»DiciteiPater
2130 3801 2355 3873 autem,
2391 3792 2643 3853 discissa
2674 3790 2856 3851 multo
2910 3791 3112 3853 labore
3143 3792 3344 3872 populi
3379 3792 3785 3867 multitudine,

394 3896 629 3947 noster:
673 3911 698 3941 «
728 3885 888 3947 Bene
921 3884 1080 3945 circa
1110 3883 1308 3963 ipsum
1340 3882 1616 3944 certasti:
1653 3882 1784 3942 sine
1814 3900 1951 3942 vero
1983 3894 2045 3942 ut
2132 3883 2292 3944 venit
2320 3883 2392 3942 ad
2425 3881 2623 3942 locum
2657 3880 2761 3941 ubi
2795 3880 2854 3939 S.
2892 3881 3151 3959 Ephrem
3185 3884 3561 3962 consisterat,
3594 3893 3654 3944 et
3706 3886 3790 3942 ait

394 3980 454 4037 et
477 3994 581 4054 ego
616 3976 727 4037 hac
759 3984 932 4036 nocte
964 3973 1049 4035 illi
1081 3972 1415 4032 ministrem
1444 3995 1459 4043 ;
1495 3990 1610 4052 quo
1639 3990 1746 4052 per
1780 3980 1835 4033 te
1865 3973 2040 4033 etiam
2130 3972 2218 4033 illi
2255 3992 2267 4032 :
2313 3997 2335 4025 α
2372 3970 2663 4049 Benedic,
2697 3968 2941 4029 domine
2974 3993 2989 4048 -,
3047 3969 3193 4031 velis
3225 3970 3456 4049 ingredi
3487 3972 3547 4032 in
3579 3990 3788 4033 sacra-

393 4066 736 4127 mercedem
771 4081 1124 4143 consequar.
1163 4087 1189 4117 ι
1228 4060 1482 4121 Dimisso
1514 4071 1711 4122 autem
1743 4072 1950 4123 sancto
1984 4063 2041 4123 in
2127 4062 2281 4123 rium
2312 4085 2327 4133 ;
2363 4069 2528 4121 vocat
2560 4060 2717 4120 enim
2753 4068 2806 4119 te
2836 4058 3011 4121 Pater
3042 4068 3176 4121 tuus
3207 4061 3717 4141 archiepiscoiius.
3753 4087 3780 4119 ι)

392 4157 695 4219 cellacu‘m
715 4155 1119 4235 ulceroso,cni
1143 4152 1332 4215 morbi
1352 4155 1436 4213 vis
1457 4154 1546 4215 vel
1571 4173 1774 4215 vocem
1792 4155 2043 4217 ademe-
2128 4149 2241 4213 Ubi
2272 4160 2471 4211 autem
2504 4148 2793 4210 intellexit
2818 4168 2925 4229 per
2951 4150 3337 4230 interpretem
3365 4152 3525 4227 quod
3549 4151 3789 4212 diceba—

389 4254 503 4327 rat,
537 4246 739 4308 clauso
787 4246 967 4324 ostio,
1000 4242 1409 4304 discessimus.
1467 4242 1579 4314 Qui
1609 4253 1802 4305 autem
1831 4244 2042 4304 vulne-
2128 4248 2246 4317 tur,
2271 4240 2572 4301 excusavit
2601 4238 2806 4301 dicens
2840 4256 2853 4301 :
2895 4262 2921 4294 «
2960 4242 3161 4314 Erras,
3200 4242 3375 4301 frater
3407 4262 3421 4320 ;
3452 4258 3560 4301 nos
3588 4241 3784 4303 homi-

372 4334 569 4407 yribus
591 4332 969 4413 medebatur,
1005 4332 1150 4393 fusis
1180 4350 1360 4411 super
1392 4350 1524 4394 eum
1560 4342 1678 4394 tota
1709 4342 1884 4394 nocte
1917 4351 2047 4412 pre-
2127 4349 2235 4391 nes
2270 4328 2572 4410 peregrini
2604 4346 2807 4393 sumus
2839 4336 2899 4391 et
2922 4329 2977 4390 ei
3010 4329 3212 4409 ignoti.
3244 4356 3268 4385 »
3304 4332 3563 4393 Rediens
3586 4339 3783 4392 autem

396 4422 588 4500 cibus,
614 4423 955 4504 supplicans
976 4422 1123 4496 Deo,
1151 4421 1250 4501 qui
1281 4422 1553 4482 morbum
1588 4442 1826 4483 omnem
1848 4432 1905 4486 et
1926 4424 2047 4483 lan-
2128 4421 2609 4499 archidiaconus,
2644 4420 3003 4480 renuntiavit
3037 4422 3250 4499 Magno
3299 4420 3534 4482 Basilio.
3594 4420 3781 4481 Porro

388 4532 636 4592 gnorem
663 4522 849 4589 sanat,
888 4512 1110 4573 curavit
1139 4510 1337 4573 illum.
1360 4510 1677 4591 Presbyter
1708 4521 1906 4573 autem
1941 4512 2042 4593 qui
2129 4510 2268 4569 dum
2324 4510 2576 4571 Basilius
2609 4508 2791 4569 libros
2824 4527 3023 4569 sacros
3057 4510 3297 4590 exponit
3355 4511 3598 4591 populo,
3625 4510 3782 4570 videt

388 4602 532 4663 foris
564 4601 877 4663 nobiscum
930 4610 1079 4681 erat,
1112 4600 1227 4663 ait:
1270 4626 1295 4655 ε(
1331 4600 1532 4663 Gloria
1565 4603 1694 4676 tibi,
1724 4602 1903 4676 Deus,
1940 4608 2039 4682 qui
2062 4598 2183 4660 DS.
2221 4599 2479 4680 Ephrem
2512 4600 2774 4677 linguam
2809 4605 3069 4677 igneam,
3102 4601 3234 4679 ejus
3276 4619 3381 4661 ore
3412 4600 3777 4680 loquentem,

386 4690 532 4753 facis
564 4692 929 4753 voluntatem
965 4690 1301 4751 timentium
1338 4702 1415 4764 te,
1452 4701 1509 4751 et
1550 4691 2036 4769 deprecationem
2124 4688 2335 4768 Aitque
2391 4707 2627 4750 rursum
2682 4689 2931 4765 Magnus
2991 4688 3243 4749 Basilius
3301 4688 3723 4749 archidiacono
3764 4711 3775 4746 :

385 4782 967 4857 eorumexaudisgen
993 4781 1482 4843 medicussanum
1509 4780 2032 4841 fecitinﬁrmum.»
2131 4804 2156 4834 ιι
2194 4778 2381 4860 Vade,
2416 4786 2476 4839 et
2499 4779 2594 4839 dic
2629 4778 2681 4838 ei
2715 4800 2727 4836 :
2767 4777 3018 4839 Domine
3052 4778 3338 4859 Ephrem,
3376 4779 3521 4840 velis
3552 4778 3781 4855 ingredi

384 4873 463 4935 Et
522 4872 725 4933 statim
787 4872 1064 4933 clamavit
1110 4880 1373 4946 sanctus,
1431 4878 1491 4930 ut
1543 4880 1772 4950 portam
1832 4873 2036 4949 aperi-
2123 4871 2194 4929 ad
2231 4887 2465 4931 sacrum
2498 4869 2730 4928 altare:
2790 4877 2957 4927 vocat
2993 4880 3048 4929 te
3099 4868 3664 4948 archiepiscopus.»
3710 4871 3783 4930 Ει

383 4979 609 5038 remus,
646 4961 963 5041 eduxitque
1000 4962 1340 5023 ulcerosum
1377 4960 1611 5036 integre
1643 4978 1879 5036 sanum,
1920 4978 2038 5020 non
2124 4958 2331 5021 abiens
2352 4958 2425 5019 ad
2451 4976 2589 5020 eum
2615 4956 3091 5031 archidiaconus,
3121 4959 3370 5037 ejusque
3394 4958 3655 5035 vestigiis
3676 4958 3779 5020 im-

382 5052 702 5113 habentem
766 5052 1106 5113 cicatricem
1156 5052 1215 5110 in
1276 5067 1528 5130 corpore
1588 5069 1719 5128 suo,
1769 5051 2040 5130 expedite
2122 5067 2330 5129 presso
2356 5048 2582 5119 osculo,
2622 5046 2899 5108 dixitilli:
2935 5048 3220 5109 «Domine
3244 5048 3775 5128 Ephrem,quagso,

384 5141 751 5223 loquentem,
788 5150 845 5203 et
874 5142 1311 5221 gloriﬁcantem
1360 5142 1547 5201 Deum
1578 5187 1591 5201 .
1654 5138 1778 5199 Hoc
1838 5150 2036 5199 autem
2122 5148 2177 5199 te
2200 5138 2459 5200 accersit
2488 5140 2660 5199 l’ater
2695 5144 2834 5197 tuus
2866 5137 3376 5217 archiepiscopus,
3398 5146 3459 5198 nt
3488 5137 3780 5217 ingredia-

381 5233 589 5311 grandi
624 5233 916 5294 miraculo
948 5234 1125 5307 iacto,
1165 5228 1393 5292 reversi
1421 5247 1631 5290 sumus
1680 5231 1737 5290 in
1771 5238 2035 5290 nostram
2119 5231 2201 5289 ris
2228 5228 2287 5289 in
2325 5226 2822 5307 presbyterium.»
2858 5224 3109 5288 Sanctus
3141 5245 3279 5305 ergo
3311 5246 3491 5307 super
3516 5228 3609 5289 his
3634 5238 3779 5289 atto-

465 5392 583 5470 (5‘2)
622 5392 872 5454 Videtur
905 5392 1001 5453 hic
1035 5410 1244 5452 rursus
1291 5390 1693 5451 narrationem
1724 5408 2035 5452 resumere
2122 5390 2307 5468 ligere
2331 5388 2519 5449 lector
2541 5388 3055 5470 poteritajuarnam
3078 5386 3173 5470 hic
3199 5388 3533 5448 referantur
3560 5392 3779 5470 omissa

377 5466 1122 5553 pseudo-Amphilochius.
1446 5552 1459 5553 ﬁ
1690 5552 1698 5553 ί
1748 5552 1755 5553 γ
1792 5551 1799 5553 Α
2116 5466 2189 5531 ab
2224 5470 2479 5553 Ephrem
2506 5480 2564 5528 et
2594 5466 2882 5553 Nysseno;
2909 5466 3425 5553 judicabi_tque,an
3453 5468 3774 5553 verosiini:

459 5548 963 5633 (53JCongressus
991 5554 1247 5634 Ephrem
1276 5572 1407 5613 cum
1432 5552 1648 5614 Basilio
1669 5551 1906 5612 dabitur
1934 5554 2030 5611 in-
2119 5553 2173 5613 le
2204 5548 2303 5627 sit,
2338 5550 2667 5634 omittenda
2694 5548 2905 5634 fuisse,
2936 5548 2990 5634 _si
3022 5550 3410 5634 contigissent
3447 5571 3461 5631 ;
3518 5550 3777 5631 exempli

379 5627 483 5695 fra‘
517 5637 588 5695 ad
639 5627 811 5695 vitam
858 5635 1009 5715 ejus,
1040 5627 1133 5715 ἐχ
1190 5635 1451 5715 Nysseno
1486 5643 1543 5694 et
1580 5634 1709 5713 ipso
1747 5634 2030 5715 Ephrem,
2119 5652 2318 5705 causa,
2353 5632 2427 5693 de
2459 5627 2828 5710 apparitione
2860 5629 3155 5690 columnae
3188 5630 3359 5710 ignis.

377 5718 623 5779 Omnino
654 5718 833 5778 aliter
852 5735 1027 5797 quam
1062 5714 1160 5776 hic
1198 5722 1473 5777 narretur
1505 5734 1522 5791 ;
1556 5734 1626 5775 ex
1659 5714 1880 5793 quibus
1908 5715 2032 5775 col-
