  <div class='ocr_page' id='page_1' title='image "/cluster/home/n/w/nwhite01/storage/ocr_20150623/29:no.1/coo.31924054873108/328.png"; bbox 0 0 4140 6400; ppageno 0'>
   <div class='ocr_carea' id='block_1_1' title="bbox 551 308 3305 379">
    <p class='ocr_par' dir='ltr' id='par_1_1' title="bbox 551 308 3305 379">
     <span class='ocr_line' id='line_1_1' title="bbox 551 308 3305 379; baseline 0.002 -6"><span class='ocrx_word' id='word_1_1' title='bbox 551 310 953 374; x_wconf 81' lang='lat' dir='ltr'>EXCERPTA</span> <span class='ocrx_word' id='word_1_2' title='bbox 1001 310 1099 372; x_wconf 89' lang='lat' dir='ltr'>EX</span> <span class='ocrx_word' id='word_1_3' title='bbox 1146 309 1365 371; x_wconf 87' lang='lat' dir='ltr'>ACTIS</span> <span class='ocrx_word' id='word_1_4' title='bbox 1408 311 1465 369; x_wconf 90' lang='lat' dir='ltr'>S.</span> <span class='ocrx_word' id='word_1_5' title='bbox 1514 310 1793 371; x_wconf 75' lang='lat' dir='ltr'>BASILII</span> <span class='ocrx_word' id='word_1_6' title='bbox 1837 308 2333 369; x_wconf 78' lang='lat' dir='ltr'>BOLLANDIAN</span> <span class='ocrx_word' id='word_1_7' title='bbox 2345 308 2425 370; x_wconf 89' lang='lat' dir='ltr'>IS.</span> <span class='ocrx_word' id='word_1_8' title='bbox 2466 340 2526 355; x_wconf 92' lang='lat'><strong>-</strong></span> <span class='ocrx_word' id='word_1_9' title='bbox 2586 310 2773 373; x_wconf 85' lang='lat' dir='ltr'>VITA</span> <span class='ocrx_word' id='word_1_10' title='bbox 2816 310 3305 379; x_wconf 82' lang='lat' dir='ltr'>APOCRYPHA.</span> 
     </span>
    </p>
   </div>
   <div class='ocr_carea' id='block_1_2' title="bbox 3470 335 3687 389">
    <p class='ocr_par' dir='ltr' id='par_1_2' title="bbox 3470 335 3687 389">
     <span class='ocr_line' id='line_1_2' title="bbox 3470 335 3687 389; baseline 0.009 -2"><span class='ocrx_word' id='word_1_11' title='bbox 3470 335 3687 389; x_wconf 77' lang='lat' dir='ltr'>CCCXIII</span> 
     </span>
    </p>
   </div>
   <div class='ocr_carea' id='block_1_3' title="bbox 309 437 3704 528">
    <p class='ocr_par' dir='ltr' id='par_1_3' title="bbox 309 437 3704 528">
     <span class='ocr_line' id='line_1_3' title="bbox 309 437 3704 528; baseline 0.004 -20"><span class='ocrx_word' id='word_1_12' title='bbox 309 446 547 528; x_wconf 87' lang='lat' dir='ltr'>placita.</span> <span class='ocrx_word' id='word_1_13' title='bbox 571 443 740 519; x_wconf 87' lang='lat' dir='ltr'>Quod</span> <span class='ocrx_word' id='word_1_14' title='bbox 767 443 966 526; x_wconf 79' lang='lat' dir='ltr'>itaque</span> <span class='ocrx_word' id='word_1_15' title='bbox 988 442 1050 504; x_wconf 92' lang='lat' dir='ltr'>in</span> <span class='ocrx_word' id='word_1_16' title='bbox 1072 442 1272 520; x_wconf 87' lang='lat' dir='ltr'>Petro,</span> <span class='ocrx_word' id='word_1_17' title='bbox 1314 442 1503 504; x_wconf 89' lang='lat' dir='ltr'>Patris</span> <span class='ocrx_word' id='word_1_18' title='bbox 1525 442 1714 503; x_wconf 80' lang='lat' dir='ltr'>nostri</span> <span class='ocrx_word' id='word_1_19' title='bbox 1762 441 1962 506; x_wconf 85' lang='lat' dir='ltr'>Basilii</span> <span class='ocrx_word' id='word_1_20' title='bbox 1984 448 2025 498; x_wconf 86' lang='lat' dir='ltr'><strong>A</strong></span> <span class='ocrx_word' id='word_1_21' title='bbox 2048 437 2152 501; x_wconf 91' lang='lat' dir='ltr'>illa</span> <span class='ocrx_word' id='word_1_22' title='bbox 2186 463 2198 504; x_wconf 93' lang='lat'>:</span> <span class='ocrx_word' id='word_1_23' title='bbox 2242 464 2264 497; x_wconf 78' lang='grc' dir='ltr'>α</span> <span class='ocrx_word' id='word_1_24' title='bbox 2303 440 2446 506; x_wconf 91' lang='lat' dir='ltr'>Sum</span> <span class='ocrx_word' id='word_1_25' title='bbox 2482 446 2540 507; x_wconf 93' lang='lat' dir='ltr'>in</span> <span class='ocrx_word' id='word_1_26' title='bbox 2573 445 2848 509; x_wconf 90' lang='lat' dir='ltr'>manibus</span> <span class='ocrx_word' id='word_1_27' title='bbox 2882 447 3020 524; x_wconf 89' lang='lat' dir='ltr'>tuis,</span> <span class='ocrx_word' id='word_1_28' title='bbox 3044 449 3570 517; x_wconf 86' lang='lat' dir='ltr'>honorabilissime</span> <span class='ocrx_word' id='word_1_29' title='bbox 3592 462 3704 523; x_wconf 81' lang='lat' dir='ltr'>Pa-</span> 
     </span>
    </p>
   </div>
   <div class='ocr_carea' id='block_1_4' title="bbox 307 533 1965 616">
    <p class='ocr_par' dir='ltr' id='par_1_4' title="bbox 307 533 1965 616">
     <span class='ocr_line' id='line_1_4' title="bbox 307 533 1965 616; baseline -0.002 -16"><span class='ocrx_word' id='word_1_30' title='bbox 307 538 513 609; x_wconf 84' lang='lat' dir='ltr'>fratre,</span> <span class='ocrx_word' id='word_1_31' title='bbox 574 543 705 616; x_wconf 91' lang='lat' dir='ltr'>post</span> <span class='ocrx_word' id='word_1_32' title='bbox 755 538 1076 597; x_wconf 83' lang='lat' dir='ltr'>Macrinam</span> <span class='ocrx_word' id='word_1_33' title='bbox 1136 533 1403 595; x_wconf 93' lang='lat' dir='ltr'>omnium</span> <span class='ocrx_word' id='word_1_34' title='bbox 1460 534 1797 611; x_wconf 78' lang='lat' dir='ltr'>magistram</span> <span class='ocrx_word' id='word_1_35' title='bbox 1847 534 1965 601; x_wconf 90' lang='lat' dir='ltr'>luci</span> 
     </span>
    </p>
   </div>
   <div class='ocr_carea' id='block_1_5' title="bbox 309 622 1959 707">
    <p class='ocr_par' dir='ltr' id='par_1_5' title="bbox 309 622 1959 707">
     <span class='ocr_line' id='line_1_5' title="bbox 309 622 1959 707; baseline -0.002 -20"><span class='ocrx_word' id='word_1_36' title='bbox 309 628 566 707; x_wconf 91' lang='lat' dir='ltr'>primum</span> <span class='ocrx_word' id='word_1_37' title='bbox 603 623 782 703; x_wconf 89' lang='lat' dir='ltr'>edito,</span> <span class='ocrx_word' id='word_1_38' title='bbox 817 632 1049 703; x_wconf 79' lang='lat' dir='ltr'>gestum</span> <span class='ocrx_word' id='word_1_39' title='bbox 1076 631 1163 685; x_wconf 87' lang='lat' dir='ltr'>est</span> <span class='ocrx_word' id='word_1_40' title='bbox 1183 624 1418 703; x_wconf 80' lang='lat' dir='ltr'>signum</span> <span class='ocrx_word' id='word_1_41' title='bbox 1444 641 1548 685; x_wconf 91' lang='lat' dir='ltr'>seu</span> <span class='ocrx_word' id='word_1_42' title='bbox 1586 622 1959 699; x_wconf 83' lang='lat' dir='ltr'>miraculum,</span> 
     </span>
    </p>
   </div>
   <div class='ocr_carea' id='block_1_6' title="bbox 304 713 1963 794">
    <p class='ocr_par' dir='ltr' id='par_1_6' title="bbox 304 713 1963 794">
     <span class='ocr_line' id='line_1_6' title="bbox 304 713 1963 794; baseline -0.002 -14"><span class='ocrx_word' id='word_1_43' title='bbox 304 719 728 780; x_wconf 83' lang='lat' dir='ltr'>corroborante</span> <span class='ocrx_word' id='word_1_44' title='bbox 749 716 1004 778; x_wconf 91' lang='lat' dir='ltr'>Domino</span> <span class='ocrx_word' id='word_1_45' title='bbox 1028 723 1231 777; x_wconf 93' lang='lat' dir='ltr'>nostro</span> <span class='ocrx_word' id='word_1_46' title='bbox 1254 713 1284 778; x_wconf 87' lang='lat' dir='ltr'><strong>J</strong></span> <span class='ocrx_word' id='word_1_47' title='bbox 1291 735 1393 777; x_wconf 89' lang='lat' dir='ltr'>esu</span> <span class='ocrx_word' id='word_1_48' title='bbox 1414 713 1963 794; x_wconf 87' lang='lat' dir='ltr'>Christo,enarrare</span> 
     </span>
    </p>
   </div>
   <div class='ocr_carea' id='block_1_7' title="bbox 301 802 1962 886">
    <p class='ocr_par' dir='ltr' id='par_1_7' title="bbox 301 802 1962 886">
     <span class='ocr_line' id='line_1_7' title="bbox 301 802 1962 886; baseline -0.002 -18"><span class='ocrx_word' id='word_1_49' title='bbox 301 817 522 869; x_wconf 86' lang='lat' dir='ltr'>statuo.</span> <span class='ocrx_word' id='word_1_50' title='bbox 562 809 773 868; x_wconf 90' lang='lat' dir='ltr'>Petrus</span> <span class='ocrx_word' id='word_1_51' title='bbox 804 806 927 886; x_wconf 91' lang='lat' dir='ltr'>hic,</span> <span class='ocrx_word' id='word_1_52' title='bbox 961 805 1261 867; x_wconf 92' lang='lat' dir='ltr'>secundus</span> <span class='ocrx_word' id='word_1_53' title='bbox 1292 804 1396 866; x_wconf 89' lang='lat' dir='ltr'>ille</span> <span class='ocrx_word' id='word_1_54' title='bbox 1425 802 1661 881; x_wconf 89' lang='lat' dir='ltr'>Petrus,</span> <span class='ocrx_word' id='word_1_55' title='bbox 1697 804 1797 866; x_wconf 91' lang='lat' dir='ltr'>ille</span> <span class='ocrx_word' id='word_1_56' title='bbox 1831 813 1962 884; x_wconf 92' lang='lat' dir='ltr'>post</span> 
     </span>
    </p>
   </div>
   <div class='ocr_carea' id='block_1_8' title="bbox 300 893 1961 977">
    <p class='ocr_par' dir='ltr' id='par_1_8' title="bbox 300 893 1961 977">
     <span class='ocr_line' id='line_1_8' title="bbox 300 893 1961 977; baseline -0.002 -17"><span class='ocrx_word' id='word_1_57' title='bbox 300 900 537 960; x_wconf 87' lang='lat' dir='ltr'>Petrum</span> <span class='ocrx_word' id='word_1_58' title='bbox 575 895 903 977; x_wconf 67' lang='lat' dir='ltr'>piincipem</span> <span class='ocrx_word' id='word_1_59' title='bbox 928 894 1096 956; x_wconf 91' lang='lat' dir='ltr'>illum</span> <span class='ocrx_word' id='word_1_60' title='bbox 1126 894 1360 975; x_wconf 77' lang='lat' dir='ltr'>Petrus;</span> <span class='ocrx_word' id='word_1_61' title='bbox 1395 893 1823 956; x_wconf 80' lang='lat' dir='ltr'>sacerdotalem</span> <span class='ocrx_word' id='word_1_62' title='bbox 1857 894 1961 957; x_wconf 86' lang='lat' dir='ltr'>Se-</span> 
     </span>
    </p>
   </div>
   <div class='ocr_carea' id='block_1_9' title="bbox 299 983 1958 1065">
    <p class='ocr_par' dir='ltr' id='par_1_9' title="bbox 299 983 1958 1065">
     <span class='ocr_line' id='line_1_9' title="bbox 299 983 1958 1065; baseline -0.002 -17"><span class='ocrx_word' id='word_1_63' title='bbox 299 987 562 1049; x_wconf 75' lang='lat' dir='ltr'>bastenze</span> <span class='ocrx_word' id='word_1_64' title='bbox 588 987 868 1065; x_wconf 78' lang='lat' dir='ltr'>civitatis,</span> <span class='ocrx_word' id='word_1_65' title='bbox 898 984 1156 1064; x_wconf 82' lang='lat' dir='ltr'>benigna</span> <span class='ocrx_word' id='word_1_66' title='bbox 1190 984 1298 1046; x_wconf 87' lang='lat' dir='ltr'>Dei</span> <span class='ocrx_word' id='word_1_67' title='bbox 1334 984 1526 1045; x_wconf 83' lang='lat' dir='ltr'>nostri</span> <span class='ocrx_word' id='word_1_68' title='bbox 1556 992 1614 1046; x_wconf 93' lang='lat' dir='ltr'>et</span> <span class='ocrx_word' id='word_1_69' title='bbox 1643 983 1831 1046; x_wconf 78' lang='lat' dir='ltr'>Patris</span> <span class='ocrx_word' id='word_1_70' title='bbox 1861 984 1958 1045; x_wconf 91' lang='lat' dir='ltr'>lu-</span> 
     </span>
    </p>
   </div>
   <div class='ocr_carea' id='block_1_10' title="bbox 300 1072 1962 1156">
    <p class='ocr_par' dir='ltr' id='par_1_10' title="bbox 300 1072 1962 1156">
     <span class='ocr_line' id='line_1_10' title="bbox 300 1072 1962 1156; baseline -0.001 -18"><span class='ocrx_word' id='word_1_71' title='bbox 300 1077 527 1138; x_wconf 90' lang='lat' dir='ltr'>minum</span> <span class='ocrx_word' id='word_1_72' title='bbox 562 1075 959 1156; x_wconf 82' lang='lat' dir='ltr'>providentia,</span> <span class='ocrx_word' id='word_1_73' title='bbox 993 1074 1244 1153; x_wconf 90' lang='lat' dir='ltr'>adeptus</span> <span class='ocrx_word' id='word_1_74' title='bbox 1276 1072 1510 1150; x_wconf 86' lang='lat' dir='ltr'>sedem;</span> <span class='ocrx_word' id='word_1_75' title='bbox 1544 1092 1679 1136; x_wconf 88' lang='lat' dir='ltr'>cum</span> <span class='ocrx_word' id='word_1_76' title='bbox 1716 1075 1962 1154; x_wconf 90' lang='lat' dir='ltr'>propria</span> 
     </span>
    </p>
   </div>
   <div class='ocr_carea' id='block_1_11' title="bbox 297 1163 1962 1245">
    <p class='ocr_par' dir='ltr' id='par_1_11' title="bbox 297 1163 1962 1245">
     <span class='ocr_line' id='line_1_11' title="bbox 297 1163 1962 1245; baseline -0.002 -17"><span class='ocrx_word' id='word_1_77' title='bbox 297 1167 487 1244; x_wconf 88' lang='lat' dir='ltr'><strong>adest,</strong></span> <span class='ocrx_word' id='word_1_78' title='bbox 522 1184 708 1227; x_wconf 83' lang='lat' dir='ltr'>uxore</span> <span class='ocrx_word' id='word_1_79' title='bbox 732 1164 972 1245; x_wconf 88' lang='lat' dir='ltr'><strong>quidem</strong></span> <span class='ocrx_word' id='word_1_80' title='bbox 1001 1163 1466 1244; x_wconf 87' lang='lat' dir='ltr'>nuncupatione,</span> <span class='ocrx_word' id='word_1_81' title='bbox 1494 1182 1602 1225; x_wconf 92' lang='lat' dir='ltr'>usu</span> <span class='ocrx_word' id='word_1_82' title='bbox 1626 1181 1764 1224; x_wconf 90' lang='lat' dir='ltr'>vero</span> <span class='ocrx_word' id='word_1_83' title='bbox 1795 1181 1962 1224; x_wconf 87' lang='lat' dir='ltr'>soro-</span> 
     </span>
    </p>
   </div>
   <div class='ocr_carea' id='block_1_12' title="bbox 295 1252 1956 1332">
    <p class='ocr_par' dir='ltr' id='par_1_12' title="bbox 295 1252 1956 1332">
     <span class='ocr_line' id='line_1_12' title="bbox 295 1252 1956 1332; baseline -0.002 -14"><span class='ocrx_word' id='word_1_84' title='bbox 295 1276 381 1319; x_wconf 92' lang='lat' dir='ltr'>re.</span> <span class='ocrx_word' id='word_1_85' title='bbox 420 1259 504 1319; x_wconf 86' lang='lat' dir='ltr'>Eo</span> <span class='ocrx_word' id='word_1_86' title='bbox 542 1254 871 1319; x_wconf 87' lang='lat' dir='ltr'>Ecclesiam</span> <span class='ocrx_word' id='word_1_87' title='bbox 908 1252 1071 1314; x_wconf 85' lang='lat' dir='ltr'><strong>illam</strong></span> <span class='ocrx_word' id='word_1_88' title='bbox 1116 1253 1423 1332; x_wconf 87' lang='lat' dir='ltr'>sapienter</span> <span class='ocrx_word' id='word_1_89' title='bbox 1471 1252 1956 1315; x_wconf 64' lang='lat' dir='ltr'>administrante.</span> 
     </span>
    </p>
   </div>
   <div class='ocr_carea' id='block_1_13' title="bbox 299 1340 1957 1409">
    <p class='ocr_par' dir='ltr' id='par_1_13' title="bbox 299 1340 1957 1409">
     <span class='ocr_line' id='line_1_13' title="bbox 299 1340 1957 1409; baseline -0.004 1"><span class='ocrx_word' id='word_1_90' title='bbox 299 1348 591 1409; x_wconf 66' lang='lat' dir='ltr'>aemulatio</span> <span class='ocrx_word' id='word_1_91' title='bbox 619 1342 1023 1408; x_wconf 86' lang='lat' dir='ltr'>turbatoribus</span> <span class='ocrx_word' id='word_1_92' title='bbox 1042 1342 1258 1403; x_wconf 91' lang='lat' dir='ltr'>animis</span> <span class='ocrx_word' id='word_1_93' title='bbox 1285 1340 1683 1403; x_wconf 85' lang='lat' dir='ltr'>excitantibus</span> <span class='ocrx_word' id='word_1_94' title='bbox 1696 1349 1826 1403; x_wconf 92' lang='lat' dir='ltr'>orta</span> <span class='ocrx_word' id='word_1_95' title='bbox 1847 1345 1957 1404; x_wconf 57' lang='lat' dir='ltr'>est:</span> 
     </span>
    </p>
   </div>
   <div class='ocr_carea' id='block_1_14' title="bbox 2051 532 3698 614">
    <p class='ocr_par' dir='ltr' id='par_1_14' title="bbox 2051 532 3698 614">
     <span class='ocr_line' id='line_1_14' title="bbox 2051 532 3698 614; baseline 0.013 -23"><span class='ocrx_word' id='word_1_96' title='bbox 2051 538 2161 593; x_wconf 91' lang='lat' dir='ltr'>ter.</span> <span class='ocrx_word' id='word_1_97' title='bbox 2204 557 2227 588; x_wconf 74' lang='grc' dir='ltr'><strong>υ</strong></span> <span class='ocrx_word' id='word_1_98' title='bbox 2266 532 2451 597; x_wconf 91' lang='lat' dir='ltr'>Porro</span> <span class='ocrx_word' id='word_1_99' title='bbox 2472 536 2655 614; x_wconf 88' lang='lat' dir='ltr'>jussit</span> <span class='ocrx_word' id='word_1_100' title='bbox 2688 546 2927 600; x_wconf 90' lang='lat' dir='ltr'>sanctus</span> <span class='ocrx_word' id='word_1_101' title='bbox 2956 538 3085 611; x_wconf 90' lang='lat' dir='ltr'><strong>Dei,</strong></span> <span class='ocrx_word' id='word_1_102' title='bbox 3115 546 3180 601; x_wconf 91' lang='lat' dir='ltr'>ut</span> <span class='ocrx_word' id='word_1_103' title='bbox 3206 542 3439 604; x_wconf 90' lang='lat' dir='ltr'>modius</span> <span class='ocrx_word' id='word_1_104' title='bbox 3466 546 3698 614; x_wconf 89' lang='lat' dir='ltr'>ferreus</span> 
     </span>
    </p>
   </div>
   <div class='ocr_carea' id='block_1_15' title="bbox 2050 622 3694 717">
    <p class='ocr_par' dir='ltr' id='par_1_15' title="bbox 2050 622 3694 717">
     <span class='ocr_line' id='line_1_15' title="bbox 2050 622 3694 717; baseline 0.012 -35"><span class='ocrx_word' id='word_1_105' title='bbox 2050 622 2382 717; x_wconf 59' lang='lat' dir='ltr'>aﬂ‘erretur,</span> <span class='ocrx_word' id='word_1_106' title='bbox 2394 625 2609 717; x_wconf 87' lang='lat' dir='ltr'>plenus</span> <span class='ocrx_word' id='word_1_107' title='bbox 2621 627 3058 689; x_wconf 91' lang='lat' dir='ltr'>ardentissimis</span> <span class='ocrx_word' id='word_1_108' title='bbox 3075 628 3694 717; x_wconf 88' lang='lat' dir='ltr'>lampadibus,aitque:</span> 
     </span>
    </p>
   </div>
   <div class='ocr_carea' id='block_1_16' title="bbox 2056 711 3701 799">
    <p class='ocr_par' dir='ltr' id='par_1_16' title="bbox 2056 711 3701 799">
     <span class='ocr_line' id='line_1_16' title="bbox 2056 711 3701 799; baseline 0.007 -27"><span class='ocrx_word' id='word_1_109' title='bbox 2056 734 2082 766; x_wconf 78' lang='grc' dir='ltr'><strong>α</strong></span> <span class='ocrx_word' id='word_1_110' title='bbox 2114 711 2384 794; x_wconf 83' lang='lat' dir='ltr'>EXplica,</span> <span class='ocrx_word' id='word_1_111' title='bbox 2412 715 2654 778; x_wconf 92' lang='lat' dir='ltr'>domina</span> <span class='ocrx_word' id='word_1_112' title='bbox 2685 719 2763 779; x_wconf 91' lang='lat' dir='ltr'>mi</span> <span class='ocrx_word' id='word_1_113' title='bbox 2794 737 3035 799; x_wconf 91' lang='lat' dir='ltr'>sponsa,</span> <span class='ocrx_word' id='word_1_114' title='bbox 3068 718 3308 797; x_wconf 90' lang='lat' dir='ltr'><strong>pallium</strong></span> <span class='ocrx_word' id='word_1_115' title='bbox 3342 730 3510 784; x_wconf 91' lang='lat' dir='ltr'>tuum</span> <span class='ocrx_word' id='word_1_116' title='bbox 3537 747 3549 789; x_wconf 90' lang='lat'>:</span> <span class='ocrx_word' id='word_1_117' title='bbox 3576 711 3604 782; x_wconf 64' lang='grc' dir='ltr'>ξι</span> <span class='ocrx_word' id='word_1_118' title='bbox 3641 740 3701 791; x_wconf 82' lang='lat' dir='ltr'>et</span> 
     </span>
    </p>
   </div>
   <div class='ocr_carea' id='block_1_17' title="bbox 2048 802 3697 897">
    <p class='ocr_par' dir='ltr' id='par_1_17' title="bbox 2048 802 3697 897">
     <span class='ocr_line' id='line_1_17' title="bbox 2048 802 3697 897; baseline 0.011 -36"><span class='ocrx_word' id='word_1_119' title='bbox 2048 802 2385 897; x_wconf 78' lang='lat' dir='ltr'>explicavit.</span> <span class='ocrx_word' id='word_1_120' title='bbox 2408 805 2626 897; x_wconf 90' lang='lat' dir='ltr'>Aitque</span> <span class='ocrx_word' id='word_1_121' title='bbox 2644 805 2835 897; x_wconf 85' lang='lat' dir='ltr'>iisqni</span> <span class='ocrx_word' id='word_1_122' title='bbox 2856 806 3228 887; x_wconf 89' lang='lat' dir='ltr'>bajulabant:</span> <span class='ocrx_word' id='word_1_123' title='bbox 3253 834 3275 868; x_wconf 74' lang='grc' dir='ltr'>ι)</span> <span class='ocrx_word' id='word_1_124' title='bbox 3294 812 3579 876; x_wconf 88' lang='lat' dir='ltr'>Mittitein</span> <span class='ocrx_word' id='word_1_125' title='bbox 3598 817 3697 897; x_wconf 91' lang='lat' dir='ltr'>ip-</span> 
     </span>
    </p>
   </div>
   <div class='ocr_carea' id='block_1_18' title="bbox 2044 893 3695 982">
    <p class='ocr_par' dir='ltr' id='par_1_18' title="bbox 2044 893 3695 982">
     <span class='ocr_line' id='line_1_18' title="bbox 2044 893 3695 982; baseline 0.012 -32"><span class='ocrx_word' id='word_1_126' title='bbox 2044 908 2173 951; x_wconf 90' lang='lat' dir='ltr'>sum</span> <span class='ocrx_word' id='word_1_127' title='bbox 2202 893 3525 982; x_wconf 76' lang='lat' dir='ltr'>ﬂammatissimaslampades;»miseruutque.</span> <span class='ocrx_word' id='word_1_128' title='bbox 3553 893 3695 970; x_wconf 81' lang='lat' dir='ltr'>Tum</span> 
     </span>
    </p>
   </div>
   <div class='ocr_carea' id='block_1_19' title="bbox 2043 981 3696 1068">
    <p class='ocr_par' dir='ltr' id='par_1_19' title="bbox 2043 981 3696 1068">
     <span class='ocr_line' id='line_1_19' title="bbox 2043 981 3696 1068; baseline 0.011 -28"><span class='ocrx_word' id='word_1_129' title='bbox 2043 981 2123 1068; x_wconf 87' lang='lat' dir='ltr'>ait</span> <span class='ocrx_word' id='word_1_130' title='bbox 2155 1000 2388 1060; x_wconf 84' lang='lat' dir='ltr'>sponsae</span> <span class='ocrx_word' id='word_1_131' title='bbox 2421 1006 2432 1047; x_wconf 94' lang='lat'>:</span> <span class='ocrx_word' id='word_1_132' title='bbox 2475 1006 2497 1042; x_wconf 81' lang='grc' dir='ltr'>(ι</span> <span class='ocrx_word' id='word_1_133' title='bbox 2534 983 2700 1047; x_wconf 91' lang='lat' dir='ltr'>Tene</span> <span class='ocrx_word' id='word_1_134' title='bbox 2731 986 2792 1046; x_wconf 93' lang='lat' dir='ltr'>iu</span> <span class='ocrx_word' id='word_1_135' title='bbox 2824 987 2936 1048; x_wconf 91' lang='lat' dir='ltr'>hoc</span> <span class='ocrx_word' id='word_1_136' title='bbox 2970 989 3303 1068; x_wconf 87' lang='lat' dir='ltr'>maphorio,</span> <span class='ocrx_word' id='word_1_137' title='bbox 3335 981 3525 1055; x_wconf 85' lang='lat' dir='ltr'>donec</span> <span class='ocrx_word' id='word_1_138' title='bbox 3590 996 3696 1059; x_wconf 90' lang='lat' dir='ltr'>tibi</span> 
     </span>
    </p>
   </div>
   <div class='ocr_carea' id='block_1_20' title="bbox 2045 1067 3694 1161">
    <p class='ocr_par' dir='ltr' id='par_1_20' title="bbox 2045 1067 3694 1161">
     <span class='ocr_line' id='line_1_20' title="bbox 2045 1067 3694 1161; baseline 0.011 -32"><span class='ocrx_word' id='word_1_139' title='bbox 2045 1067 2262 1131; x_wconf 91' lang='lat' dir='ltr'>dicam.</span> <span class='ocrx_word' id='word_1_140' title='bbox 2296 1098 2323 1128; x_wconf 68' lang='grc' dir='ltr'><strong>ι</strong></span> <span class='ocrx_word' id='word_1_141' title='bbox 2346 1073 2566 1150; x_wconf 89' lang='lat' dir='ltr'>Aitque</span> <span class='ocrx_word' id='word_1_142' title='bbox 2595 1096 2607 1137; x_wconf 89' lang='lat'><strong>:</strong></span> <span class='ocrx_word' id='word_1_143' title='bbox 2638 1095 2667 1135; x_wconf 84' lang='grc'><strong>››</strong></span> <span class='ocrx_word' id='word_1_144' title='bbox 2697 1076 2917 1137; x_wconf 72' lang='lat' dir='ltr'>Aﬂ‘erte</span> <span class='ocrx_word' id='word_1_145' title='bbox 2947 1067 3141 1137; x_wconf 88' lang='lat' dir='ltr'>adhuc</span> <span class='ocrx_word' id='word_1_146' title='bbox 3161 1078 3498 1161; x_wconf 90' lang='lat' dir='ltr'><strong>lampadem</strong></span> <span class='ocrx_word' id='word_1_147' title='bbox 3521 1084 3694 1147; x_wconf 90' lang='lat' dir='ltr'>aliam</span> 
     </span>
    </p>
   </div>
   <div class='ocr_carea' id='block_1_21' title="bbox 2045 1161 3693 1247">
    <p class='ocr_par' dir='ltr' id='par_1_21' title="bbox 2045 1161 3693 1247">
     <span class='ocr_line' id='line_1_21' title="bbox 2045 1161 3693 1247; baseline 0.012 -29"><span class='ocrx_word' id='word_1_148' title='bbox 2045 1161 2534 1247; x_wconf 89' lang='lat' dir='ltr'>accensissimam</span> <span class='ocrx_word' id='word_1_149' title='bbox 2569 1185 2581 1226; x_wconf 95' lang='lat'>:</span> <span class='ocrx_word' id='word_1_150' title='bbox 2622 1188 2645 1222; x_wconf 72' lang='grc' dir='ltr'>»ι</span> <span class='ocrx_word' id='word_1_151' title='bbox 2685 1165 3150 1247; x_wconf 90' lang='lat' dir='ltr'>attuleruutque.</span> <span class='ocrx_word' id='word_1_152' title='bbox 3184 1167 3335 1233; x_wconf 92' lang='lat' dir='ltr'>Tum</span> <span class='ocrx_word' id='word_1_153' title='bbox 3367 1172 3468 1235; x_wconf 93' lang='lat' dir='ltr'>ille</span> <span class='ocrx_word' id='word_1_154' title='bbox 3496 1174 3693 1240; x_wconf 82' lang='lat' dir='ltr'>fratri:</span> 
     </span>
    </p>
   </div>
   <div class='ocr_carea' id='block_1_22' title="bbox 2054 1246 3698 1336">
    <p class='ocr_par' dir='ltr' id='par_1_22' title="bbox 2054 1246 3698 1336">
     <span class='ocr_line' id='line_1_22' title="bbox 2054 1246 3698 1336; baseline 0.015 -32"><span class='ocrx_word' id='word_1_155' title='bbox 2054 1269 2076 1303; x_wconf 75' lang='grc' dir='ltr'>(ι</span> <span class='ocrx_word' id='word_1_156' title='bbox 2112 1246 2377 1329; x_wconf 85' lang='lat' dir='ltr'>Explice,</span> <span class='ocrx_word' id='word_1_157' title='bbox 2416 1252 2660 1317; x_wconf 90' lang='lat' dir='ltr'>domine</span> <span class='ocrx_word' id='word_1_158' title='bbox 2689 1255 2896 1331; x_wconf 81' lang='lat' dir='ltr'>frater,</span> <span class='ocrx_word' id='word_1_159' title='bbox 2933 1246 3210 1336; x_wconf 84' lang='lat' dir='ltr'>penulam</span> <span class='ocrx_word' id='word_1_160' title='bbox 3236 1268 3393 1324; x_wconf 89' lang='lat' dir='ltr'>tuam</span> <span class='ocrx_word' id='word_1_161' title='bbox 3419 1284 3433 1326; x_wconf 89' lang='lat'><strong>:</strong></span> <span class='ocrx_word' id='word_1_162' title='bbox 3463 1287 3493 1323; x_wconf 82' lang='grc' dir='ltr'>ι)</span> <span class='ocrx_word' id='word_1_163' title='bbox 3522 1276 3582 1328; x_wconf 91' lang='lat' dir='ltr'>et</span> <span class='ocrx_word' id='word_1_164' title='bbox 3602 1285 3698 1328; x_wconf 82' lang='lat' dir='ltr'>ex-</span> 
     </span>
    </p>
   </div>
   <div class='ocr_carea' id='block_1_23' title="bbox 2048 1336 3698 1427">
    <p class='ocr_par' dir='ltr' id='par_1_23' title="bbox 2048 1336 3698 1427">
     <span class='ocr_line' id='line_1_23' title="bbox 2048 1336 3698 1427; baseline 0.016 -33"><span class='ocrx_word' id='word_1_165' title='bbox 2048 1336 2307 1416; x_wconf 84' lang='lat' dir='ltr'>plicavit,</span> <span class='ocrx_word' id='word_1_166' title='bbox 2342 1340 2495 1405; x_wconf 86' lang='lat' dir='ltr'>Tum</span> <span class='ocrx_word' id='word_1_167' title='bbox 2527 1341 2629 1405; x_wconf 89' lang='lat' dir='ltr'>ille</span> <span class='ocrx_word' id='word_1_168' title='bbox 2665 1365 2677 1407; x_wconf 94' lang='lat'><strong>:</strong></span> <span class='ocrx_word' id='word_1_169' title='bbox 2721 1366 2748 1404; x_wconf 80' lang='lat'><strong>«</strong></span> <span class='ocrx_word' id='word_1_170' title='bbox 2782 1345 2989 1409; x_wconf 82' lang='lat' dir='ltr'>Mittite</span> <span class='ocrx_word' id='word_1_171' title='bbox 3017 1346 3079 1408; x_wconf 91' lang='lat' dir='ltr'>in</span> <span class='ocrx_word' id='word_1_172' title='bbox 3110 1349 3301 1427; x_wconf 89' lang='lat' dir='ltr'>ipsum</span> <span class='ocrx_word' id='word_1_173' title='bbox 3339 1368 3353 1410; x_wconf 90' lang='lat'>:</span> <span class='ocrx_word' id='word_1_174' title='bbox 3386 1374 3415 1411; x_wconf 79' lang='lat'>»</span> <span class='ocrx_word' id='word_1_175' title='bbox 3445 1356 3698 1419; x_wconf 90' lang='lat' dir='ltr'>etmise—</span> 
     </span>
    </p>
   </div>
   <div class='ocr_carea' id='block_1_24' title="bbox 299 1431 3696 1518">
    <p class='ocr_par' dir='ltr' id='par_1_24' title="bbox 299 1431 3696 1518">
     <span class='ocr_line' id='line_1_24' title="bbox 299 1431 3696 1518; baseline 0.003 -19"><span class='ocrx_word' id='word_1_176' title='bbox 299 1439 583 1518; x_wconf 88' lang='lat' dir='ltr'>populum</span> <span class='ocrx_word' id='word_1_177' title='bbox 616 1436 777 1496; x_wconf 91' lang='lat' dir='ltr'>enim</span> <span class='ocrx_word' id='word_1_178' title='bbox 808 1438 1204 1514; x_wconf 89' lang='lat' dir='ltr'>provocaruut</span> <span class='ocrx_word' id='word_1_179' title='bbox 1234 1433 1523 1507; x_wconf 84' lang='lat' dir='ltr'>dicentes,</span> <span class='ocrx_word' id='word_1_180' title='bbox 1552 1431 1719 1493; x_wconf 83' lang='lat' dir='ltr'>nefas</span> <span class='ocrx_word' id='word_1_181' title='bbox 1743 1450 1878 1493; x_wconf 90' lang='lat' dir='ltr'>esse</span> <span class='ocrx_word' id='word_1_182' title='bbox 1902 1448 1962 1501; x_wconf 73' lang='lat' dir='ltr'>ut</span> <span class='ocrx_word' id='word_1_183' title='bbox 2045 1438 2212 1518; x_wconf 79' lang='lat' dir='ltr'>runt.</span> <span class='ocrx_word' id='word_1_184' title='bbox 2247 1431 2392 1493; x_wconf 90' lang='lat' dir='ltr'>Cum</span> <span class='ocrx_word' id='word_1_185' title='bbox 2424 1450 2562 1494; x_wconf 89' lang='lat' dir='ltr'>vero</span> <span class='ocrx_word' id='word_1_186' title='bbox 2595 1433 2934 1498; x_wconf 89' lang='lat' dir='ltr'>diutissime</span> <span class='ocrx_word' id='word_1_187' title='bbox 2967 1444 3236 1500; x_wconf 87' lang='lat' dir='ltr'>tene.eut</span> <span class='ocrx_word' id='word_1_188' title='bbox 3272 1442 3356 1502; x_wconf 92' lang='lat' dir='ltr'>sic</span> <span class='ocrx_word' id='word_1_189' title='bbox 3413 1462 3696 1510; x_wconf 88' lang='lat' dir='ltr'>accensas</span> 
     </span>
    </p>
   </div>
   <div class='ocr_carea' id='block_1_25' title="bbox 297 1516 3695 1616">
    <p class='ocr_par' dir='ltr' id='par_1_25' title="bbox 297 1516 3695 1616">
     <span class='ocr_line' id='line_1_25' title="bbox 297 1516 3695 1616; baseline 0.004 -28"><span class='ocrx_word' id='word_1_190' title='bbox 297 1516 616 1607; x_wconf 83' lang='lat' dir='ltr'>episcopus</span> <span class='ocrx_word' id='word_1_191' title='bbox 646 1543 768 1585; x_wconf 83' lang='lat' dir='ltr'>suae</span> <span class='ocrx_word' id='word_1_192' title='bbox 798 1523 969 1583; x_wconf 82' lang='lat' dir='ltr'>uxori</span> <span class='ocrx_word' id='word_1_193' title='bbox 1002 1521 1378 1584; x_wconf 81' lang='lat' dir='ltr'>cohabitaret</span> <span class='ocrx_word' id='word_1_194' title='bbox 1408 1537 1423 1596; x_wconf 88' lang='lat'><strong>;</strong></span> <span class='ocrx_word' id='word_1_195' title='bbox 1477 1520 1788 1616; x_wconf 80' lang='lat' dir='ltr'>multaque</span> <span class='ocrx_word' id='word_1_196' title='bbox 1810 1540 1961 1583; x_wconf 70' lang='lat' dir='ltr'>con-</span> <span class='ocrx_word' id='word_1_197' title='bbox 2042 1516 2350 1598; x_wconf 89' lang='lat' dir='ltr'>lampades</span> <span class='ocrx_word' id='word_1_198' title='bbox 2382 1530 2440 1583; x_wconf 92' lang='lat' dir='ltr'>et</span> <span class='ocrx_word' id='word_1_199' title='bbox 2471 1532 2720 1616; x_wconf 79' lang='lat' dir='ltr'>starent,</span> <span class='ocrx_word' id='word_1_200' title='bbox 2756 1530 2813 1587; x_wconf 93' lang='lat' dir='ltr'>in</span> <span class='ocrx_word' id='word_1_201' title='bbox 2854 1536 3159 1607; x_wconf 87' lang='lat' dir='ltr'>stuporem</span> <span class='ocrx_word' id='word_1_202' title='bbox 3224 1542 3391 1593; x_wconf 90' lang='lat' dir='ltr'>actus</span> <span class='ocrx_word' id='word_1_203' title='bbox 3442 1538 3695 1616; x_wconf 90' lang='lat' dir='ltr'>populus</span> 
     </span>
    </p>
   </div>
   <div class='ocr_carea' id='block_1_26' title="bbox 297 1611 3691 1701">
    <p class='ocr_par' dir='ltr' id='par_1_26' title="bbox 297 1611 3691 1701">
     <span class='ocr_line' id='line_1_26' title="bbox 297 1611 3691 1701; baseline 0.004 -24"><span class='ocrx_word' id='word_1_204' title='bbox 297 1617 470 1677; x_wconf 91' lang='lat' dir='ltr'>siliati</span> <span class='ocrx_word' id='word_1_205' title='bbox 507 1621 709 1675; x_wconf 90' lang='lat' dir='ltr'>contra</span> <span class='ocrx_word' id='word_1_206' title='bbox 739 1629 1011 1673; x_wconf 92' lang='lat' dir='ltr'>normam</span> <span class='ocrx_word' id='word_1_207' title='bbox 1050 1629 1355 1673; x_wconf 89' lang='lat' dir='ltr'>sacrorum</span> <span class='ocrx_word' id='word_1_208' title='bbox 1391 1629 1687 1672; x_wconf 91' lang='lat' dir='ltr'>canonum</span> <span class='ocrx_word' id='word_1_209' title='bbox 1720 1611 1793 1672; x_wconf 92' lang='lat' dir='ltr'>ad</span> <span class='ocrx_word' id='word_1_210' title='bbox 1841 1630 1955 1672; x_wconf 89' lang='lat' dir='ltr'>no-</span> <span class='ocrx_word' id='word_1_211' title='bbox 2040 1625 2225 1701; x_wconf 73' lang='lat' dir='ltr'>super</span> <span class='ocrx_word' id='word_1_212' title='bbox 2246 1628 2315 1672; x_wconf 88' lang='lat' dir='ltr'>eo</span> <span class='ocrx_word' id='word_1_213' title='bbox 2348 1613 2505 1692; x_wconf 91' lang='lat' dir='ltr'>quod</span> <span class='ocrx_word' id='word_1_214' title='bbox 2535 1613 2867 1692; x_wconf 86' lang='lat' dir='ltr'>videbatur,</span> <span class='ocrx_word' id='word_1_215' title='bbox 2899 1618 3155 1681; x_wconf 89' lang='lat' dir='ltr'>clamare</span> <span class='ocrx_word' id='word_1_216' title='bbox 3184 1611 3691 1701; x_wconf 33' lang='lat' dir='ltr'>caepitet&#39;di-cere:</span> 
     </span>
    </p>
   </div>
   <div class='ocr_carea' id='block_1_27' title="bbox 297 1696 3695 1790">
    <p class='ocr_par' dir='ltr' id='par_1_27' title="bbox 297 1696 3695 1790">
     <span class='ocr_line' id='line_1_27' title="bbox 297 1696 3695 1790; baseline 0.004 -25"><span class='ocrx_word' id='word_1_217' title='bbox 297 1716 485 1766; x_wconf 91' lang='lat' dir='ltr'>strum</span> <span class='ocrx_word' id='word_1_218' title='bbox 515 1710 842 1785; x_wconf 88' lang='lat' dir='ltr'>pastorem,</span> <span class='ocrx_word' id='word_1_219' title='bbox 870 1701 1015 1763; x_wconf 91' lang='lat' dir='ltr'>orbe</span> <span class='ocrx_word' id='word_1_220' title='bbox 1047 1709 1243 1763; x_wconf 89' lang='lat' dir='ltr'>autem</span> <span class='ocrx_word' id='word_1_221' title='bbox 1269 1709 1390 1762; x_wconf 91' lang='lat' dir='ltr'>toto</span> <span class='ocrx_word' id='word_1_222' title='bbox 1413 1699 1953 1763; x_wconf 87' lang='lat' dir='ltr'>celebratissimum</span> <span class='ocrx_word' id='word_1_223' title='bbox 2040 1717 2070 1790; x_wconf 54' lang='grc' dir='ltr'>ξι</span> <span class='ocrx_word' id='word_1_224' title='bbox 2105 1696 2394 1790; x_wconf 83' lang='lat' dir='ltr'>Dominus</span> <span class='ocrx_word' id='word_1_225' title='bbox 2425 1705 2803 1767; x_wconf 88' lang='lat' dir='ltr'>conservabit</span> <span class='ocrx_word' id='word_1_226' title='bbox 2832 1716 3074 1769; x_wconf 88' lang='lat' dir='ltr'>sanctos</span> <span class='ocrx_word' id='word_1_227' title='bbox 3107 1696 3365 1790; x_wconf 40' lang='lat' dir='ltr'>suos,&#39;et</span> <span class='ocrx_word' id='word_1_228' title='bbox 3392 1711 3597 1780; x_wconf 87' lang='lat' dir='ltr'>beatos</span> <span class='ocrx_word' id='word_1_229' title='bbox 3627 1718 3695 1779; x_wconf 86' lang='lat' dir='ltr'>il-</span> 
     </span>
    </p>
   </div>
   <div class='ocr_carea' id='block_1_28' title="bbox 296 1784 3697 1879">
    <p class='ocr_par' dir='ltr' id='par_1_28' title="bbox 296 1784 3697 1879">
     <span class='ocr_line' id='line_1_28' title="bbox 296 1784 3697 1879; baseline 0.004 -24"><span class='ocrx_word' id='word_1_230' title='bbox 296 1792 602 1869; x_wconf 88' lang='lat' dir='ltr'>Basilium,</span> <span class='ocrx_word' id='word_1_231' title='bbox 636 1791 775 1872; x_wconf 89' lang='lat' dir='ltr'>quid</span> <span class='ocrx_word' id='word_1_232' title='bbox 807 1809 905 1851; x_wconf 91' lang='lat' dir='ltr'>res</span> <span class='ocrx_word' id='word_1_233' title='bbox 937 1789 1185 1851; x_wconf 88' lang='lat' dir='ltr'>haberet</span> <span class='ocrx_word' id='word_1_234' title='bbox 1209 1790 1608 1870; x_wconf 88' lang='lat' dir='ltr'>inl‘ormaturi,</span> <span class='ocrx_word' id='word_1_235' title='bbox 1637 1799 1949 1854; x_wconf 89' lang='lat' dir='ltr'>venerunt.</span> <span class='ocrx_word' id='word_1_236' title='bbox 1977 1821 2016 1872; x_wconf 72' lang='grc' dir='ltr'>Β</span> <span class='ocrx_word' id='word_1_237' title='bbox 2038 1784 2128 1879; x_wconf 69' lang='lat' dir='ltr'>los</span> <span class='ocrx_word' id='word_1_238' title='bbox 2159 1786 2335 1879; x_wconf 76' lang='lat' dir='ltr'>faciet</span> <span class='ocrx_word' id='word_1_239' title='bbox 2363 1790 2426 1853; x_wconf 86' lang='lat' dir='ltr'>in</span> <span class='ocrx_word' id='word_1_240' title='bbox 2460 1801 2618 1855; x_wconf 77' lang='lat' dir='ltr'>terra</span> <span class='ocrx_word' id='word_1_241' title='bbox 2649 1794 2748 1874; x_wconf 79' lang='lat' dir='ltr'>(bl.</span> <span class='ocrx_word' id='word_1_242' title='bbox 2777 1817 2805 1855; x_wconf 71' lang='grc' dir='ltr'><strong><em>ι</em></strong></span> <span class='ocrx_word' id='word_1_243' title='bbox 2842 1784 3356 1879; x_wconf 63' lang='lat' dir='ltr'>Pr0jecel‘unlciue</span> <span class='ocrx_word' id='word_1_244' title='bbox 3413 1822 3697 1869; x_wconf 85' lang='lat' dir='ltr'>accensas</span> 
     </span>
    </p>
   </div>
   <div class='ocr_carea' id='block_1_29' title="bbox 298 1873 3694 1973">
    <p class='ocr_par' dir='ltr' id='par_1_29' title="bbox 298 1873 3694 1973">
     <span class='ocr_line' id='line_1_29' title="bbox 298 1873 3694 1973; baseline 0.004 -30"><span class='ocrx_word' id='word_1_245' title='bbox 298 1883 400 1943; x_wconf 92' lang='lat' dir='ltr'>llle</span> <span class='ocrx_word' id='word_1_246' title='bbox 429 1882 639 1960; x_wconf 83' lang='lat' dir='ltr'>gaudio</span> <span class='ocrx_word' id='word_1_247' title='bbox 671 1879 1090 1942; x_wconf 87' lang='lat' dir='ltr'>abundantiori</span> <span class='ocrx_word' id='word_1_248' title='bbox 1142 1879 1445 1957; x_wconf 88' lang='lat' dir='ltr'>profusus,</span> <span class='ocrx_word' id='word_1_249' title='bbox 1498 1880 1581 1941; x_wconf 89' lang='lat' dir='ltr'>ait</span> <span class='ocrx_word' id='word_1_250' title='bbox 1622 1895 1636 1936; x_wconf 85' lang='lat'><strong><em>:</em></strong></span> <span class='ocrx_word' id='word_1_251' title='bbox 1678 1904 1701 1937; x_wconf 74' lang='grc' dir='ltr'>ι</span> <span class='ocrx_word' id='word_1_252' title='bbox 1755 1881 1949 1973; x_wconf 83' lang='lat' dir='ltr'>Bene,</span> <span class='ocrx_word' id='word_1_253' title='bbox 2038 1873 2389 1973; x_wconf 76' lang='lat' dir='ltr'>lampades;</span> <span class='ocrx_word' id='word_1_254' title='bbox 2429 1899 2541 1973; x_wconf 85' lang='lat' dir='ltr'>nec</span> <span class='ocrx_word' id='word_1_255' title='bbox 2580 1891 2708 1946; x_wconf 90' lang='lat' dir='ltr'>erat</span> <span class='ocrx_word' id='word_1_256' title='bbox 2738 1886 2797 1947; x_wconf 94' lang='lat' dir='ltr'>in</span> <span class='ocrx_word' id='word_1_257' title='bbox 2826 1885 2914 1948; x_wconf 91' lang='lat' dir='ltr'>eis</span> <span class='ocrx_word' id='word_1_258' title='bbox 2944 1873 3035 1948; x_wconf 76' lang='lat' dir='ltr'>vel</span> <span class='ocrx_word' id='word_1_259' title='bbox 3077 1886 3223 1948; x_wconf 91' lang='lat' dir='ltr'>fumi</span> <span class='ocrx_word' id='word_1_260' title='bbox 3260 1873 3443 1967; x_wconf 40' lang='lat' dir='ltr'>&#39;odor,</span> <span class='ocrx_word' id='word_1_261' title='bbox 3498 1912 3694 1973; x_wconf 88' lang='lat' dir='ltr'>neque</span> 
     </span>
    </p>
   </div>
   <div class='ocr_carea' id='block_1_30' title="bbox 292 1966 3694 2051">
    <p class='ocr_par' dir='ltr' id='par_1_30' title="bbox 292 1966 3694 2051">
     <span class='ocr_line' id='line_1_30' title="bbox 292 1966 3694 2051; baseline 0.005 -21"><span class='ocrx_word' id='word_1_262' title='bbox 292 1971 421 2051; x_wconf 92' lang='lat' dir='ltr'>ﬁlii,</span> <span class='ocrx_word' id='word_1_263' title='bbox 458 1969 741 2032; x_wconf 90' lang='lat' dir='ltr'>veneritis</span> <span class='ocrx_word' id='word_1_264' title='bbox 777 1987 790 2031; x_wconf 87' lang='lat'><strong>:</strong></span> <span class='ocrx_word' id='word_1_265' title='bbox 829 1967 975 2029; x_wconf 91' lang='lat' dir='ltr'>vado</span> <span class='ocrx_word' id='word_1_266' title='bbox 1028 1966 1332 2030; x_wconf 89' lang='lat' dir='ltr'>vobiscum</span> <span class='ocrx_word' id='word_1_267' title='bbox 1365 1968 1439 2030; x_wconf 92' lang='lat' dir='ltr'>ad</span> <span class='ocrx_word' id='word_1_268' title='bbox 1496 1969 1587 2031; x_wconf 91' lang='lat' dir='ltr'>rei</span> <span class='ocrx_word' id='word_1_269' title='bbox 1644 1968 1952 2051; x_wconf 82' lang='lat' dir='ltr'>probatio-</span> <span class='ocrx_word' id='word_1_270' title='bbox 2041 1968 2398 2030; x_wconf 89' lang='lat' dir='ltr'>vestimenta</span> <span class='ocrx_word' id='word_1_271' title='bbox 2428 1971 2667 2034; x_wconf 91' lang='lat' dir='ltr'>illorum</span> <span class='ocrx_word' id='word_1_272' title='bbox 2694 1973 2964 2037; x_wconf 89' lang='lat' dir='ltr'>ambusta</span> <span class='ocrx_word' id='word_1_273' title='bbox 2993 1986 3151 2040; x_wconf 92' lang='lat' dir='ltr'>sunt.</span> <span class='ocrx_word' id='word_1_274' title='bbox 3189 1975 3357 2042; x_wconf 87' lang='lat' dir='ltr'>Tunc</span> <span class='ocrx_word' id='word_1_275' title='bbox 3388 1966 3694 2047; x_wconf 80' lang='lat' dir='ltr'>adducens</span> 
     </span>
    </p>
   </div>
   <div class='ocr_carea' id='block_1_31' title="bbox 295 2056 1949 2138">
    <p class='ocr_par' dir='ltr' id='par_1_31' title="bbox 295 2056 1949 2138">
     <span class='ocr_line' id='line_1_31' title="bbox 295 2056 1949 2138; baseline 0.001 -18"><span class='ocrx_word' id='word_1_276' title='bbox 295 2077 458 2121; x_wconf 92' lang='lat' dir='ltr'>nem.</span> <span class='ocrx_word' id='word_1_277' title='bbox 501 2083 524 2113; x_wconf 80' lang='grc' dir='ltr'>ι›</span> <span class='ocrx_word' id='word_1_278' title='bbox 561 2056 991 2138; x_wconf 87' lang='lat' dir='ltr'>Profectusque</span> <span class='ocrx_word' id='word_1_279' title='bbox 1020 2056 1143 2118; x_wconf 90' lang='lat' dir='ltr'>ibat</span> <span class='ocrx_word' id='word_1_280' title='bbox 1172 2075 1305 2119; x_wconf 88' lang='lat' dir='ltr'>cum</span> <span class='ocrx_word' id='word_1_281' title='bbox 1364 2057 1482 2119; x_wconf 92' lang='lat' dir='ltr'>illis</span> <span class='ocrx_word' id='word_1_282' title='bbox 1538 2057 1613 2120; x_wconf 88' lang='lat' dir='ltr'>ad</span> <span class='ocrx_word' id='word_1_283' title='bbox 1663 2057 1949 2122; x_wconf 79' lang='lat' dir='ltr'>Sebaste-</span> 
     </span>
    </p>
   </div>
   <div class='ocr_carea' id='block_1_32' title="bbox 301 2146 1947 2228">
    <p class='ocr_par' dir='ltr' id='par_1_32' title="bbox 301 2146 1947 2228">
     <span class='ocr_line' id='line_1_32' title="bbox 301 2146 1947 2228; baseline 0.002 -19"><span class='ocrx_word' id='word_1_284' title='bbox 301 2166 435 2209; x_wconf 92' lang='lat' dir='ltr'>nam</span> <span class='ocrx_word' id='word_1_285' title='bbox 485 2146 863 2228; x_wconf 83' lang='lat' dir='ltr'>metrOpolim</span> <span class='ocrx_word' id='word_1_286' title='bbox 922 2168 934 2209; x_wconf 91' lang='lat'><strong>:</strong></span> <span class='ocrx_word' id='word_1_287' title='bbox 999 2147 1210 2209; x_wconf 88' lang='lat' dir='ltr'>Petrus</span> <span class='ocrx_word' id='word_1_288' title='bbox 1258 2156 1454 2209; x_wconf 87' lang='lat' dir='ltr'>autem</span> <span class='ocrx_word' id='word_1_289' title='bbox 1507 2148 1692 2228; x_wconf 91' lang='lat' dir='ltr'>ipsius</span> <span class='ocrx_word' id='word_1_290' title='bbox 1741 2150 1947 2225; x_wconf 88' lang='lat' dir='ltr'>frater,</span> 
     </span>
    </p>
   </div>
   <div class='ocr_carea' id='block_1_33' title="bbox 295 2235 1950 2316">
    <p class='ocr_par' dir='ltr' id='par_1_33' title="bbox 295 2235 1950 2316">
     <span class='ocr_line' id='line_1_33' title="bbox 295 2235 1950 2316; baseline 0.001 -16"><span class='ocrx_word' id='word_1_291' title='bbox 295 2239 550 2300; x_wconf 85' lang='lat' dir='ltr'>adventu</span> <span class='ocrx_word' id='word_1_292' title='bbox 582 2238 715 2316; x_wconf 87' lang='lat' dir='ltr'>ejus</span> <span class='ocrx_word' id='word_1_293' title='bbox 747 2237 1009 2316; x_wconf 86' lang='lat' dir='ltr'>cognito,</span> <span class='ocrx_word' id='word_1_294' title='bbox 1042 2235 1098 2298; x_wconf 90' lang='lat' dir='ltr'>ei</span> <span class='ocrx_word' id='word_1_295' title='bbox 1127 2237 1389 2299; x_wconf 91' lang='lat' dir='ltr'>occurrit</span> <span class='ocrx_word' id='word_1_296' title='bbox 1436 2236 1511 2299; x_wconf 94' lang='lat' dir='ltr'>ab</span> <span class='ocrx_word' id='word_1_297' title='bbox 1539 2246 1671 2300; x_wconf 91' lang='lat' dir='ltr'>octo</span> <span class='ocrx_word' id='word_1_298' title='bbox 1728 2239 1950 2303; x_wconf 91' lang='lat' dir='ltr'>millia-</span> 
     </span>
    </p>
   </div>
   <div class='ocr_carea' id='block_1_34' title="bbox 294 2325 1947 2409">
    <p class='ocr_par' dir='ltr' id='par_1_34' title="bbox 294 2325 1947 2409">
     <span class='ocr_line' id='line_1_34' title="bbox 294 2325 1947 2409; baseline -0.001 -20"><span class='ocrx_word' id='word_1_299' title='bbox 294 2328 461 2391; x_wconf 91' lang='lat' dir='ltr'>ribus</span> <span class='ocrx_word' id='word_1_300' title='bbox 493 2348 507 2403; x_wconf 89' lang='lat'><strong>;</strong></span> <span class='ocrx_word' id='word_1_301' title='bbox 543 2325 923 2408; x_wconf 82' lang='lat' dir='ltr'>exhibitaque</span> <span class='ocrx_word' id='word_1_302' title='bbox 955 2325 1157 2388; x_wconf 88' lang='lat' dir='ltr'>debita</span> <span class='ocrx_word' id='word_1_303' title='bbox 1211 2329 1571 2409; x_wconf 88' lang='lat' dir='ltr'>reverentia,</span> <span class='ocrx_word' id='word_1_304' title='bbox 1605 2346 1672 2389; x_wconf 88' lang='lat' dir='ltr'>ac</span> <span class='ocrx_word' id='word_1_305' title='bbox 1705 2328 1768 2390; x_wconf 92' lang='lat' dir='ltr'>in</span> <span class='ocrx_word' id='word_1_306' title='bbox 1824 2332 1947 2394; x_wconf 87' lang='lat' dir='ltr'>Do-</span> 
     </span>
    </p>
   </div>
   <div class='ocr_carea' id='block_1_35' title="bbox 293 2414 1949 2497">
    <p class='ocr_par' dir='ltr' id='par_1_35' title="bbox 293 2414 1949 2497">
     <span class='ocr_line' id='line_1_35' title="bbox 293 2414 1949 2497; baseline 0.002 -18"><span class='ocrx_word' id='word_1_307' title='bbox 293 2419 454 2479; x_wconf 92' lang='lat' dir='ltr'>mino</span> <span class='ocrx_word' id='word_1_308' title='bbox 484 2418 807 2497; x_wconf 90' lang='lat' dir='ltr'>osculatus,</span> <span class='ocrx_word' id='word_1_309' title='bbox 843 2415 1105 2497; x_wconf 83' lang='lat' dir='ltr'>gratiose</span> <span class='ocrx_word' id='word_1_310' title='bbox 1135 2414 1454 2477; x_wconf 90' lang='lat' dir='ltr'>subridens</span> <span class='ocrx_word' id='word_1_311' title='bbox 1480 2417 1818 2479; x_wconf 82' lang='lat' dir='ltr'>dixitfratri</span> <span class='ocrx_word' id='word_1_312' title='bbox 1840 2438 1949 2482; x_wconf 90' lang='lat' dir='ltr'>suo</span> 
     </span>
    </p>
   </div>
   <div class='ocr_carea' id='block_1_36' title="bbox 292 2502 1947 2586">
    <p class='ocr_par' dir='ltr' id='par_1_36' title="bbox 292 2502 1947 2586">
     <span class='ocr_line' id='line_1_36' title="bbox 292 2502 1947 2586; baseline 0 -17"><span class='ocrx_word' id='word_1_313' title='bbox 292 2514 350 2569; x_wconf 91' lang='lat' dir='ltr'>et</span> <span class='ocrx_word' id='word_1_314' title='bbox 380 2508 536 2570; x_wconf 89' lang='lat' dir='ltr'>Patri</span> <span class='ocrx_word' id='word_1_315' title='bbox 580 2511 786 2569; x_wconf 90' lang='lat' dir='ltr'>nostro</span> <span class='ocrx_word' id='word_1_316' title='bbox 818 2503 1035 2567; x_wconf 87' lang='lat' dir='ltr'>Basilio</span> <span class='ocrx_word' id='word_1_317' title='bbox 1074 2521 1087 2566; x_wconf 94' lang='lat'><strong>:</strong></span> <span class='ocrx_word' id='word_1_318' title='bbox 1124 2526 1147 2561; x_wconf 75' lang='grc' dir='ltr'>α</span> <span class='ocrx_word' id='word_1_319' title='bbox 1202 2502 1505 2586; x_wconf 90' lang='lat' dir='ltr'>Tanquam</span> <span class='ocrx_word' id='word_1_320' title='bbox 1537 2505 1611 2567; x_wconf 93' lang='lat' dir='ltr'>ad</span> <span class='ocrx_word' id='word_1_321' title='bbox 1655 2506 1947 2569; x_wconf 87' lang='lat' dir='ltr'>latronem</span> 
     </span>
    </p>
   </div>
   <div class='ocr_carea' id='block_1_37' title="bbox 292 2595 1946 2677">
    <p class='ocr_par' dir='ltr' id='par_1_37' title="bbox 292 2595 1946 2677">
     <span class='ocr_line' id='line_1_37' title="bbox 292 2595 1946 2677; baseline -0.001 -17"><span class='ocrx_word' id='word_1_322' title='bbox 292 2596 513 2673; x_wconf 85' lang='lat' dir='ltr'>exiisti,</span> <span class='ocrx_word' id='word_1_323' title='bbox 547 2595 793 2658; x_wconf 90' lang='lat' dir='ltr'>domine</span> <span class='ocrx_word' id='word_1_324' title='bbox 822 2595 1031 2671; x_wconf 85' lang='lat' dir='ltr'>frater,</span> <span class='ocrx_word' id='word_1_325' title='bbox 1065 2613 1199 2657; x_wconf 89' lang='lat' dir='ltr'>cum</span> <span class='ocrx_word' id='word_1_326' title='bbox 1251 2595 1448 2676; x_wconf 90' lang='lat' dir='ltr'>turba,</span> <span class='ocrx_word' id='word_1_327' title='bbox 1504 2603 1569 2658; x_wconf 90' lang='lat' dir='ltr'>ut</span> <span class='ocrx_word' id='word_1_328' title='bbox 1620 2614 1716 2659; x_wconf 90' lang='lat' dir='ltr'>me</span> <span class='ocrx_word' id='word_1_329' title='bbox 1765 2615 1946 2677; x_wconf 87' lang='lat' dir='ltr'>cape-</span> 
     </span>
    </p>
   </div>
   <div class='ocr_carea' id='block_1_38' title="bbox 294 2688 597 2767">
    <p class='ocr_par' dir='ltr' id='par_1_38' title="bbox 294 2688 597 2767">
     <span class='ocr_line' id='line_1_38' title="bbox 294 2688 597 2767; baseline -0.017 -17"><span class='ocrx_word' id='word_1_330' title='bbox 294 2706 391 2750; x_wconf 92' lang='lat' dir='ltr'>res</span> <span class='ocrx_word' id='word_1_331' title='bbox 420 2688 530 2767; x_wconf 82' lang='lat' dir='ltr'>(a).</span> <span class='ocrx_word' id='word_1_332' title='bbox 570 2711 597 2742; x_wconf 83' lang='lat'><strong>»</strong></span> 
     </span>
    </p>
   </div>
   <div class='ocr_carea' id='block_1_39' title="bbox 370 2775 1951 2855">
    <p class='ocr_par' dir='ltr' id='par_1_39' title="bbox 370 2775 1951 2855">
     <span class='ocr_line' id='line_1_39' title="bbox 370 2775 1951 2855; baseline 0.002 -16"><span class='ocrx_word' id='word_1_333' title='bbox 370 2778 517 2840; x_wconf 91' lang='lat' dir='ltr'>Cum</span> <span class='ocrx_word' id='word_1_334' title='bbox 551 2786 748 2839; x_wconf 90' lang='lat' dir='ltr'>autem</span> <span class='ocrx_word' id='word_1_335' title='bbox 785 2775 1329 2855; x_wconf 81' lang='lat' dir='ltr'>essemusingressi</span> <span class='ocrx_word' id='word_1_336' title='bbox 1352 2776 1410 2836; x_wconf 94' lang='lat' dir='ltr'>in</span> <span class='ocrx_word' id='word_1_337' title='bbox 1436 2775 1648 2839; x_wconf 90' lang='lat' dir='ltr'>urbem</span> <span class='ocrx_word' id='word_1_338' title='bbox 1674 2776 1951 2842; x_wconf 85' lang='lat' dir='ltr'>Sebaste-</span> 
     </span>
    </p>
   </div>
   <div class='ocr_carea' id='block_1_40' title="bbox 288 2865 1952 2948">
    <p class='ocr_par' dir='ltr' id='par_1_40' title="bbox 288 2865 1952 2948">
     <span class='ocr_line' id='line_1_40' title="bbox 288 2865 1952 2948; baseline 0.002 -20"><span class='ocrx_word' id='word_1_339' title='bbox 288 2885 447 2942; x_wconf 92' lang='lat' dir='ltr'>nam,</span> <span class='ocrx_word' id='word_1_340' title='bbox 476 2867 913 2948; x_wconf 88' lang='lat' dir='ltr'>fuissemusque</span> <span class='ocrx_word' id='word_1_341' title='bbox 939 2865 1165 2947; x_wconf 85' lang='lat' dir='ltr'>precati</span> <span class='ocrx_word' id='word_1_342' title='bbox 1187 2865 1246 2927; x_wconf 92' lang='lat' dir='ltr'>in</span> <span class='ocrx_word' id='word_1_343' title='bbox 1266 2865 1778 2929; x_wconf 86' lang='lat' dir='ltr'>venerabilissimo</span> <span class='ocrx_word' id='word_1_344' title='bbox 1803 2876 1952 2931; x_wconf 88' lang='lat' dir='ltr'>tem-</span> 
     </span>
    </p>
   </div>
   <div class='ocr_carea' id='block_1_41' title="bbox 289 2955 1951 3039">
    <p class='ocr_par' dir='ltr' id='par_1_41' title="bbox 289 2955 1951 3039">
     <span class='ocr_line' id='line_1_41' title="bbox 289 2955 1951 3039; baseline 0.002 -22"><span class='ocrx_word' id='word_1_345' title='bbox 289 2956 385 3037; x_wconf 91' lang='lat' dir='ltr'>plo</span> <span class='ocrx_word' id='word_1_346' title='bbox 414 2960 745 3039; x_wconf 78' lang='lat' dir='ltr'>Martyrum,</span> <span class='ocrx_word' id='word_1_347' title='bbox 771 2955 1087 3037; x_wconf 91' lang='lat' dir='ltr'>multiplici</span> <span class='ocrx_word' id='word_1_348' title='bbox 1109 2974 1329 3017; x_wconf 91' lang='lat' dir='ltr'>corona</span> <span class='ocrx_word' id='word_1_349' title='bbox 1347 2955 1951 3039; x_wconf 85' lang='lat' dir='ltr'>illustrium&#39;quadra-</span> 
     </span>
    </p>
   </div>
   <div class='ocr_carea' id='block_1_42' title="bbox 283 3044 1953 3129">
    <p class='ocr_par' dir='ltr' id='par_1_42' title="bbox 283 3044 1953 3129">
     <span class='ocr_line' id='line_1_42' title="bbox 283 3044 1953 3129; baseline -0.001 -23"><span class='ocrx_word' id='word_1_350' title='bbox 283 3047 470 3123; x_wconf 82' lang='lat' dir='ltr'>ginta,</span> <span class='ocrx_word' id='word_1_351' title='bbox 506 3045 973 3109; x_wconf 83' lang='lat' dir='ltr'>ascendentibus</span> <span class='ocrx_word' id='word_1_352' title='bbox 1008 3044 1181 3106; x_wconf 92' lang='lat' dir='ltr'>nobis</span> <span class='ocrx_word' id='word_1_353' title='bbox 1202 3045 1278 3107; x_wconf 92' lang='lat' dir='ltr'>ad</span> <span class='ocrx_word' id='word_1_354' title='bbox 1300 3062 1527 3107; x_wconf 85' lang='lat' dir='ltr'>sacram</span> <span class='ocrx_word' id='word_1_355' title='bbox 1555 3047 1822 3129; x_wconf 89' lang='lat' dir='ltr'>episcopi</span> <span class='ocrx_word' id='word_1_356' title='bbox 1848 3049 1953 3111; x_wconf 91' lang='lat' dir='ltr'>do-</span> 
     </span>
    </p>
   </div>
   <div class='ocr_carea' id='block_1_43' title="bbox 283 3134 1944 3217">
    <p class='ocr_par' dir='ltr' id='par_1_43' title="bbox 283 3134 1944 3217">
     <span class='ocr_line' id='line_1_43' title="bbox 283 3134 1944 3217; baseline 0.002 -21"><span class='ocrx_word' id='word_1_357' title='bbox 283 3155 473 3217; x_wconf 90' lang='lat' dir='ltr'>mum,</span> <span class='ocrx_word' id='word_1_358' title='bbox 510 3136 785 3198; x_wconf 76' lang='lat' dir='ltr'>salutavit</span> <span class='ocrx_word' id='word_1_359' title='bbox 817 3136 921 3198; x_wconf 90' lang='lat' dir='ltr'>ille</span> <span class='ocrx_word' id='word_1_360' title='bbox 950 3134 1255 3197; x_wconf 91' lang='lat' dir='ltr'>dominam</span> <span class='ocrx_word' id='word_1_361' title='bbox 1292 3154 1568 3215; x_wconf 89' lang='lat' dir='ltr'>sponsam</span> <span class='ocrx_word' id='word_1_362' title='bbox 1594 3156 1609 3214; x_wconf 91' lang='lat'>;</span> <span class='ocrx_word' id='word_1_363' title='bbox 1634 3145 1691 3200; x_wconf 90' lang='lat' dir='ltr'>et</span> <span class='ocrx_word' id='word_1_364' title='bbox 1722 3138 1807 3200; x_wconf 90' lang='lat' dir='ltr'>ait</span> <span class='ocrx_word' id='word_1_365' title='bbox 1834 3138 1944 3203; x_wconf 92' lang='lat' dir='ltr'>illi:</span> 
     </span>
    </p>
   </div>
   <div class='ocr_carea' id='block_1_44' title="bbox 2035 2055 3729 2154">
    <p class='ocr_par' dir='ltr' id='par_1_44' title="bbox 2035 2055 3729 2154">
     <span class='ocr_line' id='line_1_44' title="bbox 2035 2055 3729 2154; baseline 0.012 -39"><span class='ocrx_word' id='word_1_366' title='bbox 2035 2055 2314 2154; x_wconf 71' lang='lat' dir='ltr'>quinque</span> <span class='ocrx_word' id='word_1_367' title='bbox 2346 2068 2582 2154; x_wconf 86' lang='lat' dir='ltr'>sanctos</span> <span class='ocrx_word' id='word_1_368' title='bbox 2612 2062 2791 2154; x_wconf 88' lang='lat' dir='ltr'>viros,</span> <span class='ocrx_word' id='word_1_369' title='bbox 2827 2064 2909 2128; x_wconf 90' lang='lat' dir='ltr'>ait</span> <span class='ocrx_word' id='word_1_370' title='bbox 2939 2065 3060 2127; x_wconf 91' lang='lat' dir='ltr'>illis</span> <span class='ocrx_word' id='word_1_371' title='bbox 3095 2089 3108 2130; x_wconf 89' lang='lat'><strong>:</strong></span> <span class='ocrx_word' id='word_1_372' title='bbox 3172 2088 3201 2127; x_wconf 70' lang='grc' dir='ltr'>α</span> <span class='ocrx_word' id='word_1_373' title='bbox 3251 2068 3484 2133; x_wconf 87' lang='lat' dir='ltr'>Edicite</span> <span class='ocrx_word' id='word_1_374' title='bbox 3533 2076 3693 2154; x_wconf 92' lang='lat' dir='ltr'>quod</span> <span class='ocrx_word' id='word_1_375' title='bbox 3724 2088 3729 2093; x_wconf 82' lang='grc'><strong>·</strong></span> 
     </span>
    </p>
   </div>
   <div class='ocr_carea' id='block_1_45' title="bbox 2033 2144 3695 2244">
    <p class='ocr_par' dir='ltr' id='par_1_45' title="bbox 2033 2144 3695 2244">
     <span class='ocr_line' id='line_1_45' title="bbox 2033 2144 3695 2244; baseline 0.013 -42"><span class='ocrx_word' id='word_1_376' title='bbox 2033 2144 2268 2208; x_wconf 88' lang='lat' dir='ltr'>vidistis</span> <span class='ocrx_word' id='word_1_377' title='bbox 2299 2147 2361 2211; x_wconf 95' lang='lat' dir='ltr'>iu</span> <span class='ocrx_word' id='word_1_378' title='bbox 2387 2151 2760 2215; x_wconf 89' lang='lat' dir='ltr'>sanctissima</span> <span class='ocrx_word' id='word_1_379' title='bbox 2789 2154 3064 2217; x_wconf 87' lang='lat' dir='ltr'>ecclesia.</span> <span class='ocrx_word' id='word_1_380' title='bbox 3114 2182 3141 2212; x_wconf 83' lang='grc'><strong>››</strong></span> <span class='ocrx_word' id='word_1_381' title='bbox 3177 2144 3695 2244; x_wconf 74' lang='lat' dir='ltr'>Narraveruntque</span> 
     </span>
    </p>
   </div>
   <div class='ocr_carea' id='block_1_46' title="bbox 2037 2236 3695 2328">
    <p class='ocr_par' dir='ltr' id='par_1_46' title="bbox 2037 2236 3695 2328">
     <span class='ocr_line' id='line_1_46' title="bbox 2037 2236 3695 2328; baseline 0.011 -33"><span class='ocrx_word' id='word_1_382' title='bbox 2037 2236 2282 2328; x_wconf 85' lang='lat' dir='ltr'>populo,</span> <span class='ocrx_word' id='word_1_383' title='bbox 2317 2246 2379 2300; x_wconf 90' lang='lat' dir='ltr'>ut</span> <span class='ocrx_word' id='word_1_384' title='bbox 2407 2239 2696 2303; x_wconf 83' lang='lat' dir='ltr'>vidissent</span> <span class='ocrx_word' id='word_1_385' title='bbox 2743 2252 2978 2306; x_wconf 91' lang='lat' dir='ltr'>sanctos</span> <span class='ocrx_word' id='word_1_386' title='bbox 3024 2246 3288 2328; x_wconf 80' lang='lat' dir='ltr'>angelos,</span> <span class='ocrx_word' id='word_1_387' title='bbox 3342 2236 3695 2314; x_wconf 68' lang='lat' dir='ltr'>ventilantes</span> 
     </span>
    </p>
   </div>
   <div class='ocr_carea' id='block_1_47' title="bbox 2033 2322 3698 2417">
    <p class='ocr_par' dir='ltr' id='par_1_47' title="bbox 2033 2322 3698 2417">
     <span class='ocr_line' id='line_1_47' title="bbox 2033 2322 3698 2417; baseline 0.013 -34"><span class='ocrx_word' id='word_1_388' title='bbox 2033 2322 2397 2417; x_wconf 58' lang='lat' dir='ltr'>inculpatum</span> <span class='ocrx_word' id='word_1_389' title='bbox 2468 2349 2673 2393; x_wconf 88' lang='lat' dir='ltr'>eorum</span> <span class='ocrx_word' id='word_1_390' title='bbox 2752 2333 3012 2397; x_wconf 88' lang='lat' dir='ltr'>cubile:</span> <span class='ocrx_word' id='word_1_391' title='bbox 3088 2322 3145 2397; x_wconf 83' lang='lat' dir='ltr'>et</span> <span class='ocrx_word' id='word_1_392' title='bbox 3212 2322 3698 2417; x_wconf 83' lang='lat' dir='ltr'>gloriﬁcaverunt</span> 
     </span>
    </p>
   </div>
   <div class='ocr_carea' id='block_1_48' title="bbox 2034 2410 3689 2503">
    <p class='ocr_par' dir='ltr' id='par_1_48' title="bbox 2034 2410 3689 2503">
     <span class='ocr_line' id='line_1_48' title="bbox 2034 2410 3689 2503; baseline 0.013 -31"><span class='ocrx_word' id='word_1_393' title='bbox 2034 2410 2251 2503; x_wconf 86' lang='lat' dir='ltr'>Deum,</span> <span class='ocrx_word' id='word_1_394' title='bbox 2287 2417 2389 2497; x_wconf 85' lang='lat' dir='ltr'>qui</span> <span class='ocrx_word' id='word_1_395' title='bbox 2416 2419 2559 2481; x_wconf 85' lang='lat' dir='ltr'>facit</span> <span class='ocrx_word' id='word_1_396' title='bbox 2589 2421 2882 2484; x_wconf 85' lang='lat' dir='ltr'>mirabilia</span> <span class='ocrx_word' id='word_1_397' title='bbox 2904 2442 3120 2503; x_wconf 85' lang='lat' dir='ltr'>magna</span> <span class='ocrx_word' id='word_1_398' title='bbox 3150 2410 3689 2495; x_wconf 46' lang='lat' dir='ltr'>et&#39;inscrutabilia.</span> 
     </span>
    </p>
   </div>
   <div class='ocr_carea' id='block_1_49' title="bbox 2036 2502 3696 2598">
    <p class='ocr_par' dir='ltr' id='par_1_49' title="bbox 2036 2502 3696 2598">
     <span class='ocr_line' id='line_1_49' title="bbox 2036 2502 3696 2598; baseline 0.012 -34"><span class='ocrx_word' id='word_1_399' title='bbox 2036 2502 2307 2584; x_wconf 90' lang='lat' dir='ltr'>Cumque</span> <span class='ocrx_word' id='word_1_400' title='bbox 2326 2516 2566 2571; x_wconf 88' lang='lat' dir='ltr'>sanctus</span> <span class='ocrx_word' id='word_1_401' title='bbox 2598 2511 2771 2572; x_wconf 91' lang='lat' dir='ltr'>Pater</span> <span class='ocrx_word' id='word_1_402' title='bbox 2813 2502 3019 2574; x_wconf 88' lang='lat' dir='ltr'>uoster</span> <span class='ocrx_word' id='word_1_403' title='bbox 3062 2513 3312 2579; x_wconf 89' lang='lat' dir='ltr'>Basilius</span> <span class='ocrx_word' id='word_1_404' title='bbox 3361 2537 3565 2598; x_wconf 91' lang='lat' dir='ltr'>pacem</span> <span class='ocrx_word' id='word_1_405' title='bbox 3633 2523 3696 2584; x_wconf 95' lang='lat' dir='ltr'>in</span> 
     </span>
    </p>
   </div>
   <div class='ocr_carea' id='block_1_50' title="bbox 2035 2591 3695 2674">
    <p class='ocr_par' dir='ltr' id='par_1_50' title="bbox 2035 2591 3695 2674">
     <span class='ocr_line' id='line_1_50' title="bbox 2035 2591 3695 2674; baseline 0.013 -21"><span class='ocrx_word' id='word_1_406' title='bbox 2035 2591 2287 2654; x_wconf 84' lang='lat' dir='ltr'>Domino</span> <span class='ocrx_word' id='word_1_407' title='bbox 2333 2595 2602 2674; x_wconf 84' lang='lat' dir='ltr'>dixisset,</span> <span class='ocrx_word' id='word_1_408' title='bbox 2635 2600 2867 2662; x_wconf 87' lang='lat' dir='ltr'>reversi</span> <span class='ocrx_word' id='word_1_409' title='bbox 2890 2619 3100 2664; x_wconf 91' lang='lat' dir='ltr'>sumus</span> <span class='ocrx_word' id='word_1_410' title='bbox 3130 2605 3190 2665; x_wconf 91' lang='lat' dir='ltr'>in</span> <span class='ocrx_word' id='word_1_411' title='bbox 3222 2591 3484 2670; x_wconf 83' lang='lat' dir='ltr'>nostram</span> <span class='ocrx_word' id='word_1_412' title='bbox 3542 2612 3695 2674; x_wconf 91' lang='lat' dir='ltr'>civi-</span> 
     </span>
    </p>
   </div>
   <div class='ocr_carea' id='block_1_51' title="bbox 2037 2686 3693 2775">
    <p class='ocr_par' dir='ltr' id='par_1_51' title="bbox 2037 2686 3693 2775">
     <span class='ocr_line' id='line_1_51' title="bbox 2037 2686 3693 2775; baseline 0.015 -35"><span class='ocrx_word' id='word_1_413' title='bbox 2037 2687 2239 2775; x_wconf 85' lang='lat' dir='ltr'>tatem,</span> <span class='ocrx_word' id='word_1_414' title='bbox 2271 2686 2689 2767; x_wconf 79' lang='lat' dir='ltr'>gloriﬁcantes</span> <span class='ocrx_word' id='word_1_415' title='bbox 2722 2689 2953 2770; x_wconf 86' lang='lat' dir='ltr'>Deum,</span> <span class='ocrx_word' id='word_1_416' title='bbox 2986 2695 3094 2770; x_wconf 77' lang='lat' dir='ltr'>qui</span> <span class='ocrx_word' id='word_1_417' title='bbox 3121 2693 3285 2757; x_wconf 78' lang='lat' dir='ltr'>dedit</span> <span class='ocrx_word' id='word_1_418' title='bbox 3334 2706 3693 2775; x_wconf 80' lang='lat' dir='ltr'>potestatem</span> 
     </span>
    </p>
   </div>
   <div class='ocr_carea' id='block_1_52' title="bbox 2037 2774 2743 2861">
    <p class='ocr_par' dir='ltr' id='par_1_52' title="bbox 2037 2774 2743 2861">
     <span class='ocr_line' id='line_1_52' title="bbox 2037 2774 2743 2861; baseline 0.013 -29"><span class='ocrx_word' id='word_1_419' title='bbox 2037 2774 2223 2833; x_wconf 82' lang='lat' dir='ltr'>talem</span> <span class='ocrx_word' id='word_1_420' title='bbox 2257 2775 2608 2840; x_wconf 72' lang='lat' dir='ltr'>hominibus</span> <span class='ocrx_word' id='word_1_421' title='bbox 2640 2779 2743 2861; x_wconf 84' lang='lat' dir='ltr'>(c).</span> 
     </span>
    </p>
   </div>
   <div class='ocr_carea' id='block_1_53' title="bbox 2118 2863 3693 2943">
    <p class='ocr_par' dir='ltr' id='par_1_53' title="bbox 2118 2863 3693 2943">
     <span class='ocr_line' id='line_1_53' title="bbox 2118 2863 3693 2943; baseline 0.011 -18"><span class='ocrx_word' id='word_1_422' title='bbox 2118 2863 2253 2925; x_wconf 89' lang='lat' dir='ltr'>Fuit</span> <span class='ocrx_word' id='word_1_423' title='bbox 2283 2866 2657 2943; x_wconf 81' lang='lat' dir='ltr'>temporibus</span> <span class='ocrx_word' id='word_1_424' title='bbox 2675 2872 3029 2933; x_wconf 91' lang='lat' dir='ltr'>sanctissimi</span> <span class='ocrx_word' id='word_1_425' title='bbox 3048 2890 3116 2934; x_wconf 91' lang='lat' dir='ltr'>ac</span> <span class='ocrx_word' id='word_1_426' title='bbox 3141 2871 3468 2937; x_wconf 90' lang='lat' dir='ltr'>beatissimi</span> <span class='ocrx_word' id='word_1_427' title='bbox 3490 2880 3693 2941; x_wconf 83' lang='lat' dir='ltr'>archi—</span> 
     </span>
    </p>
   </div>
   <div class='ocr_carea' id='block_1_54' title="bbox 2036 2951 3697 3047">
    <p class='ocr_par' dir='ltr' id='par_1_54' title="bbox 2036 2951 3697 3047">
     <span class='ocr_line' id='line_1_54' title="bbox 2036 2951 3697 3047; baseline 0.013 -36"><span class='ocrx_word' id='word_1_428' title='bbox 2036 2951 2311 3047; x_wconf 86' lang='lat' dir='ltr'>episcopi</span> <span class='ocrx_word' id='word_1_429' title='bbox 2325 2957 2547 3047; x_wconf 84' lang='lat' dir='ltr'>Basilii,</span> <span class='ocrx_word' id='word_1_430' title='bbox 2576 2959 2833 3022; x_wconf 67' lang='lat' dir='ltr'>haeredis</span> <span class='ocrx_word' id='word_1_431' title='bbox 2856 2961 3017 3023; x_wconf 88' lang='lat' dir='ltr'>illius</span> <span class='ocrx_word' id='word_1_432' title='bbox 3037 2964 3205 3041; x_wconf 82' lang='lat' dir='ltr'>regni</span> <span class='ocrx_word' id='word_1_433' title='bbox 3242 2964 3487 3047; x_wconf 91' lang='lat' dir='ltr'>Christi,</span> <span class='ocrx_word' id='word_1_434' title='bbox 3546 2970 3697 3032; x_wconf 85' lang='lat' dir='ltr'>vasis</span> 
     </span>
    </p>
   </div>
   <div class='ocr_carea' id='block_1_55' title="bbox 2036 3042 3689 3130">
    <p class='ocr_par' dir='ltr' id='par_1_55' title="bbox 2036 3042 3689 3130">
     <span class='ocr_line' id='line_1_55' title="bbox 2036 3042 3689 3130; baseline 0.011 -27"><span class='ocrx_word' id='word_1_435' title='bbox 2036 3042 2346 3107; x_wconf 86' lang='lat' dir='ltr'>electionis</span> <span class='ocrx_word' id='word_1_436' title='bbox 2371 3046 2533 3109; x_wconf 91' lang='lat' dir='ltr'>illius</span> <span class='ocrx_word' id='word_1_437' title='bbox 2564 3048 2665 3130; x_wconf 89' lang='lat' dir='ltr'>qui</span> <span class='ocrx_word' id='word_1_438' title='bbox 2698 3052 2948 3129; x_wconf 91' lang='lat' dir='ltr'>portavit</span> <span class='ocrx_word' id='word_1_439' title='bbox 2975 3052 3194 3114; x_wconf 88' lang='lat' dir='ltr'>Christi</span> <span class='ocrx_word' id='word_1_440' title='bbox 3227 3073 3447 3117; x_wconf 91' lang='lat' dir='ltr'>nomen</span> <span class='ocrx_word' id='word_1_441' title='bbox 3472 3042 3689 3121; x_wconf 80' lang='lat' dir='ltr'>coram</span> 
     </span>
    </p>
   </div>
   <div class='ocr_carea' id='block_1_56' title="bbox 2034 3133 3687 3218">
    <p class='ocr_par' dir='ltr' id='par_1_56' title="bbox 2034 3133 3687 3218">
     <span class='ocr_line' id='line_1_56' title="bbox 2034 3133 3687 3218; baseline 0.009 -24"><span class='ocrx_word' id='word_1_442' title='bbox 2034 3133 2313 3211; x_wconf 81' lang='lat' dir='ltr'>gentibus</span> <span class='ocrx_word' id='word_1_443' title='bbox 2335 3146 2391 3197; x_wconf 89' lang='lat' dir='ltr'>et</span> <span class='ocrx_word' id='word_1_444' title='bbox 2415 3138 2657 3217; x_wconf 83' lang='lat' dir='ltr'>regibus</span> <span class='ocrx_word' id='word_1_445' title='bbox 2683 3148 2740 3201; x_wconf 89' lang='lat' dir='ltr'>et</span> <span class='ocrx_word' id='word_1_446' title='bbox 2762 3141 2900 3202; x_wconf 87' lang='lat' dir='ltr'>ﬁliis</span> <span class='ocrx_word' id='word_1_447' title='bbox 2922 3143 3126 3218; x_wconf 90' lang='lat' dir='ltr'>Israel,</span> <span class='ocrx_word' id='word_1_448' title='bbox 3150 3143 3305 3205; x_wconf 90' lang='lat' dir='ltr'>sicut</span> <span class='ocrx_word' id='word_1_449' title='bbox 3346 3145 3578 3209; x_wconf 89' lang='lat' dir='ltr'>divinus</span> <span class='ocrx_word' id='word_1_450' title='bbox 3629 3159 3687 3210; x_wconf 91' lang='lat' dir='ltr'>et</span> 
     </span>
    </p>
   </div>
   <div class='ocr_carea' id='block_1_57' title="bbox 289 3221 3691 3317">
    <p class='ocr_par' dir='ltr' id='par_1_57' title="bbox 289 3221 3691 3317">
     <span class='ocr_line' id='line_1_57' title="bbox 289 3221 3691 3317; baseline 0.004 -28"><span class='ocrx_word' id='word_1_451' title='bbox 289 3250 310 3280; x_wconf 75' lang='grc' dir='ltr'><strong><em>ο</em></strong></span> <span class='ocrx_word' id='word_1_452' title='bbox 349 3227 544 3301; x_wconf 89' lang='lat' dir='ltr'>Salve,</span> <span class='ocrx_word' id='word_1_453' title='bbox 580 3245 717 3289; x_wconf 91' lang='lat' dir='ltr'>vera</span> <span class='ocrx_word' id='word_1_454' title='bbox 751 3243 882 3290; x_wconf 88' lang='lat' dir='ltr'>mea</span> <span class='ocrx_word' id='word_1_455' title='bbox 915 3243 1155 3307; x_wconf 85' lang='lat' dir='ltr'>sponsa,</span> <span class='ocrx_word' id='word_1_456' title='bbox 1183 3244 1288 3286; x_wconf 82' lang='lat' dir='ltr'>seu</span> <span class='ocrx_word' id='word_1_457' title='bbox 1335 3230 1529 3306; x_wconf 88' lang='lat' dir='ltr'>potius</span> <span class='ocrx_word' id='word_1_458' title='bbox 1566 3228 1823 3302; x_wconf 63' lang='lat' dir='ltr'>Christi:</span> <span class='ocrx_word' id='word_1_459' title='bbox 1862 3233 2007 3294; x_wconf 89' lang='lat' dir='ltr'>tuiC</span> <span class='ocrx_word' id='word_1_460' title='bbox 2033 3221 2242 3317; x_wconf 60' lang='lat' dir='ltr'>beatus</span> <span class='ocrx_word' id='word_1_461' title='bbox 2272 3225 2593 3317; x_wconf 56' lang='lat' dir='ltr'>Apostolus</span> <span class='ocrx_word' id='word_1_462' title='bbox 2624 3228 2734 3308; x_wconf 71' lang='grc' dir='ltr'>(ἀ),</span> <span class='ocrx_word' id='word_1_463' title='bbox 2776 3232 2989 3293; x_wconf 79' lang='grc' dir='ltr'>ῐηυΙίθι·</span> <span class='ocrx_word' id='word_1_464' title='bbox 3029 3233 3324 3317; x_wconf 64' lang='lat' dir='ltr'>Quaedam,</span> <span class='ocrx_word' id='word_1_465' title='bbox 3360 3235 3578 3300; x_wconf 74' lang='lat' dir='ltr'>diVitiis</span> <span class='ocrx_word' id='word_1_466' title='bbox 3635 3249 3691 3301; x_wconf 87' lang='lat' dir='ltr'>et</span> 
     </span>
    </p>
   </div>
   <div class='ocr_carea' id='block_1_58' title="bbox 278 3312 3687 3404">
    <p class='ocr_par' dir='ltr' id='par_1_58' title="bbox 278 3312 3687 3404">
     <span class='ocr_line' id='line_1_58' title="bbox 278 3312 3687 3404; baseline 0.002 -25"><span class='ocrx_word' id='word_1_467' title='bbox 278 3336 459 3379; x_wconf 88' lang='lat' dir='ltr'>causa</span> <span class='ocrx_word' id='word_1_468' title='bbox 484 3325 641 3379; x_wconf 91' lang='lat' dir='ltr'>totus</span> <span class='ocrx_word' id='word_1_469' title='bbox 666 3316 842 3378; x_wconf 90' lang='lat' dir='ltr'>nobis</span> <span class='ocrx_word' id='word_1_470' title='bbox 864 3316 959 3378; x_wconf 91' lang='lat' dir='ltr'>hic</span> <span class='ocrx_word' id='word_1_471' title='bbox 984 3315 1155 3377; x_wconf 91' lang='lat' dir='ltr'>labor</span> <span class='ocrx_word' id='word_1_472' title='bbox 1176 3322 1515 3397; x_wconf 91' lang='lat' dir='ltr'>assumptus</span> <span class='ocrx_word' id='word_1_473' title='bbox 1537 3318 1795 3380; x_wconf 67' lang='lat' dir='ltr'>est.»Ait</span> <span class='ocrx_word' id='word_1_474' title='bbox 1816 3320 1938 3382; x_wconf 89' lang='lat' dir='ltr'>illa:</span> <span class='ocrx_word' id='word_1_475' title='bbox 2029 3312 2343 3404; x_wconf 62' lang='grc' dir='ltr'>ηρῢίιὶιᾷιθ</span> <span class='ocrx_word' id='word_1_476' title='bbox 2373 3316 2559 3391; x_wconf 75' lang='lat' dir='ltr'>clara,</span> <span class='ocrx_word' id='word_1_477' title='bbox 2592 3318 2962 3401; x_wconf 79' lang='lat' dir='ltr'>reliquisque</span> <span class='ocrx_word' id='word_1_478' title='bbox 2992 3312 3064 3384; x_wconf 86' lang='lat' dir='ltr'>ad</span> <span class='ocrx_word' id='word_1_479' title='bbox 3113 3341 3278 3385; x_wconf 78' lang='lat' dir='ltr'>vanae</span> <span class='ocrx_word' id='word_1_480' title='bbox 3310 3312 3510 3404; x_wconf 44' lang='lat' dir='ltr'>&#39;bujus</span> <span class='ocrx_word' id='word_1_481' title='bbox 3556 3330 3687 3392; x_wconf 76' lang='lat' dir='ltr'>vitae</span> 
     </span>
    </p>
   </div>
   <div class='ocr_carea' id='block_1_59' title="bbox 284 3400 3688 3490">
    <p class='ocr_par' dir='ltr' id='par_1_59' title="bbox 284 3400 3688 3490">
     <span class='ocr_line' id='line_1_59' title="bbox 284 3400 3688 3490; baseline 0.002 -21"><span class='ocrx_word' id='word_1_482' title='bbox 284 3432 313 3464; x_wconf 72' lang='grc' dir='ltr'><strong>α</strong></span> <span class='ocrx_word' id='word_1_483' title='bbox 340 3407 481 3471; x_wconf 93' lang='lat' dir='ltr'>Sum</span> <span class='ocrx_word' id='word_1_484' title='bbox 512 3408 573 3468; x_wconf 92' lang='lat' dir='ltr'>in</span> <span class='ocrx_word' id='word_1_485' title='bbox 596 3406 1030 3481; x_wconf 87' lang='lat' dir='ltr'>manibustuis,</span> <span class='ocrx_word' id='word_1_486' title='bbox 1061 3404 1583 3468; x_wconf 89' lang='lat' dir='ltr'>honorabilissime</span> <span class='ocrx_word' id='word_1_487' title='bbox 1606 3408 1801 3470; x_wconf 90' lang='lat' dir='ltr'>Pater.</span> <span class='ocrx_word' id='word_1_488' title='bbox 1831 3408 1944 3471; x_wconf 85' lang='lat' dir='ltr'>Do-</span> <span class='ocrx_word' id='word_1_489' title='bbox 2028 3400 2313 3483; x_wconf 75' lang='lat' dir='ltr'>obsequia</span> <span class='ocrx_word' id='word_1_490' title='bbox 2350 3410 2711 3486; x_wconf 85' lang='lat' dir='ltr'>comparatis</span> <span class='ocrx_word' id='word_1_491' title='bbox 2743 3400 2924 3490; x_wconf 83' lang='lat' dir='ltr'>supra</span> <span class='ocrx_word' id='word_1_492' title='bbox 2953 3430 3164 3475; x_wconf 91' lang='lat' dir='ltr'>omnes</span> <span class='ocrx_word' id='word_1_493' title='bbox 3193 3413 3367 3476; x_wconf 89' lang='lat' dir='ltr'>elata.</span> <span class='ocrx_word' id='word_1_494' title='bbox 3397 3400 3537 3479; x_wconf 76' lang='lat' dir='ltr'>Haec</span> <span class='ocrx_word' id='word_1_495' title='bbox 3566 3428 3688 3480; x_wconf 89' lang='lat' dir='ltr'>sta-</span> 
     </span>
    </p>
   </div>
   <div class='ocr_carea' id='block_1_60' title="bbox 280 3494 1943 3575">
    <p class='ocr_par' dir='ltr' id='par_1_60' title="bbox 280 3494 1943 3575">
     <span class='ocr_line' id='line_1_60' title="bbox 280 3494 1943 3575; baseline 0.001 -16"><span class='ocrx_word' id='word_1_496' title='bbox 280 3497 480 3559; x_wconf 90' lang='lat' dir='ltr'>minus</span> <span class='ocrx_word' id='word_1_497' title='bbox 509 3497 859 3559; x_wconf 84' lang='lat' dir='ltr'>occasiones</span> <span class='ocrx_word' id='word_1_498' title='bbox 890 3495 1032 3557; x_wconf 88' lang='lat' dir='ltr'>facit</span> <span class='ocrx_word' id='word_1_499' title='bbox 1065 3515 1078 3555; x_wconf 91' lang='lat'><strong>:</strong></span> <span class='ocrx_word' id='word_1_500' title='bbox 1118 3513 1329 3575; x_wconf 79' lang='lat' dir='ltr'>magno</span> <span class='ocrx_word' id='word_1_501' title='bbox 1356 3496 1514 3557; x_wconf 89' lang='lat' dir='ltr'>enim</span> <span class='ocrx_word' id='word_1_502' title='bbox 1542 3494 1842 3559; x_wconf 90' lang='lat' dir='ltr'>desiderio</span> <span class='ocrx_word' id='word_1_503' title='bbox 1863 3508 1943 3561; x_wconf 70' lang='lat' dir='ltr'>te~</span> 
     </span>
    </p>
   </div>
   <div class='ocr_carea' id='block_1_61' title="bbox 278 3584 1942 3667">
    <p class='ocr_par' dir='ltr' id='par_1_61' title="bbox 278 3584 1942 3667">
     <span class='ocr_line' id='line_1_61' title="bbox 278 3584 1942 3667; baseline 0 -16"><span class='ocrx_word' id='word_1_504' title='bbox 278 3606 426 3651; x_wconf 90' lang='lat' dir='ltr'>neor</span> <span class='ocrx_word' id='word_1_505' title='bbox 454 3584 833 3667; x_wconf 86' lang='lat' dir='ltr'>amplexandi</span> <span class='ocrx_word' id='word_1_506' title='bbox 872 3585 1162 3665; x_wconf 87' lang='lat' dir='ltr'>pretiosos</span> <span class='ocrx_word' id='word_1_507' title='bbox 1188 3594 1318 3645; x_wconf 93' lang='lat' dir='ltr'>tuos</span> <span class='ocrx_word' id='word_1_508' title='bbox 1353 3584 1536 3666; x_wconf 89' lang='lat' dir='ltr'>pedes</span> <span class='ocrx_word' id='word_1_509' title='bbox 1572 3606 1585 3648; x_wconf 90' lang='lat'><strong>:</strong></span> <span class='ocrx_word' id='word_1_510' title='bbox 1633 3587 1804 3667; x_wconf 87' lang='lat' dir='ltr'>cujus</span> <span class='ocrx_word' id='word_1_511' title='bbox 1853 3590 1942 3651; x_wconf 92' lang='lat' dir='ltr'>rei</span> 
     </span>
    </p>
   </div>
   <div class='ocr_carea' id='block_1_62' title="bbox 280 3674 1944 3759">
    <p class='ocr_par' dir='ltr' id='par_1_62' title="bbox 280 3674 1944 3759">
     <span class='ocr_line' id='line_1_62' title="bbox 280 3674 1944 3759; baseline 0.002 -21"><span class='ocrx_word' id='word_1_512' title='bbox 280 3696 530 3759; x_wconf 89' lang='lat' dir='ltr'>compos</span> <span class='ocrx_word' id='word_1_513' title='bbox 559 3678 795 3751; x_wconf 72' lang='lat' dir='ltr'>eifecta,</span> <span class='ocrx_word' id='word_1_514' title='bbox 833 3675 1054 3755; x_wconf 84' lang='lat' dir='ltr'>gratias</span> <span class='ocrx_word' id='word_1_515' title='bbox 1082 3693 1189 3752; x_wconf 84' lang='lat' dir='ltr'>ago</span> <span class='ocrx_word' id='word_1_516' title='bbox 1240 3674 1493 3736; x_wconf 88' lang='lat' dir='ltr'>Domino</span> <span class='ocrx_word' id='word_1_517' title='bbox 1522 3692 1682 3737; x_wconf 91' lang='lat' dir='ltr'>meo.</span> <span class='ocrx_word' id='word_1_518' title='bbox 1746 3678 1944 3741; x_wconf 88' lang='lat' dir='ltr'>Faciet</span> 
     </span>
    </p>
   </div>
   <div class='ocr_carea' id='block_1_63' title="bbox 278 3764 1943 3849">
    <p class='ocr_par' dir='ltr' id='par_1_63' title="bbox 278 3764 1943 3849">
     <span class='ocr_line' id='line_1_63' title="bbox 278 3764 1943 3849; baseline -0.001 -17"><span class='ocrx_word' id='word_1_519' title='bbox 278 3768 736 3849; x_wconf 82' lang='lat' dir='ltr'>ergo,maximo</span> <span class='ocrx_word' id='word_1_520' title='bbox 771 3764 917 3826; x_wconf 90' lang='lat' dir='ltr'>mihi</span> <span class='ocrx_word' id='word_1_521' title='bbox 971 3765 1423 3845; x_wconf 88' lang='lat' dir='ltr'>prosequendus</span> <span class='ocrx_word' id='word_1_522' title='bbox 1482 3764 1713 3828; x_wconf 90' lang='lat' dir='ltr'>honore</span> <span class='ocrx_word' id='word_1_523' title='bbox 1773 3786 1943 3831; x_wconf 88' lang='lat' dir='ltr'>meus</span> 
     </span>
    </p>
   </div>
   <div class='ocr_carea' id='block_1_64' title="bbox 276 3855 1941 3937">
    <p class='ocr_par' dir='ltr' id='par_1_64' title="bbox 276 3855 1941 3937">
     <span class='ocr_line' id='line_1_64' title="bbox 276 3855 1941 3937; baseline -0.002 -14"><span class='ocrx_word' id='word_1_524' title='bbox 276 3859 477 3934; x_wconf 90' lang='lat' dir='ltr'>Pater,</span> <span class='ocrx_word' id='word_1_525' title='bbox 508 3858 568 3919; x_wconf 92' lang='lat' dir='ltr'>in</span> <span class='ocrx_word' id='word_1_526' title='bbox 602 3857 780 3918; x_wconf 85' lang='lat' dir='ltr'>ﬁliam</span> <span class='ocrx_word' id='word_1_527' title='bbox 813 3872 1006 3935; x_wconf 90' lang='lat' dir='ltr'>suam,</span> <span class='ocrx_word' id='word_1_528' title='bbox 1041 3873 1415 3937; x_wconf 68' lang='lat' dir='ltr'>quaecunque</span> <span class='ocrx_word' id='word_1_529' title='bbox 1447 3855 1721 3920; x_wconf 90' lang='lat' dir='ltr'>voluerit.</span> <span class='ocrx_word' id='word_1_530' title='bbox 1757 3882 1784 3913; x_wconf 81' lang='grc'>»</span> <span class='ocrx_word' id='word_1_531' title='bbox 1814 3858 1941 3923; x_wconf 82' lang='grc' dir='ltr'>Αἰι-</span> 
     </span>
    </p>
   </div>
   <div class='ocr_carea' id='block_1_65' title="bbox 280 3944 1947 4031">
    <p class='ocr_par' dir='ltr' id='par_1_65' title="bbox 280 3944 1947 4031">
     <span class='ocr_line' id='line_1_65' title="bbox 280 3944 1947 4031; baseline 0.001 -21"><span class='ocrx_word' id='word_1_532' title='bbox 280 3968 403 4031; x_wconf 86' lang='lat' dir='ltr'>que</span> <span class='ocrx_word' id='word_1_533' title='bbox 429 3948 532 4011; x_wconf 89' lang='lat' dir='ltr'>ille</span> <span class='ocrx_word' id='word_1_534' title='bbox 560 3947 772 4009; x_wconf 91' lang='lat' dir='ltr'>fratri:</span> <span class='ocrx_word' id='word_1_535' title='bbox 812 3970 834 3999; x_wconf 76' lang='grc' dir='ltr'>σε</span> <span class='ocrx_word' id='word_1_536' title='bbox 882 3944 1054 4025; x_wconf 78' lang='lat' dir='ltr'>Rogo</span> <span class='ocrx_word' id='word_1_537' title='bbox 1116 3956 1193 4020; x_wconf 90' lang='lat' dir='ltr'>te,</span> <span class='ocrx_word' id='word_1_538' title='bbox 1232 3945 1475 4007; x_wconf 86' lang='lat' dir='ltr'>domine</span> <span class='ocrx_word' id='word_1_539' title='bbox 1530 3947 1612 4007; x_wconf 89' lang='lat' dir='ltr'>mi</span> <span class='ocrx_word' id='word_1_540' title='bbox 1641 3946 1848 4026; x_wconf 91' lang='lat' dir='ltr'>frater,</span> <span class='ocrx_word' id='word_1_541' title='bbox 1883 3958 1947 4012; x_wconf 91' lang='lat' dir='ltr'>ut</span> 
     </span>
    </p>
   </div>
   <div class='ocr_carea' id='block_1_66' title="bbox 279 4034 1943 4116">
    <p class='ocr_par' dir='ltr' id='par_1_66' title="bbox 279 4034 1943 4116">
     <span class='ocr_line' id='line_1_66' title="bbox 279 4034 1943 4116; baseline 0 -14"><span class='ocrx_word' id='word_1_542' title='bbox 279 4058 401 4102; x_wconf 89' lang='lat' dir='ltr'>una</span> <span class='ocrx_word' id='word_1_543' title='bbox 429 4057 564 4101; x_wconf 92' lang='lat' dir='ltr'>cum</span> <span class='ocrx_word' id='word_1_544' title='bbox 601 4035 844 4098; x_wconf 91' lang='lat' dir='ltr'>domina</span> <span class='ocrx_word' id='word_1_545' title='bbox 873 4052 1092 4116; x_wconf 89' lang='lat' dir='ltr'>sponsa</span> <span class='ocrx_word' id='word_1_546' title='bbox 1124 4054 1257 4097; x_wconf 90' lang='lat' dir='ltr'>mea</span> <span class='ocrx_word' id='word_1_547' title='bbox 1287 4034 1548 4098; x_wconf 92' lang='lat' dir='ltr'>dormias</span> <span class='ocrx_word' id='word_1_548' title='bbox 1578 4036 1640 4097; x_wconf 95' lang='lat' dir='ltr'>in</span> <span class='ocrx_word' id='word_1_549' title='bbox 1689 4040 1943 4102; x_wconf 91' lang='lat' dir='ltr'>sanctis-</span> 
     </span>
    </p>
   </div>
   <div class='ocr_carea' id='block_1_67' title="bbox 277 4124 1942 4211">
    <p class='ocr_par' dir='ltr' id='par_1_67' title="bbox 277 4124 1942 4211">
     <span class='ocr_line' id='line_1_67' title="bbox 277 4124 1942 4211; baseline -0.001 -20"><span class='ocrx_word' id='word_1_550' title='bbox 277 4130 431 4191; x_wconf 89' lang='lat' dir='ltr'>sima</span> <span class='ocrx_word' id='word_1_551' title='bbox 462 4126 741 4191; x_wconf 87' lang='lat' dir='ltr'>ecclesia.</span> <span class='ocrx_word' id='word_1_552' title='bbox 783 4151 809 4183; x_wconf 65' lang='grc' dir='ltr'><strong>η</strong></span> <span class='ocrx_word' id='word_1_553' title='bbox 846 4128 925 4189; x_wconf 91' lang='lat' dir='ltr'>At</span> <span class='ocrx_word' id='word_1_554' title='bbox 956 4125 1055 4188; x_wconf 89' lang='lat' dir='ltr'>ille</span> <span class='ocrx_word' id='word_1_555' title='bbox 1085 4125 1159 4187; x_wconf 88' lang='lat' dir='ltr'>ad</span> <span class='ocrx_word' id='word_1_556' title='bbox 1190 4143 1326 4187; x_wconf 93' lang='lat' dir='ltr'>eum</span> <span class='ocrx_word' id='word_1_557' title='bbox 1365 4146 1380 4186; x_wconf 90' lang='lat'>:</span> <span class='ocrx_word' id='word_1_558' title='bbox 1416 4151 1442 4187; x_wconf 86' lang='grc'><strong>‹</strong></span> <span class='ocrx_word' id='word_1_559' title='bbox 1478 4124 1714 4189; x_wconf 89' lang='lat' dir='ltr'>Faciam</span> <span class='ocrx_word' id='word_1_560' title='bbox 1762 4129 1942 4211; x_wconf 90' lang='lat' dir='ltr'>quid-</span> 
     </span>
    </p>
   </div>
   <div class='ocr_carea' id='block_1_68' title="bbox 271 4214 1945 4299">
    <p class='ocr_par' dir='ltr' id='par_1_68' title="bbox 271 4214 1945 4299">
     <span class='ocr_line' id='line_1_68' title="bbox 271 4214 1945 4299; baseline 0.001 -18"><span class='ocrx_word' id='word_1_561' title='bbox 271 4218 422 4298; x_wconf 89' lang='lat' dir='ltr'>quid</span> <span class='ocrx_word' id='word_1_562' title='bbox 446 4218 721 4299; x_wconf 89' lang='lat' dir='ltr'>jusseris,</span> <span class='ocrx_word' id='word_1_563' title='bbox 755 4214 904 4279; x_wconf 82' lang='lat' dir='ltr'>sicut</span> <span class='ocrx_word' id='word_1_564' title='bbox 935 4214 1128 4276; x_wconf 87' lang='lat' dir='ltr'>debeo</span> <span class='ocrx_word' id='word_1_565' title='bbox 1166 4235 1179 4278; x_wconf 91' lang='lat'>:</span> <span class='ocrx_word' id='word_1_566' title='bbox 1217 4215 1500 4297; x_wconf 89' lang='lat' dir='ltr'>fecitque.</span> <span class='ocrx_word' id='word_1_567' title='bbox 1535 4237 1564 4277; x_wconf 86' lang='grc'>›)</span> <span class='ocrx_word' id='word_1_568' title='bbox 1608 4218 1945 4282; x_wconf 85' lang='lat' dir='ltr'>Assumens</span> 
     </span>
    </p>
   </div>
   <div class='ocr_carea' id='block_1_69' title="bbox 275 4305 1943 4389">
    <p class='ocr_par' dir='ltr' id='par_1_69' title="bbox 275 4305 1943 4389">
     <span class='ocr_line' id='line_1_69' title="bbox 275 4305 1943 4389; baseline 0.001 -18"><span class='ocrx_word' id='word_1_569' title='bbox 275 4326 425 4389; x_wconf 82' lang='lat' dir='ltr'>ergo</span> <span class='ocrx_word' id='word_1_570' title='bbox 457 4316 702 4371; x_wconf 85' lang='lat' dir='ltr'>sanctus</span> <span class='ocrx_word' id='word_1_571' title='bbox 730 4305 904 4368; x_wconf 90' lang='lat' dir='ltr'>Pater</span> <span class='ocrx_word' id='word_1_572' title='bbox 936 4312 1142 4366; x_wconf 92' lang='lat' dir='ltr'>noster</span> <span class='ocrx_word' id='word_1_573' title='bbox 1190 4305 1511 4367; x_wconf 88' lang='lat' dir='ltr'>nonnullos</span> <span class='ocrx_word' id='word_1_574' title='bbox 1542 4309 1662 4370; x_wconf 90' lang='lat' dir='ltr'>Deo</span> <span class='ocrx_word' id='word_1_575' title='bbox 1714 4309 1943 4373; x_wconf 75' lang='lat' dir='ltr'>amatos</span> 
     </span>
    </p>
   </div>
   <div class='ocr_carea' id='block_1_70' title="bbox 275 4393 1943 4478">
    <p class='ocr_par' dir='ltr' id='par_1_70' title="bbox 275 4393 1943 4478">
     <span class='ocr_line' id='line_1_70' title="bbox 275 4393 1943 4478; baseline 0.001 -18"><span class='ocrx_word' id='word_1_576' title='bbox 275 4408 337 4461; x_wconf 92' lang='lat' dir='ltr'>et</span> <span class='ocrx_word' id='word_1_577' title='bbox 368 4396 676 4478; x_wconf 90' lang='lat' dir='ltr'>spiritales</span> <span class='ocrx_word' id='word_1_578' title='bbox 735 4396 907 4470; x_wconf 89' lang='lat' dir='ltr'>viros,</span> <span class='ocrx_word' id='word_1_579' title='bbox 940 4393 1203 4475; x_wconf 87' lang='lat' dir='ltr'>quinque</span> <span class='ocrx_word' id='word_1_580' title='bbox 1261 4413 1534 4473; x_wconf 90' lang='lat' dir='ltr'>numero,</span> <span class='ocrx_word' id='word_1_581' title='bbox 1595 4414 1666 4459; x_wconf 89' lang='lat' dir='ltr'>ex</span> <span class='ocrx_word' id='word_1_582' title='bbox 1723 4399 1943 4476; x_wconf 89' lang='lat' dir='ltr'>quibus</span> 
     </span>
    </p>
   </div>
   <div class='ocr_carea' id='block_1_71' title="bbox 273 4483 1936 4567">
    <p class='ocr_par' dir='ltr' id='par_1_71' title="bbox 273 4483 1936 4567">
     <span class='ocr_line' id='line_1_71' title="bbox 273 4483 1936 4567; baseline 0.002 -16"><span class='ocrx_word' id='word_1_583' title='bbox 273 4507 429 4551; x_wconf 89' lang='lat' dir='ltr'>unus</span> <span class='ocrx_word' id='word_1_584' title='bbox 464 4505 592 4551; x_wconf 89' lang='lat' dir='ltr'>rem</span> <span class='ocrx_word' id='word_1_585' title='bbox 631 4484 815 4567; x_wconf 90' lang='lat' dir='ltr'>probe</span> <span class='ocrx_word' id='word_1_586' title='bbox 847 4492 1043 4562; x_wconf 87' lang='lat' dir='ltr'>norat;</span> <span class='ocrx_word' id='word_1_587' title='bbox 1070 4483 1249 4545; x_wconf 90' lang='lat' dir='ltr'>etiam</span> <span class='ocrx_word' id='word_1_588' title='bbox 1280 4483 1410 4564; x_wconf 91' lang='lat' dir='ltr'>ipse</span> <span class='ocrx_word' id='word_1_589' title='bbox 1431 4484 1491 4546; x_wconf 90' lang='lat' dir='ltr'>in</span> <span class='ocrx_word' id='word_1_590' title='bbox 1518 4493 1721 4548; x_wconf 90' lang='lat' dir='ltr'>sancta</span> <span class='ocrx_word' id='word_1_591' title='bbox 1738 4491 1936 4554; x_wconf 89' lang='lat' dir='ltr'>eccle-</span> 
     </span>
    </p>
   </div>
   <div class='ocr_carea' id='block_1_72' title="bbox 2028 3493 3679 3591">
    <p class='ocr_par' dir='ltr' id='par_1_72' title="bbox 2028 3493 3679 3591">
     <span class='ocr_line' id='line_1_72' title="bbox 2028 3493 3679 3591; baseline 0.012 -40"><span class='ocrx_word' id='word_1_592' title='bbox 2028 3500 2149 3591; x_wconf 85' lang='lat' dir='ltr'>tum</span> <span class='ocrx_word' id='word_1_593' title='bbox 2184 3493 2817 3591; x_wconf 34' lang='lat' dir='ltr'>vidualem-amplexa,</span> <span class='ocrx_word' id='word_1_594' title='bbox 2850 3502 3104 3578; x_wconf 87' lang='lat' dir='ltr'>turpiter</span> <span class='ocrx_word' id='word_1_595' title='bbox 3136 3512 3426 3584; x_wconf 85' lang='lat' dir='ltr'>potestate</span> <span class='ocrx_word' id='word_1_596' title='bbox 3469 3506 3679 3591; x_wconf 73' lang='lat' dir='ltr'>abusa,</span> 
     </span>
    </p>
   </div>
   <div class='ocr_carea' id='block_1_73' title="bbox 2024 3582 3686 3670">
    <p class='ocr_par' dir='ltr' id='par_1_73' title="bbox 2024 3582 3686 3670">
     <span class='ocr_line' id='line_1_73' title="bbox 2024 3582 3686 3670; baseline 0.009 -28"><span class='ocrx_word' id='word_1_597' title='bbox 2024 3582 2285 3661; x_wconf 83' lang='lat' dir='ltr'>seipsam</span> <span class='ocrx_word' id='word_1_598' title='bbox 2309 3584 2463 3663; x_wconf 82' lang='lat' dir='ltr'>gulae</span> <span class='ocrx_word' id='word_1_599' title='bbox 2488 3584 2848 3667; x_wconf 81' lang='lat' dir='ltr'>luxuriaeque</span> <span class='ocrx_word' id='word_1_600' title='bbox 2871 3582 3252 3670; x_wconf 79' lang='lat' dir='ltr'>inancipavit;</span> <span class='ocrx_word' id='word_1_601' title='bbox 3281 3593 3428 3655; x_wconf 90' lang='lat' dir='ltr'>nihil</span> <span class='ocrx_word' id='word_1_602' title='bbox 3458 3582 3686 3657; x_wconf 81' lang='lat' dir='ltr'>habens</span> 
     </span>
    </p>
   </div>
   <div class='ocr_carea' id='block_1_74' title="bbox 2026 3672 3683 3761">
    <p class='ocr_par' dir='ltr' id='par_1_74' title="bbox 2026 3672 3683 3761">
     <span class='ocr_line' id='line_1_74' title="bbox 2026 3672 3683 3761; baseline 0.01 -31"><span class='ocrx_word' id='word_1_603' title='bbox 2026 3689 2141 3750; x_wconf 91' lang='lat' dir='ltr'>quo</span> <span class='ocrx_word' id='word_1_604' title='bbox 2170 3672 2432 3751; x_wconf 89' lang='lat' dir='ltr'>placeret</span> <span class='ocrx_word' id='word_1_605' title='bbox 2454 3676 2602 3752; x_wconf 89' lang='lat' dir='ltr'>Deo,</span> <span class='ocrx_word' id='word_1_606' title='bbox 2624 3676 2729 3737; x_wconf 90' lang='lat' dir='ltr'>sed</span> <span class='ocrx_word' id='word_1_607' title='bbox 2758 3676 3020 3756; x_wconf 87' lang='lat' dir='ltr'>seipsam</span> <span class='ocrx_word' id='word_1_608' title='bbox 3038 3680 3230 3742; x_wconf 90' lang='lat' dir='ltr'>instar</span> <span class='ocrx_word' id='word_1_609' title='bbox 3249 3701 3561 3761; x_wconf 82' lang='lat' dir='ltr'>porcorum</span> <span class='ocrx_word' id='word_1_610' title='bbox 3586 3704 3683 3746; x_wconf 90' lang='lat' dir='ltr'>vo-</span> 
     </span>
    </p>
   </div>
   <div class='ocr_carea' id='block_1_75' title="bbox 2024 3759 3682 3854">
    <p class='ocr_par' dir='ltr' id='par_1_75' title="bbox 2024 3759 3682 3854">
     <span class='ocr_line' id='line_1_75' title="bbox 2024 3759 3682 3854; baseline 0.008 -32"><span class='ocrx_word' id='word_1_611' title='bbox 2024 3759 2219 3822; x_wconf 90' lang='lat' dir='ltr'>lutans</span> <span class='ocrx_word' id='word_1_612' title='bbox 2249 3761 2307 3821; x_wconf 90' lang='lat' dir='ltr'>in</span> <span class='ocrx_word' id='word_1_613' title='bbox 2346 3761 2600 3825; x_wconf 66' lang='lat' dir='ltr'>luxuriae</span> <span class='ocrx_word' id='word_1_614' title='bbox 2631 3782 2824 3826; x_wconf 72' lang='lat' dir='ltr'>coeno.</span> <span class='ocrx_word' id='word_1_615' title='bbox 2860 3767 3127 3828; x_wconf 89' lang='lat' dir='ltr'>Tandem</span> <span class='ocrx_word' id='word_1_616' title='bbox 3161 3759 3385 3850; x_wconf 84' lang='lat' dir='ltr'>itaque,</span> <span class='ocrx_word' id='word_1_617' title='bbox 3434 3772 3682 3854; x_wconf 86' lang='lat' dir='ltr'>dispen-</span> 
     </span>
    </p>
   </div>
   <div class='ocr_carea' id='block_1_76' title="bbox 2023 3853 3680 3945">
    <p class='ocr_par' dir='ltr' id='par_1_76' title="bbox 2023 3853 3680 3945">
     <span class='ocr_line' id='line_1_76' title="bbox 2023 3853 3680 3945; baseline 0.009 -34"><span class='ocrx_word' id='word_1_618' title='bbox 2023 3861 2192 3911; x_wconf 84' lang='lat' dir='ltr'>sante</span> <span class='ocrx_word' id='word_1_619' title='bbox 2222 3853 2366 3928; x_wconf 89' lang='lat' dir='ltr'>Deo,</span> <span class='ocrx_word' id='word_1_620' title='bbox 2404 3854 2701 3915; x_wconf 80' lang='lat' dir='ltr'>immensa</span> <span class='ocrx_word' id='word_1_621' title='bbox 2733 3873 2841 3915; x_wconf 91' lang='lat' dir='ltr'>sua</span> <span class='ocrx_word' id='word_1_622' title='bbox 2874 3866 3115 3937; x_wconf 84' lang='lat' dir='ltr'>peccata</span> <span class='ocrx_word' id='word_1_623' title='bbox 3147 3858 3353 3921; x_wconf 90' lang='lat' dir='ltr'>animo</span> <span class='ocrx_word' id='word_1_624' title='bbox 3372 3853 3680 3945; x_wconf 89' lang='lat' dir='ltr'>repetens,</span> 
     </span>
    </p>
   </div>
   <div class='ocr_carea' id='block_1_77' title="bbox 2031 3942 3680 4027">
    <p class='ocr_par' dir='ltr' id='par_1_77' title="bbox 2031 3942 3680 4027">
     <span class='ocr_line' id='line_1_77' title="bbox 2031 3942 3680 4027; baseline 0.009 -26"><span class='ocrx_word' id='word_1_625' title='bbox 2031 3948 2350 4022; x_wconf 91' lang='lat' dir='ltr'>menteque</span> <span class='ocrx_word' id='word_1_626' title='bbox 2379 3942 2616 4005; x_wconf 68' lang='lat' dir='ltr'>coalitus</span> <span class='ocrx_word' id='word_1_627' title='bbox 2645 3943 2959 4021; x_wconf 90' lang='lat' dir='ltr'>iilustrata,</span> <span class='ocrx_word' id='word_1_628' title='bbox 2997 3959 3172 4027; x_wconf 86' lang='lat' dir='ltr'>atque</span> <span class='ocrx_word' id='word_1_629' title='bbox 3201 3950 3452 4012; x_wconf 87' lang='lat' dir='ltr'>seorsim</span> <span class='ocrx_word' id='word_1_630' title='bbox 3506 3942 3680 4017; x_wconf 83' lang='lat' dir='ltr'>tacite</span> 
     </span>
    </p>
   </div>
   <div class='ocr_carea' id='block_1_78' title="bbox 2026 4036 3683 4122">
    <p class='ocr_par' dir='ltr' id='par_1_78' title="bbox 2026 4036 3683 4122">
     <span class='ocr_line' id='line_1_78' title="bbox 2026 4036 3683 4122; baseline 0.007 -29"><span class='ocrx_word' id='word_1_631' title='bbox 2026 4048 2232 4113; x_wconf 83' lang='lat' dir='ltr'>agens,</span> <span class='ocrx_word' id='word_1_632' title='bbox 2262 4050 2514 4112; x_wconf 91' lang='lat' dir='ltr'>pensare</span> <span class='ocrx_word' id='word_1_633' title='bbox 2538 4037 2721 4114; x_wconf 63' lang='lat' dir='ltr'>coepit</span> <span class='ocrx_word' id='word_1_634' title='bbox 2748 4036 3189 4100; x_wconf 91' lang='lat' dir='ltr'>multitudinem</span> <span class='ocrx_word' id='word_1_635' title='bbox 3213 4058 3456 4101; x_wconf 89' lang='lat' dir='ltr'>suorum</span> <span class='ocrx_word' id='word_1_636' title='bbox 3475 4061 3683 4122; x_wconf 84' lang='lat' dir='ltr'>pecca-</span> 
     </span>
    </p>
   </div>
   <div class='ocr_carea' id='block_1_79' title="bbox 2030 4122 3676 4208">
    <p class='ocr_par' dir='ltr' id='par_1_79' title="bbox 2030 4122 3676 4208">
     <span class='ocr_line' id='line_1_79' title="bbox 2030 4122 3676 4208; baseline 0.007 -25"><span class='ocrx_word' id='word_1_637' title='bbox 2030 4130 2221 4183; x_wconf 92' lang='lat' dir='ltr'>torum</span> <span class='ocrx_word' id='word_1_638' title='bbox 2257 4144 2269 4185; x_wconf 90' lang='lat'><strong>:</strong></span> <span class='ocrx_word' id='word_1_639' title='bbox 2301 4122 2565 4204; x_wconf 85' lang='lat' dir='ltr'>dixitque</span> <span class='ocrx_word' id='word_1_640' title='bbox 2585 4124 3054 4189; x_wconf 91' lang='lat' dir='ltr'>lamentabiliter</span> <span class='ocrx_word' id='word_1_641' title='bbox 3078 4128 3320 4208; x_wconf 87' lang='lat' dir='ltr'>plorans</span> <span class='ocrx_word' id='word_1_642' title='bbox 3349 4130 3561 4193; x_wconf 78' lang='lat' dir='ltr'>:«Heu!</span> <span class='ocrx_word' id='word_1_643' title='bbox 3582 4152 3676 4194; x_wconf 92' lang='lat' dir='ltr'><strong>me</strong></span> 
     </span>
    </p>
   </div>
   <div class='ocr_carea' id='block_1_80' title="bbox 2030 4212 3682 4300">
    <p class='ocr_par' dir='ltr' id='par_1_80' title="bbox 2030 4212 3682 4300">
     <span class='ocr_line' id='line_1_80' title="bbox 2030 4212 3682 4300; baseline 0.007 -27"><span class='ocrx_word' id='word_1_644' title='bbox 2030 4212 2427 4292; x_wconf 88' lang='lat' dir='ltr'>peccatricem</span> <span class='ocrx_word' id='word_1_645' title='bbox 2445 4214 2903 4277; x_wconf 88' lang='lat' dir='ltr'>etluxuriosam!</span> <span class='ocrx_word' id='word_1_646' title='bbox 2921 4218 3219 4297; x_wconf 90' lang='lat' dir='ltr'>quomodo</span> <span class='ocrx_word' id='word_1_647' title='bbox 3239 4218 3537 4283; x_wconf 91' lang='lat' dir='ltr'>immensa</span> <span class='ocrx_word' id='word_1_648' title='bbox 3550 4241 3682 4300; x_wconf 68' lang='lat' dir='ltr'>quze</span> 
     </span>
    </p>
   </div>
   <div class='ocr_carea' id='block_1_81' title="bbox 2028 4303 3680 4391">
    <p class='ocr_par' dir='ltr' id='par_1_81' title="bbox 2028 4303 3680 4391">
     <span class='ocr_line' id='line_1_81' title="bbox 2028 4303 3680 4391; baseline 0.005 -27"><span class='ocrx_word' id='word_1_649' title='bbox 2028 4305 2263 4383; x_wconf 87' lang='lat' dir='ltr'>peccavi</span> <span class='ocrx_word' id='word_1_650' title='bbox 2286 4303 2616 4366; x_wconf 88' lang='lat' dir='ltr'>conﬁtebor</span> <span class='ocrx_word' id='word_1_651' title='bbox 2645 4313 2704 4366; x_wconf 93' lang='lat' dir='ltr'>et</span> <span class='ocrx_word' id='word_1_652' title='bbox 2734 4305 2984 4386; x_wconf 86' lang='lat' dir='ltr'>expiabo</span> <span class='ocrx_word' id='word_1_653' title='bbox 3016 4313 3043 4370; x_wconf 81' lang='lat'><strong>?</strong></span> <span class='ocrx_word' id='word_1_654' title='bbox 3073 4306 3390 4389; x_wconf 88' lang='lat' dir='ltr'>Templum</span> <span class='ocrx_word' id='word_1_655' title='bbox 3424 4312 3680 4391; x_wconf 87' lang='lat' dir='ltr'>Spiritus</span> 
     </span>
    </p>
   </div>
   <div class='ocr_carea' id='block_1_82' title="bbox 2027 4393 3677 4474">
    <p class='ocr_par' dir='ltr' id='par_1_82' title="bbox 2027 4393 3677 4474">
     <span class='ocr_line' id='line_1_82' title="bbox 2027 4393 3677 4474; baseline 0.005 -19"><span class='ocrx_word' id='word_1_656' title='bbox 2027 4395 2209 4455; x_wconf 89' lang='lat' dir='ltr'>sancti</span> <span class='ocrx_word' id='word_1_657' title='bbox 2227 4393 2413 4473; x_wconf 89' lang='lat' dir='ltr'>pollui</span> <span class='ocrx_word' id='word_1_658' title='bbox 2437 4413 2453 4469; x_wconf 88' lang='lat'><strong>;</strong></span> <span class='ocrx_word' id='word_1_659' title='bbox 2495 4394 2862 4457; x_wconf 90' lang='lat' dir='ltr'>habitantem</span> <span class='ocrx_word' id='word_1_660' title='bbox 2880 4396 2943 4458; x_wconf 90' lang='lat' dir='ltr'>in</span> <span class='ocrx_word' id='word_1_661' title='bbox 2959 4415 3212 4474; x_wconf 85' lang='lat' dir='ltr'>corpore</span> <span class='ocrx_word' id='word_1_662' title='bbox 3228 4400 3488 4462; x_wconf 89' lang='lat' dir='ltr'>animam</span> <span class='ocrx_word' id='word_1_663' title='bbox 3508 4402 3677 4464; x_wconf 90' lang='lat' dir='ltr'>coin-</span> 
     </span>
    </p>
   </div>
   <div class='ocr_carea' id='block_1_83' title="bbox 2025 4483 3682 4566">
    <p class='ocr_par' dir='ltr' id='par_1_83' title="bbox 2025 4483 3682 4566">
     <span class='ocr_line' id='line_1_83' title="bbox 2025 4483 3682 4566; baseline 0.007 -25"><span class='ocrx_word' id='word_1_664' title='bbox 2025 4484 2264 4564; x_wconf 84' lang='lat' dir='ltr'>quinavi</span> <span class='ocrx_word' id='word_1_665' title='bbox 2291 4505 2303 4547; x_wconf 95' lang='lat'>:</span> <span class='ocrx_word' id='word_1_666' title='bbox 2334 4483 2462 4546; x_wconf 86' lang='lat' dir='ltr'>Heu</span> <span class='ocrx_word' id='word_1_667' title='bbox 2486 4503 2581 4545; x_wconf 91' lang='lat' dir='ltr'>me</span> <span class='ocrx_word' id='word_1_668' title='bbox 2607 4484 2620 4547; x_wconf 89' lang='lat'>!</span> <span class='ocrx_word' id='word_1_669' title='bbox 2646 4487 2906 4566; x_wconf 91' lang='lat' dir='ltr'>projecta</span> <span class='ocrx_word' id='word_1_670' title='bbox 2930 4505 3087 4549; x_wconf 89' lang='lat' dir='ltr'>sum.</span> <span class='ocrx_word' id='word_1_671' title='bbox 3112 4490 3262 4549; x_wconf 91' lang='lat' dir='ltr'>Num</span> <span class='ocrx_word' id='word_1_672' title='bbox 3286 4490 3439 4552; x_wconf 90' lang='lat' dir='ltr'>sicut</span> <span class='ocrx_word' id='word_1_673' title='bbox 3478 4510 3682 4555; x_wconf 90' lang='lat' dir='ltr'>mere-</span> 
     </span>
    </p>
   </div>
   <div class='ocr_carea' id='block_1_84' title="bbox 269 4572 3682 4657">
    <p class='ocr_par' dir='ltr' id='par_1_84' title="bbox 269 4572 3682 4657">
     <span class='ocr_line' id='line_1_84' title="bbox 269 4572 3682 4657; baseline 0.001 -16"><span class='ocrx_word' id='word_1_674' title='bbox 269 4580 357 4641; x_wconf 90' lang='lat' dir='ltr'>sia</span> <span class='ocrx_word' id='word_1_675' title='bbox 389 4576 687 4640; x_wconf 84' lang='lat' dir='ltr'>dormivit.</span> <span class='ocrx_word' id='word_1_676' title='bbox 713 4576 885 4640; x_wconf 89' lang='lat' dir='ltr'>Circa</span> <span class='ocrx_word' id='word_1_677' title='bbox 929 4573 1187 4637; x_wconf 86' lang='lat' dir='ltr'>mediam</span> <span class='ocrx_word' id='word_1_678' title='bbox 1247 4582 1444 4636; x_wconf 89' lang='lat' dir='ltr'>autem</span> <span class='ocrx_word' id='word_1_679' title='bbox 1502 4587 1739 4639; x_wconf 89' lang='lat' dir='ltr'>noctem</span> <span class='ocrx_word' id='word_1_680' title='bbox 1804 4578 1940 4643; x_wconf 82' lang='lat' dir='ltr'>illos</span> <span class='ocrx_word' id='word_1_681' title='bbox 1964 4572 3682 4657; x_wconf 67' lang='lat' dir='ltr'>Dtrixilladicam:«Misereremei‘imutsicutPublicauus:</span> 
     </span>
    </p>
   </div>
   <div class='ocr_carea' id='block_1_85' title="bbox 269 4662 1950 4750">
    <p class='ocr_par' dir='ltr' id='par_1_85' title="bbox 269 4663 1941 4737">
     <span class='ocr_line' id='line_1_85' title="bbox 269 4663 1941 4737; baseline 0 -4"><span class='ocrx_word' id='word_1_682' title='bbox 269 4675 566 4733; x_wconf 87' lang='lat' dir='ltr'>suscitans</span> <span class='ocrx_word' id='word_1_683' title='bbox 586 4686 620 4730; x_wconf 94' lang='lat' dir='ltr'>a</span> <span class='ocrx_word' id='word_1_684' title='bbox 649 4684 858 4729; x_wconf 88' lang='lat' dir='ltr'>somno</span> <span class='ocrx_word' id='word_1_685' title='bbox 880 4665 962 4726; x_wconf 91' lang='lat' dir='ltr'>ait</span> <span class='ocrx_word' id='word_1_686' title='bbox 993 4686 1006 4727; x_wconf 93' lang='lat'>:</span> <span class='ocrx_word' id='word_1_687' title='bbox 1039 4688 1066 4721; x_wconf 73' lang='grc' dir='ltr'><strong><em>α</em></strong></span> <span class='ocrx_word' id='word_1_688' title='bbox 1095 4663 1247 4737; x_wconf 88' lang='lat' dir='ltr'>Quid</span> <span class='ocrx_word' id='word_1_689' title='bbox 1277 4664 1485 4726; x_wconf 88' lang='lat' dir='ltr'>videtis</span> <span class='ocrx_word' id='word_1_690' title='bbox 1511 4670 1670 4729; x_wconf 91' lang='lat' dir='ltr'>circa</span> <span class='ocrx_word' id='word_1_691' title='bbox 1692 4666 1941 4736; x_wconf 86' lang='lat' dir='ltr'>fratrem</span> 
     </span>
    </p>
   </div>
   <div class='ocr_carea' id='block_1_86' title="bbox 2038 4662 3681 4750">
    <p class='ocr_par' dir='ltr' id='par_1_86' title="bbox 2038 4662 3681 4750">
     <span class='ocr_line' id='line_1_86' title="bbox 2038 4662 3681 4750; baseline 0.007 -29"><span class='ocrx_word' id='word_1_692' title='bbox 2038 4684 2059 4721; x_wconf 80' lang='grc' dir='ltr'>α</span> <span class='ocrx_word' id='word_1_693' title='bbox 2089 4662 2356 4737; x_wconf 89' lang='lat' dir='ltr'>Peccavi,</span> <span class='ocrx_word' id='word_1_694' title='bbox 2393 4687 2413 4721; x_wconf 69' lang='grc' dir='ltr'><strong>ι</strong></span> <span class='ocrx_word' id='word_1_695' title='bbox 2450 4683 2584 4725; x_wconf 93' lang='lat' dir='ltr'>cum</span> <span class='ocrx_word' id='word_1_696' title='bbox 2617 4672 2948 4745; x_wconf 78' lang='lat' dir='ltr'>praesertim</span> <span class='ocrx_word' id='word_1_697' title='bbox 2984 4675 3115 4746; x_wconf 92' lang='lat' dir='ltr'>post</span> <span class='ocrx_word' id='word_1_698' title='bbox 3145 4666 3505 4749; x_wconf 89' lang='lat' dir='ltr'>baptismum</span> <span class='ocrx_word' id='word_1_699' title='bbox 3535 4689 3681 4750; x_wconf 90' lang='lat' dir='ltr'>pec-</span> 
     </span>
    </p>
   </div>
   <div class='ocr_carea' id='block_1_87' title="bbox 274 4753 3686 4858">
    <p class='ocr_par' dir='ltr' id='par_1_87' title="bbox 274 4753 3686 4858">
     <span class='ocr_line' id='line_1_87' title="bbox 274 4753 3686 4858; baseline -0.001 -35"><span class='ocrx_word' id='word_1_700' title='bbox 274 4778 475 4823; x_wconf 93' lang='lat' dir='ltr'>meum</span> <span class='ocrx_word' id='word_1_701' title='bbox 502 4761 530 4821; x_wconf 84' lang='lat'><strong>?</strong></span> <span class='ocrx_word' id='word_1_702' title='bbox 567 4783 592 4814; x_wconf 79' lang='grc' dir='ltr'><strong><em>ι</em></strong></span> <span class='ocrx_word' id='word_1_703' title='bbox 628 4757 701 4819; x_wconf 88' lang='lat' dir='ltr'>At</span> <span class='ocrx_word' id='word_1_704' title='bbox 732 4754 821 4817; x_wconf 91' lang='lat' dir='ltr'>illi</span> <span class='ocrx_word' id='word_1_705' title='bbox 858 4776 870 4818; x_wconf 91' lang='lat'>:</span> <span class='ocrx_word' id='word_1_706' title='bbox 912 4753 1236 4817; x_wconf 83' lang='lat' dir='ltr'>«Videmus</span> <span class='ocrx_word' id='word_1_707' title='bbox 1273 4773 1487 4816; x_wconf 90' lang='lat' dir='ltr'>novum</span> <span class='ocrx_word' id='word_1_708' title='bbox 1516 4754 1932 4828; x_wconf 64' lang='lat' dir='ltr'>miraculum.»</span> <span class='ocrx_word' id='word_1_709' title='bbox 2027 4753 2332 4815; x_wconf 83' lang='lat' dir='ltr'>caverim?</span> <span class='ocrx_word' id='word_1_710' title='bbox 2363 4753 2647 4858; x_wconf 41' lang='lat' dir='ltr'>Qpivef‘o</span> <span class='ocrx_word' id='word_1_711' title='bbox 2679 4754 2900 4858; x_wconf 53' lang='lat' dir='ltr'>certior</span> <span class='ocrx_word' id='word_1_712' title='bbox 2928 4755 3087 4830; x_wconf 84' lang='lat' dir='ltr'>ﬁam,</span> <span class='ocrx_word' id='word_1_713' title='bbox 3125 4758 3281 4857; x_wconf 81' lang='lat' dir='ltr'>quod</span> <span class='ocrx_word' id='word_1_714' title='bbox 3307 4760 3686 4858; x_wconf 74' lang='lat' dir='ltr'>Deuspceni-</span> 
     </span>
    </p>
   </div>
   <div class='ocr_carea' id='block_1_88' title="bbox 272 4841 3681 4949">
    <p class='ocr_par' dir='ltr' id='par_1_88' title="bbox 272 4841 3681 4949">
     <span class='ocr_line' id='line_1_88' title="bbox 272 4841 3681 4949; baseline -0.001 -35"><span class='ocrx_word' id='word_1_715' title='bbox 272 4850 383 4914; x_wconf 90' lang='lat' dir='ltr'>Ille</span> <span class='ocrx_word' id='word_1_716' title='bbox 415 4868 554 4912; x_wconf 91' lang='lat' dir='ltr'>vero</span> <span class='ocrx_word' id='word_1_717' title='bbox 591 4871 603 4913; x_wconf 91' lang='lat'><strong>:</strong></span> <span class='ocrx_word' id='word_1_718' title='bbox 641 4871 672 4909; x_wconf 75' lang='grc' dir='ltr'><strong><em>α</em></strong></span> <span class='ocrx_word' id='word_1_719' title='bbox 715 4846 1026 4920; x_wconf 88' lang='lat' dir='ltr'>Quodnam</span> <span class='ocrx_word' id='word_1_720' title='bbox 1089 4844 1231 4949; x_wconf 77' lang='lat' dir='ltr'>illud</span> <span class='ocrx_word' id='word_1_721' title='bbox 1263 4844 1294 4905; x_wconf 81' lang='lat' dir='ltr'>‘I</span> <span class='ocrx_word' id='word_1_722' title='bbox 1329 4870 1379 4949; x_wconf 68' lang='lat'>»_</span> <span class='ocrx_word' id='word_1_723' title='bbox 1417 4848 1887 4949; x_wconf 78' lang='lat' dir='ltr'>Responderunt</span> <span class='ocrx_word' id='word_1_724' title='bbox 1918 4872 1933 4917; x_wconf 75' lang='grc' dir='ltr'><strong>ε</strong></span> <span class='ocrx_word' id='word_1_725' title='bbox 2025 4852 2245 4947; x_wconf 75' lang='lat' dir='ltr'>tentem</span> <span class='ocrx_word' id='word_1_726' title='bbox 2279 4841 2616 4949; x_wconf 76' lang='lat' dir='ltr'>suscipiet?</span> <span class='ocrx_word' id='word_1_727' title='bbox 2677 4844 2908 4949; x_wconf 49' lang='lat' dir='ltr'>n&#39;Haecn</span> <span class='ocrx_word' id='word_1_728' title='bbox 2935 4860 3126 4949; x_wconf 34' lang='lat' dir='ltr'>porro.</span> <span class='ocrx_word' id='word_1_729' title='bbox 3174 4846 3303 4949; x_wconf 78' lang='lat' dir='ltr'>ipsa</span> <span class='ocrx_word' id='word_1_730' title='bbox 3358 4848 3681 4949; x_wconf 61' lang='lat' dir='ltr'>cogitante,</span> 
     </span>
    </p>
   </div>
   <div class='ocr_carea' id='block_1_89' title="bbox 280 4933 3684 5041">
    <p class='ocr_par' dir='ltr' id='par_1_89' title="bbox 280 4933 3684 5041">
     <span class='ocr_line' id='line_1_89' title="bbox 280 4933 3684 5041; baseline 0 -44"><span class='ocrx_word' id='word_1_731' title='bbox 280 4965 309 4997; x_wconf 76' lang='grc' dir='ltr'><strong><em>α</em></strong></span> <span class='ocrx_word' id='word_1_732' title='bbox 345 4940 633 5002; x_wconf 89' lang='lat' dir='ltr'>Videmus</span> <span class='ocrx_word' id='word_1_733' title='bbox 668 4937 936 5017; x_wconf 84' lang='lat' dir='ltr'>angelos,</span> <span class='ocrx_word' id='word_1_734' title='bbox 984 4934 1335 4997; x_wconf 88' lang='lat' dir='ltr'>ventilantes</span> <span class='ocrx_word' id='word_1_735' title='bbox 1364 4935 1583 4998; x_wconf 90' lang='lat' dir='ltr'>lectum</span> <span class='ocrx_word' id='word_1_736' title='bbox 1649 4938 1777 5017; x_wconf 87' lang='lat' dir='ltr'>ejus</span> <span class='ocrx_word' id='word_1_737' title='bbox 1835 4940 1937 5003; x_wconf 90' lang='lat' dir='ltr'>in-</span> <span class='ocrx_word' id='word_1_738' title='bbox 2023 4934 2074 4996; x_wconf 91' lang='lat' dir='ltr'>is</span> <span class='ocrx_word' id='word_1_739' title='bbox 2104 4936 2210 5037; x_wconf 72' lang='lat' dir='ltr'>qui</span> <span class='ocrx_word' id='word_1_740' title='bbox 2236 4933 2368 5037; x_wconf 62' lang='lat' dir='ltr'>ault</span> <span class='ocrx_word' id='word_1_741' title='bbox 2396 4935 2832 5041; x_wconf 56' lang='lat' dir='ltr'>omnessal&#39;uos</span> <span class='ocrx_word' id='word_1_742' title='bbox 2868 4933 3007 5033; x_wconf 62' lang='lat' dir='ltr'>ﬁeri</span> <span class='ocrx_word' id='word_1_743' title='bbox 3066 4942 3128 4995; x_wconf 83' lang='lat' dir='ltr'>et</span> <span class='ocrx_word' id='word_1_744' title='bbox 3174 4936 3684 5041; x_wconf 49' lang='lat' dir='ltr'>adLagnitionem</span> 
     </span>
    </p>
   </div>
   <div class='ocr_carea' id='block_1_90' title="bbox 274 5023 3683 5127">
    <p class='ocr_par' dir='ltr' id='par_1_90' title="bbox 274 5023 3683 5127">
     <span class='ocr_line' id='line_1_90' title="bbox 274 5023 3683 5127; baseline -0.001 -33"><span class='ocrx_word' id='word_1_745' title='bbox 274 5030 665 5112; x_wconf 87' lang='lat' dir='ltr'>culpabilem.</span> <span class='ocrx_word' id='word_1_746' title='bbox 708 5052 731 5088; x_wconf 86' lang='grc'><strong>››</strong></span> <span class='ocrx_word' id='word_1_747' title='bbox 769 5027 873 5091; x_wconf 88' lang='lat' dir='ltr'>Ait</span> <span class='ocrx_word' id='word_1_748' title='bbox 901 5034 1099 5126; x_wconf 75' lang='lat' dir='ltr'>autem</span> <span class='ocrx_word' id='word_1_749' title='bbox 1127 5034 1367 5127; x_wconf 80' lang='lat' dir='ltr'>sanctus</span> <span class='ocrx_word' id='word_1_750' title='bbox 1398 5026 1569 5127; x_wconf 69' lang='lat' dir='ltr'>Pater</span> <span class='ocrx_word' id='word_1_751' title='bbox 1598 5037 1802 5091; x_wconf 92' lang='lat' dir='ltr'>noster</span> <span class='ocrx_word' id='word_1_752' title='bbox 1827 5031 1937 5094; x_wconf 85' lang='lat' dir='ltr'>Ba-</span> <span class='ocrx_word' id='word_1_753' title='bbox 2020 5024 2296 5127; x_wconf 64' lang='lat' dir='ltr'>veritatis</span> <span class='ocrx_word' id='word_1_754' title='bbox 2320 5025 2530 5125; x_wconf 65' lang='lat' dir='ltr'>venire</span> <span class='ocrx_word' id='word_1_755' title='bbox 2561 5023 2664 5103; x_wconf 84' lang='lat' dir='ltr'>(e),</span> <span class='ocrx_word' id='word_1_756' title='bbox 2701 5031 2759 5127; x_wconf 84' lang='lat' dir='ltr'>et</span> <span class='ocrx_word' id='word_1_757' title='bbox 2806 5023 3109 5126; x_wconf 79' lang='lat' dir='ltr'>neminem</span> <span class='ocrx_word' id='word_1_758' title='bbox 3172 5026 3295 5127; x_wconf 77' lang='lat' dir='ltr'>vult</span> <span class='ocrx_word' id='word_1_759' title='bbox 3340 5027 3562 5127; x_wconf 76' lang='lat' dir='ltr'>perire,</span> <span class='ocrx_word' id='word_1_760' title='bbox 3620 5029 3683 5090; x_wconf 91' lang='lat' dir='ltr'>in</span> 
     </span>
    </p>
   </div>
   <div class='ocr_carea' id='block_1_91' title="bbox 273 5114 3679 5219">
    <p class='ocr_par' dir='ltr' id='par_1_91' title="bbox 273 5114 3679 5219">
     <span class='ocr_line' id='line_1_91' title="bbox 273 5114 3679 5219; baseline -0.001 -36"><span class='ocrx_word' id='word_1_761' title='bbox 273 5121 447 5183; x_wconf 88' lang='lat' dir='ltr'>silius</span> <span class='ocrx_word' id='word_1_762' title='bbox 482 5141 496 5184; x_wconf 90' lang='lat'><strong>:</strong></span> <span class='ocrx_word' id='word_1_763' title='bbox 537 5144 563 5176; x_wconf 76' lang='grc' dir='ltr'><strong><em>α</em></strong></span> <span class='ocrx_word' id='word_1_764' title='bbox 601 5117 837 5181; x_wconf 86' lang='lat' dir='ltr'>Nemini</span> <span class='ocrx_word' id='word_1_765' title='bbox 870 5114 1136 5178; x_wconf 83' lang='lat' dir='ltr'>dixeritis</span> <span class='ocrx_word' id='word_1_766' title='bbox 1167 5114 1329 5195; x_wconf 91' lang='lat' dir='ltr'>quud</span> <span class='ocrx_word' id='word_1_767' title='bbox 1357 5116 1618 5181; x_wconf 86' lang='lat' dir='ltr'>vidistis.</span> <span class='ocrx_word' id='word_1_768' title='bbox 1664 5141 1686 5176; x_wconf 73' lang='grc' dir='ltr'>ι)</span> <span class='ocrx_word' id='word_1_769' title='bbox 2022 5114 2373 5219; x_wconf 71' lang='lat' dir='ltr'>memoriam</span> <span class='ocrx_word' id='word_1_770' title='bbox 2406 5115 2457 5175; x_wconf 88' lang='lat' dir='ltr'>ei</span> <span class='ocrx_word' id='word_1_771' title='bbox 2481 5120 2744 5215; x_wconf 71' lang='lat' dir='ltr'>revocat,</span> <span class='ocrx_word' id='word_1_772' title='bbox 2772 5132 2906 5215; x_wconf 57' lang='lat' dir='ltr'>quae</span> <span class='ocrx_word' id='word_1_773' title='bbox 2928 5131 2961 5175; x_wconf 86' lang='lat' dir='ltr'>a</span> <span class='ocrx_word' id='word_1_774' title='bbox 2978 5115 3296 5219; x_wconf 47' lang='lat' dir='ltr'>juvent‘ute</span> <span class='ocrx_word' id='word_1_775' title='bbox 3322 5116 3679 5219; x_wconf 76' lang='lat' dir='ltr'>deliquerat:</span> 
     </span>
    </p>
   </div>
   <div class='ocr_carea' id='block_1_92' title="bbox 359 5203 3680 5310">
    <p class='ocr_par' dir='ltr' id='par_1_92' title="bbox 359 5203 3680 5310">
     <span class='ocr_line' id='line_1_92' title="bbox 359 5203 3680 5310; baseline -0.001 -36"><span class='ocrx_word' id='word_1_776' title='bbox 359 5210 801 5292; x_wconf 88' lang='lat' dir='ltr'>Sequentivero</span> <span class='ocrx_word' id='word_1_777' title='bbox 818 5223 994 5269; x_wconf 91' lang='lat' dir='ltr'>mane</span> <span class='ocrx_word' id='word_1_778' title='bbox 1010 5203 1266 5267; x_wconf 91' lang='lat' dir='ltr'>reversis</span> <span class='ocrx_word' id='word_1_779' title='bbox 1280 5205 1453 5268; x_wconf 89' lang='lat' dir='ltr'>nobis</span> <span class='ocrx_word' id='word_1_780' title='bbox 1472 5207 1545 5269; x_wconf 91' lang='lat' dir='ltr'><strong>ad</strong></span> <span class='ocrx_word' id='word_1_781' title='bbox 1561 5206 1930 5291; x_wconf 86' lang='lat' dir='ltr'>episcopum,</span> <span class='ocrx_word' id='word_1_782' title='bbox 2017 5205 2383 5285; x_wconf 84' lang='lat' dir='ltr'>sedensque,</span> <span class='ocrx_word' id='word_1_783' title='bbox 2418 5221 2525 5310; x_wconf 82' lang='lat' dir='ltr'>sua</span> <span class='ocrx_word' id='word_1_784' title='bbox 2548 5203 2764 5305; x_wconf 77' lang='lat' dir='ltr'>ipsius,</span> <span class='ocrx_word' id='word_1_785' title='bbox 2800 5221 2833 5310; x_wconf 72' lang='lat' dir='ltr'>a</span> <span class='ocrx_word' id='word_1_786' title='bbox 2848 5203 3104 5310; x_wconf 73' lang='lat' dir='ltr'>juvenili</span> <span class='ocrx_word' id='word_1_787' title='bbox 3130 5203 3680 5310; x_wconf 72' lang='lat' dir='ltr'>adusquesenilem</span> 
     </span>
    </p>
   </div>
   <div class='ocr_carea' id='block_1_93' title="bbox 274 5294 3678 5395">
    <p class='ocr_par' dir='ltr' id='par_1_93' title="bbox 274 5294 3678 5395">
     <span class='ocr_line' id='line_1_93' title="bbox 274 5294 3678 5395; baseline -0.001 -32"><span class='ocrx_word' id='word_1_788' title='bbox 274 5301 423 5363; x_wconf 86' lang='lat' dir='ltr'>dixit</span> <span class='ocrx_word' id='word_1_789' title='bbox 455 5321 468 5364; x_wconf 90' lang='lat'><strong>:</strong></span> <span class='ocrx_word' id='word_1_790' title='bbox 510 5324 533 5357; x_wconf 80' lang='grc' dir='ltr'>α</span> <span class='ocrx_word' id='word_1_791' title='bbox 574 5299 837 5380; x_wconf 90' lang='lat' dir='ltr'>Tempus</span> <span class='ocrx_word' id='word_1_792' title='bbox 868 5304 978 5369; x_wconf 90' lang='lat' dir='ltr'>est,</span> <span class='ocrx_word' id='word_1_793' title='bbox 1016 5295 1257 5358; x_wconf 89' lang='lat' dir='ltr'>domina</span> <span class='ocrx_word' id='word_1_794' title='bbox 1292 5297 1372 5358; x_wconf 89' lang='lat' dir='ltr'>mi</span> <span class='ocrx_word' id='word_1_795' title='bbox 1404 5316 1646 5379; x_wconf 89' lang='lat' dir='ltr'>sponsa,</span> <span class='ocrx_word' id='word_1_796' title='bbox 1681 5316 1787 5362; x_wconf 89' lang='lat' dir='ltr'>seu</span> <span class='ocrx_word' id='word_1_797' title='bbox 1818 5318 1929 5380; x_wconf 90' lang='lat' dir='ltr'>po-</span> <span class='ocrx_word' id='word_1_798' title='bbox 2018 5302 2276 5376; x_wconf 87' lang='lat' dir='ltr'>aetatem,</span> <span class='ocrx_word' id='word_1_799' title='bbox 2312 5300 2554 5395; x_wconf 74' lang='lat' dir='ltr'>peccata</span> <span class='ocrx_word' id='word_1_800' title='bbox 2603 5294 2840 5395; x_wconf 71' lang='lat' dir='ltr'>scripsit</span> <span class='ocrx_word' id='word_1_801' title='bbox 2871 5294 2934 5395; x_wconf 73' lang='lat' dir='ltr'>in</span> <span class='ocrx_word' id='word_1_802' title='bbox 2965 5294 3188 5364; x_wconf 70' lang='lat' dir='ltr'>,charta</span> <span class='ocrx_word' id='word_1_803' title='bbox 3224 5318 3236 5359; x_wconf 94' lang='lat'>:</span> <span class='ocrx_word' id='word_1_804' title='bbox 3285 5296 3678 5361; x_wconf 90' lang='lat' dir='ltr'>novissimum</span> 
     </span>
    </p>
   </div>
   <div class='ocr_carea' id='block_1_94' title="bbox 275 5382 3672 5471">
    <p class='ocr_par' dir='ltr' id='par_1_94' title="bbox 275 5382 3672 5471">
     <span class='ocr_line' id='line_1_94' title="bbox 275 5382 3672 5471; baseline -0.001 -18"><span class='ocrx_word' id='word_1_805' title='bbox 275 5392 391 5453; x_wconf 92' lang='lat' dir='ltr'>tius</span> <span class='ocrx_word' id='word_1_806' title='bbox 422 5390 662 5468; x_wconf 89' lang='lat' dir='ltr'>Christi,</span> <span class='ocrx_word' id='word_1_807' title='bbox 697 5398 761 5452; x_wconf 94' lang='lat' dir='ltr'>ut</span> <span class='ocrx_word' id='word_1_808' title='bbox 792 5386 949 5471; x_wconf 90' lang='lat' dir='ltr'>quod</span> <span class='ocrx_word' id='word_1_809' title='bbox 983 5386 1272 5467; x_wconf 72' lang='lat' dir='ltr'>quaeritur</span> <span class='ocrx_word' id='word_1_810' title='bbox 1299 5388 1357 5449; x_wconf 93' lang='lat' dir='ltr'>in</span> <span class='ocrx_word' id='word_1_811' title='bbox 1390 5390 1583 5469; x_wconf 88' lang='lat' dir='ltr'>palam</span> <span class='ocrx_word' id='word_1_812' title='bbox 1622 5389 1747 5454; x_wconf 84' lang='lat' dir='ltr'>ﬁat.</span> <span class='ocrx_word' id='word_1_813' title='bbox 1783 5413 1807 5446; x_wconf 72' lang='grc' dir='ltr'>ι)</span> <span class='ocrx_word' id='word_1_814' title='bbox 1853 5390 1937 5453; x_wconf 87' lang='lat' dir='ltr'>At</span> <span class='ocrx_word' id='word_1_815' title='bbox 2014 5394 2209 5449; x_wconf 87' lang='lat' dir='ltr'>autem</span> <span class='ocrx_word' id='word_1_816' title='bbox 2256 5383 2509 5464; x_wconf 88' lang='lat' dir='ltr'>scripsit,</span> <span class='ocrx_word' id='word_1_817' title='bbox 2549 5383 2708 5466; x_wconf 92' lang='lat' dir='ltr'>quod</span> <span class='ocrx_word' id='word_1_818' title='bbox 2740 5382 2982 5447; x_wconf 88' lang='lat' dir='ltr'>dicebat</span> <span class='ocrx_word' id='word_1_819' title='bbox 3015 5404 3291 5466; x_wconf 79' lang='lat' dir='ltr'>magnum</span> <span class='ocrx_word' id='word_1_820' title='bbox 3321 5398 3672 5470; x_wconf 86' lang='lat' dir='ltr'>peccatum;</span> 
     </span>
    </p>
   </div>
   <div class='ocr_carea' id='block_1_95' title="bbox 2096 5554 2593 5636">
    <p class='ocr_par' dir='ltr' id='par_1_95' title="bbox 2096 5554 2593 5636">
     <span class='ocr_line' id='line_1_95' title="bbox 2096 5554 2593 5636; baseline 0.004 -21"><span class='ocrx_word' id='word_1_821' title='bbox 2096 5557 2175 5636; x_wconf 77' lang='grc' dir='ltr'>(ά)</span> <span class='ocrx_word' id='word_1_822' title='bbox 2206 5558 2340 5636; x_wconf 66' lang='lat' dir='ltr'>Act.</span> <span class='ocrx_word' id='word_1_823' title='bbox 2376 5572 2453 5625; x_wconf 81' lang='lat' dir='ltr'>Ix,</span> <span class='ocrx_word' id='word_1_824' title='bbox 2493 5554 2593 5636; x_wconf 63' lang='lat' dir='ltr'>t5.</span> 
     </span>
    </p>
   </div>
   <div class='ocr_carea' id='block_1_96' title="bbox 353 5559 1950 5717">
    <p class='ocr_par' dir='ltr' id='par_1_96' title="bbox 353 5559 949 5715">
     <span class='ocr_line' id='line_1_96' title="bbox 353 5559 949 5641; baseline -0.008 -18"><span class='ocrx_word' id='word_1_825' title='bbox 353 5564 437 5641; x_wconf 81' lang='grc' dir='ltr'>(α)</span> <span class='ocrx_word' id='word_1_826' title='bbox 478 5565 659 5623; x_wconf 87' lang='lat' dir='ltr'>Marc.</span> <span class='ocrx_word' id='word_1_827' title='bbox 695 5574 813 5639; x_wconf 71' lang='lat' dir='ltr'>xxv,</span> <span class='ocrx_word' id='word_1_828' title='bbox 847 5559 949 5620; x_wconf 78' lang='lat'>48.</span> 
     </span>
     <span class='ocr_line' id='line_1_97' title="bbox 353 5639 843 5715; baseline -0.004 -11"><span class='ocrx_word' id='word_1_829' title='bbox 353 5642 424 5715; x_wconf 76' lang='grc' dir='ltr'>(ὸ)</span> <span class='ocrx_word' id='word_1_830' title='bbox 458 5639 612 5704; x_wconf 88' lang='lat' dir='ltr'>Psal.</span> <span class='ocrx_word' id='word_1_831' title='bbox 649 5658 747 5714; x_wconf 82' lang='lat' dir='ltr'>XL,</span> <span class='ocrx_word' id='word_1_832' title='bbox 784 5643 843 5703; x_wconf 85' lang='lat'>3.</span> 
     </span>
    </p>
   </div>
   <div class='ocr_carea' id='block_1_97' title="bbox 2038 5559 2578 5717">
    <p class='ocr_par' dir='ltr' id='par_1_97' title="bbox 2096 5559 2578 5717">
     <span class='ocr_line' id='line_1_98' title="bbox 2096 5559 2573 5636; baseline 0 -21"><span class='ocrx_word' id='word_1_833' title='bbox 2096 5559 2175 5636; x_wconf 78' lang='grc' dir='ltr'>(ά)</span> <span class='ocrx_word' id='word_1_834' title='bbox 2206 5559 2340 5617; x_wconf 88' lang='lat' dir='ltr'>Act.</span> <span class='ocrx_word' id='word_1_835' title='bbox 2376 5572 2453 5625; x_wconf 81' lang='lat' dir='ltr'>Ix,</span> <span class='ocrx_word' id='word_1_836' title='bbox 2493 5559 2573 5615; x_wconf 70' lang='lat'>45</span> 
     </span>
     <span class='ocr_line' id='line_1_99' title="bbox 2103 5634 2578 5717; baseline 0 -20"><span class='ocrx_word' id='word_1_837' title='bbox 2103 5646 2176 5717; x_wconf 73' lang='lat' dir='ltr'>te)</span> <span class='ocrx_word' id='word_1_838' title='bbox 2208 5637 2227 5695; x_wconf 93' lang='grc'>1</span> <span class='ocrx_word' id='word_1_839' title='bbox 2260 5634 2392 5698; x_wconf 91' lang='lat' dir='ltr'>Tim</span> <span class='ocrx_word' id='word_1_840' title='bbox 2422 5650 2485 5709; x_wconf 83' lang='lat' dir='ltr'>II,</span> <span class='ocrx_word' id='word_1_841' title='bbox 2515 5635 2578 5697; x_wconf 79' lang='grc'>4.</span> 
     </span>
    </p>
   </div>
   <div class='ocr_carea' id='block_1_98' title="bbox 352 5639 843 5715">
    <p class='ocr_par' dir='ltr' id='par_1_98' title="bbox 352 5639 843 5715">
     <span class='ocr_line' id='line_1_100' title="bbox 352 5639 843 5715; baseline -0.004 -11"><span class='ocrx_word' id='word_1_842' title='bbox 352 5639 427 5715; x_wconf 66' lang='grc' dir='ltr'>(ω</span> <span class='ocrx_word' id='word_1_843' title='bbox 458 5639 612 5704; x_wconf 88' lang='lat' dir='ltr'>Psal.</span> <span class='ocrx_word' id='word_1_844' title='bbox 649 5658 747 5714; x_wconf 82' lang='lat' dir='ltr'>XL,</span> <span class='ocrx_word' id='word_1_845' title='bbox 784 5643 843 5703; x_wconf 85' lang='lat'>3.</span> 
     </span>
    </p>
   </div>
   <div class='ocr_carea' id='block_1_99' title="bbox 360 5721 895 5806">
    <p class='ocr_par' dir='ltr' id='par_1_99' title="bbox 360 5721 895 5806">
     <span class='ocr_line' id='line_1_101' title="bbox 360 5721 895 5806; baseline -0.002 -21"><span class='ocrx_word' id='word_1_846' title='bbox 360 5725 442 5806; x_wconf 88' lang='lat' dir='ltr'>(c)</span> <span class='ocrx_word' id='word_1_847' title='bbox 474 5721 685 5787; x_wconf 82' lang='lat' dir='ltr'>Matth.</span> <span class='ocrx_word' id='word_1_848' title='bbox 716 5737 800 5797; x_wconf 85' lang='lat' dir='ltr'>1x,</span> <span class='ocrx_word' id='word_1_849' title='bbox 834 5721 895 5784; x_wconf 91' lang='lat'>8.</span> 
     </span>
    </p>
   </div>
  </div>
