4140 6444
640 344 1046 408 ΕΧΟΕΒΡΤΑ
1088 342 1191 403 EX
1234 340 1454 403 ACTIS
1500 342 1559 402 ὃ.
1604 342 1854 405 BASILI
1897 343 2491 408 BOLLANDIANIS.
2527 378 2605 389 —
2634 345 2823 408 VITA
2867 346 3352 415 APOCRYPHA.

3573 370 3767 420 δοσιν

380 497 601 552 errore,
638 486 774 539 ante
806 478 1043 539 tertium
1076 475 1422 555 quintumve
1474 473 1655 549 diem,
1707 475 2024 536 morituros
2043 481 2085 531 Α
2109 484 2192 554 ut,
2221 478 2267 537 si
2295 478 2351 536 in
2376 478 2701 540 crastinum
2726 479 2967 553 vixeris,
2989 480 3351 559 baptismum
3370 486 3757 563 suscipiam.)

380 571 680 648 praesciret
712 586 725 640 ;
761 579 941 643 utque
975 566 1153 626 verbo
1188 565 1407 633 dicam,
1443 570 1641 623 tantus
1679 572 1826 635 erat,
1865 573 1926 625 ut
1974 573 2033 625 et
2114 564 2357 644 Rogavit
2387 586 2527 645 ergo
2560 571 2748 631 Deum
2782 570 3170 631 admirandus
3210 573 3407 647 Pater,
3443 582 3507 633 ut
3538 575 3609 635 ad
3660 593 3759 639 sa-

379 657 627 719 medicis
652 652 1386 737 etphilosophisinvitliam
1405 652 2028 715 moveret.Deoautem

2111 655 2294 715 lutem
2322 657 2585 719 hominis
2611 658 2721 721 sibi
2743 662 3146 722 accessionem
3176 664 3549 729 concederet,
3584 671 3764 745 utque

375 749 584 809 affatus
609 746 783 810 Pater
811 754 1039 817 noster,
1067 745 1264 805 divina
1290 743 1608 824 praesciens
1637 744 2030 805 illnstratione
2113 745 2429 808 mulierem
2460 766 2526 809 re
2550 748 2771 811 infecta
2800 770 2833 811 a
2863 752 2925 815 S.
2962 751 3219 831 Ephrem
3253 752 3606 813 redeuntem
3638 743 3764 816 sus-

374 839 534 916 quod
567 839 625 898 in
658 856 727 898 eo
755 834 1086 915 gerendum
1121 842 1269 913 erat,
1308 834 1500 913 ipsum
1534 832 1866 912 impensius
1898 832 2028 893 dili-

370 927 567 1008 gebat,
595 926 985 1006 crebriusque
1008 924 1079 985 ad
1105 940 1487 1003 congressum
1511 922 1779 995 vocabat;
1804 921 2028 983 docens

374 1017 607 1096 planam
642 1018 990 1097 regiamque
1018 1013 1281 1075 veritatis
1310 1013 1469 1073 viam
1525 1011 1830 1074 incedere.
1880 1015 2025 1075 Cum

372 1109 567 1188 itaque
588 1124 707 1168 non
732 1126 869 1168 raro
893 1101 2027 1179 hortaretur,moneretqneutabscede-

371 1214 457 1258 ret
492 1218 524 1257 a
554 1197 808 1260 scelesta
840 1193 1156 1273 religione,
1192 1193 1617 1273 Christumque
1670 1192 2023 1271 baptismate

367 1304 534 1349 sacro
554 1287 981 1360 indueret;non
1004 1281 1518 1361 admissit,dicens
1546 1303 1599 1338 τα
1626 1283 1688 1343 In
1714 1300 1825 1361 qua
1852 1288 2023 1343 natus

370 1396 499 1437 sum
521 1378 659 1449 ﬁde,
676 1382 733 1435 in
761 1382 903 1436 eaet
921 1373 1163 1433 moriar.
1186 1396 1209 1425 »
1230 1373 1305 1433 At
1325 1378 1564 1431 sanctus
1583 1370 1771 1433 Deiad
1790 1370 2018 1449 ipsum:

373 1491 398 1521 α
429 1471 778 1528 Persuasum
803 1462 980 1543 habe,
1015 1461 1260 1540 .loseph,
1288 1462 1417 1521 fore
1442 1469 1503 1520 ut
1525 1478 1719 1539 neque
1747 1478 1879 1538 ego,
1908 1476 2018 1518 ne-

366 1575 481 1636 que
517 1564 574 1615 tu
607 1554 737 1613 vitae
771 1550 1078 1630 praesentis
1114 1549 1453 1611 turbinibus
1482 1550 1740 1611 absoluti
1796 1546 2019 1625 migre-

370 1663 525 1717 mus,
556 1644 749 1702 donec
772 1641 1059 1701 Dominus
1085 1658 1255 1701 meus
1280 1658 1384 1719 per
1412 1657 1622 1718 aquam
1648 1646 1706 1699 et
1745 1639 2019 1716 Spiritum

368 1743 425 1792 te
442 1731 887 1810 regeneraverit
915 1750 927 1791 :
956 1731 1083 1790 ﬁeri
1108 1729 1264 1790 enim
1289 1735 1514 1805 nequit,
1544 1737 1604 1789 ut
1629 1729 1761 1809 quis
1781 1727 1909 1788 sine
1927 1726 2020 1786 his

368 1804 551 1881 intret
580 1822 640 1881 in
672 1838 920 1898 regnum
954 1819 1083 1881 Dei.
1115 1820 1330 1881 Nonne
1385 1804 1561 1879 etiam
1595 1804 1791 1898 patres
1836 1816 2017 1877 vestri
2042 1804 2079 1853 Β

366 1910 635 1989 baptizati
665 1916 800 1968 sunt
828 1909 887 1969 in
921 1908 1135 1986 Moyse,
1171 1914 1229 1967 et
1259 1913 1318 1967 in
1349 1918 1509 1968 nube
1538 1916 1597 1968 et
1626 1907 1686 1967 in
1722 1906 1894 1985 mari,
1929 1904 2018 1965 bi-

361 1996 695 2076 beruntque
728 1998 799 2057 de
833 1995 1124 2075 spirituali
1157 2004 1561 2077 consequente
1596 1994 1795 2077 petra?
1845 1994 2021 2057 Petra

357 2094 553 2147 autem
602 2096 728 2147 erat
787 2086 1060 2146 Christus
1114 2085 1222 2165 (a),
1261 2087 1363 2165 qui
1416 2086 1757 2147 novissimis
1806 2083 2018 2145 diebus

360 2176 435 2236 de
467 2176 712 2256 Virgine
768 2176 1106 2239 incarnatus
1167 2183 1277 2249 est,
1340 2184 1396 2235 et
1450 2186 1694 2256 propter
1752 2184 2015 2237 nostram

355 2267 609 2329 salutem
659 2268 849 2328 factus
891 2268 1095 2342 homo,
1151 2275 1549 2346 operatusqne
1584 2276 1672 2328 est
1732 2266 2019 2329 miracula

356 2364 417 2417 et
450 2365 641 2418 morte
670 2376 705 2417 a
735 2356 1003 2439 patribus
1035 2356 1249 2417 vestris
1284 2356 1343 2416 in
1375 2374 1554 2417 carne
1588 2357 1853 2434 aﬁ‘ectus;
1911 2372 2014 2414 se-

356 2446 693 2527 pultusque,
733 2447 829 2507 die
862 2446 1035 2507 tertia
1082 2446 1448 2521 resurrexit;
1512 2455 1569 2505 et
1622 2444 1894 2507 ascendit
1954 2446 2012 2503 in

354 2536 596 2613 coelum,
631 2536 916 2617 sedetque
947 2536 1017 2596 ad
1051 2536 1351 2597 dexteram
1387 2535 1577 2597 Patris
1614 2556 1626 2597 :
1680 2535 1781 2615 qui
1831 2534 2006 2595 etiam

363 2632 643 2689 venturus
671 2636 785 2703 est,
822 2633 882 2687 in
914 2644 1125 2705 magna
1154 2626 1343 2705 gloria
1391 2644 1523 2686 cum
1559 2622 1810 2703 angelis,
1840 2622 2010 2703 judi—

352 2725 591 2778 caturus
623 2717 782 2778 vivos
816 2725 873 2778 et
905 2726 1193 2795 mortuos,
1231 2724 1287 2777 et
1312 2715 1633 2795 unicuique
1663 2714 2013 2775 redditurus

347 2806 521 2885 juxta
544 2825 725 2886 opera
748 2808 898 2885 ejus.
929 2809 1131 2886 Itaque
1157 2807 1363 2882 nequit
1386 2806 1538 2879 ﬁeri,
1566 2812 1629 2866 ut
1652 2804 1872 2865 dictum
1899 2814 2010 2879 est,

352 2909 416 2959 ut
446 2901 581 2980 quis
612 2902 791 2963 intret
824 2902 878 2962 in
934 2918 1184 2979 regnum
1216 2900 1346 2979 Dei,
1381 2900 1493 2961 nisi
1539 2918 1645 2979 per
1690 2918 1903 2981 aquam
1956 2901 2014 2960 et

351 2991 647 3072 spiritum,
684 3000 741 3052 et
772 2991 888 3051 nisi
920 2990 1142 3053 viviﬁca
1188 2991 1451 3071 antitypa
1480 2990 1609 3070 (62)
1674 2989 2015 3052 intemerati

351 3080 626 3159 corporis
660 3091 717 3140 et
739 3080 1046 3159 sanguinis
1078 3080 1297 3142 Christi
1332 3081 1674 3159 sumpserit.
1712 3103 1736 3139 ι)

2108 834 2357 912 ciperet.
2394 838 2531 900 Voti
2555 847 2752 900 autem
2787 860 3033 920 compos
3058 842 3305 903 effectus
3337 850 3577 902 sanctus
3606 843 3757 921 (63),

2109 925 2288 985 mittit
2318 945 2491 989 mane
2522 936 2579 989 et
2608 930 2861 991 accersit
2896 930 3235 993 Hebraeum.
3273 933 3408 1011 Ipse
3447 950 3569 992 non
3626 951 3759 994 cre-

2111 1015 2282 1086 dens,
2314 1017 2497 1097 venit,
2526 1018 2701 1098 plane
2730 1020 3075 1081 existimans
3127 1021 3299 1082 morti
3360 1022 3753 1088 concessisse.

2107 1102 2334 1167 Videns
2382 1124 2521 1167 vero
2577 1110 2791 1179 vivum,
2852 1109 3162 1191 factusque
3222 1111 3283 1173 in
3337 1112 3647 1192 exstasim,
3702 1124 3759 1175 et

2108 1211 2289 1253 ruens
2316 1194 2387 1255 ad
2417 1195 2599 1275 pedes
2624 1198 2780 1276 ejus,
2817 1200 2897 1259 ait
2932 1218 2944 1257 :
2979 1220 3005 1259 ι(
3041 1198 3106 1260 In
3145 1201 3391 1262 veritate
3439 1202 3751 1282 conﬁteor,

2110 1300 2387 1371 magnum
2417 1301 2556 1348 esse
2586 1285 2769 1349 Deum
2804 1289 3271 1351 Christianorum
3303 1291 3613 1371 :quodque
3638 1311 3755 1354 non

2105 1370 2186 1463 sit
2212 1372 2363 1433 alius
2386 1374 2547 1437 Deus
2580 1384 2793 1457 praeter
2844 1380 3061 1459 ipsum.
3125 1370 3755 1463 Abrenuntioiitaque

2105 1460 2363 1523 inimicae
2394 1464 2628 1527 Christo
2660 1467 2933 1547 religioni
2964 1468 3328 1549 Iudaeorum,
3365 1488 3577 1551 meque
3608 1460 3758 1533 veri-

2108 1552 2209 1612 tati
2228 1552 2483 1615 ﬁdeliter
2502 1555 2785 1636 adjungo.
2812 1558 2964 1621 Jube
2990 1578 3154 1637 ergo,
3179 1561 3527 1622 honorande
3550 1565 3749 1639 Pater,

2105 1641 2312 1703 utsine
2331 1643 2613 1707 dilatione
2637 1647 2764 1727 ipse
2790 1650 3103 1727 omnisque
3126 1648 3341 1710 domus
3372 1668 3505 1712 mea
3531 1652 3751 1713 Christi

2104 1731 2422 1820 consigner
2451 1734 2778 1813 signaculo.
2844 1762 2867 1797 ι)
2906 1739 3006 1801 Ait
3045 1738 3129 1799 illi
3162 1748 3398 1801 sanctus
3451 1761 3465 1801 :
3536 1763 3560 1797 α
3621 1740 3754 1820 Ipse

2103 1817 2387 1900 intingam
2422 1824 2696 1886 manibus
2732 1828 2879 1889 meis
2912 1848 3044 1890 cum
3080 1836 3199 1889 tota
3229 1828 3430 1890 domo.
3468 1856 3494 1885 ι

2188 1912 2571 1991 Rursumque
2601 1918 2895 1979 accedens
2928 1918 3215 1994 modicus,
3260 1919 3751 2000 apprehensaque

2103 2001 2231 2080 ejus
2256 2002 2518 2075 dextera,
2543 2006 2625 2066 ait
2653 2028 2665 2069 :
2701 2032 2723 2059 «
2761 2006 3173 2087 Elanguerunt
3206 2018 3322 2071 tute
3351 2010 3530 2089 vires,
3566 2008 3754 2070 domi-

2102 2108 2215 2151 ne:
2249 2098 2574 2173 naturaque
2608 2105 2940 2157 extremum
2978 2096 3277 2159 debilitata
3309 2098 3550 2159 fatiscit.
3593 2122 3615 2155 »
3655 2098 3752 2159 Ait

2102 2188 2342 2241 sanctus
2379 2201 2391 2245 :
2438 2204 2460 2237 «ι
2498 2182 2797 2246 Habemus
2831 2194 3055 2248 naturae
3084 2196 3415 2263 auctorem,
3449 2192 3551 2267 qui
3583 2188 3753 2249 nobis

2100 2268 2277 2330 addat
2308 2271 2519 2334 vires.»
2557 2271 2939 2355 Surgensque
2970 2294 3181 2355 gressu
3213 2276 3519 2337 contendit
3553 2276 3625 2337 ad
3657 2294 3751 2340 ec-

2099 2358 2371 2433 clesiam,
2406 2362 2595 2423 etsnb
2627 2366 2892 2425 omnium
2929 2367 3270 2446 praesentia,
3306 2385 3443 2428 eum
3478 2366 3616 2428 ﬁdei
3647 2385 3746 2427 sa-

2097 2458 2399 2510 cramento
2434 2451 2630 2526 tinxit,
2656 2458 2713 2513 et
2739 2454 2980 2514 domum
3006 2458 3135 2534 ejns
3160 2464 3339 2517 totam
3369 2478 3381 2518 :
3408 2459 3752 2537 vocavitque

2097 2558 2341 2619 nomen,
2379 2539 2528 2621 ejus,
2561 2540 2848 2603 Joannem
2889 2564 2901 2606 :
2936 2543 3393 2626 impertitusque
3418 2546 3641 2607 viviﬁca
3663 2566 3751 2608 sa-

2096 2637 2420 2701 cramenta,
2456 2648 2592 2690 eum
2621 2631 2941 2710 assumpsit
2972 2641 3028 2692 et
3049 2634 3379 2711 reduxitlad
3408 2635 3746 2697 cubiculum

2098 2735 2270 2777 suum
2309 2738 2321 2779 :
2357 2718 2609 2798 ciboque
2640 2721 2931 2799 apposito,
2963 2720 3164 2781 docuit
3193 2741 3323 2801 quae
3354 2730 3623 2801 spectant
3671 2725 3746 2786 ad

2098 2807 2273 2867 vitam
2297 2809 2935 2889 mternam,adjungens
2958 2828 3063 2873 suo
3086 2810 3223 2871 ovili
3252 2830 3465 2872 novum
3496 2813 3743 2875 militem

2097 2917 2228 2959 cum
2254 2918 2435 2960 uxore
2454 2908 2511 2961 et
2532 2899 2866 2972 ﬁliis.Quod
2891 2918 3027 2960 vero
3046 2900 3345 2981 reliquum
3372 2902 3499 2963 vitae
3516 2902 3750 2982 fuit,sa-

2097 3006 2227 3053 cras
2256 2990 2414 3051 {edes
2441 2996 2499 3051 et
2529 2990 2784 3070 hospitia
2815 3008 3137 3070 pauperum
3162 2990 3443 3061 lustrans,
3472 3011 3604 3072 qua}
3628 2992 3747 3054 sibi

2098 3079 2333 3142 fuerunt
2360 3079 2575 3140 donata
2597 3098 2630 3140 a
2647 3080 2971 3160 medico,et
2990 3099 3121 3161 quae
3141 3081 3218 3142 de
3235 3082 3489 3161 propriis
3512 3082 3745 3163 reliqua

435 3172 969 3269 Cumque‘sanctus
1002 3169 1217 3269 talibus
1244 3168 1685 3269 horta-tionibus
1719 3176 2009 3269 uteretur,
2033 3217 2074 3269 ο
2104 3179 2293 3269 erant,
2331 3168 2602 3269 donavit.
2627 3168 2795 3234 Circa
2852 3189 3069 3269 nonam
3110 3179 3303 3269 autem
3367 3179 3585 3269 praesto
3635 3172 3746 3233 fuit

354 3277 471 3318 non
492 3258 820 3320 sustinebat
842 3260 1032 3339 ipsum
1058 3260 1295 3320 audire.
1322 3258 1432 3320 Ubi
1456 3268 1654 3320 autem
1681 3260 1733 3319 ei
1764 3258 2009 3338 placuit,
2037 3258 2074 3269 “
2098 3261 2172 3320 ad
2212 3260 2505 3321 sacriﬁcia
2528 3262 2839 3321 missarum
2902 3261 2963 3322 in
3006 3260 3407 3324 sacratissima
3463 3261 3743 3339 ecclesia,

352 3350 452 3427 qui
480 3367 616 3410 eum
642 3358 1055 3429 srgregaverat
1077 3349 1149 3409 ab
1177 3357 1346 3409 utero
1375 3349 1575 3409 matris
1600 3366 1744 3422 suae,
1785 3356 1849 3409 ut
1872 3368 2008 3411 sus-
2097 3369 2214 3410 una
2242 3370 2377 3419 cum
2412 3350 2555 3410 cleri
2591 3357 2647 3410 et
2676 3349 2924 3411 civitatis
2952 3351 3347 3429 primoribus:
3372 3370 3507 3413 cum
3530 3351 3746 3431 quibus

352 3438 580 3518 ciperet
612 3440 1078 3501 sacratissimum
1109 3438 1424 3518 baptisma,
1462 3457 1599 3498 eum
1633 3437 1723 3497 vir
1764 3447 2010 3498 sanctus
2097 3446 2380 3517 percepto
2407 3438 2623 3498 iterum
2660 3458 2833 3519 pane,
2868 3439 3097 3502 dimisit
3129 3458 3252 3515 eos,
3286 3459 3354 3502 ac
3402 3441 3745 3504 valedicens

344 3529 468 3608 jam
502 3531 633 3591 vita:
666 3530 843 3609 hujus
876 3528 1211 3589 turbinibus
1243 3528 1618 3607 eximendus,
1668 3526 2002 3599 accersivit,
2094 3534 2153 3586 et
2183 3526 2539 3587 deosculans
2568 3527 2628 3587 in
2658 3529 2861 3589 osculo
2894 3538 3099 3591 sancto
3130 3529 3354 3590 dimisit
3372 3548 3495 3606 eos,
3528 3550 3741 3593 novum

353 3628 637 3697 praetextu
674 3619 954 3680 nimirum
990 3619 1254 3679 scientiae
1288 3618 1557 3697 medica),
1611 3616 1810 3696 aitque
1862 3616 1949 3675 illi
1987 3634 2000 3678 :
2088 3614 2303 3678 Christi
2326 3616 2585 3694 pugilem
2620 3620 3052 3695 universosque
3083 3620 3513 3680 commendans
3564 3621 3740 3683 Chri-

356 3733 382 3763 σ
422 3709 572 3782 Quid
607 3710 713 3770 tibi
738 3709 812 3770 de
836 3728 929 3771 me
948 3707 1254 3769 videtur9»
1282 3706 1410 3787 Ille,
1440 3725 1507 3767 ex
1535 3708 1705 3785 pulsu
1738 3705 2006 3767 sentiens
2088 3714 2198 3766 sto.
2238 3704 2617 3767 Testamento
2649 3716 2845 3767 autem
2880 3708 3123 3785 sepeliri
3155 3710 3370 3783 sanxit,
3406 3727 3541 3769 cum
3570 3711 3744 3772 tertia

348 3802 483 3879 ejus
510 3800 664 3861 vires
700 3800 1025 3879 proximam
1055 3798 1266 3859 minari
1302 3805 1577 3877 mortem,
1598 3796 1777 3876 jussit
1800 3796 2003 3857 dome-
2087 3794 2187 3855 illa
2212 3794 2484 3875 portione
2508 3796 2661 3857 datae
2680 3794 2794 3856 sibi
2820 3815 2852 3855 a
2873 3798 2994 3857 Deo
3012 3816 3205 3858 comm
3219 3797 3742 3862 unionis.Recum-

348 3891 535 3966 sticis,
575 3900 635 3951 ut
668 3898 1035 3970 opportunas
1066 3890 1391 3969 sepulturae
1437 3896 1630 3949 vestes
1684 3895 1953 3948 emerent
1986 3905 1999 3950 :
2090 3886 2361 3966 bensque
2393 3888 2452 3947 in
2488 3886 2665 3963 lecto,
2703 3906 2839 3949 cum
2875 3886 3247 3949 Eucharistia
3274 3888 3469 3952 adhuc
3517 3891 3577 3951 in
3610 3910 3736 3973 ore,

353 4005 379 4034 α
416 3981 587 4060 Nam,
623 3981 841 4057 inquit,
869 3981 984 4041 cito
1005 3980 1183 4041 citius
1214 3980 1542 4041 moriturus
1585 3985 1694 4041 est.
1728 4000 1749 4035 υ
1803 3976 1903 4039 Ait
1932 3977 2004 4039 ad
2096 3977 2355 4038 reddidit
2384 3978 2657 4055 spiritum
2682 3977 2960 4054 Domino;
2992 3978 3433 4057 adjunctusque
3464 3988 3554 4040 est
3586 4000 3739 4061 pon-

345 4088 485 4132 eum
521 4089 769 4149 magnus
801 4070 1055 4131 Basilius
1084 4091 1096 4134 :
1131 4094 1153 4129 n
1182 4068 1391 4133 Nescis
1409 4068 1551 4148 quid
1575 4068 1764 4129 dicas.
1796 4092 1823 4123 ι)
1855 4068 2015 4133 Dicit
2097 4068 2359 4130 tiﬁcibus
2388 4069 2647 4147 pontifex
2680 4068 2801 4143 ille,
2836 4077 2892 4129 et
2926 4067 3407 4147 praedicatoribus
3465 4088 3738 4148 magnum

349 4161 437 4221 illi
461 4159 682 4241 Joseph
716 4160 1001 4222 Hebraeus
1029 4183 1041 4223 :
1074 4186 1100 4216 α
1128 4161 1375 4231 Credas,
1410 4158 1674 4232 domine,
1710 4157 1799 4219 sol
1831 4157 2010 4220 hodie
2097 4159 2242 4221 illud
2275 4159 2571 4221 sermonis
2602 4160 2847 4222 tonitru.
2892 4158 3117 4222 Videns
3176 4169 3369 4220 autem
3424 4158 3617 4221 ﬁdelis
3671 4180 3739 4221 ex

347 4270 486 4311 cum
514 4252 640 4313 sole
665 4252 920 4313 occidet.
954 4277 980 4306 »
1003 4251 1099 4313 Ait
1124 4251 1209 4311 illi
1232 4258 1479 4311 sanctus
1509 4268 1521 4311 :
1557 4271 1579 4305 α
1608 4248 1760 4321 Quid
1796 4266 1932 4309 vero
1959 4249 2005 4307 si
2090 4247 2342 4310 Hebraeo
2375 4249 2662 4323 medicus,
2702 4251 2777 4310 ita
2808 4250 2913 4311 Dei
2948 4250 3249 4309 hominem
3285 4259 3345 4310 et
3394 4250 3738 4330 pontiﬁcem

347 4359 465 4401 non
500 4350 639 4402 ante
685 4360 859 4402 mane
893 4342 1112 4403 moriar
1143 4340 1173 4401 ?
1202 4365 1228 4395 τ)
1270 4339 1426 4403 Dixit
1452 4338 1773 4401 Hebraeus:
1813 4362 1835 4393 α
1875 4336 2005 4399 Non
2094 4358 2369 4417 magnum
2408 4338 2687 4400 Basilium
2738 4339 3061 4419 quievisse,
3123 4339 3423 4419 quomodo
3484 4340 3736 4416 dixerat,

347 4440 541 4511 potest
562 4435 671 4493 hoc
705 4451 836 4494 esse
871 4454 883 4495 :
918 4433 1008 4493 vix
1042 4431 1201 4493 enim
1237 4438 1369 4511 post
1398 4431 1606 4491 horam
1641 4430 1755 4492 erit
1807 4433 2005 4489 anima
2090 4446 2382 4509 proruens
2411 4430 2470 4488 in
2504 4430 2631 4506 ejns
2672 4440 2879 4508 pectus
2940 4448 3073 4490 cum
3128 4429 3406 4509 lacrymis
3456 4430 3689 4492 dicebat
3724 4452 3736 4493 :

346 4531 448 4583 tua
472 4522 529 4581 in
552 4532 627 4584 te.
662 4520 879 4585 Verum
907 4522 1159 4602 dispone
1180 4522 1369 4583 detua
1390 4518 1662 4581 Ecclesia
1699 4528 1755 4579 et
1792 4520 1867 4579 de
1894 4536 1996 4579 re-
2022 4553 2061 4588 U-
2085 4517 2333 4591 Revera,
2371 4516 2477 4578 Dei
2508 4518 2729 4581 famule
2789 4520 2987 4594 Basili,
3027 4536 3220 4599 neque
3280 4518 3456 4581 modo
3527 4519 3743 4582 fuisses

347 4611 462 4671 bus
488 4612 752 4673 tuismon
774 4612 1025 4688 enim,te
1041 4610 1339 4689 vivo,dies
1359 4607 1995 4670 hodietenebrescet.»
2087 4616 2376 4681 mortuus,
2409 4608 2523 4668 nisi
2558 4610 2866 4672 voluisses.
2910 4630 2939 4669 ))

345 4701 443 4762 Ait
472 4702 524 4762 ei
558 4711 796 4763 sanctus
825 4724 838 4765 :
880 4728 901 4757 .‹
942 4701 1091 4773 Quid
1117 4703 1165 4762 si
1201 4700 1422 4762 benero
1449 4716 1637 4779 usque
1668 4697 1741 4758 ad
1774 4708 1996 4759 sextam
2165 4697 2459 4761 Postridie
2491 4705 2688 4758 autem
2723 4700 2999 4759 convenit
3031 4698 3309 4787 universa
3370 4697 3684 4760 multitudo
3726 4731 3744 4787 ς

346 4810 548 4872 mane,
582 4792 726 4872 quid
762 4811 823 4853 es
857 4798 1097 4853 acturus
1127 4790 1151 4853 ?
1180 4817 1204 4846 ι)
1240 4788 1571 4870 ReSpondit
1619 4787 1719 4848 ille
1757 4805 1770 4849 :
1805 4809 1829 4845 tt
1865 4790 1996 4850 Mo-
2088 4790 2336 4869 ejusque
2353 4786 3051 4868 corporipretioso,quod
3070 4796 3249 4847 totam
3272 4788 3534 4848 materiae
3572 4786 3739 4851 obni4

344 4881 491 4943 riar.
524 4882 655 4944 »Αἱι
687 4892 926 4943 sanctus
964 4899 1015 4943 ε(
1052 4881 1267 4945 Etiam.
1304 4879 1581 4943 Moriaris
1613 4886 1877 4959 peccato,
1912 4879 2003 4940 vi-
2090 4886 2333 4940 tentiam
2368 4884 2779 4958 superaverat,
2818 4877 2876 4937 in
2911 4874 3370 4937 sacratissimam
3421 4877 3739 4941 ecclesiam

350 4989 446 5031 vas
472 4978 667 5032 autem
725 4971 960 5034 Christo
1009 4988 1164 5033 meo.
1209 4995 1229 5025 ι
1286 4969 1441 5031 Dicit
1464 4968 1566 5028 ille
1605 4989 1617 5030 :
1675 4965 1813 5029 Scio
1863 4966 2006 5047 quid
2095 4969 2280 5041 illato,
2311 4969 2471 5047 justa
2502 4966 2790 5041 fecerunt,
2828 4966 2990 5027 omni
3022 4973 3462 5042 unguentorum
3488 4966 3744 5046 thymia-

343 5060 514 5141 velis,
553 5068 613 5122 et
642 5060 852 5123 faciam
888 5064 1043 5143 quod
1071 5059 1273 5139 jubes,
1299 5061 1477 5121 Pater
1498 5065 1730 5131 sancte;
1755 5059 1803 5120 si
1829 5056 2012 5121 fuerit
2099 5068 2443 5138 matumque
2470 5056 2777 5138 obsequio.
2812 5055 3081 5119 Audiens
3110 5070 3253 5116 vero
3291 5061 3347 5115 et
3391 5052 3738 5139 Gregorius,

350 5151 504 5231 quod
532 5151 641 5232 ais,
669 5151 922 5213 terribili
946 5172 1039 5213 me
1059 5156 1430 5213 sacramento
1456 5147 1835 5223 obstringens
1856 5150 2008 5229 fore,
2096 5149 2497 5212 Nazianzenus
2520 5147 2834 5229 episcopus
2858 5148 2999 5221 (64),
3024 5145 3094 5207 ad
3107 5145 3214 5206 fuit
3236 5154 3293 5205 et
3314 5146 3442 5225 ipse
3464 5144 3733 5210 festinus:

431 5333 554 5408 (63)
588 5334 677 5419 An
711 5349 887 5419 verus
904 5331 1374 5419 Amphilochius
1396 5350 1516 5419 non
1542 5330 1748 5419 fuisse}
1776 5328 1995 5419 clarius
2081 5331 2286 5419 fuisse,
2307 5337 2373 5419 ut
2397 5327 2695 5419 quosdam.
2712 5333 2897 5419 sacris
2916 5327 3230 5419 ordinibus
3255 5326 3488 5419 initiare
3514 5338 3733 5419 potue-

350 5414 583 5475 locutus
616 5415 689 5474 de
722 5414 864 5475 reah
896 5408 1113 5474 Christi
1150 5413 1472 5493 praesentia
1504 5412 1563 5473 in
1596 5409 1991 5484 Eucharistia,
2081 5412 2195 5493 rit:
2223 5408 2442 5493 quidni
2458 5417 2514 5469 et
2539 5410 2825 5493 potuisset
2850 5408 3351 5493 huncJosephum
3378 5408 3740 5493 solemniter

350 5496 678 5574 praesertim
716 5493 815 5555 ubi
843 5493 1082 5557 Iudaeus
1112 5488 1496 5555 instituitur?
1590 5571 1615 5574 _
1725 5572 1756 5574 η
1960 5568 1973 5574 _
2081 5488 3734 5574 inecclesiabap’gzareWerummtfactumidfuisse‘cre-

434 5574 1180 5655 (t53)RefertNazianzenus
1196 5575 1464 5636 oratione
1476 5571 1864 5655 Q0,Basilium
1886 5568 1995 5631 sub
2084 5573 2221 5655 dam
2229 5591 2315 5655 us,
2315 5590 2442 5655 _non
2467 5568 3731 5655 surilicitpseudo-AmphilochiiAauctoritas,

347 5650 692 5717 ﬂnem'vitae
725 5656 794 5716 ad
830 5656 1068 5736 aliquod
1113 5664 1349 5735 tempus
1385 5659 1460 5717 ita
1492 5650 1607 5715 sibi
1662 5652 1994 5715 restitutum
2172 5652 2230 5731 (6
2246 5650 3046 5732 i)GregoriumTheol0gum
3062 5650 3737 5715 noninterfuissemorti

423 5825 497 5898 (α)
532 5825 558 5884 Ι
597 5824 727 5886 Cor.
767 5838 826 5893 ι,
858 5825 913 5881 ι.
