  <div class='ocr_page' id='page_1' title='image "/cluster/home/n/w/nwhite01/storage/ocr_20150623/29:no.1/coo.31924054873108/333.png"; bbox 0 0 4140 6422; ppageno 0'>
   <div class='ocr_carea' id='block_1_1' title="bbox 450 353 708 404">
    <p class='ocr_par' dir='ltr' id='par_1_1' title="bbox 450 353 708 404">
     <span class='ocr_line' id='line_1_1' title="bbox 450 353 708 404; baseline -0.004 0"><span class='ocrx_word' id='word_1_1' title='bbox 450 353 708 404; x_wconf 74' lang='lat' dir='ltr'><strong>CCCXVIII</strong></span> 
     </span>
    </p>
   </div>
   <div class='ocr_carea' id='block_1_2' title="bbox 1891 345 2482 409">
    <p class='ocr_par' dir='ltr' id='par_1_2' title="bbox 1891 345 2482 409">
     <span class='ocr_line' id='line_1_2' title="bbox 1891 345 2482 409; baseline 0 -4"><span class='ocrx_word' id='word_1_2' title='bbox 1891 345 2482 409; x_wconf 78' lang='lat' dir='ltr'><strong>PROLEGOMENA.</strong></span> 
     </span>
    </p>
   </div>
   <div class='ocr_carea' id='block_1_3' title="bbox 449 474 3828 557">
    <p class='ocr_par' dir='ltr' id='par_1_3' title="bbox 449 474 3828 557">
     <span class='ocr_line' id='line_1_3' title="bbox 449 474 3828 557; baseline -0.001 -19"><span class='ocrx_word' id='word_1_3' title='bbox 449 485 608 555; x_wconf 84' lang='lat' dir='ltr'><strong>sunt,</strong></span> <span class='ocrx_word' id='word_1_4' title='bbox 640 476 760 536; x_wconf 92' lang='lat' dir='ltr'><strong>imo</strong></span> <span class='ocrx_word' id='word_1_5' title='bbox 794 493 947 554; x_wconf 83' lang='lat' dir='ltr'><strong>pene</strong></span> <span class='ocrx_word' id='word_1_6' title='bbox 980 478 1303 538; x_wconf 85' lang='lat' dir='ltr'><strong>necessarii</strong></span> <span class='ocrx_word' id='word_1_7' title='bbox 1333 499 1347 554; x_wconf 90' lang='lat'><strong>;</strong></span> <span class='ocrx_word' id='word_1_8' title='bbox 1375 497 1530 557; x_wconf 87' lang='lat' dir='ltr'><strong>nam,</strong></span> <span class='ocrx_word' id='word_1_9' title='bbox 1558 486 1622 542; x_wconf 85' lang='lat' dir='ltr'><strong>ut</strong></span> <span class='ocrx_word' id='word_1_10' title='bbox 1656 489 1905 542; x_wconf 78' lang='lat' dir='ltr'><strong>testatur</strong></span> <span class='ocrx_word' id='word_1_11' title='bbox 1928 482 2087 544; x_wconf 88' lang='lat' dir='ltr'><strong>Goa-</strong></span> <span class='ocrx_word' id='word_1_12' title='bbox 2112 486 2149 535; x_wconf 80' lang='grc' dir='ltr'><strong>Α</strong></span> <span class='ocrx_word' id='word_1_13' title='bbox 2177 479 2413 541; x_wconf 78' lang='lat' dir='ltr'><strong>caeteris</strong></span> <span class='ocrx_word' id='word_1_14' title='bbox 2431 479 2684 541; x_wconf 89' lang='lat' dir='ltr'><strong>discreto</strong></span> <span class='ocrx_word' id='word_1_15' title='bbox 2697 498 2845 541; x_wconf 91' lang='lat' dir='ltr'><strong>sono</strong></span> <span class='ocrx_word' id='word_1_16' title='bbox 2864 478 3273 541; x_wconf 84' lang='lat' dir='ltr'><strong>accinitur.Ad</strong></span> <span class='ocrx_word' id='word_1_17' title='bbox 3297 476 3596 556; x_wconf 82' lang='lat' dir='ltr'><strong>objectum</strong></span> <span class='ocrx_word' id='word_1_18' title='bbox 3621 474 3828 537; x_wconf 90' lang='lat' dir='ltr'><strong>locum</strong></span> 
     </span>
    </p>
   </div>
   <div class='ocr_carea' id='block_1_4' title="bbox 449 565 2097 647">
    <p class='ocr_par' dir='ltr' id='par_1_4' title="bbox 449 565 2097 647">
     <span class='ocr_line' id='line_1_4' title="bbox 449 565 2097 647; baseline 0.001 -20"><span class='ocrx_word' id='word_1_19' title='bbox 449 585 553 627; x_wconf 89' lang='lat' dir='ltr'><strong>rus</strong></span> <span class='ocrx_word' id='word_1_20' title='bbox 580 586 708 647; x_wconf 88' lang='lat' dir='ltr'><strong>pag.</strong></span> <span class='ocrx_word' id='word_1_21' title='bbox 740 565 880 644; x_wconf 68' lang='lat'><strong>434,</strong></span> <span class='ocrx_word' id='word_1_22' title='bbox 915 592 939 619; x_wconf 84' lang='grc' dir='ltr'><strong>ιι</strong></span> <span class='ocrx_word' id='word_1_23' title='bbox 974 565 1156 626; x_wconf 90' lang='lat' dir='ltr'><strong>libros</strong></span> <span class='ocrx_word' id='word_1_24' title='bbox 1190 567 1328 626; x_wconf 89' lang='lat' dir='ltr'><strong>totis</strong></span> <span class='ocrx_word' id='word_1_25' title='bbox 1362 568 1603 629; x_wconf 86' lang='lat' dir='ltr'><strong>musicis</strong></span> <span class='ocrx_word' id='word_1_26' title='bbox 1648 581 1915 631; x_wconf 83' lang='lat' dir='ltr'><strong>exaratos</strong></span> <span class='ocrx_word' id='word_1_27' title='bbox 1944 572 2097 630; x_wconf 87' lang='lat' dir='ltr'><strong>inter</strong></span> 
     </span>
    </p>
   </div>
   <div class='ocr_carea' id='block_1_5' title="bbox 451 655 2099 737">
    <p class='ocr_par' dir='ltr' id='par_1_5' title="bbox 451 655 2099 737">
     <span class='ocr_line' id='line_1_5' title="bbox 451 655 2099 737; baseline -0.001 -19"><span class='ocrx_word' id='word_1_28' title='bbox 451 655 805 718; x_wconf 88' lang='lat' dir='ltr'><strong>cantandum</strong></span> <span class='ocrx_word' id='word_1_29' title='bbox 831 656 1135 715; x_wconf 84' lang='lat' dir='ltr'><strong>rarissime</strong></span> <span class='ocrx_word' id='word_1_30' title='bbox 1160 659 1659 737; x_wconf 84' lang='lat' dir='ltr'><strong>conspiciunt,vel</strong></span> <span class='ocrx_word' id='word_1_31' title='bbox 1678 661 1850 721; x_wconf 83' lang='lat' dir='ltr'><strong>etiam</strong></span> <span class='ocrx_word' id='word_1_32' title='bbox 1879 658 2099 720; x_wconf 85' lang='lat' dir='ltr'><strong>habent</strong></span> 
     </span>
    </p>
   </div>
   <div class='ocr_carea' id='block_1_6' title="bbox 449 746 2091 826">
    <p class='ocr_par' dir='ltr' id='par_1_6' title="bbox 449 746 2091 826">
     <span class='ocr_line' id='line_1_6' title="bbox 449 746 2091 826; baseline -0.001 -18"><span class='ocrx_word' id='word_1_33' title='bbox 449 746 675 808; x_wconf 63' lang='lat' dir='ltr'><strong>erci:</strong></span> <span class='ocrx_word' id='word_1_34' title='bbox 712 764 1183 826; x_wconf 86' lang='lat' dir='ltr'><strong>communesque</strong></span> <span class='ocrx_word' id='word_1_35' title='bbox 1243 746 1405 821; x_wconf 91' lang='lat' dir='ltr'><strong>ideo,</strong></span> <span class='ocrx_word' id='word_1_36' title='bbox 1442 758 1499 808; x_wconf 88' lang='lat' dir='ltr'><strong>et</strong></span> <span class='ocrx_word' id='word_1_37' title='bbox 1549 749 1746 810; x_wconf 82' lang='lat' dir='ltr'><strong>verbis</strong></span> <span class='ocrx_word' id='word_1_38' title='bbox 1795 760 1851 811; x_wconf 86' lang='lat' dir='ltr'><strong>et</strong></span> <span class='ocrx_word' id='word_1_39' title='bbox 1895 758 2091 821; x_wconf 91' lang='lat' dir='ltr'><strong>cantu,</strong></span> 
     </span>
    </p>
   </div>
   <div class='ocr_carea' id='block_1_7' title="bbox 450 835 2096 921">
    <p class='ocr_par' dir='ltr' id='par_1_7' title="bbox 450 835 2096 921">
     <span class='ocr_line' id='line_1_7' title="bbox 450 835 2096 921; baseline 0 -24"><span class='ocrx_word' id='word_1_40' title='bbox 450 838 753 897; x_wconf 64' lang='lat' dir='ltr'><strong>memoria;</strong></span> <span class='ocrx_word' id='word_1_41' title='bbox 784 835 1353 915; x_wconf 85' lang='lat' dir='ltr'><strong>tenaciterinﬁgunt</strong></span> <span class='ocrx_word' id='word_1_42' title='bbox 1411 838 1683 918; x_wconf 76' lang='lat' dir='ltr'><strong>hymnus,</strong></span> <span class='ocrx_word' id='word_1_43' title='bbox 1718 839 1790 900; x_wconf 87' lang='lat' dir='ltr'><strong>ad</strong></span> <span class='ocrx_word' id='word_1_44' title='bbox 1843 856 2096 921; x_wconf 91' lang='lat' dir='ltr'><strong>quorum</strong></span> 
     </span>
    </p>
   </div>
   <div class='ocr_carea' id='block_1_8' title="bbox 448 924 2099 1004">
    <p class='ocr_par' dir='ltr' id='par_1_8' title="bbox 448 924 2099 1004">
     <span class='ocr_line' id='line_1_8' title="bbox 448 924 2099 1004; baseline 0 -17"><span class='ocrx_word' id='word_1_45' title='bbox 448 944 721 987; x_wconf 82' lang='lat' dir='ltr'><strong>normam</strong></span> <span class='ocrx_word' id='word_1_46' title='bbox 745 925 892 986; x_wconf 88' lang='lat' dir='ltr'><strong>alios</strong></span> <span class='ocrx_word' id='word_1_47' title='bbox 919 924 1041 1004; x_wconf 87' lang='lat' dir='ltr'><strong>pari</strong></span> <span class='ocrx_word' id='word_1_48' title='bbox 1085 925 1443 1004; x_wconf 83' lang='lat' dir='ltr'><strong>syllabarum</strong></span> <span class='ocrx_word' id='word_1_49' title='bbox 1482 946 1733 988; x_wconf 91' lang='lat' dir='ltr'><strong>numero</strong></span> <span class='ocrx_word' id='word_1_50' title='bbox 1758 937 2099 989; x_wconf 85' lang='lat' dir='ltr'><strong>constantes</strong></span> 
     </span>
    </p>
   </div>
   <div class='ocr_carea' id='block_1_9' title="bbox 447 1015 2100 1097">
    <p class='ocr_par' dir='ltr' id='par_1_9' title="bbox 447 1015 2100 1097">
     <span class='ocr_line' id='line_1_9' title="bbox 447 1015 2100 1097; baseline 0.001 -20"><span class='ocrx_word' id='word_1_51' title='bbox 447 1016 747 1077; x_wconf 87' lang='lat' dir='ltr'><strong>cantando</strong></span> <span class='ocrx_word' id='word_1_52' title='bbox 771 1015 1372 1095; x_wconf 84' lang='lat' dir='ltr'><strong>inﬂectunt;ideoque</strong></span> <span class='ocrx_word' id='word_1_53' title='bbox 1386 1034 1593 1078; x_wconf 90' lang='lat' dir='ltr'><strong>eorum</strong></span> <span class='ocrx_word' id='word_1_54' title='bbox 1611 1019 1941 1097; x_wconf 85' lang='lat' dir='ltr'><strong>primordia</strong></span> <span class='ocrx_word' id='word_1_55' title='bbox 1963 1036 2100 1079; x_wconf 84' lang='lat' dir='ltr'><strong>can-</strong></span> 
     </span>
    </p>
   </div>
   <div class='ocr_carea' id='block_1_10' title="bbox 450 1104 2097 1186">
    <p class='ocr_par' dir='ltr' id='par_1_10' title="bbox 450 1104 2097 1186">
     <span class='ocr_line' id='line_1_10' title="bbox 450 1104 2097 1186; baseline 0.002 -20"><span class='ocrx_word' id='word_1_56' title='bbox 450 1106 580 1167; x_wconf 90' lang='lat' dir='ltr'><strong>ticis</strong></span> <span class='ocrx_word' id='word_1_57' title='bbox 610 1104 743 1165; x_wconf 91' lang='lat' dir='ltr'><strong>aliis</strong></span> <span class='ocrx_word' id='word_1_58' title='bbox 776 1104 1133 1185; x_wconf 88' lang='lat' dir='ltr'><strong>inscribunt,</strong></span> <span class='ocrx_word' id='word_1_59' title='bbox 1170 1114 1231 1166; x_wconf 92' lang='lat' dir='ltr'><strong>ut</strong></span> <span class='ocrx_word' id='word_1_60' title='bbox 1280 1106 1353 1165; x_wconf 85' lang='lat' dir='ltr'><strong>ad</strong></span> <span class='ocrx_word' id='word_1_61' title='bbox 1418 1124 1622 1170; x_wconf 90' lang='lat' dir='ltr'><strong>eorum</strong></span> <span class='ocrx_word' id='word_1_62' title='bbox 1674 1110 1961 1186; x_wconf 87' lang='lat' dir='ltr'><strong>regulam</strong></span> <span class='ocrx_word' id='word_1_63' title='bbox 1998 1127 2097 1169; x_wconf 90' lang='lat' dir='ltr'><strong>se-</strong></span> 
     </span>
    </p>
   </div>
   <div class='ocr_carea' id='block_1_11' title="bbox 447 1194 2093 1275">
    <p class='ocr_par' dir='ltr' id='par_1_11' title="bbox 447 1194 2093 1275">
     <span class='ocr_line' id='line_1_11' title="bbox 447 1194 2093 1275; baseline 0.001 -19"><span class='ocrx_word' id='word_1_64' title='bbox 447 1207 700 1275; x_wconf 83' lang='lat' dir='ltr'><strong>quentes</strong></span> <span class='ocrx_word' id='word_1_65' title='bbox 726 1194 992 1257; x_wconf 92' lang='lat' dir='ltr'><strong>indiccnt</strong></span> <span class='ocrx_word' id='word_1_66' title='bbox 1024 1214 1158 1257; x_wconf 90' lang='lat' dir='ltr'><strong>esse</strong></span> <span class='ocrx_word' id='word_1_67' title='bbox 1195 1196 1628 1259; x_wconf 87' lang='lat' dir='ltr'><strong>decantandos.</strong></span> <span class='ocrx_word' id='word_1_68' title='bbox 1667 1223 1690 1253; x_wconf 74' lang='grc' dir='ltr'><strong>ι</strong></span> <span class='ocrx_word' id='word_1_69' title='bbox 1733 1198 1955 1260; x_wconf 91' lang='lat' dir='ltr'><strong>Versus</strong></span> <span class='ocrx_word' id='word_1_70' title='bbox 1984 1217 2093 1259; x_wconf 91' lang='lat' dir='ltr'><strong>au-</strong></span> 
     </span>
    </p>
   </div>
   <div class='ocr_carea' id='block_1_12' title="bbox 449 1285 2094 1367">
    <p class='ocr_par' dir='ltr' id='par_1_12' title="bbox 449 1285 2094 1367">
     <span class='ocr_line' id='line_1_12' title="bbox 449 1285 2094 1367; baseline 0 -20"><span class='ocrx_word' id='word_1_71' title='bbox 449 1296 590 1359; x_wconf 89' lang='lat' dir='ltr'><strong>tem,</strong></span> <span class='ocrx_word' id='word_1_72' title='bbox 617 1285 798 1366; x_wconf 91' lang='lat' dir='ltr'><strong>quiin</strong></span> <span class='ocrx_word' id='word_1_73' title='bbox 826 1287 981 1346; x_wconf 88' lang='lat' dir='ltr'><strong>hunc</strong></span> <span class='ocrx_word' id='word_1_74' title='bbox 1016 1286 1189 1346; x_wconf 86' lang='lat' dir='ltr'><strong>linem</strong></span> <span class='ocrx_word' id='word_1_75' title='bbox 1218 1287 1426 1367; x_wconf 87' lang='lat' dir='ltr'><strong>aequali</strong></span> <span class='ocrx_word' id='word_1_76' title='bbox 1459 1286 1815 1365; x_wconf 79' lang='lat' dir='ltr'><strong>syllabarum</strong></span> <span class='ocrx_word' id='word_1_77' title='bbox 1842 1306 2094 1349; x_wconf 88' lang='lat' dir='ltr'><strong>numero</strong></span> 
     </span>
    </p>
   </div>
   <div class='ocr_carea' id='block_1_13' title="bbox 447 1375 2092 1458">
    <p class='ocr_par' dir='ltr' id='par_1_13' title="bbox 447 1375 2092 1458">
     <span class='ocr_line' id='line_1_13' title="bbox 447 1375 2092 1458; baseline -0.001 -20"><span class='ocrx_word' id='word_1_78' title='bbox 447 1376 790 1454; x_wconf 86' lang='lat' dir='ltr'><strong>alligantur,</strong></span> <span class='ocrx_word' id='word_1_79' title='bbox 825 1375 1106 1437; x_wconf 90' lang='lat' dir='ltr'><strong>dicuntur</strong></span> <span class='ocrx_word' id='word_1_80' title='bbox 1146 1379 1386 1455; x_wconf 73' lang='grc' dir='ltr'>στιχηρὰ</span> <span class='ocrx_word' id='word_1_81' title='bbox 1433 1379 1750 1453; x_wconf 75' lang='grc' dir='ltr'>προσόμοιοι,</span> <span class='ocrx_word' id='word_1_82' title='bbox 1788 1378 2092 1458; x_wconf 86' lang='lat' dir='ltr'><strong>Papebro-</strong></span> 
     </span>
    </p>
   </div>
   <div class='ocr_carea' id='block_1_14' title="bbox 448 1465 2094 1547">
    <p class='ocr_par' dir='ltr' id='par_1_14' title="bbox 448 1465 2094 1547">
     <span class='ocr_line' id='line_1_14' title="bbox 448 1465 2094 1547; baseline 0.001 -19"><span class='ocrx_word' id='word_1_83' title='bbox 448 1468 621 1528; x_wconf 89' lang='lat' dir='ltr'><strong>chius</strong></span> <span class='ocrx_word' id='word_1_84' title='bbox 651 1484 855 1526; x_wconf 88' lang='lat' dir='ltr'><strong>versus</strong></span> <span class='ocrx_word' id='word_1_85' title='bbox 886 1465 1179 1526; x_wconf 84' lang='lat' dir='ltr'><strong>similares</strong></span> <span class='ocrx_word' id='word_1_86' title='bbox 1229 1466 1529 1547; x_wconf 89' lang='lat' dir='ltr'><strong>appellare</strong></span> <span class='ocrx_word' id='word_1_87' title='bbox 1579 1468 1906 1529; x_wconf 86' lang='lat' dir='ltr'><strong>consuevit.</strong></span> <span class='ocrx_word' id='word_1_88' title='bbox 1942 1468 2094 1530; x_wconf 86' lang='lat' dir='ltr'><strong>Hinc</strong></span> 
     </span>
    </p>
   </div>
   <div class='ocr_carea' id='block_1_15' title="bbox 450 1555 2089 1636">
    <p class='ocr_par' dir='ltr' id='par_1_15' title="bbox 450 1555 2089 1636">
     <span class='ocr_line' id='line_1_15' title="bbox 450 1555 2089 1636; baseline 0.001 -19"><span class='ocrx_word' id='word_1_89' title='bbox 450 1556 802 1635; x_wconf 81' lang='lat' dir='ltr'><strong>intelligitur</strong></span> <span class='ocrx_word' id='word_1_90' title='bbox 822 1555 965 1635; x_wconf 91' lang='lat' dir='ltr'><strong>quid</strong></span> <span class='ocrx_word' id='word_1_91' title='bbox 988 1556 1102 1616; x_wconf 91' lang='lat' dir='ltr'><strong>sibi</strong></span> <span class='ocrx_word' id='word_1_92' title='bbox 1129 1557 1314 1617; x_wconf 89' lang='lat' dir='ltr'><strong>velint</strong></span> <span class='ocrx_word' id='word_1_93' title='bbox 1360 1576 1428 1617; x_wconf 90' lang='lat' dir='ltr'><strong>ea</strong></span> <span class='ocrx_word' id='word_1_94' title='bbox 1460 1575 1589 1636; x_wconf 64' lang='lat' dir='ltr'><strong>quae</strong></span> <span class='ocrx_word' id='word_1_95' title='bbox 1634 1558 1915 1636; x_wconf 81' lang='lat' dir='ltr'><strong>leguntur</strong></span> <span class='ocrx_word' id='word_1_96' title='bbox 1966 1566 2089 1619; x_wconf 91' lang='lat' dir='ltr'><strong>sta-</strong></span> 
     </span>
    </p>
   </div>
   <div class='ocr_carea' id='block_1_16' title="bbox 454 1645 2092 1726">
    <p class='ocr_par' dir='ltr' id='par_1_16' title="bbox 454 1645 2092 1726">
     <span class='ocr_line' id='line_1_16' title="bbox 454 1645 2092 1726; baseline -0.004 -18"><span class='ocrx_word' id='word_1_97' title='bbox 454 1649 553 1708; x_wconf 90' lang='lat' dir='ltr'><strong>tim</strong></span> <span class='ocrx_word' id='word_1_98' title='bbox 590 1647 649 1706; x_wconf 93' lang='lat' dir='ltr'><strong>in</strong></span> <span class='ocrx_word' id='word_1_99' title='bbox 678 1646 806 1724; x_wconf 89' lang='lat' dir='ltr'><strong>ipsa</strong></span> <span class='ocrx_word' id='word_1_100' title='bbox 858 1645 1250 1723; x_wconf 88' lang='lat' dir='ltr'><strong>inscriptione</strong></span> <span class='ocrx_word' id='word_1_101' title='bbox 1303 1647 1575 1726; x_wconf 90' lang='lat' dir='ltr'><strong>promissi</strong></span> <span class='ocrx_word' id='word_1_102' title='bbox 1637 1648 1834 1708; x_wconf 72' lang='lat' dir='ltr'><strong>ofﬁcii.</strong></span> <span class='ocrx_word' id='word_1_103' title='bbox 1876 1649 2092 1704; x_wconf 78' lang='grc' dir='ltr'><strong>Ψάλλο-</strong></span> 
     </span>
    </p>
   </div>
   <div class='ocr_carea' id='block_1_17' title="bbox 448 1732 2090 1816">
    <p class='ocr_par' dir='ltr' id='par_1_17' title="bbox 448 1732 2090 1816">
     <span class='ocr_line' id='line_1_17' title="bbox 448 1732 2090 1816; baseline 0.001 -24"><span class='ocrx_word' id='word_1_104' title='bbox 448 1760 545 1811; x_wconf 86' lang='grc' dir='ltr'><strong>μεν</strong></span> <span class='ocrx_word' id='word_1_105' title='bbox 605 1737 841 1816; x_wconf 77' lang='grc' dir='ltr'>στιχηρὰ</span> <span class='ocrx_word' id='word_1_106' title='bbox 918 1738 1237 1813; x_wconf 75' lang='grc' dir='ltr'><strong>προσόμοια,</strong></span> <span class='ocrx_word' id='word_1_107' title='bbox 1310 1732 1483 1816; x_wconf 68' lang='grc' dir='ltr'>Ἠχος</span> <span class='ocrx_word' id='word_1_108' title='bbox 1542 1736 1610 1794; x_wconf 77' lang='grc' dir='ltr'><strong>δ’.</strong></span> <span class='ocrx_word' id='word_1_109' title='bbox 1693 1736 1788 1798; x_wconf 70' lang='lat' dir='ltr'><strong>&#39;ch</strong></span> <span class='ocrx_word' id='word_1_110' title='bbox 1846 1751 2090 1814; x_wconf 71' lang='grc' dir='ltr'>γενναῖον</span> 
     </span>
    </p>
   </div>
   <div class='ocr_carea' id='block_1_18' title="bbox 2180 564 3829 649">
    <p class='ocr_par' dir='ltr' id='par_1_18' title="bbox 2180 564 3829 649">
     <span class='ocr_line' id='line_1_18' title="bbox 2180 564 3829 649; baseline -0.002 -21"><span class='ocrx_word' id='word_1_111' title='bbox 2180 570 2332 647; x_wconf 90' lang='lat' dir='ltr'><strong>quod</strong></span> <span class='ocrx_word' id='word_1_112' title='bbox 2356 570 2644 640; x_wconf 88' lang='lat' dir='ltr'><strong>attinet,is</strong></span> <span class='ocrx_word' id='word_1_113' title='bbox 2666 569 2835 631; x_wconf 92' lang='lat' dir='ltr'><strong>nobis</strong></span> <span class='ocrx_word' id='word_1_114' title='bbox 2851 587 3221 649; x_wconf 84' lang='lat' dir='ltr'><strong>nequaquam</strong></span> <span class='ocrx_word' id='word_1_115' title='bbox 3237 566 3646 645; x_wconf 80' lang='lat' dir='ltr'><strong>ofﬁcitzneque</strong></span> <span class='ocrx_word' id='word_1_116' title='bbox 3660 564 3829 626; x_wconf 85' lang='lat' dir='ltr'><strong>enim</strong></span> 
     </span>
    </p>
   </div>
   <div class='ocr_carea' id='block_1_19' title="bbox 2182 657 3829 738">
    <p class='ocr_par' dir='ltr' id='par_1_19' title="bbox 2182 657 3829 738">
     <span class='ocr_line' id='line_1_19' title="bbox 2182 657 3829 738; baseline -0.001 -21"><span class='ocrx_word' id='word_1_117' title='bbox 2182 658 2501 738; x_wconf 80' lang='lat' dir='ltr'><strong>quidquam</strong></span> <span class='ocrx_word' id='word_1_118' title='bbox 2527 659 2683 719; x_wconf 89' lang='lat' dir='ltr'><strong>aliud</strong></span> <span class='ocrx_word' id='word_1_119' title='bbox 2705 659 2788 720; x_wconf 90' lang='lat' dir='ltr'><strong>ibi</strong></span> <span class='ocrx_word' id='word_1_120' title='bbox 2809 660 2929 719; x_wconf 88' lang='lat' dir='ltr'><strong>vult</strong></span> <span class='ocrx_word' id='word_1_121' title='bbox 2951 657 3419 737; x_wconf 88' lang='lat' dir='ltr'><strong>Codinus,quam</strong></span> <span class='ocrx_word' id='word_1_122' title='bbox 3446 673 3627 733; x_wconf 90' lang='lat' dir='ltr'><strong>super</strong></span> <span class='ocrx_word' id='word_1_123' title='bbox 3649 673 3829 715; x_wconf 89' lang='lat' dir='ltr'><strong>men-</strong></span> 
     </span>
    </p>
   </div>
   <div class='ocr_carea' id='block_1_20' title="bbox 2180 744 3832 829">
    <p class='ocr_par' dir='ltr' id='par_1_20' title="bbox 2180 744 3832 829">
     <span class='ocr_line' id='line_1_20' title="bbox 2180 744 3832 829; baseline -0.005 -20"><span class='ocrx_word' id='word_1_124' title='bbox 2180 766 2305 809; x_wconf 89' lang='lat' dir='ltr'><strong>sam</strong></span> <span class='ocrx_word' id='word_1_125' title='bbox 2322 749 2701 829; x_wconf 88' lang='lat' dir='ltr'><strong>imperatoris</strong></span> <span class='ocrx_word' id='word_1_126' title='bbox 2716 751 3103 811; x_wconf 86' lang='lat' dir='ltr'><strong>acantorihus</strong></span> <span class='ocrx_word' id='word_1_127' title='bbox 3118 747 3352 809; x_wconf 90' lang='lat' dir='ltr'><strong>concini</strong></span> <span class='ocrx_word' id='word_1_128' title='bbox 3367 747 3521 807; x_wconf 90' lang='lat' dir='ltr'><strong>idem</strong></span> <span class='ocrx_word' id='word_1_129' title='bbox 3540 744 3832 805; x_wconf 60' lang='lat' dir='ltr'><strong>illudiiid-</strong></span> 
     </span>
    </p>
   </div>
   <div class='ocr_carea' id='block_1_21' title="bbox 2182 835 3833 917">
    <p class='ocr_par' dir='ltr' id='par_1_21' title="bbox 2182 835 3833 917">
     <span class='ocr_line' id='line_1_21' title="bbox 2182 835 3833 917; baseline 0.003 -24"><span class='ocrx_word' id='word_1_130' title='bbox 2182 838 2535 917; x_wconf 64' lang='lat' dir='ltr'><strong>ps).ov,qnod</strong></span> <span class='ocrx_word' id='word_1_131' title='bbox 2564 858 2634 899; x_wconf 95' lang='lat' dir='ltr'><strong>eo</strong></span> <span class='ocrx_word' id='word_1_132' title='bbox 2661 839 2757 899; x_wconf 85' lang='lat' dir='ltr'><strong>die</strong></span> <span class='ocrx_word' id='word_1_133' title='bbox 2780 838 3014 899; x_wconf 87' lang='lat' dir='ltr'><strong>canitur</strong></span> <span class='ocrx_word' id='word_1_134' title='bbox 3038 840 3096 898; x_wconf 91' lang='lat' dir='ltr'><strong>in</strong></span> <span class='ocrx_word' id='word_1_135' title='bbox 3117 837 3392 899; x_wconf 87' lang='lat' dir='ltr'><strong>ecclesia.</strong></span> <span class='ocrx_word' id='word_1_136' title='bbox 3414 835 3540 897; x_wconf 90' lang='lat' dir='ltr'><strong>Huc</strong></span> <span class='ocrx_word' id='word_1_137' title='bbox 3562 835 3833 910; x_wconf 79' lang='lat' dir='ltr'><strong>accedit,</strong></span> 
     </span>
    </p>
   </div>
   <div class='ocr_carea' id='block_1_22' title="bbox 2183 924 3836 1009">
    <p class='ocr_par' dir='ltr' id='par_1_22' title="bbox 2183 924 3836 1009">
     <span class='ocr_line' id='line_1_22' title="bbox 2183 924 3836 1009; baseline -0.002 -20"><span class='ocrx_word' id='word_1_138' title='bbox 2183 929 2339 1009; x_wconf 90' lang='lat' dir='ltr'><strong>quod</strong></span> <span class='ocrx_word' id='word_1_139' title='bbox 2364 928 2629 1003; x_wconf 79' lang='grc' dir='ltr'>ἰδιόμελον</span> <span class='ocrx_word' id='word_1_140' title='bbox 2652 929 2871 990; x_wconf 87' lang='lat' dir='ltr'><strong>ibidem</strong></span> <span class='ocrx_word' id='word_1_141' title='bbox 2889 930 2949 991; x_wconf 91' lang='lat' dir='ltr'><strong>in</strong></span> <span class='ocrx_word' id='word_1_142' title='bbox 2973 927 3237 1005; x_wconf 83' lang='lat' dir='ltr'><strong>margine</strong></span> <span class='ocrx_word' id='word_1_143' title='bbox 3258 926 3575 1006; x_wconf 87' lang='lat' dir='ltr'><strong>exponitur</strong></span> <span class='ocrx_word' id='word_1_144' title='bbox 3602 924 3836 1005; x_wconf 86' lang='lat' dir='ltr'><strong>proprii</strong></span> 
     </span>
    </p>
   </div>
   <div class='ocr_carea' id='block_1_23' title="bbox 2183 1014 3833 1098">
    <p class='ocr_par' dir='ltr' id='par_1_23' title="bbox 2183 1014 3833 1098">
     <span class='ocr_line' id='line_1_23' title="bbox 2183 1014 3833 1098; baseline -0.001 -20"><span class='ocrx_word' id='word_1_145' title='bbox 2183 1025 2389 1079; x_wconf 89' lang='lat' dir='ltr'><strong>cantus</strong></span> <span class='ocrx_word' id='word_1_146' title='bbox 2422 1019 2741 1079; x_wconf 87' lang='lat' dir='ltr'><strong>canticum.</strong></span> <span class='ocrx_word' id='word_1_147' title='bbox 2774 1019 2968 1098; x_wconf 87' lang='lat' dir='ltr'><strong>Atque</strong></span> <span class='ocrx_word' id='word_1_148' title='bbox 3002 1018 3127 1079; x_wconf 75' lang='lat' dir='ltr'><strong>hzec</strong></span> <span class='ocrx_word' id='word_1_149' title='bbox 3162 1015 3501 1095; x_wconf 76' lang='lat' dir='ltr'><strong>marginalia</strong></span> <span class='ocrx_word' id='word_1_150' title='bbox 3533 1014 3833 1092; x_wconf 86' lang='lat' dir='ltr'><strong>expositio</strong></span> 
     </span>
    </p>
   </div>
   <div class='ocr_carea' id='block_1_24' title="bbox 2184 1104 3831 1188">
    <p class='ocr_par' dir='ltr' id='par_1_24' title="bbox 2184 1104 3831 1188">
     <span class='ocr_line' id='line_1_24' title="bbox 2184 1104 3831 1188; baseline -0.001 -21"><span class='ocrx_word' id='word_1_151' title='bbox 2184 1108 2437 1169; x_wconf 85' lang='lat' dir='ltr'><strong>recurrit</strong></span> <span class='ocrx_word' id='word_1_152' title='bbox 2467 1108 2665 1169; x_wconf 90' lang='lat' dir='ltr'><strong>denuo</strong></span> <span class='ocrx_word' id='word_1_153' title='bbox 2709 1125 2835 1188; x_wconf 25' lang='lat' dir='ltr'><strong>cap.</strong></span> <span class='ocrx_word' id='word_1_154' title='bbox 2876 1109 2977 1183; x_wconf 83' lang='grc'><strong>10,</strong></span> <span class='ocrx_word' id='word_1_155' title='bbox 3011 1126 3174 1169; x_wconf 91' lang='lat' dir='ltr'><strong>num.</strong></span> <span class='ocrx_word' id='word_1_156' title='bbox 3210 1107 3272 1181; x_wconf 83' lang='grc'><strong>5,</strong></span> <span class='ocrx_word' id='word_1_157' title='bbox 3301 1104 3399 1167; x_wconf 91' lang='lat' dir='ltr'><strong>ubi</strong></span> <span class='ocrx_word' id='word_1_158' title='bbox 3434 1114 3634 1166; x_wconf 88' lang='lat' dir='ltr'><strong>narrat</strong></span> <span class='ocrx_word' id='word_1_159' title='bbox 3664 1104 3831 1166; x_wconf 90' lang='lat' dir='ltr'><strong>idem</strong></span> 
     </span>
    </p>
   </div>
   <div class='ocr_carea' id='block_1_25' title="bbox 2180 1195 3830 1278">
    <p class='ocr_par' dir='ltr' id='par_1_25' title="bbox 2180 1195 3830 1278">
     <span class='ocr_line' id='line_1_25' title="bbox 2180 1195 3830 1278; baseline -0.002 -18"><span class='ocrx_word' id='word_1_160' title='bbox 2180 1198 2463 1273; x_wconf 88' lang='lat' dir='ltr'><strong>Codinus,</strong></span> <span class='ocrx_word' id='word_1_161' title='bbox 2493 1199 2708 1278; x_wconf 86' lang='lat' dir='ltr'><strong>quibus</strong></span> <span class='ocrx_word' id='word_1_162' title='bbox 2739 1199 3111 1260; x_wconf 58' lang='lat' dir='ltr'><strong>cwremoniis</strong></span> <span class='ocrx_word' id='word_1_163' title='bbox 3143 1198 3290 1258; x_wconf 83' lang='lat' dir='ltr'><strong>festo</strong></span> <span class='ocrx_word' id='word_1_164' title='bbox 3322 1195 3657 1257; x_wconf 88' lang='lat' dir='ltr'><strong>Palmarum</strong></span> <span class='ocrx_word' id='word_1_165' title='bbox 3700 1217 3727 1258; x_wconf 85' lang='grc'><em>‹</em></span> <span class='ocrx_word' id='word_1_166' title='bbox 3760 1197 3830 1257; x_wconf 88' lang='lat' dir='ltr'><strong>in</strong></span> 
     </span>
    </p>
   </div>
   <div class='ocr_carea' id='block_1_26' title="bbox 2178 1285 3823 1369">
    <p class='ocr_par' dir='ltr' id='par_1_26' title="bbox 2178 1285 3823 1369">
     <span class='ocr_line' id='line_1_26' title="bbox 2178 1285 3823 1369; baseline 0 -22"><span class='ocrx_word' id='word_1_167' title='bbox 2178 1287 2581 1349; x_wconf 80' lang='lat' dir='ltr'><strong>ambulacrum</strong></span> <span class='ocrx_word' id='word_1_168' title='bbox 2600 1285 3574 1369; x_wconf 88' lang='lat' dir='ltr'><strong>veniatlampadarius,lampadem</strong></span> <span class='ocrx_word' id='word_1_169' title='bbox 3596 1286 3823 1366; x_wconf 86' lang='lat' dir='ltr'><strong>ferens,</strong></span> 
     </span>
    </p>
   </div>
   <div class='ocr_carea' id='block_1_27' title="bbox 2179 1375 3826 1458">
    <p class='ocr_par' dir='ltr' id='par_1_27' title="bbox 2179 1375 3826 1458">
     <span class='ocr_line' id='line_1_27' title="bbox 2179 1375 3826 1458; baseline 0.001 -22"><span class='ocrx_word' id='word_1_170' title='bbox 2179 1386 2485 1458; x_wconf 90' lang='lat' dir='ltr'><strong>totumque</strong></span> <span class='ocrx_word' id='word_1_171' title='bbox 2518 1378 2650 1438; x_wconf 85' lang='lat' dir='ltr'><strong>festi</strong></span> <span class='ocrx_word' id='word_1_172' title='bbox 2710 1380 3011 1457; x_wconf 87' lang='lat' dir='ltr'><strong>proprium</strong></span> <span class='ocrx_word' id='word_1_173' title='bbox 3066 1376 3356 1438; x_wconf 90' lang='lat' dir='ltr'><strong>canticum</strong></span> <span class='ocrx_word' id='word_1_174' title='bbox 3399 1375 3749 1450; x_wconf 90' lang='lat' dir='ltr'><strong>decantans,</strong></span> <span class='ocrx_word' id='word_1_175' title='bbox 3788 1394 3826 1438; x_wconf 88' lang='lat' dir='ltr'><strong>e</strong></span> 
     </span>
    </p>
   </div>
   <div class='ocr_carea' id='block_1_28' title="bbox 2178 1465 3824 1545">
    <p class='ocr_par' dir='ltr' id='par_1_28' title="bbox 2178 1465 3824 1545">
     <span class='ocr_line' id='line_1_28' title="bbox 2178 1465 3824 1545; baseline 0.002 -18"><span class='ocrx_word' id='word_1_176' title='bbox 2178 1468 2381 1528; x_wconf 83' lang='lat' dir='ltr'><strong>Graece</strong></span> <span class='ocrx_word' id='word_1_177' title='bbox 2407 1476 2632 1528; x_wconf 91' lang='lat' dir='ltr'><strong>tantum</strong></span> <span class='ocrx_word' id='word_1_178' title='bbox 2667 1477 2758 1527; x_wconf 89' lang='lat' dir='ltr'><strong>est</strong></span> <span class='ocrx_word' id='word_1_179' title='bbox 2780 1468 2997 1543; x_wconf 69' lang='grc' dir='ltr'>ψάλλων</span> <span class='ocrx_word' id='word_1_180' title='bbox 3032 1468 3155 1523; x_wconf 76' lang='grc' dir='ltr'>ὅλον</span> <span class='ocrx_word' id='word_1_181' title='bbox 3184 1470 3245 1522; x_wconf 76' lang='grc' dir='ltr'><strong>τὸ</strong></span> <span class='ocrx_word' id='word_1_182' title='bbox 3275 1465 3537 1541; x_wconf 74' lang='grc' dir='ltr'>ἰδιομελον</span> <span class='ocrx_word' id='word_1_183' title='bbox 3567 1476 3824 1545; x_wconf 68' lang='lat' dir='ltr'><strong>praeter-</strong></span> 
     </span>
    </p>
   </div>
   <div class='ocr_carea' id='block_1_29' title="bbox 2177 1555 3820 1636">
    <p class='ocr_par' dir='ltr' id='par_1_29' title="bbox 2177 1555 3820 1636">
     <span class='ocr_line' id='line_1_29' title="bbox 2177 1555 3820 1636; baseline 0.001 -19"><span class='ocrx_word' id='word_1_184' title='bbox 2177 1558 2362 1617; x_wconf 87' lang='lat' dir='ltr'><strong>misso</strong></span> <span class='ocrx_word' id='word_1_185' title='bbox 2396 1556 2598 1636; x_wconf 88' lang='lat' dir='ltr'><strong>verbo,</strong></span> <span class='ocrx_word' id='word_1_186' title='bbox 2632 1563 2729 1625; x_wconf 83' lang='grc' dir='ltr'><strong>τῆς</strong></span> <span class='ocrx_word' id='word_1_187' title='bbox 2764 1559 2972 1636; x_wconf 74' lang='grc' dir='ltr'><strong>ἓορτής.</strong></span> <span class='ocrx_word' id='word_1_188' title='bbox 3015 1555 3143 1619; x_wconf 87' lang='lat' dir='ltr'><strong>Jam</strong></span> <span class='ocrx_word' id='word_1_189' title='bbox 3180 1555 3479 1636; x_wconf 87' lang='lat' dir='ltr'><strong>veroquid</strong></span> <span class='ocrx_word' id='word_1_190' title='bbox 3512 1566 3621 1629; x_wconf 81' lang='lat' dir='ltr'><strong>est,</strong></span> <span class='ocrx_word' id='word_1_191' title='bbox 3647 1575 3820 1618; x_wconf 89' lang='lat' dir='ltr'><strong>ama—</strong></span> 
     </span>
    </p>
   </div>
   <div class='ocr_carea' id='block_1_30' title="bbox 2177 1646 3819 1727">
    <p class='ocr_par' dir='ltr' id='par_1_30' title="bbox 2177 1646 3819 1727">
     <span class='ocr_line' id='line_1_30' title="bbox 2177 1646 3819 1727; baseline 0.001 -20"><span class='ocrx_word' id='word_1_192' title='bbox 2177 1646 2275 1721; x_wconf 90' lang='lat' dir='ltr'><strong>bo,</strong></span> <span class='ocrx_word' id='word_1_193' title='bbox 2345 1672 2371 1702; x_wconf 83' lang='grc' dir='ltr'><strong>ιι</strong></span> <span class='ocrx_word' id='word_1_194' title='bbox 2435 1647 2655 1727; x_wconf 86' lang='lat' dir='ltr'><strong>proprii</strong></span> <span class='ocrx_word' id='word_1_195' title='bbox 2724 1656 2935 1708; x_wconf 83' lang='lat' dir='ltr'><strong>cantus</strong></span> <span class='ocrx_word' id='word_1_196' title='bbox 2995 1646 3314 1718; x_wconf 84' lang='lat' dir='ltr'><strong>canticum,</strong></span> <span class='ocrx_word' id='word_1_197' title='bbox 3357 1670 3377 1701; x_wconf 74' lang='grc' dir='ltr'><strong>ι</strong></span> <span class='ocrx_word' id='word_1_198' title='bbox 3446 1646 3561 1708; x_wconf 88' lang='lat' dir='ltr'><strong>nisi</strong></span> <span class='ocrx_word' id='word_1_199' title='bbox 3625 1649 3819 1709; x_wconf 84' lang='lat' dir='ltr'><strong>canti-</strong></span> 
     </span>
    </p>
   </div>
   <div class='ocr_carea' id='block_1_31' title="bbox 2177 1734 3821 1817">
    <p class='ocr_par' dir='ltr' id='par_1_31' title="bbox 2177 1734 3821 1817">
     <span class='ocr_line' id='line_1_31' title="bbox 2177 1734 3821 1817; baseline 0.002 -22"><span class='ocrx_word' id='word_1_200' title='bbox 2177 1755 2311 1796; x_wconf 88' lang='lat' dir='ltr'><strong>cum</strong></span> <span class='ocrx_word' id='word_1_201' title='bbox 2346 1736 2628 1817; x_wconf 85' lang='lat' dir='ltr'><strong>peculiari</strong></span> <span class='ocrx_word' id='word_1_202' title='bbox 2663 1756 2729 1797; x_wconf 88' lang='lat' dir='ltr'><strong>ac</strong></span> <span class='ocrx_word' id='word_1_203' title='bbox 2768 1735 3009 1816; x_wconf 84' lang='lat' dir='ltr'><strong>prOprio</strong></span> <span class='ocrx_word' id='word_1_204' title='bbox 3043 1734 3389 1796; x_wconf 85' lang='lat' dir='ltr'><strong>modulandi</strong></span> <span class='ocrx_word' id='word_1_205' title='bbox 3428 1755 3649 1813; x_wconf 87' lang='lat' dir='ltr'><strong>genere</strong></span> <span class='ocrx_word' id='word_1_206' title='bbox 3672 1756 3821 1801; x_wconf 91' lang='lat' dir='ltr'><strong>can-</strong></span> 
     </span>
    </p>
   </div>
   <div class='ocr_carea' id='block_1_32' title="bbox 444 1826 2088 1905">
    <p class='ocr_par' dir='ltr' id='par_1_32' title="bbox 444 1826 2085 1905">
     <span class='ocr_line' id='line_1_32' title="bbox 444 1826 2085 1905; baseline -0.001 -22"><span class='ocrx_word' id='word_1_207' title='bbox 444 1828 499 1883; x_wconf 85' lang='grc' dir='ltr'><strong>ἐν</strong></span> <span class='ocrx_word' id='word_1_208' title='bbox 533 1827 820 1904; x_wconf 78' lang='grc' dir='ltr'>μάρχυσιν.</span> <span class='ocrx_word' id='word_1_209' title='bbox 878 1826 955 1886; x_wconf 81' lang='lat' dir='ltr'><strong>At</strong></span> <span class='ocrx_word' id='word_1_210' title='bbox 1016 1843 1153 1885; x_wconf 89' lang='lat' dir='ltr'><strong>vero</strong></span> <span class='ocrx_word' id='word_1_211' title='bbox 1213 1844 1328 1886; x_wconf 90' lang='lat' dir='ltr'><strong>non</strong></span> <span class='ocrx_word' id='word_1_212' title='bbox 1391 1826 1642 1905; x_wconf 90' lang='lat' dir='ltr'><strong>quilibet</strong></span> <span class='ocrx_word' id='word_1_213' title='bbox 1698 1844 1906 1889; x_wconf 87' lang='lat' dir='ltr'><strong>versus</strong></span> <span class='ocrx_word' id='word_1_214' title='bbox 1968 1849 2085 1882; x_wconf 84' lang='grc' dir='ltr'>στι-</span> 
     </span>
    </p>
   </div>
   <div class='ocr_carea' id='block_1_33' title="bbox 2178 1826 2466 1905">
    <p class='ocr_par' dir='ltr' id='par_1_33' title="bbox 2178 1826 2466 1888">
     <span class='ocr_line' id='line_1_33' title="bbox 2178 1826 2466 1888; baseline -0.003 -2"><span class='ocrx_word' id='word_1_215' title='bbox 2178 1826 2419 1888; x_wconf 89' lang='lat' dir='ltr'><strong>tandum</strong></span> <span class='ocrx_word' id='word_1_216' title='bbox 2441 1832 2466 1885; x_wconf 67' lang='grc' dir='ltr'><strong>’ἰ</strong></span> 
     </span>
    </p>
   </div>
   <div class='ocr_carea' id='block_1_34' title="bbox 443 1914 2088 1997">
    <p class='ocr_par' dir='ltr' id='par_1_34' title="bbox 443 1914 2088 1997">
     <span class='ocr_line' id='line_1_34' title="bbox 443 1914 2088 1997; baseline 0.002 -23"><span class='ocrx_word' id='word_1_217' title='bbox 443 1917 590 1997; x_wconf 75' lang='grc' dir='ltr'>χηρὰ</span> <span class='ocrx_word' id='word_1_218' title='bbox 624 1915 959 1976; x_wconf 89' lang='lat' dir='ltr'><strong>vocitantur</strong></span> <span class='ocrx_word' id='word_1_219' title='bbox 982 1938 1005 1986; x_wconf 90' lang='lat'><em>;</em></span> <span class='ocrx_word' id='word_1_220' title='bbox 1030 1914 1132 1975; x_wconf 89' lang='lat' dir='ltr'><strong>sed</strong></span> <span class='ocrx_word' id='word_1_221' title='bbox 1168 1914 1280 1975; x_wconf 92' lang='lat' dir='ltr'><strong>soli</strong></span> <span class='ocrx_word' id='word_1_222' title='bbox 1310 1914 1396 1975; x_wconf 90' lang='lat' dir='ltr'><strong>illi</strong></span> <span class='ocrx_word' id='word_1_223' title='bbox 1427 1916 1530 1996; x_wconf 91' lang='lat' dir='ltr'><strong>qui</strong></span> <span class='ocrx_word' id='word_1_224' title='bbox 1565 1916 1736 1996; x_wconf 90' lang='lat' dir='ltr'><strong>paulo</strong></span> <span class='ocrx_word' id='word_1_225' title='bbox 1789 1917 2088 1995; x_wconf 82' lang='lat' dir='ltr'><strong>longiores</strong></span> 
     </span>
    </p>
   </div>
   <div class='ocr_carea' id='block_1_35' title="bbox 444 2004 2084 2087">
    <p class='ocr_par' dir='ltr' id='par_1_35' title="bbox 444 2004 2084 2087">
     <span class='ocr_line' id='line_1_35' title="bbox 444 2004 2084 2087; baseline 0.001 -20"><span class='ocrx_word' id='word_1_226' title='bbox 444 2016 603 2077; x_wconf 88' lang='lat' dir='ltr'><strong>sunt,</strong></span> <span class='ocrx_word' id='word_1_227' title='bbox 630 2012 687 2066; x_wconf 89' lang='lat' dir='ltr'><strong>et</strong></span> <span class='ocrx_word' id='word_1_228' title='bbox 712 2004 783 2065; x_wconf 93' lang='lat' dir='ltr'><strong>ab</strong></span> <span class='ocrx_word' id='word_1_229' title='bbox 817 2004 1278 2085; x_wconf 80' lang='lat' dir='ltr'><strong>Hymnographo</strong></span> <span class='ocrx_word' id='word_1_230' title='bbox 1303 2005 1706 2067; x_wconf 82' lang='lat' dir='ltr'><strong>ecclesiastico</strong></span> <span class='ocrx_word' id='word_1_231' title='bbox 1740 2008 2084 2087; x_wconf 85' lang='lat' dir='ltr'><strong>conscripti.</strong></span> 
     </span>
    </p>
   </div>
   <div class='ocr_carea' id='block_1_36' title="bbox 444 2094 2088 2169">
    <p class='ocr_par' dir='ltr' id='par_1_36' title="bbox 444 2094 2088 2169">
     <span class='ocr_line' id='line_1_36' title="bbox 444 2094 2088 2169; baseline 0.001 -12"><span class='ocrx_word' id='word_1_232' title='bbox 444 2096 588 2157; x_wconf 87' lang='lat' dir='ltr'><strong>Nam</strong></span> <span class='ocrx_word' id='word_1_233' title='bbox 615 2113 822 2157; x_wconf 89' lang='lat' dir='ltr'><strong>versus</strong></span> <span class='ocrx_word' id='word_1_234' title='bbox 852 2094 1183 2169; x_wconf 87' lang='lat' dir='ltr'><strong>breviores,</strong></span> <span class='ocrx_word' id='word_1_235' title='bbox 1209 2104 1268 2155; x_wconf 88' lang='lat' dir='ltr'><strong>et</strong></span> <span class='ocrx_word' id='word_1_236' title='bbox 1298 2114 1331 2157; x_wconf 93' lang='lat' dir='ltr'><strong>e</strong></span> <span class='ocrx_word' id='word_1_237' title='bbox 1361 2096 1613 2157; x_wconf 89' lang='lat' dir='ltr'><strong>Psalmis</strong></span> <span class='ocrx_word' id='word_1_238' title='bbox 1645 2095 1963 2169; x_wconf 84' lang='lat' dir='ltr'><strong>Davidicis,</strong></span> <span class='ocrx_word' id='word_1_239' title='bbox 1996 2098 2088 2158; x_wconf 90' lang='lat' dir='ltr'><strong>vel</strong></span> 
     </span>
    </p>
   </div>
   <div class='ocr_carea' id='block_1_37' title="bbox 442 2184 2084 2268">
    <p class='ocr_par' dir='ltr' id='par_1_37' title="bbox 442 2184 2084 2268">
     <span class='ocr_line' id='line_1_37' title="bbox 442 2184 2084 2268; baseline -0.001 -20"><span class='ocrx_word' id='word_1_240' title='bbox 442 2186 575 2248; x_wconf 86' lang='lat' dir='ltr'><strong>aliis</strong></span> <span class='ocrx_word' id='word_1_241' title='bbox 596 2184 925 2264; x_wconf 61' lang='lat' dir='ltr'><strong>Scriptura;</strong></span> <span class='ocrx_word' id='word_1_242' title='bbox 955 2184 1102 2245; x_wconf 85' lang='lat' dir='ltr'><strong>locis</strong></span> <span class='ocrx_word' id='word_1_243' title='bbox 1143 2192 1430 2265; x_wconf 82' lang='lat' dir='ltr'><strong>excerpti,</strong></span> <span class='ocrx_word' id='word_1_244' title='bbox 1466 2186 1839 2265; x_wconf 85' lang='lat' dir='ltr'><strong>appellantur</strong></span> <span class='ocrx_word' id='word_1_245' title='bbox 1881 2190 2084 2268; x_wconf 66' lang='grc' dir='ltr'>στίχοι.</span> 
     </span>
    </p>
   </div>
   <div class='ocr_carea' id='block_1_38' title="bbox 445 2274 2087 2355">
    <p class='ocr_par' dir='ltr' id='par_1_38' title="bbox 445 2274 2087 2355">
     <span class='ocr_line' id='line_1_38' title="bbox 445 2274 2087 2355; baseline 0.002 -19"><span class='ocrx_word' id='word_1_246' title='bbox 445 2275 599 2337; x_wconf 89' lang='lat' dir='ltr'><strong>Hinc</strong></span> <span class='ocrx_word' id='word_1_247' title='bbox 625 2282 815 2337; x_wconf 88' lang='lat' dir='ltr'><strong>oritur</strong></span> <span class='ocrx_word' id='word_1_248' title='bbox 839 2274 1178 2355; x_wconf 71' lang='grc' dir='ltr'>στιχολογία,</span> <span class='ocrx_word' id='word_1_249' title='bbox 1201 2294 1332 2355; x_wconf 56' lang='lat' dir='ltr'><strong>qua</strong></span> <span class='ocrx_word' id='word_1_250' title='bbox 1358 2284 1447 2336; x_wconf 92' lang='lat' dir='ltr'><strong>est</strong></span> <span class='ocrx_word' id='word_1_251' title='bbox 1465 2276 1695 2337; x_wconf 89' lang='lat' dir='ltr'><strong>alterna</strong></span> <span class='ocrx_word' id='word_1_252' title='bbox 1718 2276 2087 2339; x_wconf 90' lang='lat' dir='ltr'><strong>Psalmorum</strong></span> 
     </span>
    </p>
   </div>
   <div class='ocr_carea' id='block_1_39' title="bbox 449 2364 2085 2446">
    <p class='ocr_par' dir='ltr' id='par_1_39' title="bbox 449 2364 2085 2446">
     <span class='ocr_line' id='line_1_39' title="bbox 449 2364 2085 2446; baseline -0.001 -17"><span class='ocrx_word' id='word_1_253' title='bbox 449 2364 863 2429; x_wconf 88' lang='lat' dir='ltr'><strong>Davidicorum</strong></span> <span class='ocrx_word' id='word_1_254' title='bbox 888 2382 998 2441; x_wconf 88' lang='lat' dir='ltr'><strong>per</strong></span> <span class='ocrx_word' id='word_1_255' title='bbox 1013 2382 1222 2426; x_wconf 89' lang='lat' dir='ltr'><strong>versus</strong></span> <span class='ocrx_word' id='word_1_256' title='bbox 1246 2364 1535 2427; x_wconf 85' lang='lat' dir='ltr'><strong>recitatio.</strong></span> <span class='ocrx_word' id='word_1_257' title='bbox 1570 2364 1698 2426; x_wconf 88' lang='lat' dir='ltr'><strong>Non</strong></span> <span class='ocrx_word' id='word_1_258' title='bbox 1730 2384 1970 2446; x_wconf 90' lang='lat' dir='ltr'><strong>possum</strong></span> <span class='ocrx_word' id='word_1_259' title='bbox 1997 2377 2085 2429; x_wconf 91' lang='lat' dir='ltr'><strong>ta-</strong></span> 
     </span>
    </p>
   </div>
   <div class='ocr_carea' id='block_1_40' title="bbox 446 2453 2082 2535">
    <p class='ocr_par' dir='ltr' id='par_1_40' title="bbox 446 2453 2082 2535">
     <span class='ocr_line' id='line_1_40' title="bbox 446 2453 2082 2535; baseline 0.002 -20"><span class='ocrx_word' id='word_1_260' title='bbox 446 2473 581 2516; x_wconf 87' lang='lat' dir='ltr'><strong>men</strong></span> <span class='ocrx_word' id='word_1_261' title='bbox 604 2454 893 2516; x_wconf 85' lang='lat' dir='ltr'><strong>assentire</strong></span> <span class='ocrx_word' id='word_1_262' title='bbox 913 2453 1262 2534; x_wconf 86' lang='lat' dir='ltr'><strong>Cangio,qui</strong></span> <span class='ocrx_word' id='word_1_263' title='bbox 1280 2464 1447 2535; x_wconf 85' lang='lat' dir='ltr'><strong>putat</strong></span> <span class='ocrx_word' id='word_1_264' title='bbox 1471 2457 2082 2535; x_wconf 54' lang='lat' dir='ltr'><strong>artxoc,versiei¢lum,</strong></span> 
     </span>
    </p>
   </div>
   <div class='ocr_carea' id='block_1_41' title="bbox 442 2544 2081 2625">
    <p class='ocr_par' dir='ltr' id='par_1_41' title="bbox 442 2544 2081 2625">
     <span class='ocr_line' id='line_1_41' title="bbox 442 2544 2081 2625; baseline 0.002 -21"><span class='ocrx_word' id='word_1_265' title='bbox 442 2554 501 2607; x_wconf 91' lang='lat' dir='ltr'><strong>et</strong></span> <span class='ocrx_word' id='word_1_266' title='bbox 524 2546 785 2623; x_wconf 74' lang='grc' dir='ltr'>στιχηρὸν</span> <span class='ocrx_word' id='word_1_267' title='bbox 808 2561 1069 2615; x_wconf 84' lang='lat' dir='ltr'><strong>versum,</strong></span> <span class='ocrx_word' id='word_1_268' title='bbox 1098 2544 1304 2606; x_wconf 90' lang='lat' dir='ltr'><strong>Latine</strong></span> <span class='ocrx_word' id='word_1_269' title='bbox 1329 2544 1498 2606; x_wconf 90' lang='lat' dir='ltr'><strong>reddi</strong></span> <span class='ocrx_word' id='word_1_270' title='bbox 1522 2564 1717 2625; x_wconf 86' lang='lat' dir='ltr'><strong>posse.</strong></span> <span class='ocrx_word' id='word_1_271' title='bbox 1745 2550 1893 2607; x_wconf 88' lang='lat' dir='ltr'><strong>Cum</strong></span> <span class='ocrx_word' id='word_1_272' title='bbox 1920 2548 2081 2608; x_wconf 91' lang='lat' dir='ltr'><strong>enim</strong></span> 
     </span>
    </p>
   </div>
   <div class='ocr_carea' id='block_1_42' title="bbox 444 2633 2081 2718">
    <p class='ocr_par' dir='ltr' id='par_1_42' title="bbox 444 2633 2081 2718">
     <span class='ocr_line' id='line_1_42' title="bbox 444 2633 2081 2718; baseline 0.001 -23"><span class='ocrx_word' id='word_1_273' title='bbox 444 2638 531 2712; x_wconf 89' lang='lat' dir='ltr'><strong>(ut</strong></span> <span class='ocrx_word' id='word_1_274' title='bbox 582 2653 653 2695; x_wconf 82' lang='lat' dir='ltr'><strong>ex</strong></span> <span class='ocrx_word' id='word_1_275' title='bbox 705 2634 826 2709; x_wconf 86' lang='lat' dir='ltr'><strong>jam</strong></span> <span class='ocrx_word' id='word_1_276' title='bbox 881 2633 1057 2695; x_wconf 91' lang='lat' dir='ltr'><strong>dictis</strong></span> <span class='ocrx_word' id='word_1_277' title='bbox 1114 2642 1363 2708; x_wconf 86' lang='lat' dir='ltr'><strong>constat,</strong></span> <span class='ocrx_word' id='word_1_278' title='bbox 1412 2642 1469 2695; x_wconf 90' lang='lat' dir='ltr'><strong>et</strong></span> <span class='ocrx_word' id='word_1_279' title='bbox 1525 2636 1937 2698; x_wconf 83' lang='lat' dir='ltr'><strong>animadvertit</strong></span> <span class='ocrx_word' id='word_1_280' title='bbox 1985 2639 2081 2718; x_wconf 90' lang='lat' dir='ltr'><strong>ip-</strong></span> 
     </span>
    </p>
   </div>
   <div class='ocr_carea' id='block_1_43' title="bbox 441 2723 2081 2809">
    <p class='ocr_par' dir='ltr' id='par_1_43' title="bbox 441 2723 2081 2809">
     <span class='ocr_line' id='line_1_43' title="bbox 441 2723 2081 2809; baseline -0.002 -23"><span class='ocrx_word' id='word_1_281' title='bbox 441 2744 506 2788; x_wconf 90' lang='lat' dir='ltr'><strong>se</strong></span> <span class='ocrx_word' id='word_1_282' title='bbox 537 2723 813 2805; x_wconf 79' lang='lat' dir='ltr'><strong>Cangius)</strong></span> <span class='ocrx_word' id='word_1_283' title='bbox 877 2727 1062 2805; x_wconf 78' lang='grc' dir='ltr'>στίχος</span> <span class='ocrx_word' id='word_1_284' title='bbox 1128 2724 1451 2804; x_wconf 60' lang='lat' dir='ltr'><strong>Scriptura;</strong></span> <span class='ocrx_word' id='word_1_285' title='bbox 1511 2726 1728 2802; x_wconf 88' lang='lat' dir='ltr'><strong>verbis,</strong></span> <span class='ocrx_word' id='word_1_286' title='bbox 1762 2737 1820 2789; x_wconf 92' lang='lat' dir='ltr'><strong>et</strong></span> <span class='ocrx_word' id='word_1_287' title='bbox 1877 2752 2081 2809; x_wconf 54' lang='lat' dir='ltr'><strong>cum-</strong></span> 
     </span>
    </p>
   </div>
   <div class='ocr_carea' id='block_1_44' title="bbox 443 2814 2082 2897">
    <p class='ocr_par' dir='ltr' id='par_1_44' title="bbox 443 2814 2082 2897">
     <span class='ocr_line' id='line_1_44' title="bbox 443 2814 2082 2897; baseline 0.005 -25"><span class='ocrx_word' id='word_1_288' title='bbox 443 2820 533 2893; x_wconf 82' lang='grc' dir='ltr'><strong>ρὸν</strong></span> <span class='ocrx_word' id='word_1_289' title='bbox 585 2814 783 2877; x_wconf 84' lang='lat' dir='ltr'><strong>verbis</strong></span> <span class='ocrx_word' id='word_1_290' title='bbox 833 2816 1278 2896; x_wconf 80' lang='lat' dir='ltr'><strong>Hymnographi</strong></span> <span class='ocrx_word' id='word_1_291' title='bbox 1327 2826 1735 2897; x_wconf 86' lang='lat' dir='ltr'><strong>contexantur,</strong></span> <span class='ocrx_word' id='word_1_292' title='bbox 1774 2819 1863 2878; x_wconf 68' lang='lat' dir='ltr'><strong>ha}</strong></span> <span class='ocrx_word' id='word_1_293' title='bbox 1910 2838 2082 2879; x_wconf 87' lang='lat' dir='ltr'><strong>voces</strong></span> 
     </span>
    </p>
   </div>
   <div class='ocr_carea' id='block_1_45' title="bbox 438 2906 2083 2969">
    <p class='ocr_par' dir='ltr' id='par_1_45' title="bbox 438 2906 2083 2969">
     <span class='ocr_line' id='line_1_45' title="bbox 438 2906 2083 2969; baseline 0 0"><span class='ocrx_word' id='word_1_294' title='bbox 438 2924 651 2969; x_wconf 80' lang='lat' dir='ltr'><strong>versus</strong></span> <span class='ocrx_word' id='word_1_295' title='bbox 674 2914 731 2966; x_wconf 90' lang='lat' dir='ltr'><strong>et</strong></span> <span class='ocrx_word' id='word_1_296' title='bbox 754 2908 1090 2967; x_wconf 70' lang='lat' dir='ltr'><strong>versiculus</strong></span> <span class='ocrx_word' id='word_1_297' title='bbox 1110 2906 1266 2967; x_wconf 90' lang='lat' dir='ltr'><strong>istud</strong></span> <span class='ocrx_word' id='word_1_298' title='bbox 1292 2908 1615 2968; x_wconf 86' lang='lat' dir='ltr'><strong>discrimen</strong></span> <span class='ocrx_word' id='word_1_299' title='bbox 1642 2908 1797 2969; x_wconf 90' lang='lat' dir='ltr'><strong>haud</strong></span> <span class='ocrx_word' id='word_1_300' title='bbox 1827 2909 1967 2969; x_wconf 89' lang='lat' dir='ltr'><strong>satis</strong></span> <span class='ocrx_word' id='word_1_301' title='bbox 1981 2909 2083 2969; x_wconf 88' lang='lat' dir='ltr'><strong>de-</strong></span> 
     </span>
    </p>
   </div>
   <div class='ocr_carea' id='block_1_46' title="bbox 439 2995 2083 3077">
    <p class='ocr_par' dir='ltr' id='par_1_46' title="bbox 439 2995 2083 3077">
     <span class='ocr_line' id='line_1_46' title="bbox 439 2995 2083 3077; baseline 0.001 -20"><span class='ocrx_word' id='word_1_302' title='bbox 439 2998 690 3059; x_wconf 89' lang='lat' dir='ltr'><strong>clarant.</strong></span> <span class='ocrx_word' id='word_1_303' title='bbox 726 2995 872 3056; x_wconf 86' lang='lat' dir='ltr'><strong>Nolo</strong></span> <span class='ocrx_word' id='word_1_304' title='bbox 907 3007 1103 3057; x_wconf 87' lang='lat' dir='ltr'><strong>tamen</strong></span> <span class='ocrx_word' id='word_1_305' title='bbox 1139 2997 1501 3077; x_wconf 67' lang='grc' dir='ltr'>λογομαχεῖν,</span> <span class='ocrx_word' id='word_1_306' title='bbox 1540 2999 1670 3058; x_wconf 91' lang='lat' dir='ltr'><strong>sive</strong></span> <span class='ocrx_word' id='word_1_307' title='bbox 1711 2998 2083 3058; x_wconf 87' lang='lat' dir='ltr'><strong>contendere</strong></span> 
     </span>
    </p>
   </div>
   <div class='ocr_carea' id='block_1_47' title="bbox 440 3084 2079 3165">
    <p class='ocr_par' dir='ltr' id='par_1_47' title="bbox 440 3084 2079 3165">
     <span class='ocr_line' id='line_1_47' title="bbox 440 3084 2079 3165; baseline -0.001 -18"><span class='ocrx_word' id='word_1_308' title='bbox 440 3088 514 3147; x_wconf 94' lang='lat' dir='ltr'><strong>de</strong></span> <span class='ocrx_word' id='word_1_309' title='bbox 543 3088 804 3147; x_wconf 92' lang='lat' dir='ltr'><strong>nomine.</strong></span> <span class='ocrx_word' id='word_1_310' title='bbox 840 3084 1214 3165; x_wconf 85' lang='lat' dir='ltr'><strong>Quapropter</strong></span> <span class='ocrx_word' id='word_1_311' title='bbox 1259 3088 1434 3149; x_wconf 86' lang='lat' dir='ltr'><strong>modo</strong></span> <span class='ocrx_word' id='word_1_312' title='bbox 1467 3086 1713 3164; x_wconf 88' lang='lat' dir='ltr'><strong>intelligi</strong></span> <span class='ocrx_word' id='word_1_313' title='bbox 1746 3105 1840 3146; x_wconf 92' lang='lat' dir='ltr'><strong>me</strong></span> <span class='ocrx_word' id='word_1_314' title='bbox 1871 3087 2079 3163; x_wconf 89' lang='lat' dir='ltr'><strong>sciam,</strong></span> 
     </span>
    </p>
   </div>
   <div class='ocr_carea' id='block_1_48' title="bbox 2175 1919 3817 2002">
    <p class='ocr_par' dir='ltr' id='par_1_48' title="bbox 2175 1919 3817 2002">
     <span class='ocr_line' id='line_1_48' title="bbox 2175 1919 3817 2002; baseline 0.004 -24"><span class='ocrx_word' id='word_1_315' title='bbox 2175 1921 2202 1999; x_wconf 81' lang='lat'>§</span> <span class='ocrx_word' id='word_1_316' title='bbox 2248 1919 2314 1982; x_wconf 87' lang='grc' dir='ltr'><strong>ΙΙ.</strong></span> <span class='ocrx_word' id='word_1_317' title='bbox 2370 1920 2532 1981; x_wconf 84' lang='lat' dir='ltr'><strong>Unde</strong></span> <span class='ocrx_word' id='word_1_318' title='bbox 2562 1920 2723 1981; x_wconf 80' lang='lat' dir='ltr'><strong>dicta</strong></span> <span class='ocrx_word' id='word_1_319' title='bbox 2774 1920 3030 1996; x_wconf 88' lang='lat' dir='ltr'><strong>troparia</strong></span> <span class='ocrx_word' id='word_1_320' title='bbox 3064 1928 3121 1980; x_wconf 80' lang='lat' dir='ltr'><strong>et</strong></span> <span class='ocrx_word' id='word_1_321' title='bbox 3156 1919 3377 2002; x_wconf 85' lang='lat' dir='ltr'><strong>hirmi;</strong></span> <span class='ocrx_word' id='word_1_322' title='bbox 3417 1928 3553 2000; x_wconf 78' lang='lat' dir='ltr'><strong>quis</strong></span> <span class='ocrx_word' id='word_1_323' title='bbox 3602 1921 3817 1985; x_wconf 80' lang='lat' dir='ltr'><strong>horum</strong></span> 
     </span>
    </p>
   </div>
   <div class='ocr_carea' id='block_1_49' title="bbox 2909 2027 3077 2069">
    <p class='ocr_par' dir='ltr' id='par_1_49' title="bbox 2909 2027 3077 2069">
     <span class='ocr_line' id='line_1_49' title="bbox 2909 2027 3077 2069; baseline -0.024 0"><span class='ocrx_word' id='word_1_324' title='bbox 2909 2027 3077 2069; x_wconf 69' lang='lat' dir='ltr'><strong>usus.</strong></span> 
     </span>
    </p>
   </div>
   <div class='ocr_carea' id='block_1_50' title="bbox 2252 2101 3811 2185">
    <p class='ocr_par' dir='ltr' id='par_1_50' title="bbox 2252 2101 3811 2185">
     <span class='ocr_line' id='line_1_50' title="bbox 2252 2101 3811 2185; baseline 0.003 -24"><span class='ocrx_word' id='word_1_325' title='bbox 2252 2104 2373 2163; x_wconf 84' lang='grc' dir='ltr'><strong>8.Α</strong></span> <span class='ocrx_word' id='word_1_326' title='bbox 2392 2102 2669 2164; x_wconf 91' lang='lat' dir='ltr'><strong>sticheris</strong></span> <span class='ocrx_word' id='word_1_327' title='bbox 2691 2101 2762 2163; x_wconf 89' lang='lat' dir='ltr'><strong>ad</strong></span> <span class='ocrx_word' id='word_1_328' title='bbox 2788 2102 3043 2180; x_wconf 79' lang='lat' dir='ltr'><strong>troparia</strong></span> <span class='ocrx_word' id='word_1_329' title='bbox 3076 2103 3405 2164; x_wconf 86' lang='lat' dir='ltr'><strong>veniamus.</strong></span> <span class='ocrx_word' id='word_1_330' title='bbox 3432 2103 3811 2185; x_wconf 89' lang='lat' dir='ltr'><strong>Troparium,</strong></span> 
     </span>
    </p>
   </div>
   <div class='ocr_carea' id='block_1_51' title="bbox 2171 2191 3821 2273">
    <p class='ocr_par' dir='ltr' id='par_1_51' title="bbox 2171 2191 3821 2273">
     <span class='ocr_line' id='line_1_51' title="bbox 2171 2191 3821 2273; baseline 0.003 -22"><span class='ocrx_word' id='word_1_331' title='bbox 2171 2191 2367 2273; x_wconf 90' lang='lat' dir='ltr'><strong>inquit</strong></span> <span class='ocrx_word' id='word_1_332' title='bbox 2389 2195 2617 2255; x_wconf 87' lang='lat' dir='ltr'><strong>Goarus</strong></span> <span class='ocrx_word' id='word_1_333' title='bbox 2646 2208 2778 2269; x_wconf 83' lang='lat' dir='ltr'><strong>pag.</strong></span> <span class='ocrx_word' id='word_1_334' title='bbox 2803 2191 2899 2265; x_wconf 73' lang='lat'><strong>3-2,</strong></span> <span class='ocrx_word' id='word_1_335' title='bbox 2926 2210 3031 2252; x_wconf 87' lang='lat' dir='ltr'><strong>vox</strong></span> <span class='ocrx_word' id='word_1_336' title='bbox 3058 2193 3337 2270; x_wconf 83' lang='lat' dir='ltr'><strong>generica</strong></span> <span class='ocrx_word' id='word_1_337' title='bbox 3363 2202 3471 2265; x_wconf 81' lang='lat' dir='ltr'><strong>est,</strong></span> <span class='ocrx_word' id='word_1_338' title='bbox 3508 2201 3568 2255; x_wconf 94' lang='lat' dir='ltr'><strong>et</strong></span> <span class='ocrx_word' id='word_1_339' title='bbox 3588 2194 3821 2256; x_wconf 88' lang='lat' dir='ltr'><strong>cunctis</strong></span> 
     </span>
    </p>
   </div>
   <div class='ocr_carea' id='block_1_52' title="bbox 2172 2280 3821 2363">
    <p class='ocr_par' dir='ltr' id='par_1_52' title="bbox 2172 2280 3821 2363">
     <span class='ocr_line' id='line_1_52' title="bbox 2172 2280 3821 2363; baseline 0.002 -20"><span class='ocrx_word' id='word_1_340' title='bbox 2172 2282 2418 2344; x_wconf 90' lang='lat' dir='ltr'><strong>canticis</strong></span> <span class='ocrx_word' id='word_1_341' title='bbox 2439 2282 2498 2342; x_wconf 92' lang='lat' dir='ltr'><strong>in</strong></span> <span class='ocrx_word' id='word_1_342' title='bbox 2526 2282 2798 2343; x_wconf 79' lang='lat' dir='ltr'><strong>Ecclesia</strong></span> <span class='ocrx_word' id='word_1_343' title='bbox 2820 2280 3021 2342; x_wconf 83' lang='lat' dir='ltr'><strong>Graeca</strong></span> <span class='ocrx_word' id='word_1_344' title='bbox 3052 2283 3311 2363; x_wconf 89' lang='lat' dir='ltr'><strong>receptis</strong></span> <span class='ocrx_word' id='word_1_345' title='bbox 3335 2283 3821 2357; x_wconf 84' lang='lat' dir='ltr'><strong>communis;Mo-</strong></span> 
     </span>
    </p>
   </div>
   <div class='ocr_carea' id='block_1_53' title="bbox 2172 2371 3818 2453">
    <p class='ocr_par' dir='ltr' id='par_1_53' title="bbox 2172 2371 3818 2453">
     <span class='ocr_line' id='line_1_53' title="bbox 2172 2371 3818 2453; baseline 0.002 -21"><span class='ocrx_word' id='word_1_346' title='bbox 2172 2372 2374 2434; x_wconf 91' lang='lat' dir='ltr'><strong>dulum</strong></span> <span class='ocrx_word' id='word_1_347' title='bbox 2410 2372 2627 2452; x_wconf 87' lang='lat' dir='ltr'><strong>ubique</strong></span> <span class='ocrx_word' id='word_1_348' title='bbox 2657 2371 3191 2450; x_wconf 86' lang='lat' dir='ltr'><strong>interpretamur...</strong></span> <span class='ocrx_word' id='word_1_349' title='bbox 3220 2374 3424 2445; x_wconf 86' lang='lat' dir='ltr'><strong>Quoad</strong></span> <span class='ocrx_word' id='word_1_350' title='bbox 3458 2374 3552 2434; x_wconf 89' lang='lat' dir='ltr'><strong>sui</strong></span> <span class='ocrx_word' id='word_1_351' title='bbox 3575 2392 3818 2453; x_wconf 89' lang='lat' dir='ltr'><strong>compo-</strong></span> 
     </span>
    </p>
   </div>
   <div class='ocr_carea' id='block_1_54' title="bbox 2170 2461 3817 2543">
    <p class='ocr_par' dir='ltr' id='par_1_54' title="bbox 2170 2461 3817 2543">
     <span class='ocr_line' id='line_1_54' title="bbox 2170 2461 3817 2543; baseline 0.002 -22"><span class='ocrx_word' id='word_1_352' title='bbox 2170 2462 2449 2523; x_wconf 90' lang='lat' dir='ltr'><strong>sitionem</strong></span> <span class='ocrx_word' id='word_1_353' title='bbox 2482 2462 2701 2523; x_wconf 86' lang='lat' dir='ltr'><strong>Latinis</strong></span> <span class='ocrx_word' id='word_1_354' title='bbox 2757 2461 3117 2541; x_wconf 87' lang='lat' dir='ltr'><strong>Antiphonis</strong></span> <span class='ocrx_word' id='word_1_355' title='bbox 3173 2464 3387 2523; x_wconf 90' lang='lat' dir='ltr'><strong>similis</strong></span> <span class='ocrx_word' id='word_1_356' title='bbox 3438 2472 3562 2524; x_wconf 89' lang='lat' dir='ltr'><strong>est:</strong></span> <span class='ocrx_word' id='word_1_357' title='bbox 3600 2482 3817 2543; x_wconf 91' lang='lat' dir='ltr'><strong>quam-</strong></span> 
     </span>
    </p>
   </div>
   <div class='ocr_carea' id='block_1_55' title="bbox 2173 2553 3817 2633">
    <p class='ocr_par' dir='ltr' id='par_1_55' title="bbox 2173 2553 3817 2633">
     <span class='ocr_line' id='line_1_55' title="bbox 2173 2553 3817 2633; baseline 0.005 -24"><span class='ocrx_word' id='word_1_358' title='bbox 2173 2553 2255 2614; x_wconf 88' lang='lat' dir='ltr'><strong>vis</strong></span> <span class='ocrx_word' id='word_1_359' title='bbox 2313 2554 2696 2632; x_wconf 82' lang='lat' dir='ltr'><strong>antiphonam</strong></span> <span class='ocrx_word' id='word_1_360' title='bbox 2763 2553 2882 2613; x_wconf 88' lang='lat' dir='ltr'><strong>ulla</strong></span> <span class='ocrx_word' id='word_1_361' title='bbox 2958 2555 3187 2615; x_wconf 89' lang='lat' dir='ltr'><strong>ratione</strong></span> <span class='ocrx_word' id='word_1_362' title='bbox 3260 2556 3640 2633; x_wconf 90' lang='lat' dir='ltr'><strong>interpretari</strong></span> <span class='ocrx_word' id='word_1_363' title='bbox 3702 2574 3817 2617; x_wconf 90' lang='lat' dir='ltr'><strong>ne-</strong></span> 
     </span>
    </p>
   </div>
   <div class='ocr_carea' id='block_1_56' title="bbox 2168 2642 3821 2724">
    <p class='ocr_par' dir='ltr' id='par_1_56' title="bbox 2168 2642 3821 2724">
     <span class='ocr_line' id='line_1_56' title="bbox 2168 2642 3821 2724; baseline 0.004 -22"><span class='ocrx_word' id='word_1_364' title='bbox 2168 2662 2475 2722; x_wconf 89' lang='lat' dir='ltr'><strong>queamus.</strong></span> <span class='ocrx_word' id='word_1_365' title='bbox 2510 2642 2667 2704; x_wconf 78' lang='lat' dir='ltr'><strong>lianc</strong></span> <span class='ocrx_word' id='word_1_366' title='bbox 2704 2661 2903 2703; x_wconf 84' lang='lat' dir='ltr'><strong>vocem</strong></span> <span class='ocrx_word' id='word_1_367' title='bbox 2940 2644 3024 2703; x_wconf 91' lang='lat' dir='ltr'><strong>sic</strong></span> <span class='ocrx_word' id='word_1_368' title='bbox 3056 2644 3311 2721; x_wconf 89' lang='lat' dir='ltr'><strong>explicat</strong></span> <span class='ocrx_word' id='word_1_369' title='bbox 3344 2644 3613 2706; x_wconf 87' lang='lat' dir='ltr'><strong>laudatus</strong></span> <span class='ocrx_word' id='word_1_370' title='bbox 3643 2647 3821 2724; x_wconf 82' lang='lat' dir='ltr'><strong>Liga--</strong></span> 
     </span>
    </p>
   </div>
   <div class='ocr_carea' id='block_1_57' title="bbox 2166 2732 3817 2813">
    <p class='ocr_par' dir='ltr' id='par_1_57' title="bbox 2166 2732 3817 2813">
     <span class='ocr_line' id='line_1_57' title="bbox 2166 2732 3817 2813; baseline 0.001 -21"><span class='ocrx_word' id='word_1_371' title='bbox 2166 2732 2352 2811; x_wconf 85' lang='lat' dir='ltr'><strong>ridus,</strong></span> <span class='ocrx_word' id='word_1_372' title='bbox 2417 2741 2695 2810; x_wconf 85' lang='lat' dir='ltr'><strong>tanquam</strong></span> <span class='ocrx_word' id='word_1_373' title='bbox 2776 2732 2825 2790; x_wconf 82' lang='lat' dir='ltr'><strong>Si</strong></span> <span class='ocrx_word' id='word_1_374' title='bbox 2902 2734 3267 2810; x_wconf 66' lang='grc' dir='ltr'>τροπαιάριον,</span> <span class='ocrx_word' id='word_1_375' title='bbox 3347 2735 3450 2788; x_wconf 80' lang='grc' dir='ltr'><strong>ἀπὸ</strong></span> <span class='ocrx_word' id='word_1_376' title='bbox 3538 2737 3627 2791; x_wconf 70' lang='grc' dir='ltr'>τοὺ</span> <span class='ocrx_word' id='word_1_377' title='bbox 3685 2759 3817 2813; x_wconf 83' lang='grc' dir='ltr'><strong>τρο-</strong></span> 
     </span>
    </p>
   </div>
   <div class='ocr_carea' id='block_1_58' title="bbox 2167 2819 3817 2903">
    <p class='ocr_par' dir='ltr' id='par_1_58' title="bbox 2167 2819 3817 2903">
     <span class='ocr_line' id='line_1_58' title="bbox 2167 2819 3817 2903; baseline 0.004 -25"><span class='ocrx_word' id='word_1_378' title='bbox 2167 2826 2343 2897; x_wconf 69' lang='grc' dir='ltr'>παίω,</span> <span class='ocrx_word' id='word_1_379' title='bbox 2381 2824 2718 2893; x_wconf 81' lang='lat' dir='ltr'><strong>derivetur;</strong></span> <span class='ocrx_word' id='word_1_380' title='bbox 2752 2828 2810 2879; x_wconf 85' lang='lat' dir='ltr'><strong>et</strong></span> <span class='ocrx_word' id='word_1_381' title='bbox 2860 2819 2939 2880; x_wconf 83' lang='lat' dir='ltr'><strong>sit</strong></span> <span class='ocrx_word' id='word_1_382' title='bbox 2995 2820 3159 2897; x_wconf 90' lang='lat' dir='ltr'><strong>quasi</strong></span> <span class='ocrx_word' id='word_1_383' title='bbox 3224 2823 3393 2880; x_wconf 84' lang='lat' dir='ltr'><strong>Paean</strong></span> <span class='ocrx_word' id='word_1_384' title='bbox 3464 2822 3586 2884; x_wconf 88' lang='lat' dir='ltr'><strong>sive</strong></span> <span class='ocrx_word' id='word_1_385' title='bbox 3636 2825 3817 2903; x_wconf 83' lang='lat' dir='ltr'><strong>hym-</strong></span> 
     </span>
    </p>
   </div>
   <div class='ocr_carea' id='block_1_59' title="bbox 2166 2907 3818 2990">
    <p class='ocr_par' dir='ltr' id='par_1_59' title="bbox 2166 2907 3818 2990">
     <span class='ocr_line' id='line_1_59' title="bbox 2166 2907 3818 2990; baseline 0 -20"><span class='ocrx_word' id='word_1_386' title='bbox 2166 2929 2301 2990; x_wconf 91' lang='lat' dir='ltr'><strong>nus,</strong></span> <span class='ocrx_word' id='word_1_387' title='bbox 2333 2916 2390 2969; x_wconf 95' lang='lat' dir='ltr'><strong>in</strong></span> <span class='ocrx_word' id='word_1_388' title='bbox 2418 2928 2533 2988; x_wconf 93' lang='lat' dir='ltr'><strong>quo</strong></span> <span class='ocrx_word' id='word_1_389' title='bbox 2557 2916 2801 2968; x_wconf 88' lang='lat' dir='ltr'><strong>canatur</strong></span> <span class='ocrx_word' id='word_1_390' title='bbox 2850 2907 3245 2983; x_wconf 90' lang='lat' dir='ltr'><strong>victoria;vel</strong></span> <span class='ocrx_word' id='word_1_391' title='bbox 3278 2912 3339 2969; x_wconf 91' lang='lat' dir='ltr'><strong>in</strong></span> <span class='ocrx_word' id='word_1_392' title='bbox 3372 2910 3588 2989; x_wconf 90' lang='lat' dir='ltr'><strong>quibus</strong></span> <span class='ocrx_word' id='word_1_393' title='bbox 3614 2916 3659 2968; x_wconf 85' lang='grc' dir='ltr'>οἱ</span> <span class='ocrx_word' id='word_1_394' title='bbox 3685 2914 3818 2990; x_wconf 79' lang='grc' dir='ltr'><strong>τρό-</strong></span> 
     </span>
    </p>
   </div>
   <div class='ocr_carea' id='block_1_60' title="bbox 2166 2996 3818 3077">
    <p class='ocr_par' dir='ltr' id='par_1_60' title="bbox 2166 2996 3818 3077">
     <span class='ocr_line' id='line_1_60' title="bbox 2166 2996 3818 3077; baseline 0.005 -23"><span class='ocrx_word' id='word_1_395' title='bbox 2166 3023 2282 3077; x_wconf 76' lang='grc' dir='ltr'>ποι,</span> <span class='ocrx_word' id='word_1_396' title='bbox 2312 2999 2368 3058; x_wconf 91' lang='lat' dir='ltr'><strong>id</strong></span> <span class='ocrx_word' id='word_1_397' title='bbox 2398 3005 2716 3069; x_wconf 88' lang='lat' dir='ltr'><strong>est,mores</strong></span> <span class='ocrx_word' id='word_1_398' title='bbox 2742 2996 2992 3074; x_wconf 88' lang='lat' dir='ltr'><strong>alicujus</strong></span> <span class='ocrx_word' id='word_1_399' title='bbox 3015 3000 3203 3059; x_wconf 89' lang='lat' dir='ltr'><strong>sancti</strong></span> <span class='ocrx_word' id='word_1_400' title='bbox 3225 2999 3818 3063; x_wconf 81' lang='lat' dir='ltr'><strong>referantur.Verum</strong></span> 
     </span>
    </p>
   </div>
   <div class='ocr_carea' id='block_1_61' title="bbox 2169 3086 3817 3171">
    <p class='ocr_par' dir='ltr' id='par_1_61' title="bbox 2169 3086 3817 3171">
     <span class='ocr_line' id='line_1_61' title="bbox 2169 3086 3817 3171; baseline 0.002 -22"><span class='ocrx_word' id='word_1_401' title='bbox 2169 3088 2326 3149; x_wconf 84' lang='lat' dir='ltr'><strong>Goar</strong></span> <span class='ocrx_word' id='word_1_402' title='bbox 2358 3086 2702 3147; x_wconf 79' lang='lat' dir='ltr'><strong>exisnnians</strong></span> <span class='ocrx_word' id='word_1_403' title='bbox 2735 3088 2838 3142; x_wconf 74' lang='grc' dir='ltr'><strong>ἀπὸ</strong></span> <span class='ocrx_word' id='word_1_404' title='bbox 2885 3090 2975 3142; x_wconf 72' lang='grc' dir='ltr'>τοῦ</span> <span class='ocrx_word' id='word_1_405' title='bbox 3032 3090 3237 3165; x_wconf 80' lang='grc' dir='ltr'>τρέπειν</span> <span class='ocrx_word' id='word_1_406' title='bbox 3269 3096 3516 3162; x_wconf 86' lang='lat' dir='ltr'><strong>vertere,</strong></span> <span class='ocrx_word' id='word_1_407' title='bbox 3550 3090 3635 3151; x_wconf 92' lang='lat' dir='ltr'><strong>vel</strong></span> <span class='ocrx_word' id='word_1_408' title='bbox 3671 3110 3817 3171; x_wconf 90' lang='lat' dir='ltr'><strong>pro-</strong></span> 
     </span>
    </p>
   </div>
   <div class='ocr_carea' id='block_1_62' title="bbox 442 3174 3817 3265">
    <p class='ocr_par' dir='ltr' id='par_1_62' title="bbox 442 3174 3817 3265">
     <span class='ocr_line' id='line_1_62' title="bbox 442 3174 3817 3265; baseline 0.001 -27"><span class='ocrx_word' id='word_1_409' title='bbox 442 3177 620 3238; x_wconf 87' lang='lat' dir='ltr'><strong>hasce</strong></span> <span class='ocrx_word' id='word_1_410' title='bbox 645 3174 1013 3239; x_wconf 60' lang='lat' dir='ltr'><strong>Graecanicas</strong></span> <span class='ocrx_word' id='word_1_411' title='bbox 1045 3193 1218 3235; x_wconf 87' lang='lat' dir='ltr'><strong>voces</strong></span> <span class='ocrx_word' id='word_1_412' title='bbox 1247 3174 1307 3235; x_wconf 90' lang='lat' dir='ltr'><strong>in</strong></span> <span class='ocrx_word' id='word_1_413' title='bbox 1334 3184 1634 3257; x_wconf 87' lang='lat' dir='ltr'><strong>posterum</strong></span> <span class='ocrx_word' id='word_1_414' title='bbox 1658 3180 1737 3237; x_wconf 88' lang='lat' dir='ltr'><strong>ita</strong></span> <span class='ocrx_word' id='word_1_415' title='bbox 1762 3174 1962 3234; x_wconf 81' lang='lat' dir='ltr'><strong>Latine</strong></span> <span class='ocrx_word' id='word_1_416' title='bbox 1985 3174 2082 3235; x_wconf 92' lang='lat' dir='ltr'><strong>in-</strong></span> <span class='ocrx_word' id='word_1_417' title='bbox 2104 3216 2143 3265; x_wconf 67' lang='grc' dir='ltr'><strong>ο</strong></span> <span class='ocrx_word' id='word_1_418' title='bbox 2171 3175 2449 3255; x_wconf 89' lang='lat' dir='ltr'><strong>pinquius</strong></span> <span class='ocrx_word' id='word_1_419' title='bbox 2497 3177 2597 3231; x_wconf 67' lang='lat' dir='ltr'><strong>imi)</strong></span> <span class='ocrx_word' id='word_1_420' title='bbox 2634 3178 2833 3249; x_wconf 73' lang='grc' dir='ltr'>τροπῇς</span> <span class='ocrx_word' id='word_1_421' title='bbox 2882 3177 3269 3256; x_wconf 66' lang='lat' dir='ltr'><strong>conversione</strong></span> <span class='ocrx_word' id='word_1_422' title='bbox 3312 3179 3601 3257; x_wconf 88' lang='lat' dir='ltr'><strong>originem</strong></span> <span class='ocrx_word' id='word_1_423' title='bbox 3636 3182 3771 3242; x_wconf 88' lang='lat' dir='ltr'><strong>duci</strong></span> <span class='ocrx_word' id='word_1_424' title='bbox 3799 3205 3817 3258; x_wconf 90' lang='lat'><strong>;</strong></span> 
     </span>
    </p>
   </div>
   <div class='ocr_carea' id='block_1_63' title="bbox 439 3263 2088 3345">
    <p class='ocr_par' dir='ltr' id='par_1_63' title="bbox 439 3263 2085 3345">
     <span class='ocr_line' id='line_1_63' title="bbox 439 3263 2085 3345; baseline 0 -20"><span class='ocrx_word' id='word_1_425' title='bbox 439 3265 838 3345; x_wconf 89' lang='lat' dir='ltr'><strong>terpretabor.</strong></span> <span class='ocrx_word' id='word_1_426' title='bbox 870 3263 1050 3326; x_wconf 90' lang='lat' dir='ltr'><strong>Porro</strong></span> <span class='ocrx_word' id='word_1_427' title='bbox 1078 3268 1313 3345; x_wconf 74' lang='grc' dir='ltr'>στιχηοὰ</span> <span class='ocrx_word' id='word_1_428' title='bbox 1335 3266 1451 3326; x_wconf 87' lang='lat' dir='ltr'><strong>alia</strong></span> <span class='ocrx_word' id='word_1_429' title='bbox 1474 3274 1610 3325; x_wconf 90' lang='lat' dir='ltr'><strong>sunt</strong></span> <span class='ocrx_word' id='word_1_430' title='bbox 1640 3263 2085 3341; x_wconf 47' lang='lat' dir='ltr'><strong>«posdpotamlia</strong></span> 
     </span>
    </p>
   </div>
   <div class='ocr_carea' id='block_1_64' title="bbox 2178 3263 3822 3345">
    <p class='ocr_par' dir='ltr' id='par_1_64' title="bbox 2178 3263 3822 3345">
     <span class='ocr_line' id='line_1_64' title="bbox 2178 3263 3822 3345; baseline 0.009 -26"><span class='ocrx_word' id='word_1_431' title='bbox 2178 3290 2201 3319; x_wconf 86' lang='grc' dir='ltr'><strong>ιι</strong></span> <span class='ocrx_word' id='word_1_432' title='bbox 2238 3263 2369 3326; x_wconf 90' lang='lat' dir='ltr'><strong>Sive</strong></span> <span class='ocrx_word' id='word_1_433' title='bbox 2402 3264 2588 3344; x_wconf 90' lang='lat' dir='ltr'><strong>dicas,</strong></span> <span class='ocrx_word' id='word_1_434' title='bbox 2624 3265 2833 3345; x_wconf 84' lang='lat' dir='ltr'><strong>inquit,</strong></span> <span class='ocrx_word' id='word_1_435' title='bbox 2870 3265 2945 3327; x_wconf 91' lang='lat' dir='ltr'><strong>ob</strong></span> <span class='ocrx_word' id='word_1_436' title='bbox 2982 3284 3185 3327; x_wconf 79' lang='lat' dir='ltr'><strong>vocem</strong></span> <span class='ocrx_word' id='word_1_437' title='bbox 3220 3269 3277 3329; x_wconf 93' lang='lat' dir='ltr'><strong>in</strong></span> <span class='ocrx_word' id='word_1_438' title='bbox 3328 3270 3622 3331; x_wconf 89' lang='lat' dir='ltr'><strong>cantando</strong></span> <span class='ocrx_word' id='word_1_439' title='bbox 3656 3271 3822 3334; x_wconf 87' lang='lat' dir='ltr'><strong>varie</strong></span> 
     </span>
    </p>
   </div>
   <div class='ocr_carea' id='block_1_65' title="bbox 440 3354 2088 3439">
    <p class='ocr_par' dir='ltr' id='par_1_65' title="bbox 440 3354 2079 3434">
     <span class='ocr_line' id='line_1_65' title="bbox 440 3354 2079 3434; baseline 0.002 -23"><span class='ocrx_word' id='word_1_440' title='bbox 440 3355 701 3431; x_wconf 72' lang='grc' dir='ltr'><strong>ἷδιόμελπι.</strong></span> <span class='ocrx_word' id='word_1_441' title='bbox 757 3354 897 3427; x_wconf 65' lang='lat' dir='ltr'><strong>Quae</strong></span> <span class='ocrx_word' id='word_1_442' title='bbox 956 3356 1075 3416; x_wconf 93' lang='lat' dir='ltr'><strong>sint</strong></span> <span class='ocrx_word' id='word_1_443' title='bbox 1122 3356 1443 3434; x_wconf 72' lang='grc' dir='ltr'>προσόμοιοι,</span> <span class='ocrx_word' id='word_1_444' title='bbox 1480 3355 1702 3415; x_wconf 86' lang='lat' dir='ltr'><strong>dictum</strong></span> <span class='ocrx_word' id='word_1_445' title='bbox 1754 3372 1915 3414; x_wconf 90' lang='lat' dir='ltr'><strong>nunc</strong></span> <span class='ocrx_word' id='word_1_446' title='bbox 1969 3362 2079 3417; x_wconf 86' lang='lat' dir='ltr'><strong>est.</strong></span> 
     </span>
    </p>
   </div>
   <div class='ocr_carea' id='block_1_66' title="bbox 2178 3354 3821 3439">
    <p class='ocr_par' dir='ltr' id='par_1_66' title="bbox 2178 3356 3821 3439">
     <span class='ocr_line' id='line_1_66' title="bbox 2178 3356 3821 3439; baseline 0.004 -24"><span class='ocrx_word' id='word_1_447' title='bbox 2178 3374 2396 3417; x_wconf 89' lang='lat' dir='ltr'><strong>versam</strong></span> <span class='ocrx_word' id='word_1_448' title='bbox 2430 3362 2489 3417; x_wconf 92' lang='lat' dir='ltr'><strong>et</strong></span> <span class='ocrx_word' id='word_1_449' title='bbox 2518 3356 2819 3434; x_wconf 86' lang='lat' dir='ltr'><strong>inﬂexam,</strong></span> <span class='ocrx_word' id='word_1_450' title='bbox 2855 3382 2881 3412; x_wconf 80' lang='grc'>»</span> <span class='ocrx_word' id='word_1_451' title='bbox 2918 3358 3075 3436; x_wconf 63' lang='lat' dir='ltr'><strong>(quae</strong></span> <span class='ocrx_word' id='word_1_452' title='bbox 3106 3359 3246 3419; x_wconf 90' lang='lat' dir='ltr'><strong>mihi</strong></span> <span class='ocrx_word' id='word_1_453' title='bbox 3280 3358 3429 3419; x_wconf 90' lang='lat' dir='ltr'><strong>ratio</strong></span> <span class='ocrx_word' id='word_1_454' title='bbox 3456 3369 3568 3439; x_wconf 91' lang='lat' dir='ltr'><strong>est,</strong></span> <span class='ocrx_word' id='word_1_455' title='bbox 3595 3368 3658 3421; x_wconf 91' lang='lat' dir='ltr'><strong>ut</strong></span> <span class='ocrx_word' id='word_1_456' title='bbox 3691 3380 3821 3422; x_wconf 94' lang='lat' dir='ltr'><strong>mo-</strong></span> 
     </span>
    </p>
   </div>
   <div class='ocr_carea' id='block_1_67' title="bbox 444 3442 2088 3529">
    <p class='ocr_par' dir='ltr' id='par_1_67' title="bbox 444 3442 2086 3524">
     <span class='ocr_line' id='line_1_67' title="bbox 444 3442 2086 3524; baseline 0.003 -22"><span class='ocrx_word' id='word_1_457' title='bbox 444 3444 707 3518; x_wconf 74' lang='grc' dir='ltr'>ἰδιόμελοι</span> <span class='ocrx_word' id='word_1_458' title='bbox 740 3463 875 3507; x_wconf 87' lang='lat' dir='ltr'><strong>vero</strong></span> <span class='ocrx_word' id='word_1_459' title='bbox 922 3454 1060 3506; x_wconf 89' lang='lat' dir='ltr'><strong>sunt</strong></span> <span class='ocrx_word' id='word_1_460' title='bbox 1099 3462 1170 3505; x_wconf 87' lang='lat' dir='ltr'><strong>ea</strong></span> <span class='ocrx_word' id='word_1_461' title='bbox 1202 3448 1459 3524; x_wconf 75' lang='grc' dir='ltr'>στιχτιρὰ,</span> <span class='ocrx_word' id='word_1_462' title='bbox 1494 3462 1624 3524; x_wconf 69' lang='lat' dir='ltr'><strong>qua}</strong></span> <span class='ocrx_word' id='word_1_463' title='bbox 1652 3446 1731 3522; x_wconf 87' lang='lat' dir='ltr'><strong>(ut</strong></span> <span class='ocrx_word' id='word_1_464' title='bbox 1755 3443 1841 3505; x_wconf 89' lang='lat' dir='ltr'><strong>ait</strong></span> <span class='ocrx_word' id='word_1_465' title='bbox 1875 3442 2086 3507; x_wconf 82' lang='lat' dir='ltr'><strong>doctus</strong></span> 
     </span>
    </p>
   </div>
   <div class='ocr_carea' id='block_1_68' title="bbox 2178 3442 3821 3529">
    <p class='ocr_par' dir='ltr' id='par_1_68' title="bbox 2178 3446 3821 3529">
     <span class='ocr_line' id='line_1_68' title="bbox 2178 3446 3821 3529; baseline 0.004 -23"><span class='ocrx_word' id='word_1_466' title='bbox 2178 3446 2372 3507; x_wconf 84' lang='lat' dir='ltr'><strong>dulum</strong></span> <span class='ocrx_word' id='word_1_467' title='bbox 2405 3465 2647 3525; x_wconf 90' lang='lat' dir='ltr'><strong>semper</strong></span> <span class='ocrx_word' id='word_1_468' title='bbox 2674 3446 3066 3525; x_wconf 88' lang='lat' dir='ltr'><strong>reddiderim)</strong></span> <span class='ocrx_word' id='word_1_469' title='bbox 3105 3472 3131 3502; x_wconf 82' lang='grc' dir='ltr'><strong>ιι</strong></span> <span class='ocrx_word' id='word_1_470' title='bbox 3165 3449 3312 3524; x_wconf 89' lang='lat' dir='ltr'><strong>sive,</strong></span> <span class='ocrx_word' id='word_1_471' title='bbox 3347 3450 3485 3529; x_wconf 86' lang='lat' dir='ltr'><strong>quia</strong></span> <span class='ocrx_word' id='word_1_472' title='bbox 3516 3470 3821 3512; x_wconf 91' lang='lat' dir='ltr'><strong>canonar-</strong></span> 
     </span>
    </p>
   </div>
   <div class='ocr_carea' id='block_1_69' title="bbox 442 3532 3812 3620">
    <p class='ocr_par' dir='ltr' id='par_1_69' title="bbox 442 3532 3812 3620">
     <span class='ocr_line' id='line_1_69' title="bbox 442 3532 3812 3620; baseline 0.001 -21"><span class='ocrx_word' id='word_1_473' title='bbox 442 3534 759 3614; x_wconf 84' lang='lat' dir='ltr'><strong>Ligaridus</strong></span> <span class='ocrx_word' id='word_1_474' title='bbox 775 3535 928 3615; x_wconf 89' lang='lat' dir='ltr'><strong>apud</strong></span> <span class='ocrx_word' id='word_1_475' title='bbox 945 3533 1200 3598; x_wconf 89' lang='lat' dir='ltr'><strong>Goarum</strong></span> <span class='ocrx_word' id='word_1_476' title='bbox 1225 3554 1282 3614; x_wconf 91' lang='lat' dir='ltr'><strong>p.</strong></span> <span class='ocrx_word' id='word_1_477' title='bbox 1306 3536 1445 3614; x_wconf 66' lang='lat'><strong>906‘)</strong></span> <span class='ocrx_word' id='word_1_478' title='bbox 1470 3533 1755 3615; x_wconf 89' lang='lat' dir='ltr'><strong>peculiari</strong></span> <span class='ocrx_word' id='word_1_479' title='bbox 1780 3532 2083 3613; x_wconf 84' lang='lat' dir='ltr'><strong>sibi,gravi</strong></span> <span class='ocrx_word' id='word_1_480' title='bbox 2168 3538 2299 3615; x_wconf 88' lang='lat' dir='ltr'><strong>cha,</strong></span> <span class='ocrx_word' id='word_1_481' title='bbox 2328 3537 2464 3597; x_wconf 74' lang='lat' dir='ltr'><strong>dum</strong></span> <span class='ocrx_word' id='word_1_482' title='bbox 2487 3535 2814 3617; x_wconf 83' lang='lat' dir='ltr'><strong>trOparium</strong></span> <span class='ocrx_word' id='word_1_483' title='bbox 2848 3538 2993 3599; x_wconf 90' lang='lat' dir='ltr'><strong>illud</strong></span> <span class='ocrx_word' id='word_1_484' title='bbox 3020 3556 3126 3618; x_wconf 87' lang='lat' dir='ltr'><strong>per</strong></span> <span class='ocrx_word' id='word_1_485' title='bbox 3147 3549 3440 3601; x_wconf 87' lang='lat' dir='ltr'><strong>commata</strong></span> <span class='ocrx_word' id='word_1_486' title='bbox 3463 3547 3742 3620; x_wconf 83' lang='lat' dir='ltr'><strong>suggerit,</strong></span> <span class='ocrx_word' id='word_1_487' title='bbox 3784 3566 3812 3601; x_wconf 69' lang='grc' dir='ltr'><em>η</em></span> 
     </span>
    </p>
   </div>
   <div class='ocr_carea' id='block_1_70' title="bbox 444 3623 3821 3708">
    <p class='ocr_par' dir='ltr' id='par_1_70' title="bbox 444 3623 3821 3708">
     <span class='ocr_line' id='line_1_70' title="bbox 444 3623 3821 3708; baseline 0.002 -22"><span class='ocrx_word' id='word_1_488' title='bbox 444 3643 662 3705; x_wconf 90' lang='lat' dir='ltr'><strong>nempe</strong></span> <span class='ocrx_word' id='word_1_489' title='bbox 688 3626 1230 3705; x_wconf 85' lang='lat' dir='ltr'><strong>etconcinna,voce</strong></span> <span class='ocrx_word' id='word_1_490' title='bbox 1246 3624 1551 3685; x_wconf 89' lang='lat' dir='ltr'><strong>recitanda</strong></span> <span class='ocrx_word' id='word_1_491' title='bbox 1569 3632 1726 3697; x_wconf 87' lang='lat' dir='ltr'><strong>sunt,</strong></span> <span class='ocrx_word' id='word_1_492' title='bbox 1756 3625 1917 3704; x_wconf 89' lang='lat' dir='ltr'><strong>quasi</strong></span> <span class='ocrx_word' id='word_1_493' title='bbox 1948 3623 2084 3682; x_wconf 73' lang='grc' dir='ltr'>ἴδιον</span> <span class='ocrx_word' id='word_1_494' title='bbox 2165 3630 2329 3707; x_wconf 89' lang='lat' dir='ltr'><strong>(raro</strong></span> <span class='ocrx_word' id='word_1_495' title='bbox 2351 3646 2604 3707; x_wconf 84' lang='lat' dir='ltr'><strong>namque</strong></span> <span class='ocrx_word' id='word_1_496' title='bbox 2631 3627 2870 3707; x_wconf 89' lang='lat' dir='ltr'><strong>pulpitis</strong></span> <span class='ocrx_word' id='word_1_497' title='bbox 2892 3636 3083 3688; x_wconf 89' lang='lat' dir='ltr'><strong>astant</strong></span> <span class='ocrx_word' id='word_1_498' title='bbox 3101 3627 3314 3708; x_wconf 70' lang='lat' dir='ltr'><strong>Graaci)</strong></span> <span class='ocrx_word' id='word_1_499' title='bbox 3348 3652 3369 3685; x_wconf 85' lang='grc' dir='ltr'>(ι</span> <span class='ocrx_word' id='word_1_500' title='bbox 3392 3630 3566 3691; x_wconf 87' lang='lat' dir='ltr'><strong>modo</strong></span> <span class='ocrx_word' id='word_1_501' title='bbox 3590 3632 3648 3691; x_wconf 93' lang='lat' dir='ltr'><strong>in</strong></span> <span class='ocrx_word' id='word_1_502' title='bbox 3671 3631 3821 3693; x_wconf 87' lang='lat' dir='ltr'><strong>cho-</strong></span> 
     </span>
    </p>
   </div>
   <div class='ocr_carea' id='block_1_71' title="bbox 437 3713 2088 3796">
    <p class='ocr_par' dir='ltr' id='par_1_71' title="bbox 437 3713 2082 3795">
     <span class='ocr_line' id='line_1_71' title="bbox 437 3713 2082 3795; baseline 0.003 -24"><span class='ocrx_word' id='word_1_503' title='bbox 437 3716 623 3792; x_wconf 79' lang='grc' dir='ltr'><strong>μέλος,</strong></span> <span class='ocrx_word' id='word_1_504' title='bbox 679 3715 737 3777; x_wconf 91' lang='lat' dir='ltr'><strong>id</strong></span> <span class='ocrx_word' id='word_1_505' title='bbox 800 3724 917 3791; x_wconf 91' lang='lat' dir='ltr'><strong>est,</strong></span> <span class='ocrx_word' id='word_1_506' title='bbox 974 3713 1274 3795; x_wconf 89' lang='lat' dir='ltr'><strong>propriam</strong></span> <span class='ocrx_word' id='word_1_507' title='bbox 1328 3714 1795 3776; x_wconf 86' lang='lat' dir='ltr'><strong>modulationem</strong></span> <span class='ocrx_word' id='word_1_508' title='bbox 1853 3715 2082 3776; x_wconf 89' lang='lat' dir='ltr'><strong>haben-</strong></span> 
     </span>
    </p>
   </div>
   <div class='ocr_carea' id='block_1_72' title="bbox 2178 3713 3812 3796">
    <p class='ocr_par' dir='ltr' id='par_1_72' title="bbox 2178 3716 3812 3796">
     <span class='ocr_line' id='line_1_72' title="bbox 2178 3716 3812 3796; baseline 0.003 -19"><span class='ocrx_word' id='word_1_509' title='bbox 2178 3736 2298 3777; x_wconf 87' lang='lat' dir='ltr'><strong>rum</strong></span> <span class='ocrx_word' id='word_1_510' title='bbox 2325 3718 2505 3796; x_wconf 85' lang='lat' dir='ltr'><strong>hunc,</strong></span> <span class='ocrx_word' id='word_1_511' title='bbox 2536 3716 2709 3776; x_wconf 91' lang='lat' dir='ltr'><strong>modo</strong></span> <span class='ocrx_word' id='word_1_512' title='bbox 2731 3718 2791 3777; x_wconf 89' lang='lat' dir='ltr'><strong>in</strong></span> <span class='ocrx_word' id='word_1_513' title='bbox 2813 3717 2996 3778; x_wconf 92' lang='lat' dir='ltr'><strong>alium</strong></span> <span class='ocrx_word' id='word_1_514' title='bbox 3022 3719 3291 3789; x_wconf 71' lang='grc' dir='ltr'>τρέπεται,</span> <span class='ocrx_word' id='word_1_515' title='bbox 3323 3724 3443 3781; x_wconf 81' lang='lat' dir='ltr'><strong>sive</strong></span> <span class='ocrx_word' id='word_1_516' title='bbox 3475 3721 3743 3782; x_wconf 87' lang='lat' dir='ltr'><strong>vertitur.</strong></span> <span class='ocrx_word' id='word_1_517' title='bbox 3784 3748 3812 3782; x_wconf 74' lang='grc' dir='ltr'><strong>ιι</strong></span> 
     </span>
    </p>
   </div>
   <div class='ocr_carea' id='block_1_73' title="bbox 441 3806 3821 3891">
    <p class='ocr_par' dir='ltr' id='par_1_73' title="bbox 441 3806 3821 3891">
     <span class='ocr_line' id='line_1_73' title="bbox 441 3806 3821 3891; baseline 0.002 -25"><span class='ocrx_word' id='word_1_518' title='bbox 441 3806 543 3867; x_wconf 84' lang='lat' dir='ltr'><strong>tia.</strong></span> <span class='ocrx_word' id='word_1_519' title='bbox 2170 3806 2453 3886; x_wconf 91' lang='lat' dir='ltr'><strong>Superest</strong></span> <span class='ocrx_word' id='word_1_520' title='bbox 2487 3809 2781 3867; x_wconf 90' lang='lat' dir='ltr'><strong>sententia</strong></span> <span class='ocrx_word' id='word_1_521' title='bbox 2831 3807 2968 3879; x_wconf 87' lang='lat' dir='ltr'><strong>alia,</strong></span> <span class='ocrx_word' id='word_1_522' title='bbox 3003 3807 3106 3867; x_wconf 88' lang='lat' dir='ltr'><strong>sed</strong></span> <span class='ocrx_word' id='word_1_523' title='bbox 3155 3826 3291 3887; x_wconf 66' lang='lat' dir='ltr'><strong>quae</strong></span> <span class='ocrx_word' id='word_1_524' title='bbox 3343 3808 3518 3887; x_wconf 92' lang='lat' dir='ltr'><strong>plene</strong></span> <span class='ocrx_word' id='word_1_525' title='bbox 3561 3810 3821 3891; x_wconf 88' lang='lat' dir='ltr'><strong>intelligi</strong></span> 
     </span>
    </p>
   </div>
   <div class='ocr_carea' id='block_1_74' title="bbox 518 3893 3817 3975">
    <p class='ocr_par' dir='ltr' id='par_1_74' title="bbox 518 3893 3817 3975">
     <span class='ocr_line' id='line_1_74' title="bbox 518 3893 3817 3975; baseline 0.002 -18"><span class='ocrx_word' id='word_1_526' title='bbox 518 3896 581 3957; x_wconf 94' lang='lat'><strong>7.</strong></span> <span class='ocrx_word' id='word_1_527' title='bbox 646 3893 977 3970; x_wconf 87' lang='lat' dir='ltr'><strong>Obiicietur</strong></span> <span class='ocrx_word' id='word_1_528' title='bbox 1054 3894 1305 3956; x_wconf 86' lang='lat' dir='ltr'><strong>fortasse</strong></span> <span class='ocrx_word' id='word_1_529' title='bbox 1376 3893 1515 3955; x_wconf 91' lang='lat' dir='ltr'><strong>huic</strong></span> <span class='ocrx_word' id='word_1_530' title='bbox 1573 3894 1907 3956; x_wconf 85' lang='lat' dir='ltr'><strong>deﬁnitioni</strong></span> <span class='ocrx_word' id='word_1_531' title='bbox 1964 3896 2077 3956; x_wconf 91' lang='lat' dir='ltr'><strong>Co—</strong></span> <span class='ocrx_word' id='word_1_532' title='bbox 2169 3905 2302 3957; x_wconf 90' lang='lat' dir='ltr'><strong>ante</strong></span> <span class='ocrx_word' id='word_1_533' title='bbox 2328 3914 2445 3957; x_wconf 91' lang='lat' dir='ltr'><strong>non</strong></span> <span class='ocrx_word' id='word_1_534' title='bbox 2468 3905 2865 3975; x_wconf 87' lang='lat' dir='ltr'><strong>potest,quam</strong></span> <span class='ocrx_word' id='word_1_535' title='bbox 2896 3896 2982 3957; x_wconf 89' lang='lat' dir='ltr'><strong>vis</strong></span> <span class='ocrx_word' id='word_1_536' title='bbox 3027 3914 3094 3957; x_wconf 90' lang='lat' dir='ltr'><strong>ac</strong></span> <span class='ocrx_word' id='word_1_537' title='bbox 3135 3906 3346 3959; x_wconf 88' lang='lat' dir='ltr'><strong>natura</strong></span> <span class='ocrx_word' id='word_1_538' title='bbox 3377 3898 3559 3960; x_wconf 90' lang='lat' dir='ltr'><strong>hirmi</strong></span> <span class='ocrx_word' id='word_1_539' title='bbox 3606 3900 3817 3961; x_wconf 88' lang='lat' dir='ltr'><strong>decla-</strong></span> 
     </span>
    </p>
   </div>
   <div class='ocr_carea' id='block_1_75' title="bbox 438 3983 2524 4063">
    <p class='ocr_par' dir='ltr' id='par_1_75' title="bbox 438 3983 2524 4063">
     <span class='ocr_line' id='line_1_75' title="bbox 438 3983 2524 4063; baseline -0.001 -17"><span class='ocrx_word' id='word_1_540' title='bbox 438 3985 637 4057; x_wconf 91' lang='lat' dir='ltr'><strong>dinus,</strong></span> <span class='ocrx_word' id='word_1_541' title='bbox 668 3984 729 4045; x_wconf 90' lang='lat' dir='ltr'><strong>in</strong></span> <span class='ocrx_word' id='word_1_542' title='bbox 763 3985 913 4046; x_wconf 89' lang='lat' dir='ltr'><strong>libro</strong></span> <span class='ocrx_word' id='word_1_543' title='bbox 950 3984 1039 4045; x_wconf 83' lang='lat' dir='ltr'><strong>De</strong></span> <span class='ocrx_word' id='word_1_544' title='bbox 1071 3983 1425 4063; x_wconf 72' lang='lat' dir='ltr'><strong>ofﬁcialibus</strong></span> <span class='ocrx_word' id='word_1_545' title='bbox 1471 3983 1689 4063; x_wconf 72' lang='lat' dir='ltr'><strong>palatii</strong></span> <span class='ocrx_word' id='word_1_546' title='bbox 1740 3984 1864 4046; x_wconf 79' lang='grc' dir='ltr'><strong>ΟΡ.</strong></span> <span class='ocrx_word' id='word_1_547' title='bbox 1892 3992 1949 4043; x_wconf 92' lang='lat' dir='ltr'><strong>et</strong></span> <span class='ocrx_word' id='word_1_548' title='bbox 1998 3986 2083 4044; x_wconf 84' lang='lat' dir='ltr'><strong>De</strong></span> <span class='ocrx_word' id='word_1_549' title='bbox 2164 3995 2289 4046; x_wconf 87' lang='lat' dir='ltr'><strong>rata</strong></span> <span class='ocrx_word' id='word_1_550' title='bbox 2320 3985 2524 4047; x_wconf 87' lang='lat' dir='ltr'><strong>fuerit.</strong></span> 
     </span>
    </p>
   </div>
   <div class='ocr_carea' id='block_1_76' title="bbox 433 4072 3811 4157">
    <p class='ocr_par' dir='ltr' id='par_1_76' title="bbox 433 4072 3811 4157">
     <span class='ocr_line' id='line_1_76' title="bbox 433 4072 3811 4157; baseline 0.001 -18"><span class='ocrx_word' id='word_1_551' title='bbox 433 4075 652 4154; x_wconf 75' lang='lat' dir='ltr'><strong>ofﬁciis</strong></span> <span class='ocrx_word' id='word_1_552' title='bbox 700 4092 936 4154; x_wconf 71' lang='lat' dir='ltr'><strong>magna:</strong></span> <span class='ocrx_word' id='word_1_553' title='bbox 986 4074 1299 4153; x_wconf 63' lang='lat' dir='ltr'><strong>Ecclesiae,</strong></span> <span class='ocrx_word' id='word_1_554' title='bbox 1333 4090 1463 4153; x_wconf 87' lang='lat' dir='ltr'><strong>cap.</strong></span> <span class='ocrx_word' id='word_1_555' title='bbox 1501 4075 1560 4147; x_wconf 90' lang='lat'><strong>7,</strong></span> <span class='ocrx_word' id='word_1_556' title='bbox 1597 4092 1659 4134; x_wconf 93' lang='lat' dir='ltr'><strong>n.</strong></span> <span class='ocrx_word' id='word_1_557' title='bbox 1694 4072 1794 4147; x_wconf 75' lang='grc'><strong>23,</strong></span> <span class='ocrx_word' id='word_1_558' title='bbox 1830 4074 2077 4135; x_wconf 90' lang='lat' dir='ltr'><strong>dicens:</strong></span> <span class='ocrx_word' id='word_1_559' title='bbox 2248 4075 2306 4136; x_wconf 77' lang='lat'><strong>9.</strong></span> <span class='ocrx_word' id='word_1_560' title='bbox 2350 4098 2372 4129; x_wconf 86' lang='grc' dir='ltr'><strong>ιι</strong></span> <span class='ocrx_word' id='word_1_561' title='bbox 2412 4073 2653 4135; x_wconf 86' lang='lat' dir='ltr'><strong>Hirmus</strong></span> <span class='ocrx_word' id='word_1_562' title='bbox 2687 4092 2888 4153; x_wconf 88' lang='lat' dir='ltr'><strong>porro,</strong></span> <span class='ocrx_word' id='word_1_563' title='bbox 2924 4093 2951 4133; x_wconf 83' lang='grc'><strong>›</strong></span> <span class='ocrx_word' id='word_1_564' title='bbox 2990 4083 3054 4134; x_wconf 91' lang='lat' dir='ltr'><strong>ut</strong></span> <span class='ocrx_word' id='word_1_565' title='bbox 3085 4085 3173 4137; x_wconf 92' lang='lat' dir='ltr'><strong>est</strong></span> <span class='ocrx_word' id='word_1_566' title='bbox 3204 4079 3356 4157; x_wconf 90' lang='lat' dir='ltr'><strong>apud</strong></span> <span class='ocrx_word' id='word_1_567' title='bbox 3391 4079 3668 4141; x_wconf 88' lang='lat' dir='ltr'><strong>Allatium</strong></span> <span class='ocrx_word' id='word_1_568' title='bbox 3693 4080 3811 4142; x_wconf 89' lang='lat' dir='ltr'><strong>loc.</strong></span> 
     </span>
    </p>
   </div>
   <div class='ocr_carea' id='block_1_77' title="bbox 442 4163 2088 4250">
    <p class='ocr_par' dir='ltr' id='par_1_77' title="bbox 442 4163 2081 4244">
     <span class='ocr_line' id='line_1_77' title="bbox 442 4163 2081 4244; baseline -0.002 -22"><span class='ocrx_word' id='word_1_569' title='bbox 442 4164 788 4244; x_wconf 66' lang='grc' dir='ltr'>Εἰδέρχοντχι</span> <span class='ocrx_word' id='word_1_570' title='bbox 820 4167 905 4219; x_wconf 69' lang='grc' dir='ltr'><strong>καὶ</strong></span> <span class='ocrx_word' id='word_1_571' title='bbox 952 4166 996 4219; x_wconf 80' lang='grc' dir='ltr'>οἱ</span> <span class='ocrx_word' id='word_1_572' title='bbox 1039 4163 1258 4237; x_wconf 78' lang='grc' dir='ltr'><strong>ψάλται.</strong></span> <span class='ocrx_word' id='word_1_573' title='bbox 1312 4212 1324 4225; x_wconf 91' lang='grc'><em>,</em></span> <span class='ocrx_word' id='word_1_574' title='bbox 1380 4212 1391 4224; x_wconf 91' lang='grc'><em>.</em></span> <span class='ocrx_word' id='word_1_575' title='bbox 1447 4213 1460 4225; x_wconf 89' lang='grc'><em>,</em></span> <span class='ocrx_word' id='word_1_576' title='bbox 1519 4209 1527 4221; x_wconf 91' lang='grc'>.</span> <span class='ocrx_word' id='word_1_577' title='bbox 1583 4213 1595 4225; x_wconf 93' lang='grc'><em>,</em></span> <span class='ocrx_word' id='word_1_578' title='bbox 1645 4166 1731 4220; x_wconf 74' lang='grc' dir='ltr'>καὶ</span> <span class='ocrx_word' id='word_1_579' title='bbox 1791 4164 2081 4240; x_wconf 63' lang='grc' dir='ltr'>ψάλλουσιν</span> 
     </span>
    </p>
   </div>
   <div class='ocr_carea' id='block_1_78' title="bbox 2178 4163 3809 4250">
    <p class='ocr_par' dir='ltr' id='par_1_78' title="bbox 2178 4163 3809 4250">
     <span class='ocr_line' id='line_1_78' title="bbox 2178 4163 3809 4250; baseline 0.006 -27"><span class='ocrx_word' id='word_1_580' title='bbox 2178 4165 2414 4243; x_wconf 77' lang='lat' dir='ltr'><strong>cit.pag.</strong></span> <span class='ocrx_word' id='word_1_581' title='bbox 2437 4164 2572 4236; x_wconf 77' lang='lat'><strong>98,«</strong></span> <span class='ocrx_word' id='word_1_582' title='bbox 2604 4171 2695 4224; x_wconf 91' lang='lat' dir='ltr'><strong>est</strong></span> <span class='ocrx_word' id='word_1_583' title='bbox 2716 4163 2969 4244; x_wconf 81' lang='lat' dir='ltr'><strong>hymnus</strong></span> <span class='ocrx_word' id='word_1_584' title='bbox 2991 4164 3113 4225; x_wconf 88' lang='lat' dir='ltr'><strong>sive</strong></span> <span class='ocrx_word' id='word_1_585' title='bbox 3138 4168 3487 4246; x_wconf 86' lang='lat' dir='ltr'><strong>troparium.</strong></span> <span class='ocrx_word' id='word_1_586' title='bbox 3518 4187 3682 4250; x_wconf 89' lang='lat' dir='ltr'><strong>aquo</strong></span> <span class='ocrx_word' id='word_1_587' title='bbox 3708 4188 3809 4233; x_wconf 88' lang='lat' dir='ltr'><strong>re-</strong></span> 
     </span>
    </p>
   </div>
   <div class='ocr_carea' id='block_1_79' title="bbox 434 4252 2088 4336">
    <p class='ocr_par' dir='ltr' id='par_1_79' title="bbox 434 4252 2086 4329">
     <span class='ocr_line' id='line_1_79' title="bbox 434 4252 2086 4329; baseline 0.002 -20"><span class='ocrx_word' id='word_1_588' title='bbox 434 4253 703 4328; x_wconf 79' lang='grc' dir='ltr'>ἰδιόμελον</span> <span class='ocrx_word' id='word_1_589' title='bbox 752 4252 856 4328; x_wconf 76' lang='grc' dir='ltr'><strong>τῆγ</strong></span> <span class='ocrx_word' id='word_1_590' title='bbox 943 4254 1154 4329; x_wconf 71' lang='grc' dir='ltr'><strong>ἑορτῆς⁸</strong></span> <span class='ocrx_word' id='word_1_591' title='bbox 1239 4252 1396 4329; x_wconf 92' lang='lat' dir='ltr'><strong>quod</strong></span> <span class='ocrx_word' id='word_1_592' title='bbox 1478 4252 1557 4313; x_wconf 90' lang='lat' dir='ltr'><strong>ita</strong></span> <span class='ocrx_word' id='word_1_593' title='bbox 1638 4252 1813 4314; x_wconf 88' lang='lat' dir='ltr'><strong>vertit</strong></span> <span class='ocrx_word' id='word_1_594' title='bbox 1884 4260 2086 4313; x_wconf 90' lang='lat' dir='ltr'><strong>noster</strong></span> 
     </span>
    </p>
   </div>
   <div class='ocr_carea' id='block_1_80' title="bbox 2178 4252 3810 4336">
    <p class='ocr_par' dir='ltr' id='par_1_80' title="bbox 2178 4253 3810 4336">
     <span class='ocr_line' id='line_1_80' title="bbox 2178 4253 3810 4336; baseline 0.006 -22"><span class='ocrx_word' id='word_1_595' title='bbox 2178 4255 2466 4335; x_wconf 87' lang='lat' dir='ltr'><strong>liquorum</strong></span> <span class='ocrx_word' id='word_1_596' title='bbox 2498 4253 2917 4333; x_wconf 89' lang='lat' dir='ltr'><strong>tropariorum,</strong></span> <span class='ocrx_word' id='word_1_597' title='bbox 2947 4274 3078 4335; x_wconf 65' lang='lat' dir='ltr'><strong>quae</strong></span> <span class='ocrx_word' id='word_1_598' title='bbox 3098 4256 3158 4317; x_wconf 91' lang='lat' dir='ltr'><strong>in</strong></span> <span class='ocrx_word' id='word_1_599' title='bbox 3190 4275 3260 4318; x_wconf 89' lang='lat' dir='ltr'><strong>ea</strong></span> <span class='ocrx_word' id='word_1_600' title='bbox 3282 4258 3395 4319; x_wconf 92' lang='lat' dir='ltr'><strong>ode</strong></span> <span class='ocrx_word' id='word_1_601' title='bbox 3423 4270 3810 4336; x_wconf 89' lang='lat' dir='ltr'><strong>canerentur,</strong></span> 
     </span>
    </p>
   </div>
   <div class='ocr_carea' id='block_1_81' title="bbox 439 4338 3819 4429">
    <p class='ocr_par' dir='ltr' id='par_1_81' title="bbox 439 4338 3819 4429">
     <span class='ocr_line' id='line_1_81' title="bbox 439 4338 3819 4429; baseline 0.003 -27"><span class='ocrx_word' id='word_1_602' title='bbox 439 4340 758 4402; x_wconf 86' lang='lat' dir='ltr'><strong>Gretserus</strong></span> <span class='ocrx_word' id='word_1_603' title='bbox 785 4357 798 4401; x_wconf 89' lang='lat'>:</span> <span class='ocrx_word' id='word_1_604' title='bbox 828 4362 849 4395; x_wconf 77' lang='grc' dir='ltr'>’.ι</span> <span class='ocrx_word' id='word_1_605' title='bbox 879 4338 1304 4418; x_wconf 88' lang='lat' dir='ltr'><strong>Ingrediuntur</strong></span> <span class='ocrx_word' id='word_1_606' title='bbox 1324 4341 1501 4403; x_wconf 89' lang='lat' dir='ltr'><strong>etiam</strong></span> <span class='ocrx_word' id='word_1_607' title='bbox 1530 4352 2087 4422; x_wconf 85' lang='lat' dir='ltr'><strong>cantores,canunt—</strong></span> <span class='ocrx_word' id='word_1_608' title='bbox 2171 4344 2599 4425; x_wconf 84' lang='lat' dir='ltr'><strong>consequentia</strong></span> <span class='ocrx_word' id='word_1_609' title='bbox 2629 4352 2684 4405; x_wconf 91' lang='lat' dir='ltr'><strong>et</strong></span> <span class='ocrx_word' id='word_1_610' title='bbox 2717 4344 2903 4405; x_wconf 87' lang='lat' dir='ltr'><strong>series</strong></span> <span class='ocrx_word' id='word_1_611' title='bbox 2945 4345 3297 4408; x_wconf 89' lang='lat' dir='ltr'><strong>ducebatur.</strong></span> <span class='ocrx_word' id='word_1_612' title='bbox 3338 4349 3521 4429; x_wconf 89' lang='lat' dir='ltr'><strong>[dque</strong></span> <span class='ocrx_word' id='word_1_613' title='bbox 3552 4352 3633 4411; x_wconf 91' lang='lat' dir='ltr'><strong>ita</strong></span> <span class='ocrx_word' id='word_1_614' title='bbox 3682 4370 3819 4413; x_wconf 90' lang='lat' dir='ltr'><strong>esse</strong></span> 
     </span>
    </p>
   </div>
   <div class='ocr_carea' id='block_1_82' title="bbox 437 4429 3823 4515">
    <p class='ocr_par' dir='ltr' id='par_1_82' title="bbox 437 4429 3823 4515">
     <span class='ocr_line' id='line_1_82' title="bbox 437 4429 3823 4515; baseline 0.004 -26"><span class='ocrx_word' id='word_1_615' title='bbox 437 4448 554 4506; x_wconf 89' lang='lat' dir='ltr'><strong>que</strong></span> <span class='ocrx_word' id='word_1_616' title='bbox 611 4429 743 4489; x_wconf 85' lang='lat' dir='ltr'><strong>festi</strong></span> <span class='ocrx_word' id='word_1_617' title='bbox 800 4429 1109 4509; x_wconf 90' lang='lat' dir='ltr'><strong>proprium</strong></span> <span class='ocrx_word' id='word_1_618' title='bbox 1160 4436 1476 4498; x_wconf 87' lang='lat' dir='ltr'><strong>canticum.</strong></span> <span class='ocrx_word' id='word_1_619' title='bbox 1538 4457 1559 4486; x_wconf 85' lang='lat'><strong>»</strong></span> <span class='ocrx_word' id='word_1_620' title='bbox 1626 4431 1797 4495; x_wconf 90' lang='lat' dir='ltr'><strong>Unde</strong></span> <span class='ocrx_word' id='word_1_621' title='bbox 1852 4433 2086 4494; x_wconf 89' lang='lat' dir='ltr'><strong>videtur</strong></span> <span class='ocrx_word' id='word_1_622' title='bbox 2170 4444 2449 4496; x_wconf 85' lang='lat' dir='ltr'><strong>notarunt</strong></span> <span class='ocrx_word' id='word_1_623' title='bbox 2477 4434 2586 4495; x_wconf 86' lang='lat' dir='ltr'><strong>viri</strong></span> <span class='ocrx_word' id='word_1_624' title='bbox 2619 4432 2800 4515; x_wconf 79' lang='lat' dir='ltr'><strong>docti,</strong></span> <span class='ocrx_word' id='word_1_625' title='bbox 2837 4453 2908 4495; x_wconf 87' lang='lat' dir='ltr'><strong>ex</strong></span> <span class='ocrx_word' id='word_1_626' title='bbox 2935 4436 3237 4498; x_wconf 84' lang='lat' dir='ltr'><strong>Simeonis</strong></span> <span class='ocrx_word' id='word_1_627' title='bbox 3264 4436 3823 4503; x_wconf 88' lang='lat' dir='ltr'><strong>Thessalonicensis</strong></span> 
     </span>
    </p>
   </div>
   <div class='ocr_carea' id='block_1_83' title="bbox 441 4518 3823 4611">
    <p class='ocr_par' dir='ltr' id='par_1_83' title="bbox 441 4518 3823 4611">
     <span class='ocr_line' id='line_1_83' title="bbox 441 4518 3823 4611; baseline 0.004 -32"><span class='ocrx_word' id='word_1_628' title='bbox 441 4538 616 4599; x_wconf 88' lang='lat' dir='ltr'><strong>posse</strong></span> <span class='ocrx_word' id='word_1_629' title='bbox 647 4519 948 4611; x_wconf 88' lang='lat' dir='ltr'><strong>concludi,</strong></span> <span class='ocrx_word' id='word_1_630' title='bbox 985 4518 1280 4611; x_wconf 82' lang='lat' dir='ltr'><strong>canticum</strong></span> <span class='ocrx_word' id='word_1_631' title='bbox 1313 4520 1554 4611; x_wconf 87' lang='lat' dir='ltr'><strong>aliquod</strong></span> <span class='ocrx_word' id='word_1_632' title='bbox 1587 4524 1919 4604; x_wconf 83' lang='lat' dir='ltr'><strong>nuncupari</strong></span> <span class='ocrx_word' id='word_1_633' title='bbox 1947 4523 2085 4581; x_wconf 77' lang='grc' dir='ltr'><strong>ἱδιό-</strong></span> <span class='ocrx_word' id='word_1_634' title='bbox 2107 4524 2610 4611; x_wconf 60' lang='lat' dir='ltr'><strong>“archiepiscopi</strong></span> <span class='ocrx_word' id='word_1_635' title='bbox 2636 4523 2787 4585; x_wconf 90' lang='lat' dir='ltr'><strong>libro</strong></span> <span class='ocrx_word' id='word_1_636' title='bbox 2817 4524 2903 4586; x_wconf 86' lang='lat' dir='ltr'><strong>De</strong></span> <span class='ocrx_word' id='word_1_637' title='bbox 2927 4525 3163 4605; x_wconf 82' lang='lat' dir='ltr'><strong>templo,</strong></span> <span class='ocrx_word' id='word_1_638' title='bbox 3189 4530 3505 4591; x_wconf 74' lang='lat' dir='ltr'><strong>sacerdote</strong></span> <span class='ocrx_word' id='word_1_639' title='bbox 3524 4538 3823 4611; x_wconf 75' lang='lat' dir='ltr'><strong>etmysta-</strong></span> 
     </span>
    </p>
   </div>
   <div class='ocr_carea' id='block_1_84' title="bbox 438 4608 3825 4695">
    <p class='ocr_par' dir='ltr' id='par_1_84' title="bbox 438 4608 3825 4695">
     <span class='ocr_line' id='line_1_84' title="bbox 438 4608 3825 4695; baseline 0.004 -28"><span class='ocrx_word' id='word_1_640' title='bbox 438 4609 775 4691; x_wconf 57' lang='lat' dir='ltr'><strong>uelov,quia</strong></span> <span class='ocrx_word' id='word_1_641' title='bbox 799 4610 949 4670; x_wconf 91' lang='lat' dir='ltr'><strong>festo</strong></span> <span class='ocrx_word' id='word_1_642' title='bbox 977 4608 1281 4689; x_wconf 49' lang='lat' dir='ltr'><strong>pruprium</strong></span> <span class='ocrx_word' id='word_1_643' title='bbox 1300 4610 1400 4685; x_wconf 82' lang='lat' dir='ltr'><strong>sit,</strong></span> <span class='ocrx_word' id='word_1_644' title='bbox 1430 4631 1547 4672; x_wconf 91' lang='lat' dir='ltr'><strong>non</strong></span> <span class='ocrx_word' id='word_1_645' title='bbox 1576 4632 1714 4673; x_wconf 86' lang='lat' dir='ltr'><strong>vero</strong></span> <span class='ocrx_word' id='word_1_646' title='bbox 1733 4615 1871 4693; x_wconf 90' lang='lat' dir='ltr'><strong>quia</strong></span> <span class='ocrx_word' id='word_1_647' title='bbox 1906 4632 2072 4693; x_wconf 90' lang='lat' dir='ltr'><strong>pecu-</strong></span> <span class='ocrx_word' id='word_1_648' title='bbox 2104 4608 2154 4639; x_wconf 73' lang='grc' dir='ltr'><em>υ</em></span> <span class='ocrx_word' id='word_1_649' title='bbox 2170 4616 2365 4695; x_wconf 80' lang='lat' dir='ltr'><strong>gogia.</strong></span> <span class='ocrx_word' id='word_1_650' title='bbox 2393 4613 2551 4675; x_wconf 88' lang='lat' dir='ltr'><strong>Addi</strong></span> <span class='ocrx_word' id='word_1_651' title='bbox 2584 4621 2776 4693; x_wconf 89' lang='lat' dir='ltr'><strong>potest</strong></span> <span class='ocrx_word' id='word_1_652' title='bbox 2808 4613 3088 4694; x_wconf 89' lang='lat' dir='ltr'><strong>Zonaras,</strong></span> <span class='ocrx_word' id='word_1_653' title='bbox 3122 4627 3443 4681; x_wconf 90' lang='lat' dir='ltr'><strong>comment.</strong></span> <span class='ocrx_word' id='word_1_654' title='bbox 3481 4620 3539 4681; x_wconf 92' lang='lat' dir='ltr'><strong>in</strong></span> <span class='ocrx_word' id='word_1_655' title='bbox 3562 4608 3825 4681; x_wconf 81' lang='lat' dir='ltr'><strong>canones</strong></span> 
     </span>
    </p>
   </div>
   <div class='ocr_carea' id='block_1_85' title="bbox 439 4698 3817 4786">
    <p class='ocr_par' dir='ltr' id='par_1_85' title="bbox 439 4698 3817 4786">
     <span class='ocr_line' id='line_1_85' title="bbox 439 4698 3817 4786; baseline 0.002 -26"><span class='ocrx_word' id='word_1_656' title='bbox 439 4699 647 4761; x_wconf 92' lang='lat' dir='ltr'><strong>liarem</strong></span> <span class='ocrx_word' id='word_1_657' title='bbox 685 4699 797 4763; x_wconf 90' lang='lat' dir='ltr'><strong>sibi</strong></span> <span class='ocrx_word' id='word_1_658' title='bbox 834 4698 1304 4762; x_wconf 88' lang='lat' dir='ltr'><strong>modulationem</strong></span> <span class='ocrx_word' id='word_1_659' title='bbox 1342 4700 1623 4763; x_wconf 88' lang='lat' dir='ltr'><strong>vindicet.</strong></span> <span class='ocrx_word' id='word_1_660' title='bbox 1653 4702 1768 4764; x_wconf 89' lang='lat' dir='ltr'><strong>Per</strong></span> <span class='ocrx_word' id='word_1_661' title='bbox 1791 4704 1913 4764; x_wconf 84' lang='lat' dir='ltr'><strong>haec</strong></span> <span class='ocrx_word' id='word_1_662' title='bbox 1946 4721 2089 4765; x_wconf 90' lang='lat' dir='ltr'><strong>sane</strong></span> <span class='ocrx_word' id='word_1_663' title='bbox 2171 4704 2579 4767; x_wconf 88' lang='lat' dir='ltr'><strong>Anastasimos</strong></span> <span class='ocrx_word' id='word_1_664' title='bbox 2601 4704 3042 4786; x_wconf 89' lang='lat' dir='ltr'><strong>Damasceni,in</strong></span> <span class='ocrx_word' id='word_1_665' title='bbox 3071 4708 3395 4784; x_wconf 66' lang='lat' dir='ltr'><strong>prooemio:</strong></span> <span class='ocrx_word' id='word_1_666' title='bbox 3426 4712 3615 4786; x_wconf 76' lang='grc' dir='ltr'><strong>Εἱρμὸς</strong></span> <span class='ocrx_word' id='word_1_667' title='bbox 3642 4710 3694 4765; x_wconf 75' lang='grc' dir='ltr'><strong>δὲ</strong></span> <span class='ocrx_word' id='word_1_668' title='bbox 3718 4710 3817 4767; x_wconf 81' lang='grc' dir='ltr'><strong>λέ-</strong></span> 
     </span>
    </p>
   </div>
   <div class='ocr_carea' id='block_1_86' title="bbox 437 4789 2088 4880">
    <p class='ocr_par' dir='ltr' id='par_1_86' title="bbox 437 4789 2088 4872">
     <span class='ocr_line' id='line_1_86' title="bbox 437 4789 2088 4872; baseline 0.001 -21"><span class='ocrx_word' id='word_1_669' title='bbox 437 4789 647 4851; x_wconf 89' lang='lat' dir='ltr'><strong>Codini</strong></span> <span class='ocrx_word' id='word_1_670' title='bbox 683 4789 862 4851; x_wconf 89' lang='lat' dir='ltr'><strong>verba</strong></span> <span class='ocrx_word' id='word_1_671' title='bbox 893 4789 1232 4868; x_wconf 89' lang='lat' dir='ltr'><strong>scrupulus,</strong></span> <span class='ocrx_word' id='word_1_672' title='bbox 1268 4789 1477 4871; x_wconf 83' lang='lat' dir='ltr'><strong>fateor,</strong></span> <span class='ocrx_word' id='word_1_673' title='bbox 1517 4791 1664 4852; x_wconf 91' lang='lat' dir='ltr'><strong>mihi</strong></span> <span class='ocrx_word' id='word_1_674' title='bbox 1697 4793 1960 4872; x_wconf 87' lang='lat' dir='ltr'><strong>injectus</strong></span> <span class='ocrx_word' id='word_1_675' title='bbox 1983 4793 2088 4853; x_wconf 85' lang='lat' dir='ltr'><strong>fuit</strong></span> 
     </span>
    </p>
   </div>
   <div class='ocr_carea' id='block_1_87' title="bbox 2178 4789 3825 4880">
    <p class='ocr_par' dir='ltr' id='par_1_87' title="bbox 2178 4796 3825 4880">
     <span class='ocr_line' id='line_1_87' title="bbox 2178 4796 3825 4880; baseline 0.002 -28"><span class='ocrx_word' id='word_1_676' title='bbox 2178 4819 2317 4874; x_wconf 74' lang='grc' dir='ltr'>γεται</span> <span class='ocrx_word' id='word_1_677' title='bbox 2349 4799 2423 4858; x_wconf 79' lang='grc' dir='ltr'><strong>ὼς</strong></span> <span class='ocrx_word' id='word_1_678' title='bbox 2456 4796 2767 4852; x_wconf 74' lang='grc' dir='ltr'>ἀκολουθίαν</span> <span class='ocrx_word' id='word_1_679' title='bbox 2818 4797 2955 4873; x_wconf 67' lang='grc' dir='ltr'><strong>τινὰ²</strong></span> <span class='ocrx_word' id='word_1_680' title='bbox 2992 4798 3083 4851; x_wconf 76' lang='grc' dir='ltr'><strong>καὶ</strong></span> <span class='ocrx_word' id='word_1_681' title='bbox 3140 4797 3283 4861; x_wconf 65' lang='grc' dir='ltr'>τάξιν</span> <span class='ocrx_word' id='word_1_682' title='bbox 3333 4799 3585 4879; x_wconf 66' lang='grc' dir='ltr'><strong>μέλουυς,</strong></span> <span class='ocrx_word' id='word_1_683' title='bbox 3616 4803 3703 4857; x_wconf 73' lang='grc' dir='ltr'>καὶ</span> <span class='ocrx_word' id='word_1_684' title='bbox 3733 4802 3825 4880; x_wconf 80' lang='grc' dir='ltr'><strong>ἀρ-</strong></span> 
     </span>
    </p>
   </div>
   <div class='ocr_carea' id='block_1_88' title="bbox 436 4880 2088 4969">
    <p class='ocr_par' dir='ltr' id='par_1_88' title="bbox 436 4880 2088 4962">
     <span class='ocr_line' id='line_1_88' title="bbox 436 4880 2088 4962; baseline 0.001 -20"><span class='ocrx_word' id='word_1_685' title='bbox 436 4899 557 4942; x_wconf 90' lang='lat' dir='ltr'><strong>non</strong></span> <span class='ocrx_word' id='word_1_686' title='bbox 576 4880 856 4956; x_wconf 87' lang='lat' dir='ltr'><strong>levis;sed</strong></span> <span class='ocrx_word' id='word_1_687' title='bbox 884 4880 1391 4959; x_wconf 88' lang='lat' dir='ltr'><strong>evanuit,quando</strong></span> <span class='ocrx_word' id='word_1_688' title='bbox 1410 4881 1528 4941; x_wconf 89' lang='lat' dir='ltr'><strong>vidi</strong></span> <span class='ocrx_word' id='word_1_689' title='bbox 1542 4882 1713 4962; x_wconf 88' lang='lat' dir='ltr'><strong>plura</strong></span> <span class='ocrx_word' id='word_1_690' title='bbox 1724 4901 1857 4944; x_wconf 89' lang='lat' dir='ltr'><strong>esse</strong></span> <span class='ocrx_word' id='word_1_691' title='bbox 1874 4883 2088 4945; x_wconf 87' lang='lat' dir='ltr'><strong>stiche-</strong></span> 
     </span>
    </p>
   </div>
   <div class='ocr_carea' id='block_1_89' title="bbox 2178 4880 3821 4969">
    <p class='ocr_par' dir='ltr' id='par_1_89' title="bbox 2178 4883 3821 4969">
     <span class='ocr_line' id='line_1_89' title="bbox 2178 4883 3821 4969; baseline -0.001 -27"><span class='ocrx_word' id='word_1_692' title='bbox 2178 4889 2357 4962; x_wconf 74' lang='grc' dir='ltr'>μονίοις</span> <span class='ocrx_word' id='word_1_693' title='bbox 2392 4883 2559 4947; x_wconf 72' lang='grc' dir='ltr'>διδοὺς</span> <span class='ocrx_word' id='word_1_694' title='bbox 2591 4899 2707 4947; x_wconf 74' lang='grc' dir='ltr'><strong>τοῖς</strong></span> <span class='ocrx_word' id='word_1_695' title='bbox 2762 4885 2878 4959; x_wconf 81' lang='grc' dir='ltr'><strong>μετ’</strong></span> <span class='ocrx_word' id='word_1_696' title='bbox 2934 4886 3090 4941; x_wconf 71' lang='grc' dir='ltr'>αὐτοῦ</span> <span class='ocrx_word' id='word_1_697' title='bbox 3149 4891 3476 4966; x_wconf 72' lang='grc' dir='ltr'><strong>τροπαρῐοις,</strong></span> <span class='ocrx_word' id='word_1_698' title='bbox 3532 4892 3667 4969; x_wconf 78' lang='grc' dir='ltr'>Πρὸς</span> <span class='ocrx_word' id='word_1_699' title='bbox 3720 4893 3821 4969; x_wconf 75' lang='grc' dir='ltr'>γὰρ</span> 
     </span>
    </p>
   </div>
   <div class='ocr_carea' id='block_1_90' title="bbox 436 4969 2088 5060">
    <p class='ocr_par' dir='ltr' id='par_1_90' title="bbox 436 4969 2085 5049">
     <span class='ocr_line' id='line_1_90' title="bbox 436 4969 2085 5049; baseline -0.002 -18"><span class='ocrx_word' id='word_1_700' title='bbox 436 4987 504 5032; x_wconf 87' lang='lat' dir='ltr'><strong>ra</strong></span> <span class='ocrx_word' id='word_1_701' title='bbox 532 4970 682 5032; x_wconf 75' lang='lat' dir='ltr'><strong>festo</strong></span> <span class='ocrx_word' id='word_1_702' title='bbox 715 4969 1125 5049; x_wconf 84' lang='lat' dir='ltr'><strong>congruentia.</strong></span> <span class='ocrx_word' id='word_1_703' title='bbox 1161 4986 1293 5049; x_wconf 70' lang='lat' dir='ltr'><strong>quae</strong></span> <span class='ocrx_word' id='word_1_704' title='bbox 1340 4988 1458 5030; x_wconf 94' lang='lat' dir='ltr'><strong>non</strong></span> <span class='ocrx_word' id='word_1_705' title='bbox 1507 4969 1923 5032; x_wconf 89' lang='lat' dir='ltr'><strong>inscribuntur</strong></span> <span class='ocrx_word' id='word_1_706' title='bbox 1951 4971 2085 5028; x_wconf 76' lang='grc' dir='ltr'>ἰδιόσ-</span> 
     </span>
    </p>
   </div>
   <div class='ocr_carea' id='block_1_91' title="bbox 2178 4969 3819 5060">
    <p class='ocr_par' dir='ltr' id='par_1_91' title="bbox 2178 4975 3819 5060">
     <span class='ocr_line' id='line_1_91' title="bbox 2178 4975 3819 5060; baseline 0.002 -27"><span class='ocrx_word' id='word_1_707' title='bbox 2178 4980 2235 5033; x_wconf 63' lang='lat' dir='ltr'><strong>&quot;co</strong></span> <span class='ocrx_word' id='word_1_708' title='bbox 2264 4979 2369 5033; x_wconf 83' lang='grc' dir='ltr'>τῶν</span> <span class='ocrx_word' id='word_1_709' title='bbox 2400 4978 2593 5053; x_wconf 76' lang='grc' dir='ltr'><strong>εἱρμὼν</strong></span> <span class='ocrx_word' id='word_1_710' title='bbox 2653 4975 2815 5050; x_wconf 75' lang='grc' dir='ltr'>μέλος</span> <span class='ocrx_word' id='word_1_711' title='bbox 2872 4978 3097 5032; x_wconf 70' lang='grc' dir='ltr'>κὰκεῖνςι</span> <span class='ocrx_word' id='word_1_712' title='bbox 3153 4978 3505 5060; x_wconf 69' lang='grc' dir='ltr'>ῥυθμίζονται,</span> <span class='ocrx_word' id='word_1_713' title='bbox 3541 4985 3625 5038; x_wconf 73' lang='grc' dir='ltr'><strong>καὶ</strong></span> <span class='ocrx_word' id='word_1_714' title='bbox 3686 4984 3819 5058; x_wconf 83' lang='grc' dir='ltr'>πρὸς</span> 
     </span>
    </p>
   </div>
   <div class='ocr_carea' id='block_1_92' title="bbox 436 5058 2088 5145">
    <p class='ocr_par' dir='ltr' id='par_1_92' title="bbox 436 5058 2085 5143">
     <span class='ocr_line' id='line_1_92' title="bbox 436 5058 2085 5143; baseline 0.005 -29"><span class='ocrx_word' id='word_1_715' title='bbox 436 5060 597 5134; x_wconf 82' lang='grc' dir='ltr'>μελα.</span> <span class='ocrx_word' id='word_1_716' title='bbox 630 5060 717 5121; x_wconf 88' lang='lat' dir='ltr'><strong>Ne</strong></span> <span class='ocrx_word' id='word_1_717' title='bbox 767 5061 999 5137; x_wconf 87' lang='lat' dir='ltr'><strong>longius</strong></span> <span class='ocrx_word' id='word_1_718' title='bbox 1049 5058 1370 5137; x_wconf 84' lang='lat' dir='ltr'><strong>abeamus;</strong></span> <span class='ocrx_word' id='word_1_719' title='bbox 1408 5058 1615 5120; x_wconf 83' lang='lat' dir='ltr'><strong>ﬁdeles</strong></span> <span class='ocrx_word' id='word_1_720' title='bbox 1672 5068 1804 5121; x_wconf 91' lang='lat' dir='ltr'><strong>tuos</strong></span> <span class='ocrx_word' id='word_1_721' title='bbox 1856 5062 2085 5143; x_wconf 89' lang='lat' dir='ltr'><strong>oculos,</strong></span> 
     </span>
    </p>
   </div>
   <div class='ocr_carea' id='block_1_93' title="bbox 2178 5058 3814 5145">
    <p class='ocr_par' dir='ltr' id='par_1_93' title="bbox 2178 5067 3814 5145">
     <span class='ocr_line' id='line_1_93' title="bbox 2178 5067 3814 5145; baseline 0.002 -21"><span class='ocrx_word' id='word_1_722' title='bbox 2178 5074 2377 5124; x_wconf 64' lang='grc' dir='ltr'>ἐκεῖνον</span> <span class='ocrx_word' id='word_1_723' title='bbox 2440 5068 2802 5145; x_wconf 68' lang='grc' dir='ltr'>ἀναφερόμενα</span> <span class='ocrx_word' id='word_1_724' title='bbox 2864 5067 3178 5142; x_wconf 73' lang='grc' dir='ltr'>ἁρμόζονταί</span> <span class='ocrx_word' id='word_1_725' title='bbox 3239 5090 3295 5123; x_wconf 86' lang='grc' dir='ltr'><strong>τε</strong></span> <span class='ocrx_word' id='word_1_726' title='bbox 3353 5072 3440 5126; x_wconf 69' lang='grc' dir='ltr'><strong>καὶ</strong></span> <span class='ocrx_word' id='word_1_727' title='bbox 3497 5069 3814 5145; x_wconf 71' lang='grc' dir='ltr'>ψάλλονται,</span> 
     </span>
    </p>
   </div>
   <div class='ocr_carea' id='block_1_94' title="bbox 433 5147 3815 5235">
    <p class='ocr_par' dir='ltr' id='par_1_94' title="bbox 433 5147 3815 5235">
     <span class='ocr_line' id='line_1_94' title="bbox 433 5147 3815 5235; baseline 0.003 -26"><span class='ocrx_word' id='word_1_728' title='bbox 433 5147 1515 5228; x_wconf 66' lang='grc' dir='ltr'><strong>[ιεοιιπ-,ἰηὶιοιύιῃιιιὶιιιηρνωευιυιῐι</strong></span> <span class='ocrx_word' id='word_1_729' title='bbox 1534 5150 2082 5215; x_wconf 81' lang='lat' dir='ltr'><strong>ofﬁciumintende:</strong></span> <span class='ocrx_word' id='word_1_730' title='bbox 2171 5161 2257 5214; x_wconf 71' lang='grc' dir='ltr'>καὶ</span> <span class='ocrx_word' id='word_1_731' title='bbox 2287 5164 2354 5233; x_wconf 76' lang='grc' dir='ltr'><strong>τῇ</strong></span> <span class='ocrx_word' id='word_1_732' title='bbox 2385 5159 2609 5235; x_wconf 73' lang='grc' dir='ltr'>ἁρμονίᾳ</span> <span class='ocrx_word' id='word_1_733' title='bbox 2658 5164 2749 5212; x_wconf 78' lang='grc' dir='ltr'>τοῦ</span> <span class='ocrx_word' id='word_1_734' title='bbox 2807 5154 3193 5231; x_wconf 75' lang='grc' dir='ltr'><strong>μελῳδήμοιτος</strong></span> <span class='ocrx_word' id='word_1_735' title='bbox 3244 5158 3443 5217; x_wconf 67' lang='grc' dir='ltr'>ἐκείνου</span> <span class='ocrx_word' id='word_1_736' title='bbox 3494 5159 3815 5219; x_wconf 75' lang='grc' dir='ltr'>ἀκολουθοῦ-</span> 
     </span>
    </p>
   </div>
   <div class='ocr_carea' id='block_1_95' title="bbox 436 5236 2088 5328">
    <p class='ocr_par' dir='ltr' id='par_1_95' title="bbox 436 5236 2084 5328">
     <span class='ocr_line' id='line_1_95' title="bbox 436 5236 2084 5328; baseline 0.002 -30"><span class='ocrx_word' id='word_1_737' title='bbox 436 5246 493 5298; x_wconf 93' lang='lat' dir='ltr'><strong>et</strong></span> <span class='ocrx_word' id='word_1_738' title='bbox 519 5236 660 5298; x_wconf 92' lang='lat' dir='ltr'><strong>licet</strong></span> <span class='ocrx_word' id='word_1_739' title='bbox 682 5237 939 5328; x_wconf 80' lang='lat' dir='ltr'><strong>stichera</strong></span> <span class='ocrx_word' id='word_1_740' title='bbox 964 5242 1165 5298; x_wconf 88' lang='lat' dir='ltr'><strong>omnia</strong></span> <span class='ocrx_word' id='word_1_741' title='bbox 1189 5238 1305 5328; x_wconf 80' lang='lat' dir='ltr'><strong>sint</strong></span> <span class='ocrx_word' id='word_1_742' title='bbox 1328 5237 1465 5328; x_wconf 87' lang='lat' dir='ltr'><strong>huic</strong></span> <span class='ocrx_word' id='word_1_743' title='bbox 1482 5236 1631 5300; x_wconf 86' lang='lat' dir='ltr'><strong>festo</strong></span> <span class='ocrx_word' id='word_1_744' title='bbox 1648 5240 1885 5320; x_wconf 88' lang='lat' dir='ltr'><strong>propria</strong></span> <span class='ocrx_word' id='word_1_745' title='bbox 1908 5260 2084 5320; x_wconf 83' lang='lat' dir='ltr'><strong>quam</strong></span> 
     </span>
    </p>
   </div>
   <div class='ocr_carea' id='block_1_96' title="bbox 2178 5236 3817 5328">
    <p class='ocr_par' dir='ltr' id='par_1_96' title="bbox 2178 5248 3817 5328">
     <span class='ocr_line' id='line_1_96' title="bbox 2178 5248 3817 5328; baseline 0.003 -25"><span class='ocrx_word' id='word_1_746' title='bbox 2178 5272 2275 5328; x_wconf 63' lang='grc' dir='ltr'>σιν,</span> <span class='ocrx_word' id='word_1_747' title='bbox 2348 5250 2382 5317; x_wconf 72' lang='grc' dir='ltr'>ἢ</span> <span class='ocrx_word' id='word_1_748' title='bbox 2460 5249 2539 5304; x_wconf 77' lang='grc' dir='ltr'>ὅτι</span> <span class='ocrx_word' id='word_1_749' title='bbox 2588 5248 2809 5323; x_wconf 46' lang='grc' dir='ltr'>συνείρει</span> <span class='ocrx_word' id='word_1_750' title='bbox 2858 5248 2944 5303; x_wconf 73' lang='grc' dir='ltr'><strong>καὶ</strong></span> <span class='ocrx_word' id='word_1_751' title='bbox 3000 5248 3293 5321; x_wconf 74' lang='grc' dir='ltr'>συμπλέκει</span> <span class='ocrx_word' id='word_1_752' title='bbox 3346 5251 3516 5325; x_wconf 77' lang='grc' dir='ltr'>ἑαυτῷ</span> <span class='ocrx_word' id='word_1_753' title='bbox 3575 5253 3711 5307; x_wconf 76' lang='grc' dir='ltr'>κατὰ</span> <span class='ocrx_word' id='word_1_754' title='bbox 3756 5254 3817 5308; x_wconf 77' lang='grc' dir='ltr'><strong>τὸ</strong></span> 
     </span>
    </p>
   </div>
   <div class='ocr_carea' id='block_1_97' title="bbox 435 5326 2088 5420">
    <p class='ocr_par' dir='ltr' id='par_1_97' title="bbox 435 5326 2088 5405">
     <span class='ocr_line' id='line_1_97' title="bbox 435 5326 2088 5405; baseline 0.001 -18"><span class='ocrx_word' id='word_1_755' title='bbox 435 5344 570 5405; x_wconf 77' lang='lat' dir='ltr'><strong>quze</strong></span> <span class='ocrx_word' id='word_1_756' title='bbox 596 5326 873 5399; x_wconf 76' lang='lat' dir='ltr'><strong>maxime,</strong></span> <span class='ocrx_word' id='word_1_757' title='bbox 901 5334 1092 5386; x_wconf 88' lang='lat' dir='ltr'><strong>tamen</strong></span> <span class='ocrx_word' id='word_1_758' title='bbox 1117 5345 1234 5387; x_wconf 92' lang='lat' dir='ltr'><strong>non</strong></span> <span class='ocrx_word' id='word_1_759' title='bbox 1262 5326 1529 5388; x_wconf 87' lang='lat' dir='ltr'><strong>invenias</strong></span> <span class='ocrx_word' id='word_1_760' title='bbox 1554 5328 1669 5390; x_wconf 87' lang='lat' dir='ltr'><strong>alia</strong></span> <span class='ocrx_word' id='word_1_761' title='bbox 1692 5330 1933 5391; x_wconf 88' lang='lat' dir='ltr'><strong>inscribi</strong></span> <span class='ocrx_word' id='word_1_762' title='bbox 1953 5332 2088 5389; x_wconf 71' lang='grc' dir='ltr'>ἰδιό-</span> 
     </span>
    </p>
   </div>
   <div class='ocr_carea' id='block_1_98' title="bbox 2178 5326 3814 5420">
    <p class='ocr_par' dir='ltr' id='par_1_98' title="bbox 2178 5326 3814 5420">
     <span class='ocr_line' id='line_1_98' title="bbox 2178 5326 3814 5420; baseline 0.005 -27"><span class='ocrx_word' id='word_1_763' title='bbox 2178 5326 2335 5413; x_wconf 53' lang='grc' dir='ltr'><strong>μέἶος</strong></span> <span class='ocrx_word' id='word_1_764' title='bbox 2368 5341 2393 5394; x_wconf 72' lang='grc' dir='ltr'>ὁ</span> <span class='ocrx_word' id='word_1_765' title='bbox 2440 5341 2616 5417; x_wconf 65' lang='lat' dir='ltr'><strong>cippo;</strong></span> <span class='ocrx_word' id='word_1_766' title='bbox 2651 5340 2709 5393; x_wconf 75' lang='grc' dir='ltr'><strong>τὸ</strong></span> <span class='ocrx_word' id='word_1_767' title='bbox 2741 5337 3047 5412; x_wconf 74' lang='grc' dir='ltr'>τροπάριον.</span> <span class='ocrx_word' id='word_1_768' title='bbox 3089 5360 3113 5390; x_wconf 82' lang='grc' dir='ltr'><strong>σ</strong></span> <span class='ocrx_word' id='word_1_769' title='bbox 3177 5336 3417 5399; x_wconf 89' lang='lat' dir='ltr'><strong>Hirmus</strong></span> <span class='ocrx_word' id='word_1_770' title='bbox 3457 5340 3814 5420; x_wconf 69' lang='lat' dir='ltr'><strong>appellatur,</strong></span> 
     </span>
    </p>
   </div>
   <div class='ocr_carea' id='block_1_99' title="bbox 433 5414 3821 5507">
    <p class='ocr_par' dir='ltr' id='par_1_99' title="bbox 433 5414 3821 5507">
     <span class='ocr_line' id='line_1_99' title="bbox 433 5414 3821 5507; baseline 0.006 -36"><span class='ocrx_word' id='word_1_771' title='bbox 433 5416 572 5507; x_wconf 63' lang='grc' dir='ltr'>μελοι</span> <span class='ocrx_word' id='word_1_772' title='bbox 626 5424 844 5493; x_wconf 68' lang='lat' dir='ltr'><strong>przeter</strong></span> <span class='ocrx_word' id='word_1_773' title='bbox 901 5414 1329 5507; x_wconf 75' lang='lat' dir='ltr'><strong>sticher_a_Nili</strong></span> <span class='ocrx_word' id='word_1_774' title='bbox 1392 5418 1781 5497; x_wconf 83' lang='lat' dir='ltr'><strong>Xantbopuli,</strong></span> <span class='ocrx_word' id='word_1_775' title='bbox 1819 5420 1877 5481; x_wconf 89' lang='lat' dir='ltr'><strong>id</strong></span> <span class='ocrx_word' id='word_1_776' title='bbox 1932 5421 2087 5500; x_wconf 91' lang='lat' dir='ltr'><strong>quod</strong></span> <span class='ocrx_word' id='word_1_777' title='bbox 2175 5446 2245 5489; x_wconf 89' lang='lat' dir='ltr'><strong>eo</strong></span> <span class='ocrx_word' id='word_1_778' title='bbox 2276 5427 2432 5507; x_wconf 91' lang='lat' dir='ltr'><strong>quod</strong></span> <span class='ocrx_word' id='word_1_779' title='bbox 2465 5414 3561 5503; x_wconf 42' lang='lat' dir='ltr'><strong>seriemquamdametconnexione&#39;m</strong></span> <span class='ocrx_word' id='word_1_780' title='bbox 3587 5414 3821 5492; x_wconf 88' lang='lat' dir='ltr'><strong>etordi-</strong></span> 
     </span>
    </p>
   </div>
   <div class='ocr_carea' id='block_1_100' title="bbox 434 5504 3824 5599">
    <p class='ocr_par' dir='ltr' id='par_1_100' title="bbox 434 5504 3824 5599">
     <span class='ocr_line' id='line_1_100' title="bbox 434 5504 3824 5599; baseline 0.004 -33"><span class='ocrx_word' id='word_1_781' title='bbox 434 5504 608 5567; x_wconf 79' lang='lat' dir='ltr'><strong>nobis</strong></span> <span class='ocrx_word' id='word_1_782' title='bbox 679 5517 1031 5599; x_wconf 77' lang='lat' dir='ltr'><strong>argumento</strong></span> <span class='ocrx_word' id='word_1_783' title='bbox 1108 5504 1286 5599; x_wconf 85' lang='lat' dir='ltr'><strong>debet</strong></span> <span class='ocrx_word' id='word_1_784' title='bbox 1364 5524 1518 5599; x_wconf 76' lang='lat' dir='ltr'><strong>esse,</strong></span> <span class='ocrx_word' id='word_1_785' title='bbox 1580 5524 1713 5599; x_wconf 79' lang='lat' dir='ltr'><strong>non</strong></span> <span class='ocrx_word' id='word_1_786' title='bbox 1772 5521 2086 5589; x_wconf 82' lang='lat' dir='ltr'><strong>prepterea</strong></span> <span class='ocrx_word' id='word_1_787' title='bbox 2175 5504 2311 5578; x_wconf 84' lang='lat' dir='ltr'><strong>nem</strong></span> <span class='ocrx_word' id='word_1_788' title='bbox 2338 5528 2618 5579; x_wconf 82' lang='lat' dir='ltr'><strong>cantuset</strong></span> <span class='ocrx_word' id='word_1_789' title='bbox 2649 5513 3054 5577; x_wconf 76' lang='lat' dir='ltr'><strong>consonantiae</strong></span> <span class='ocrx_word' id='word_1_790' title='bbox 3078 5516 3824 5599; x_wconf 86' lang='lat' dir='ltr'><strong>tribuatconsequentibus</strong></span> 
     </span>
    </p>
   </div>
   <div class='ocr_carea' id='block_1_101' title="bbox 434 5592 3818 5688">
    <p class='ocr_par' dir='ltr' id='par_1_101' title="bbox 434 5592 3818 5688">
     <span class='ocr_line' id='line_1_101' title="bbox 434 5592 3818 5688; baseline 0.006 -38"><span class='ocrx_word' id='word_1_791' title='bbox 434 5596 742 5688; x_wconf 14' lang='lat' dir='ltr'><strong>canticum,</strong></span> <span class='ocrx_word' id='word_1_792' title='bbox 790 5592 1037 5669; x_wconf 88' lang='lat' dir='ltr'><strong>aliquod</strong></span> <span class='ocrx_word' id='word_1_793' title='bbox 1090 5596 1276 5688; x_wconf 84' lang='lat' dir='ltr'><strong>apud</strong></span> <span class='ocrx_word' id='word_1_794' title='bbox 1358 5594 1598 5688; x_wconf 73' lang='lat' dir='ltr'><strong>Graecos</strong></span> <span class='ocrx_word' id='word_1_795' title='bbox 1683 5596 1802 5659; x_wconf 88' lang='lat' dir='ltr'><strong>dici</strong></span> <span class='ocrx_word' id='word_1_796' title='bbox 1879 5601 2082 5677; x_wconf 71' lang='grc' dir='ltr'><strong>ἱδιόμε-</strong></span> <span class='ocrx_word' id='word_1_797' title='bbox 2170 5615 2301 5688; x_wconf 89' lang='lat' dir='ltr'><strong>post</strong></span> <span class='ocrx_word' id='word_1_798' title='bbox 2331 5625 2395 5668; x_wconf 87' lang='lat' dir='ltr'><strong>se</strong></span> <span class='ocrx_word' id='word_1_799' title='bbox 2419 5606 2713 5687; x_wconf 89' lang='lat' dir='ltr'><strong>tropariis.</strong></span> <span class='ocrx_word' id='word_1_800' title='bbox 2742 5607 2890 5667; x_wconf 89' lang='lat' dir='ltr'><strong>Nam</strong></span> <span class='ocrx_word' id='word_1_801' title='bbox 2923 5602 2995 5663; x_wconf 91' lang='lat' dir='ltr'><strong>ad</strong></span> <span class='ocrx_word' id='word_1_802' title='bbox 3023 5612 3257 5666; x_wconf 86' lang='lat' dir='ltr'><strong>cantum</strong></span> <span class='ocrx_word' id='word_1_803' title='bbox 3290 5592 3618 5670; x_wconf 75' lang='lat' dir='ltr'><strong>hirmorum</strong></span> <span class='ocrx_word' id='word_1_804' title='bbox 3669 5627 3818 5670; x_wconf 90' lang='lat' dir='ltr'><strong>con-</strong></span> 
     </span>
    </p>
   </div>
   <div class='ocr_carea' id='block_1_102' title="bbox 435 5685 3824 5781">
    <p class='ocr_par' dir='ltr' id='par_1_102' title="bbox 435 5685 3824 5781">
     <span class='ocr_line' id='line_1_102' title="bbox 435 5685 3824 5781; baseline 0.005 -37"><span class='ocrx_word' id='word_1_805' title='bbox 435 5686 698 5769; x_wconf 59' lang='lat' dir='ltr'><strong>lov,quia</strong></span> <span class='ocrx_word' id='word_1_806' title='bbox 722 5686 872 5750; x_wconf 83' lang='lat' dir='ltr'><strong>festo</strong></span> <span class='ocrx_word' id='word_1_807' title='bbox 898 5686 1207 5765; x_wconf 84' lang='lat' dir='ltr'><strong>proprium</strong></span> <span class='ocrx_word' id='word_1_808' title='bbox 1234 5685 1459 5766; x_wconf 86' lang='lat' dir='ltr'><strong>est,sed</strong></span> <span class='ocrx_word' id='word_1_809' title='bbox 1483 5686 1622 5767; x_wconf 88' lang='lat' dir='ltr'><strong>quia</strong></span> <span class='ocrx_word' id='word_1_810' title='bbox 1653 5690 1943 5767; x_wconf 85' lang='lat' dir='ltr'><strong>peculiari</strong></span> <span class='ocrx_word' id='word_1_811' title='bbox 1974 5702 2031 5755; x_wconf 86' lang='lat' dir='ltr'><strong>et</strong></span> <span class='ocrx_word' id='word_1_812' title='bbox 2051 5713 2083 5754; x_wconf 90' lang='lat' dir='ltr'><strong>a</strong></span> <span class='ocrx_word' id='word_1_813' title='bbox 2166 5685 2528 5780; x_wconf 66' lang='lat' dir='ltr'><strong>formantur,</strong></span> <span class='ocrx_word' id='word_1_814' title='bbox 2553 5706 2612 5760; x_wconf 88' lang='lat' dir='ltr'><strong>et</strong></span> <span class='ocrx_word' id='word_1_815' title='bbox 2645 5702 3119 5776; x_wconf 82' lang='lat' dir='ltr'><strong>attemperantur</strong></span> <span class='ocrx_word' id='word_1_816' title='bbox 3141 5695 3317 5759; x_wconf 87' lang='lat' dir='ltr'><strong>etiam</strong></span> <span class='ocrx_word' id='word_1_817' title='bbox 3345 5699 3689 5781; x_wconf 83' lang='lat' dir='ltr'><strong>troparia,et</strong></span> <span class='ocrx_word' id='word_1_818' title='bbox 3719 5699 3824 5762; x_wconf 87' lang='lat' dir='ltr'><strong>de-</strong></span> 
     </span>
    </p>
   </div>
  </div>
