4140 6400
673 361 676 365 -
758 331 861 394 AD
900 331 1406 396 ACOLUTHIAM
1450 332 1728 398 OFFICII
1769 328 2027 399 GRIECI
2067 330 2568 401 DISSERTATIO
2607 337 2712 404 ΟΝ
2716 336 3116 404 OMASTICA.

3482 360 3699 416 GGGXXI

312 486 429 551 que
449 468 512 530 in
544 470 816 533 Romano
844 468 1147 534 Breviario
1179 472 1327 535 feria
1355 490 1420 555 ιι,
1450 474 1525 536 ad
1547 473 1819 549 Laudes;
1855 470 1959 532 sed
1979 473 2022 525 Α
2045 484 2304 531 canones
2325 468 2497 532 relati
2512 477 2672 551 sunt,
2699 476 2757 534 et
2777 470 2880 553 qui
2900 471 3122 535 idcirco
3140 470 3310 536 libris
3334 476 3698 543 ecclesiasti-

312 560 473 637 quod
536 560 702 622 Isaiae
749 580 880 643 cap.
915 578 1075 640 xxvi,
1105 579 1167 625 v.
1220 565 1280 645 9,
1313 564 1524 645 incipit
1553 566 1612 626 in
1662 564 1909 644 Vulgata
1943 587 1958 626 :

309 650 543 713 Am’mu
565 669 695 715 mea
712 652 1084 717 desideravit
1099 662 1154 717 te
1176 657 1239 717 in
1250 662 1446 736 nocte,
1467 657 1560 714 Ἐκ
1584 659 1768 720 νυκτὸς
1792 659 1961 735 ὀρθρι-

309 745 386 828 ςει
440 743 500 798 τὸ
550 743 757 818 πνεῦμά
802 766 901 818 μου
950 749 1049 823 πρὸ
1100 746 1180 818 σὲ,
1228 748 1253 801 ὁ
1301 747 1470 810 Θεόςθ
1526 745 1660 827 hoc,
1715 746 1954 828 inquam

2046 558 2129 621 cis
2158 568 2531 624 accensetur.

2124 651 2224 710 20.
2262 651 2465 730 Pergit
2493 651 2750 730 Cangius
2779 658 2839 714 et
2866 652 2946 713 ait
2979 673 2991 709 :
3034 675 3061 707 α
3097 651 3375 716 Canones
3408 665 3691 736 praterea

2042 757 2112 801 ex
2145 742 2395 802 materia
2423 758 2599 821 quam
2634 749 2892 805 tractant
2921 743 3164 805 nomina
3207 762 3544 825 sumpsere.
3575 748 3693 813 Alii

307 825 473 916 Isaia
495 832 788 893 canticum
808 832 1064 895 alterum
1096 834 1251 914 apud
1276 833 1511 896 Grec-os
1535 825 1841 916 proprium
1867 844 1957 897 est
2041 828 2199 888 enim
2235 830 2585 905 ἀναστάσιμοῑ
2619 831 2924 911 dicuntur,
2950 834 3105 912 quod
3141 833 3217 896 de
3251 835 3468 897 Christi
3496 856 3687 901 resur-

302 915 465 980 ferim
493 936 578 981 v1.
616 918 872 985 Sabbato
923 941 1063 985 vero
1096 931 1349 998 sextum,
1385 924 1621 993 Ἐὄόησα
1673 927 1727 982 ἐν
1780 928 1952 1003 θλίψει

303 1030 402 1083 μου
432 1012 561 1087 πρὸς
608 1012 819 1093 κύριον,
852 1012 976 1073 sive
1020 1013 1313 1075 canticum
1347 1015 1533 1095 Jonae,
1571 1015 1846 1079 Clamavi
1878 1018 1953 1079 de

301 1097 697 1163 tribulatione
717 1120 859 1163 mea
872 1103 951 1165 ad
966 1104 1297 1165 Dominum
1325 1127 1338 1182 ;
1366 1112 1423 1166 et
1441 1106 1759 1185 septimum
1793 1108 1950 1165 Εὐλοο

300 1190 482 1264 γητὸ,,
528 1191 607 1269 εἶ,
644 1193 795 1270 Κύριε
828 1196 855 1248 ὁ
883 1196 1012 1257 Θεὸς
1044 1200 1150 1251 τῶν
1182 1196 1448 1275 πατέρων,
1483 1200 1658 1271 ἡμῶν,
1688 1196 1950 1259 Benedi-

299 1285 428 1368 ctus
452 1297 533 1354 es,
570 1279 825 1342 Domine
856 1283 1012 1344 Deus
1029 1291 1279 1361 patrum
1298 1294 1669 1348 nostrorum.
1704 1285 1952 1368 Reliqua

300 1365 443 1444 duo,
475 1369 707 1431 scilicet
753 1370 941 1433 beatae
989 1372 1189 1435 Mariae
1242 1372 1503 1452 Virginis
1552 1383 1610 1435 et
1652 1365 1950 1438 Zachariae

300 1458 625 1538 prophetas,
651 1459 769 1520 alio
804 1467 1072 1541 tempore
1104 1461 1532 1526 decantantur.

374 1553 459 1607 18.
479 1554 663 1624 Atque
677 1554 792 1608 haec
817 1568 1021 1613 novem
1040 1555 1256 1613 cantica
1277 1557 1519 1629 integra,
1536 1558 1593 1615 in
1617 1574 1747 1618 eum
1778 1574 1950 1632 quem

292 1636 418 1714 jam
452 1638 728 1698 recensui
752 1638 1025 1701 ordinem
1052 1641 1317 1716 redacta,
1352 1645 1618 1723 reperire
1646 1654 1736 1707 est
1763 1646 1823 1708 in
1851 1648 1951 1721 νέῳ

2036 918 2306 980 rectione
2336 928 2509 999 agant
2543 941 2558 1001 ;
2593 924 2978 1001 σταυρώσιμοι,
3011 923 3114 1000 qui
3146 922 3222 985 de
3243 942 3457 1007 cruce;
3488 931 3691 1007 νεκρώ-

2035 1032 2182 1083 σιμοι
2238 1018 2296 1071 el
2346 1012 2730 1092 ἆναπαύσιμοι,
2778 1012 2879 1091 qui
2927 1012 3001 1073 de
3053 1016 3352 1093 mortuis;
3417 1042 3691 1096 σταορονε-

2032 1097 2315 1173 κρώσιμοι,
2352 1099 2454 1180 qui
2503 1099 2579 1161 de
2634 1118 2813 1162 cruce
2868 1110 2927 1161 et
2989 1103 3292 1181 mortuis;
3346 1109 3688 1185 παρακλητι-

2033 1188 2139 1267 κοί,
2171 1187 2272 1267 qui
2327 1188 2403 1250 de
2454 1189 2744 1250 solamine
2792 1195 3122 1253 animarum
3162 1216 3176 1268 ;
3224 1198 3504 1275 ἱκετήριοι,
3539 1218 3687 1281 sup-

2034 1275 2377 1367 plicatorii;
2432 1278 2714 1359 τριαδικοί,
2753 1280 2853 1361 qui
2913 1280 2989 1343 de
3042 1283 3375 1366 Trinitate;
3424 1275 3686 1367 δογμκέι-

2032 1368 2137 1440 κοί,
2172 1366 2271 1447 qui
2303 1367 2378 1461 de
2407 1368 2806 1461 dogmatibus,
2840 1378 3042 1461 agunt,
3080 1381 3138 1433 et
3167 1373 3254 1436 sic
3285 1375 3363 1437 de
3393 1377 3681 1461 reliquis;

2035 1457 2508 1537 canonesitaque
2525 1459 2587 1519 in
2607 1458 2753 1521 odos
2776 1460 3141 1525 dividuntur.
3168 1463 3299 1525 σάω
3318 1465 3379 1526 in
3399 1457 3682 1547 troparia,

2035 1563 2104 1607 ex
2134 1544 2353 1635 quibus
2373 1557 2835 1628 componuntur.
2858 1548 3119 1628 Singulae
3135 1572 3392 1635 namque
3411 1544 3686 1629 (ut—habet

2034 1635 2146 1696 alio
2179 1634 2309 1696 loco
2342 1635 2499 1697 idem
2534 1638 2788 1716 Cangius
2820 1658 2890 1701 ex
2923 1640 3161 1722 Allatio)
3196 1634 3457 1723 troparia
3486 1649 3685 1710 conti-

297 1725 619 1804 Ἀνθολογίῳ
636 1729 759 1787 sive
774 1746 921 1789 novo
934 1728 1257 1810 Florilegio
1273 1733 1949 1810 AntoniiArcudii,con-
1972 1802 2007 1810 _
2033 1732 2181 1786 nent
2202 1725 2371 1807 plura
2384 1735 2482 1788 aut
2499 1727 2948 1808 pauciora.cum
2967 1749 3172 1792 eorum
3188 1751 3474 1797 numerus
3487 1736 3684 1800 deter-

298 1813 463 1875 tinuo
483 1802 614 1894 post
639 1818 1010 1879 Psalterium:
1043 1802 1421 1883 «Secundum
1444 1832 1639 1884 autem
1673 1802 1935 1902 illorum,
1972 1802 2011 1853 Β
2035 1802 2293 1877 ῐηὶηειίυε
2318 1834 2439 1877 non
2462 1802 2557 1879 sit.
2586 1818 2873 1899 Troparia
2907 1838 3083 1901 porro
3115 1823 3473 1905 quandoque
3491 1826 3683 1890 libera

298 1913 563 1987 Προσεχε,
599 1912 808 1985 οὐρανέ,
855 1915 940 1968 καὶ
991 1912 1234 1986 λαλήσω,
1270 1915 1408 1994 quia
1457 1916 1940 1996 correptionibus

289 2001 347 2053 et
362 1995 542 2089 minis
570 1996 627 2089 in
654 1999 1002 2089 ipervicaces
1019 2002 1430 2082 etperduelles
1450 1995 1733 2067 Hebraeos
1753 2015 1937 2089 tonat,

286 2084 576 2175 omissum
609 2087 833 2151 idcirco
867 2098 990 2152 toto
1026 2092 1166 2153 anni
1197 2093 1474 2175 decursu,
1511 2095 1638 2156 solo
1671 2084 1938 2170 Quadra;

282 2174 529 2264 gesimae
561 2195 787 2257 magnae
809 2187 1078 2261 tempore
1102 2182 1358 2262 lugubri,
1387 2174 1502 2264 quo
1528 2188 1939 2250 comminatio-

283 2261 463 2351 nibus
511 2274 572 2328 et
601 2268 784 2330 tristis
840 2272 1071 2349 augurii
1103 2261 1347 2335 vocibus
1378 2261 1722 2351 peccatores
1756 2284 1940 2340 terret

283 2348 942 2445 Ecclesia,cantandum
969 2360 1279 2424 resumit.»
1310 2348 1395 2424 Ita
1416 2362 1939 2445 Goarus,allegans

279 2437 588 2524 Horologii
624 2453 820 2529 typum
852 2449 1076 2525 ’lc‘céov,
1110 2450 1190 2508 ὅτι
1222 2455 1255 2520 ἡ
1305 2451 1515 2530 δευτέέια
1689 2437 1936 2514 οὐδέποτε

278 2534 720 2614 σνιχολογεϊται,
748 2541 793 2595 εἰ
844 2541 921 2615 μὴ
974 2541 1028 2596 ἐν
1063 2543 1200 2618 μόνῃ
1233 2549 1299 2619 τῇ
1354 2542 1565 2620 μελάγῃ
1601 2554 1937 2622 Τεσσπρακο-

278 2630 384 2701 στῇ
432 2628 569 2682 κατὰ
599 2629 695 2696 τὴν
738 2632 945 2708 τρίτην.
987 2630 1314 2711 Sciendqm
1360 2631 1523 2710 quod
1553 2634 1593 2694 2
1637 2634 1930 2697 canticum

180 2772 183 2775 .
276 2730 586 2796 nunquam
610 2736 718 2797 per
740 2736 944 2781 versus
976 2720 1423 2799 recitatur,|nisi
1454 2720 1934 2804 Quadragesimae

278 2821 511 2883 magna:
542 2809 726 2870 tertiis
757 2807 945 2870 feriis.

360 2895 461 2957 19.
497 2897 637 2959 Haec
668 2898 741 2960 de
770 2899 1080 2979 scripturae
1124 2901 1391 2964 canticis.
1426 2899 1783 2980 Progredior
1805 2904 1929 2984 jam

275 2982 347 3044 ad
380 3001 696 3059 canonem,
732 3007 864 3069 quae
890 2997 978 3053 est
1012 3010 1147 3071 pars
1178 2991 1369 3055 Ofﬁcii
1399 2989 1590 3054 Graeci
1619 2992 1775 3054 bene
1802 2982 1930 3055 nia-

2022 1916 2125 1965 aut
2153 1923 2295 1984 vaga
2334 1906 2777 1990 relinquuntur;
2802 1910 3160 1989 quandoque
3190 1912 3400 1991 primis
3439 1914 3675 1995 litteris,

2023 1996 2191 2075 quasi
2212 1996 2451 2057 annulis
2477 1996 2541 2058 in
2571 1996 2770 2059 verbis
2796 1999 2976 2061 veluti
3006 2003 3280 2063 catenula
3308 2003 3676 2089 inseruntur,

2022 2102 2199 2165 quam
2218 2085 2618 2148 acrostichida
2635 2096 2907 2149 auctores
2920 2090 3292 2153 vocant.Non
3314 2092 3388 2154 ab
3402 2085 3680 2158 omnibus

2023 2182 2224 2237 tamen
2254 2174 2354 2237 illa
2385 2175 2705 2255 colligendi
2725 2180 2873 2239 ratio
2899 2185 2959 2239 et
2990 2180 3203 2243 modus
3223 2195 3519 2249 servatur.
3543 2185 3682 2258 Qui-

2022 2263 2156 2325 dam
2190 2264 2494 2347 alpbabeti
2526 2266 2797 2330 ordinem
2830 2277 3086 2347 servant,
3114 2276 3194 2332 ita
3216 2279 3280 2333 ut
3298 2274 3556 2352 primum
3583 2294 3677 2339 ca-

2022 2353 2198 2417 nonis
2232 2356 2555 2436 troparium
2580 2356 2651 2418 ab
2683 2362 2732 2422 A
2762 2358 3030 2439 incipiat,
3051 2361 3191 2422 etin
3222 2372 3263 2417 Ω
3287 2362 3532 2427 demum
3563 2367 3673 2430 de-

2020 2443 2193 2534 sinat.
2230 2445 2348 2507 Alii
2382 2446 2441 2507 in
2484 2448 2879 2512 acrostichide
2914 2453 3172 2509 Θεοτόκια
3227 2452 3509 2534 (troparia
3538 2466 3677 2520 sunt

2020 2532 2268 2629 odarum
2284 2536 2675 2629 postrema,in
2700 2538 2988 2601 honorem
3011 2538 3273 2619 Virginis
3288 2532 3669 2629 concinnata)

2016 2621 2476 2716 includunt.Alii
2496 2634 2664 2688 extra
2688 2645 2817 2689 eam
2841 2646 2947 2689 suo
2973 2631 3148 2691 modo
3168 2632 3260 2711 agi
3288 2632 3546 2716 ferrique
3565 2621 3668 2698 ca:-

2018 2730 2210 2776 nones
2236 2732 2377 2775 suos
2406 2715 2628 2777 sinent.
2666 2740 2690 2775 ι)

2183 2848 2197 2863 .
2233 2803 2572 2885 Aliiprimis
2594 2804 2991 2887 tropariorum
3020 2806 3214 2871 literis
3238 2810 3496 2893 aliquam
3522 2831 3665 2876 sen-

2017 2891 2264 2953 tentiam
2290 2903 2638 2971 contexunt;
2661 2895 3046 2977 alphabetum
3067 2898 3189 2980 alii,
3214 2909 3271 2961 et
3288 2891 3429 2964 tunc
3451 2902 3671 2969 dicitur

2016 2999 2208 3045 canon
2236 2986 2374 3041 κατὰ
2418 2984 2716 3065 ἀλφάϐετον
2757 3004 2771 3047 :
2810 2994 2868 3047 et
2896 2989 3235 3070 exemplum
3280 2990 3669 3071 alphabeticaa

273 3091 411 3163 ἕπε,
465 3075 697 3158 Quippe
735 3098 1054 3143 (canones
1109 3083 1195 3163 (ιιι
1244 3080 1508 3162 loquitur
1553 3080 1829 3161 cangius)
1869 3072 2386 3163 inﬁacrostichiae
2436 3074 2679 3138 exhibet
2728 3075 3084 3138 Paraclitum
3132 3097 3191 3158 ιτ.
3250 3080 3346 3143 16.
3394 3081 3662 3143 Aliorum

268 3160 539 3227 Ecclesia
564 3151 768 3231 ῥέεθρα
798 3169 1080 3234 dicuntur
1109 3151 1306 3252 hymni
1324 3151 1424 3247 ’(οι
1451 3151 1742 3254 μετρειιῖο
1775 3151 1923 3236 eda-
1947 3151 1990 3203 C
2015 3165 2288 3254 exempla
2309 3163 2465 3226 varia
2490 3165 2728 3228 exhibet
2746 3166 3061 3247 aliquoties
3080 3151 3542 3249 Papebrochius.
3560 3190 3668 3234 oc-

267 3270 399 3316 rum
431 3265 487 3317 et
520 3260 914 3337 tropariorum
948 3260 1161 3323 ordine
1191 3279 1260 3322 ac
1290 3261 1448 3323 serie
1478 3261 1563 3324 ita
1592 3262 1920 3343 appellati),

267 3344 367 3424 qui
415 3355 548 3427 post
597 3347 863 3413 Psalmos
918 3350 1252 3427 Davidicos,
1297 3368 1650 3433 precesque,
1701 3360 1758 3413 et
1806 3354 1924 3417 alia

266 3437 549 3519 troparia,
580 3447 898 3520 antequam
951 3441 1238 3502 finiantur
1287 3440 1485 3503 divina
1531 3441 1740 3517 oﬂicia,
1787 3461 1920 3524 quae

264 3535 558 3590 nocturno
586 3538 857 3609 tempore
886 3530 1170 3594 domiaut
1191 3530 1251 3592 in
1273 3530 1545 3593 ecclesiis
1575 3532 1911 3612 exiguntur,

263 3615 397 3678 cani
426 3628 527 3680 aut
561 3620 802 3681 recitari
832 3621 1048 3684 solent.
1086 3620 1343 3684 Zonaras
1369 3620 1441 3681 ad
1459 3622 1733 3684 Canones
1761 3622 1919 3685 Aua-

258 3708 537 3771 stasimos
566 3708 918 3773 Damasceni
945 3731 960 3774 :
1024 3712 1209 3770 Κανὼν
1239 3711 1474 3792 λέγεται,
1508 3711 1588 3769 ὅτι
1619 3714 1915 3792 ὡρισμένον

255 3798 345 3852 καὶ
390 3802 761 3873 τετυπωμένον
810 3802 927 3883 ἔχει
959 3804 1021 3859 τὸ
1075 3802 1266 3880 μέτρον
1311 3802 1459 3859 ἐννέα
1509 3801 1675 3878 ᾠδαίϊς
1724 3825 1912 3861 συντε-

257 3885 536 3965 λούμενον.
607 3889 880 3953 Canones
936 3891 1117 3971 igitur
1180 3890 1524 3954 dividuntur
1578 3891 1640 3953 in
1700 3911 1910 3955 novem

255 3978 445 4057 odas;
498 3988 658 4062 inter
686 3999 833 4062 quas
865 3987 1059 4043 tamen
1093 3980 1357 4043 secunda
1405 3980 1615 4044 nullibi
1647 3987 1915 4064 apparet.

254 4068 363 4132 sed
420 4072 840 4152 componentis
892 4072 953 4132 in
1017 4080 1254 4150 pectore
1314 4081 1628 4155 remanet;
1687 4081 1823 4154 post
1878 4075 1916 4139 4

252 4176 395 4222 vero
454 4161 655 4236 odem,
719 4180 911 4224 canon
946 4162 1404 4241 interrumpitur
1459 4178 1581 4227 ταῖς
1645 4162 1915 4245 Ἀναγνώ-

251 4247 554 4313 σεσι.Τιιῐῐι
581 4253 740 4313 enim
764 4251 1055 4314 lectiones
1086 4251 1161 4312 de
1187 4248 1338 4313 Vitls
1358 4259 1721 4329 sanctorum,
1756 4271 1911 4333 quo-

247 4357 384 4400 rum
420 4359 491 4403 eo
529 4341 628 4404 die
652 4342 1143 4405 commemoratio
1174 4338 1537 4421 celebratur,
1558 4350 1657 4402 aut
1688 4340 1762 4403 de
1793 4343 1917 4410 diei

248 4428 522 4509 historia,
545 4431 747 4494 altiori
780 4446 928 4493 voce
990 4430 1064 4493 ab
1115 4431 1431 4492 sacerdote
1459 4430 1549 4491 vel
1578 4431 1651 4491 ab
1682 4431 1797 4494 alio
1821 4433 1912 4495 le—

246 4521 710 4604 gunturzquibus
741 4522 918 4584 ﬁnitis
939 4521 1188 4601 reliqum
1220 4521 1468 4582 canonis
1506 4520 1636 4583 eda:
1658 4540 1913 4602 percur~

245 4620 482 4674 runtur.
521 4615 734 4693 Neque
767 4630 920 4673 unus
957 4630 1146 4673 canon
1173 4609 1235 4672 in
1288 4628 1407 4671 uno
1440 4611 1639 4673 oiIicio
1673 4630 1914 4693 semper

241 4700 491 4786 dicitur,
544 4704 651 4765 sed
682 4702 983 4764 interdum
1016 4702 1137 4763 duo
1167 4700 1263 4763 vel
1286 4710 1435 4773 tres,
1468 4717 1601 4762 raro
1630 4710 1907 4783 quatuor,

242 4810 350 4873 pro
384 4792 641 4873 plurium
673 4792 778 4854 illo
810 4792 907 4854 die
933 4791 1317 4855 festivitatum
1354 4809 1675 4868 concursu,
1711 4792 1905 4855 inter-

242 4882 893 4958 miscentur.Quamvis
907 4897 1053 4943 vero
1074 4879 1403 4943 canonibus
1417 4880 1548 4942 eda)
1566 4881 1908 4945 tribuantur

243 4991 482 5051 novem,
512 4993 630 5037 non
663 4974 743 5037 ita
772 4986 974 5035 tamen
1006 4971 1149 5034 illud
1182 4978 1532 5052 perpetuum
1566 4980 1679 5054 est,
1700 4978 1765 5033 ut
1790 4972 1907 5035 ali-

244 5065 481 5146 quando
517 5081 807 5127 numerus
838 5081 1040 5125 earum
1098 5080 1217 5124 non
1250 5062 1659 5126 imminuatur.
1714 5061 1906 5137 Quan-

244 5153 440 5236 doque
473 5154 634 5217 enim
671 5152 863 5217 tribus
892 5154 982 5215 vel
1016 5157 1276 5230 quatuor
1309 5158 1537 5214 tantum
1569 5152 1702 5215 odis
1724 5154 1904 5216 inter-

241 5243 539 5307 cluditur:
563 5244 722 5306 unde
752 5242 1084 5307 canonibus
1101 5261 1319 5305 nomen
1332 5242 1574 5323 τριῳθίου
1597 5253 1656 5306 et
1678 5266 1909 5325 τετραφ-

238 5331 347 5391 δίοο
378 5360 404 5390 κ
442 5334 668 5397 Triodii
700 5343 905 5395 tamen
945 5352 1164 5395 nomen
1192 5333 1368 5394 latius
1390 5333 1612 5414 patiet:
1649 5353 1783 5395 nam
1820 5336 1909 5411 (ut

240 5423 511 5504 pluribus
545 5434 604 5487 et
633 5425 869 5488 erudite
924 5425 1289 5486 demonstrat
1317 5424 1575 5487 Allatius
1606 5425 1697 5487 Dc
1726 5426 1905 5488 libris

234 5516 569 5589 ecclesiast,
612 5518 814 5578 Gram.
850 5514 1088 5576 dissert.
1132 5517 1186 5593 1,
1222 5531 1354 5594 pag.
1410 5514 1525 5591 71),
1559 5533 1679 5578 non
1709 5518 1902 5577 solum

232 5623 525 5668 canonem
561 5624 631 5667 ex
661 5604 849 5666 tribus
895 5612 1264 5666 constantem
1301 5605 1432 5666 odis
1462 5606 1902 5687 complectitur,

228 5713 434 5779 verum
472 5697 650 5758 etiam
684 5695 907 5757 librum
928 5694 1151 5777 ipsum,
1187 5694 1249 5756 in
1282 5714 1458 5776 quem
1484 5694 1905 5777 hujuscemodi

2006 3251 2588 3316 casionesanctorum
2606 3255 3205 3337 quorumdam,aliam
3221 3258 3345 3323 fere
3358 3260 3665 3325 historiam

2004 3342 2093 3431 vel
2109 3345 2449 3406 encominm
2464 3361 2584 3407 non
2601 3345 2944 3409 habentium
2957 3349 3175 3428 .Longe
3190 3352 3662 3431 pulcherrimum

2002 3430 2105 3523 dat
2119 3431 2478 3496 nobistrium
2496 3434 2807 3498 doctorum
2828 3436 3175 3500 Graecorum
3194 3430 3653 3523 ’oﬂicium,quod

1995 3520 2119 3600 jam
2145 3541 2422 3603 paramus
2438 3524 3114 3607 illustrare,exprimens
3136 3527 3362 3610 primus
3386 3520 3659 3594 elemen-

2003 3610 2074 3670 tis
2104 3611 2265 3674 hunc
2293 3630 2528 3677 versum
2560 3612 2884 3676 iambicum
2916 3636 2929 3678 :

2244 3706 2525 3785 Τρισήλιον
2573 3707 2710 3787 φῶς,
2756 3709 2907 3779 τρεῖς
2949 3710 3155 3785 ἀνῆψεν
3207 3711 3413 3780 ἡλίους,

1998 3795 2190 3877 Hujus
2222 3817 2465 3861 sensum
2492 3801 2702 3863 Latine
2725 3801 2975 3863 reddam
2989 3802 3420 3878 alibi,tolidem
3439 3806 3657 3871 litteris

2006 3886 2369 3969 totidemque
2383 3888 2661 3970 tropariis
2681 3908 2789 3951 seu
2811 3892 3180 3971 strophis.Et
3194 3912 3441 3967 vero,ne
3456 3904 3659 3975 postea

2003 3975 2252 4055 haereas,
2288 3986 2523 4060 oportet
2578 3995 3005 4056 praemoneam,
3041 3987 3265 4043 tantum
3325 3981 3561 4059 abesse,
3596 3993 3659 4047 ut

2003 4065 2298 4145 ejusmodi
2320 4066 2748 4130 acrostichides
2770 4085 3012 4149 semper
3035 4070 3418 4133 continentur
3436 4079 3497 4133 et
3521 4090 3657 4153 pro-

1999 4155 2157 4217 xime
2183 4155 2523 4219 cohaereant
2544 4158 2705 4220 inter
2724 4165 2887 4230 se,ut
2905 4159 3253 4239 interjectos
3276 4166 3335 4220 et
3354 4161 3654 4242 dispersos

1996 4243 2252 4309 habeant
2283 4257 2342 4309 et
2374 4247 2603 4309 hirmos
2627 4256 2687 4308 et
2720 4248 3009 4330 troparia,
3044 4249 3380 4331 martyrica,
3416 4256 3647 4315 theolo-

1999 4334 2113 4416 cia,
2143 4336 2396 4417 aliaque.
2432 4337 2655 4415 quibus
2684 4338 2903 4401 exactis
2937 4339 3261 4401 resumitur
3292 4359 3479 4402 canon
3506 4361 3521 4402 :
3549 4341 3650 4423 qui

2001 4424 2051 4485 si
2086 4424 2302 4506 duplex
2319 4435 2433 4507 est,
2461 4436 2627 4489 utest
2647 4445 2829 4509 sape,
2849 4427 3320 4491 alteriuscanoni
3351 4430 3660 4493 continua-

1999 4513 2155 4577 tioni
2190 4517 2560 4595 praeponitur
2588 4534 2699 4578 vox
2758 4517 2941 4592 ἄλλος,
2980 4518 3331 4600 plerumque
3363 4538 3501 4582 vero
3534 4530 3653 4582 tam

1996 4611 2173 4665 unius
2194 4623 2371 4685 quam
2388 4606 2633 4668 alterius
2651 4607 2902 4669 canonis
2922 4608 3051 4669 odae
3076 4608 3525 4686 distinguuntur
3547 4626 3656 4690 per

1994 4711 2276 4756 numeros
2298 4694 2511 4757 litteris
2536 4695 2836 4776 alphabeti
2867 4698 3131 4777 signatus
3163 4698 3279 4759 hoc
3314 4699 3511 4780 modo,
3537 4697 3650 4773 ᾠδὴ

1991 4785 2073 4858 α’,
2113 4784 2196 4862 β’,
2240 4785 2322 4864 γ’,
2366 4793 2479 4848 etc.
2520 4784 2660 4858 Quae
2707 4786 2907 4847 omnia
2945 4786 3322 4866 appositiune
3371 4787 3650 4866 promissi

1991 4875 2253 4955 exempli
2276 4875 2531 4939 clariora
2559 4874 2836 4938 evadent.

2073 4965 2510 5046 22.Atquinam
2525 4966 2698 5028 fuere
2720 4983 3015 5027 canonum
3034 4962 3646 5027 auctoresﬂnlinitum

1993 5064 2083 5119 est
2099 5074 2419 5118 recensere
2442 5074 2673 5132 omnes,
2694 5074 2889 5137 neque
2908 5054 2967 5117 id
3001 5054 3185 5117 nostri
3210 5059 3359 5117 ratio
3392 5054 3646 5120 instituti

1993 5147 2286 5228 postulat;
2343 5165 2480 5209 cum
2524 5164 2627 5209 eos
2664 5162 2875 5209 omnes
2908 5144 3147 5206 novisse
3190 5145 3261 5207 ad
3300 5143 3644 5209 Graecorum

1993 5235 2352 5301 acoluthiam
2382 5236 2830 5317 intelligendam
2853 5235 3003 5298 nihil
3025 5235 3285 5298 intersit.
3311 5236 3648 5317 Praecipuus

1996 5326 2207 5390 lectori
2230 5339 2515 5407 suggeret
2547 5327 2723 5409 typici
2753 5333 2927 5407 caput
2946 5326 3008 5408 6,
3038 5325 3199 5404 quoi
3230 5325 3327 5389 hic
3354 5326 3649 5407 praeteriri

1990 5417 2147 5480 haud
2184 5425 2395 5497 potest.
2433 5416 2629 5477 ἰστέον
2681 5416 2734 5474 δὲ
2768 5420 2854 5474 καὶ
2886 5424 3063 5492 τοῦτο,
3092 5418 3190 5496 ὡς,
3223 5416 3377 5495 εἴπερ
3432 5417 3550 5497 ἔχει
3581 5420 3644 5475 τὸ

1992 5515 2240 5577 Μηνατον
2296 5508 2348 5564 ἐν
2399 5511 2589 5585 μνήμη
2622 5510 2770 5587 ἁγίου
2818 5509 2960 5573 uno;
2979 5511 3205 5571 κανόνας
3234 5510 3336 5561 τῶν
3382 5505 3641 5586 διαφόρων

1989 5606 2257 5674 ποιητῶν,
2286 5600 2329 5655 εἰ
2382 5599 2480 5674 μέν
2512 5599 2622 5655 ἐστι
2676 5616 2850 5655 κανων
2903 5606 2995 5655 τοῦ
3024 5605 3117 5676 κῦρ
3176 5603 3382 5673 Κοσμᾶ,
3416 5618 3638 5674 προκρι-

1988 5691 2133 5755 τέος·
2192 5692 2236 5747 εἰ
2267 5688 2320 5745 δὲ
2374 5695 2467 5745 τοῦ
2508 5696 2602 5766 κῦρ
2649 5686 2892 5747 Ἰῶάννου
2944 5689 3031 5745 καὶ
3082 5686 3297 5767 ἐτέρων²
3328 5694 3420 5744 τοῦ
3448 5684 3638 5741 ἰωάν-
