4140 6404
1393 324 1832 387 ACOLUTHIA
1880 323 2264 388 TRIPLICIS
2310 328 2553 394 FESTI.

3466 351 3729 403 CCCXXIX

346 465 433 520 καὶ
489 462 826 541 στηρίγματα
879 461 976 529 τῆς
1037 459 1395 538 Ἐκκλησίας,
1455 457 1723 535 βασιλείας
1781 459 1964 538 κληρο·

2076 457 2424 523 fulcimenta
2471 462 2776 538 Ecclesiae,
2828 466 2990 543 rcgni
3035 465 3329 541 haeredes,
3367 485 3446 528 ne.
3476 473 3728 535 cessetis

344 574 518 626 νομοι,
583 557 657 618 μὴ
717 556 1098 631 παρασιωπᾶτε
1156 549 1248 606 τοῦ
1308 550 1438 625 βοᾷν
1484 548 1616 626 ὑπὲρ
1656 550 1812 624 ἡμων
1856 551 1988 629 πρὸς

347 643 556 722 Κύριον.

513 733 608 789 Καὶ
639 741 726 791 νῦν
1537 728 1844 790 Θεοτόκιον,

424 821 673 899 Θεοτὸκε,
707 823 767 878 σὺ
800 821 855 878 εἴ
899 822 934 889 ἡ
966 817 1204 896 ἄμπελος
1237 819 1268 885 ἡ
1301 817 1553 887 ἀληθινή.

2077 568 2179 629 pro
2203 551 2372 612 nobis
2403 552 2660 615 clamare
2689 553 2761 615 ad
2806 553 3152 616 Dominum.

2274 731 2348 792 Et
2372 749 2557 794 nunc.
3216 733 3473 798 Mariale.

2072 818 2178 880 Dei
2214 818 2503 896 Genitrix,
2543 829 2606 883 tu
2638 839 2703 885 es
2737 822 2871 884 vitis
2901 842 3059 885 vera.

422 908 614 1000 (10am.
643 911 738 974 52.
775 910 881 972 Hic
911 908 1148 1000 videtur
1175 906 1417 1000 recitari
1445 906 1630 1000 oratio
1663 912 1784 971 Φῶς
1815 906 2019 1000 ἱλαρὸν,
2053 910 2265 970 saltem
2301 925 2590 1000 quantum
2617 930 2858 992 possum
2892 915 3519 1000 co-nj_icere_ex_cap.t
3546 915 3721 1000 Typi-

340 990 414 1050 ci.
441 990 582 1052 Eam
614 1001 809 1054 autem
837 990 1166 1052 orationem
1193 986 1446 1049 exhibeo
1478 997 1793 1066 integram,
1829 996 2004 1067 prout
2034 1000 2224 1050 exstat
2252 986 2405 1070 apud
2439 986 2698 1053 Goarum
2736 1010 2869 1072 pag.
2906 993 2987 1054 32
3015 986 3393 1073 'Euchologii.
3426 986 3440 995 ’

417 1088 540 1146 Φῶς
584 1082 763 1157 ἱλαρὸν
795 1081 946 1160 ἁγίας
1006 1077 1160 1147 δόξης
1212 1079 1472 1137 ἀθανάτου
1535 1080 1759 1154 Πατρὸς,
1821 1080 1983 1155 οὖρα-

338 1173 467 1245 νίου,
497 1172 668 1251 ἁγίου,
702 1172 962 1249 μάιαρος,
999 1169 1176 1237 ’[ησοῦ
1220 1169 1436 1248 Χριστὲ,
1469 1167 1708 1233 ἐλθόντες
1752 1167 1838 1223 ἐπὶ
1882 1168 1982 1234 τὴν

337 1270 431 1319 τοῦ
479 1261 628 1329 ἡλίου
675 1262 838 1334 δύσιν,
873 1259 1069 1326 ἰδόντες
1101 1268 1212 1342 φῶς
1247 1261 1544 1337 ὲσπερινὸν,
1577 1260 1841 1332 ὑμνοῦμεν
1865 1263 1980 1312 Πα-

336 1353 482 1430 τέρα,
538 1353 680 1431 Υιὸν,
736 1354 822 1407 καὶ
882 1350 1028 1427 ἅγιον
1081 1357 1314 1424 Πνεῦμα,
1391 1349 1544 1409 Θεόν,
1602 1347 1744 1412 Ἀξιό
1805 1367 1863 1401 σε
1925 1347 1978 1401 ἐν

336 1449 464 1498 πᾶσι
497 1455 706 1521 καιροῖς
762 1443 1040 1515 ὑμνεῖσθαι
1101 1453 1308 1519 φωναῖς
1367 1439 1579 1516 αἱσίαις,
1649 1436 1728 1492 Γίὲ
1762 1442 1916 1506 Θεοῦ,
1951 1437 1978 1491 ὁ

336 1531 504 1593 διδοὺς
554 1534 716 1602 ζωήν
779 1529 858 1586 διὸ
918 1531 945 1585 ὁ
989 1530 1190 1604 κόσμος
1240 1550 1298 1584 σε
1347 1525 1572 1598 δοξάζει.

2150 1079 2375 1140 Lumen
2423 1080 2761 1158 jucundum
2823 1089 3042 1144 sancta
3099 1083 3304 1162 gloria:
3362 1085 3722 1152 immortalis

2069 1167 2279 1239 Patris,
2315 1169 2596 1241 ccelestis,
2629 1171 2843 1248 sancti,
2882 1170 3063 1246 beati,
3105 1173 3245 1237 Jesu
3275 1174 3538 1250 Christe,
3574 1197 3718 1257 pro-

2065 1257 2212 1320 vecti
2244 1259 2316 1319 ad
2350 1259 2494 1320 solis
2526 1277 2829 1341 occasum,
2860 1269 2918 1323 et
2948 1273 3265 1326 cernentes
3289 1266 3482 1327 lucem
3505 1273 3714 1330 seroti-

2069 1365 2228 1422 nam,
2261 1347 2571 1409 laudamus
2596 1348 2850 1425 Patrem,
2876 1351 3117 1433 Filium,
3145 1361 3204 1414 et
3234 1355 3518 1435 Spiritum
3570 1376 3714 1420 san-

2063 1444 2245 1510 ctum,
2281 1439 2492 1500 Deum.
2517 1437 2774 1519 Equum
2811 1449 3002 1517 estte,
3036 1443 3147 1504 Fili
3180 1444 3311 1518 Dei,
3366 1445 3610 1525 largitor
3639 1449 3722 1508 vi-

2064 1533 2158 1595 tae,
2189 1528 2352 1587 omni
2402 1527 2716 1590 celebrare
2749 1538 3044 1612 tempore;
3074 1532 3333 1614 ideoque
3365 1542 3421 1597 te
3455 1537 3718 1599 mundus

2006 1622 2040 1669 Β
2067 1623 2220 1676 totus
2253 1616 2529 1678 laudibus
2562 1619 2966 1698 prosequitur.

415 1714 605 1792 Cottii.
640 1707 736 1770 53.
774 1707 1001 1792 Deinde
1032 1714 1304 1792 cantatur
1335 1705 1616 1792 psalmus,
1652 1703 1932 1792 ’0_Kd9toc

2076 1705 2392 1792 :{xsuaavLa
2431 1707 2718 1792 Dominus
2750 1712 3020 1784 regnavit
3053 1733 3067 1776 :
3101 1737 3128 1767 n
3179 1714 3284 1772 sed
3317 1714 3445 1792 quis
3474 1715 3720 1792 praecise

337 1812 403 1852 ex
442 1791 630 1851 tribus
665 1789 904 1868 psalmis
936 1789 1014 1849 ita
1068 1782 1671 1868 incipientibus,_nOn
1722 1783 1949 1868 indicat
1979 1782 2287 1868 Txpicum.
2313 1782 2470 1849 Tum
2505 1788 2723 1849 dicitur
2767 1782 2980 1863 oratio,
3046 1782 3404 1867 Καταξίωσὸν,
3443 1782 3622 1868 (ιἰιειηι
3655 1794 3719 1857 in

337 1870 596 1962 antiquis
627 1864 971 1961 Graecorum
1010 1866 1344 1962 Ritu‘alibus
1375 1866 1476 1927 diu
1509 1866 1728 1962 {illis}?
1757 1864 2228 1962 quaesiviﬂuare
2256 1868 2444 1929 visum
2470 1869 2574 1929 fuit
2603 1887 2735 1930 eam
2767 1871 3123 1934 describere
3138 1892 3206 1934 ex
3225 1864 3548 1952 Horologio
3568 1873 3717 1956 Cry-

334 1961 450 2030 ptzn
481 1945 757 2029 Ferratae,
791 1951 1089 2028 impresso
1122 1947 1326 2009 Romae
1355 1964 1515 2008 anno
1543 1945 1722 2008 1677.
1761 1945 1860 2007 Sic
1890 1963 2029 2025 ergo
2055 1955 2252 2009 sonat.

413 2040 766 2113 Καταξίωσον,
823 2041 997 2118 Κύριε,
1029 2039 1084 2096 ἐν
1138 2045 1206 2116 τῇ
1250 2037 1445 2117 ἑσπέρᾳ
1501 2037 1669 2113 ταύτῃ
1729 2037 1977 2115 ἀναμαρ-

330 2132 521 2199 τήτους
579 2129 915 2210 φυλαχθῆναι
973 2131 1140 2204 ἡμᾶς,
1201 2127 1505 2206 Εὖλογητὸς
1578 2131 1652 2200 εἴ,
1719 2127 1892 2203 Κύριε,
1949 2127 1975 2181 ὁ

333 2221 463 2284 Θεὸς
495 2220 736 2300 Θατέρων
768 2220 943 2297 ἡμῶν,
971 2221 1058 2276 καὶ
1102 2220 1307 2275 αἰνετὸν
1349 2219 1437 2276 καὶ
1485 2214 1862 2292 δεδοξασμένον
1907 2217 1968 2272 τὸ

329 2312 495 2386 3vqu’
529 2335 622 2369 σου
653 2315 724 2378 εἷς
759 2314 880 2377 τοὺς
911 2316 1128 2375 αἰῶνας.
1164 2311 1363 2385 Ἀμήν.

2142 2037 2439 2116 Dignare,
2494 2037 2768 2118 Domine,
2829 2041 2940 2102 hoc
2993 2059 3244 2120 vespere
3304 2045 3435 2104 sine
3471 2053 3716 2124 peccato

2063 2145 2170 2188 nos
2194 2127 2520 2190 custodire.
2553 2127 2916 2190 Benedictus
2963 2149 3052 2205 es,
3098 2130 3374 2207 Domine,
3412 2136 3568 2197 Deus
3600 2138 3706 2199 Pa-

2060 2223 2214 2277 trum
2238 2225 2603 2295 nostrorum;
2630 2229 2689 2280 et
2711 2218 3010 2281 laudabile
3043 2228 3100 2282 et
3119 2221 3443 2300 gloriosum
3482 2243 3709 2288 nomen

2058 2315 2222 2367 tuum
2246 2305 2309 2369 in
2337 2307 2573 2368 saecula.
2612 2309 2828 2372 Amen.

410 2400 602 2473 Coum.
637 2401 857 2466 Verum
891 2421 964 2463 an
997 2401 1207 2464 eadem
1238 2397 1757 2483 illam_oratio_net_n
1784 2395 2167 2483 adhibuerim
2195 2397 2566 2483 antiquipres
2597 2399 2814 2478 Graeci,
2847 2399 3052 2483 dubito
3088 2423 3101 2483 ς
3136 2401 3276 2483 quia
3302 2402 3422 2465 Hoc
3456 2403 3712 2466 Horolo-

326 2483 490 2559 gium
525 2483 701 2546 habet
731 2483 1009 2564 plurima,
1043 2500 1176 2564 quae
1197 2488 1333 2542 sunt
1366 2478 1578 2564 ritibus
1606 2478 1950 2564 Latinorum
1977 2477 2174 2564 potius
2199 2497 2373 2564 quam
2410 2479 2754 2564 Griecorum
2802 2477 3174 2544 conformiaf
3212 2481 3354 2545 Post
3383 2485 3712 2550 orationem

326 2557 676 2640 ὲατκξίωσον,
707 2557 1080 2644 quaecunque
1110 2562 1346 2624 demum
1369 2559 1472 2621 illa
1502 2559 1702 2635 Lerit,
1737 2559 2018 2622 videntur
2047 2557 2165 2619 dici
2199 2557 2524 2638 sapientia.

371 2668 453 2731 Εἰς
502 2669 594 2724 τὸν
641 2667 824 2747 στίχον
856 2667 1092 2747 στιχηρὰ
1133 2663 1464 2747 προσόμοια,
1499 2651 1671 2747 τῌχος
1703 2661 1799 2724 πλ,
1847 2659 1928 2738 β’,

726 2743 1038 2826 Ἰῖριήμερος-
1062 2743 1314 2825 ἀνὲστης,
1350 2743 1566 2822 Χριστέ,

404 2842 468 2898 Ἠ
531 2843 690 2921 γάρις
779 2842 1159 2920 ὑπερίσχυσεν,
1232 2840 1266 2907 ἡ
1326 2838 1500 2900 πίστις
1574 2833 1966 2915 ἐπεκράησεν,

326 2933 610 3001 ἐπληρώθη
657 2931 828 2988 πάντα
887 2931 1136 3008 γνώσεως
1197 2934 1351 3002 Θεοῦ,
1415 2925 1500 2983 δια
1557 2933 1661 2983 τῶν
1722 2926 1964 2982 ἀποστό-

319 3023 456 3101 λων,
514 3021 598 3078 διὰ
650 3027 759 3078 τῶν
817 3017 1178 3078 διδασκάλοων
1212 3064 1228 3092 ,
1291 3019 1379 3073 καὶ
1431 3019 1698 3095 σωτηρίαν
1767 3013 1964 3073 ἐπλου-

322 3112 587 3188 στήσαμεν,

402 3203 619 3282 Στίχος.
659 3201 1038 3280 Καυχήσονται
1085 3197 1221 3254 ὅσιοι
1263 3199 1320 3252 ἓν
1357 3194 1481 3273 δόξῃ

2060 2649 2156 2707 54.
2189 2647 2283 2710 Ad
2318 2647 2679 2709 versiculum
2717 2665 2924 2709 versus
2949 2650 3268 2713 similares.
3306 2652 3460 2716 Ton.
3494 2656 3614 2717 obl.
3649 2655 3712 2728 ἓ,

2387 2737 2546 2797 sicut
2574 2738 2868 2816 Τριήμερος
2903 2738 3152 2809 ἀνέστης,
3193 2742 3410 2818 Χριστέ,

2131 2831 2339 2894 Gratia
2400 2829 2729 2907 praevaluit,
2793 2832 3174 2908 exsaperavit
3228 2833 3401 2909 ﬁdes,
3453 2834 3710 2899 scientia

2053 2919 2161 2983 Dei
2184 2921 2422 3000 impleta
2456 2927 2593 2979 sunt
2616 2917 2837 2993 omnia,
2877 2938 2983 3000 per
3014 2923 3338 3003 apostolos,
3375 2931 3555 3001 atque
3587 2927 3706 2989 do-

2051 3019 2269 3086 ctores,
2306 3017 2362 3072 et
2395 3026 2503 3070 nos
2533 3007 2722 3071 salute
2752 3009 3096 3092 locupletati
3126 3029 3358 3074 sumus.

2129 3191 2225 3252 55.
2267 3189 2495 3252 Versic.
2519 3186 2912 3251 Exsultabunt
2937 3189 3123 3251 sancti
3156 3190 3215 3250 in
3241 3190 3454 3270 gloria.

307 3357 310 3360 _
401 3265 625 3358 0392‘111
684 3265 947 3366 μυέξῆῥια
985 3335 998 3361 ν
1069 3285 1369 3365 ἀνθρώπινα
1422 3265 1712 3360 μαθήματα
1749 3331 1764 3359 ’
1830 3306 1959 3364 χαρι

2125 3279 2397 3343 ΟωΙθειὶει
2437 3296 2675 3340 arcana.
2725 3277 2998 3366 humana;
3044 3265 3330 3359 scientiae,
3365 3299 3699 3345 concursus

319 3383 533 3457 σμοὶτων
605 3377 870 3456 συνδρομὴ
931 3373 1278 3434 παντοδαπῶν
1348 3375 1485 3450 μετὰ
1532 3375 1962 3453 κατορθωμάτων

2076 3369 2365 3429 'ratiarum
2397 3369 2593 3428 omnis
2623 3365 2862 3446 generis
2914 3386 3049 3428 cum
3080 3377 3245 3431 recte
3275 3370 3468 3446 factis,
3507 3389 3690 3452 supe-

323 3474 590 3528 νικώντων
641 3469 813 3526 πάντα
858 3467 1042 3547 λόγον,
1075 3466 1196 3528 τοὺς
1254 3477 1399 3542 τρεῖς
1455 3463 1634 3541 ἁγίους
1689 3462 1958 3538 ἐθαυμάσ-

316 3583 515 3618 τωσαν.

399 3651 619 3730 Στίχος.
673 3651 733 3708 Οἷ
791 3649 951 3726 ἱερεῖς
1013 3668 1128 3721 σου,
1186 3645 1359 3724 Κύριε,
1395 3642 1698 3701 ἐνδύσονται
1752 3640 1960 3697 δικαιο-

317 3742 478 3807 σύνην
488 3788 499 3799 .

399 3830 671 3894 Βασίλειος
723 3830 751 3885 ὁ
805 3827 980 3890 ἔνθεος
1039 3833 1180 3900 νοῦς,
1232 3825 1520 3904 Γρηλόριος
1576 3825 1610 3892 ἡ
1643 3823 1756 3880 θεία
1785 3821 1960 3902 φωνὴ,

321 3919 576 3987 Ἰωάννης
630 3920 656 3975 ὁ
705 3918 1040 3996 παγκόσμιος
1090 3915 1368 3995 λαμπτὴρ,
1400 3915 1445 3972 οἱ
1475 3925 1622 3990 τρεῖς
1683 3917 1776 3980 τῆς
1821 3911 1965 3968 ἀνω-

313 4033 381 4068 τα
413 4033 490 4066 τω
517 4009 829 4089 θεράποντες
863 4004 1198 4086 Τριάδος,καὶ
1229 4004 1523 4085 λειτοοργοὶ
1555 4000 1964 4073 συνδοξαζὲσθω-

318 4123 443 4162 σαν,
1433 4175 1457 4179 Α.

485 4191 619 4257 Δόξα
632 4237 644 4251 .
1433 4175 1591 4248 Ἠκος
1623 4187 1803 4251 αὖτός.

403 4282 495 4351 Εὖ,
543 4280 715 4340 δοῦλοι
768 4279 951 4357 ἀγαθοὶ
1007 4281 1096 4336 καὶ
1154 4278 1356 4346 πιστοὶ,
1392 4277 1468 4351 εὖ,
1497 4277 1711 4355 ἐργάται
1741 4282 1832 4332 τοῦ
1864 4275 1961 4348 ἅμα

312 4370 556 4434 πελῶνος
596 4379 842 4450 Χριστου,
878 4370 924 4424 οἱ
968 4370 1053 4425 καὶ
1083 4369 1143 4423 τὸ
1188 4366 1348 4444 βάρος
1381 4369 1478 4431 τῆς
1512 4364 1709 4443 ἡμέρας
1755 4363 1963 4439 βαστά-

315 4484 530 4535 σαντες,
590 4462 678 4519 καὶ
734 4462 793 4516 τὸ
845 4457 1122 4532 δεδομένον
1173 4455 1431 4512 τάλαντον
1491 4452 1841 4526 αὐξήσαντες,
1876 4453 1963 4507 καὶ

314 4565 437 4617 τοϊς
494 4550 610 4627 μεθ’
641 4553 786 4625 ὑμῶν
819 4550 1021 4606 ἐλθοῦσι
1057 4547 1131 4622 μή
1168 4547 1546 4625 φθονήσαντες.
1588 4545 1680 4599 Διὸ
1715 4543 1959 4610 ἣνοικται

321 4640 462 4709 πύλη
503 4639 774 4718 βασιλείας
819 4641 969 4714 ὑμῖν.
1033 4634 1363 4698 Εἶσελθόντες
1427 4633 1514 4691 οὖν
1558 4634 1630 4697 εἷς
1660 4639 1758 4699 τὴν
1791 4632 1963 4710 χαρὰν

317 4739 412 4788 τοῦ
467 4733 816 4810 ποιήσαντος,
867 4725 1219 4809 πρεσϐεύσατε
1277 4725 1405 4804 ὑπὲρ
1436 4726 1611 4799 ἡμῶν,
1644 4721 1789 4801 ἅφιοι
1823 4718 1960 4776 διδά-

311 4821 527 4880 σκαλοι.

485 4912 582 4970 Καὶ
612 4917 723 4968 νῦν.

399 4999 576 5063 Οὒδεὶς
637 5018 952 5078 προστεγων
1027 4994 1113 5050 ἐπὶ
1186 4995 1266 5050 σοὶ
1360 4991 1768 5071 κατῃσχυμὲνος
1819 4990 1956 5046 ἀπὸ·

316 5098 413 5148 σοῦ
466 5089 828 5168 ἐκπορεύεται,
865 5087 999 5162 ἁγνὴ
1048 5084 1276 5160 Παρθένε
1329 5080 1576 5138 Θεοτόκεο
1629 5079 1750 5136 ἀλλ’
1795 5081 1957 5136 αἰτεῖ·

315 5204 401 5238 ται
425 5181 514 5248 τὴκ
548 5180 731 5260 χάριν,
766 5179 854 5232 καὶ
887 5172 1146 5252 λαμϐάνει
1179 5175 1238 5229 τὸ
1269 5170 1491 5252 δώρημα
1539 5172 1668 5250 πρός
1699 5171 1759 5226 τὸ
1816 5191 1958 5245 συμ-

313 5270 470 5352 φέρον
502 5271 788 5340 αἰτήσεως.

398 5366 504 5420 Νᾶν
535 5359 783 5421 ἀπολύεις
809 5355 896 5414 τόν
927 5353 1110 5412 δοῦλόν
1157 5376 1272 5413 σου.
1309 5354 1385 5410 Χὸ
1413 5353 1712 5431 Τρισάγιον.

1511 4902 1792 4958 Θεοτόκιον
1803 4949 1816 4962 ,

875 5547 1350 5598 ΑΠΟΛΥΙῚΚΙΟΝ.

397 5639 456 5694 Οἱ
491 5638 593 5692 τῶν
625 5631 938 5692 ἀποσθόλων
993 5635 1306 5710 ὁμότροποι,
1365 5631 1450 5687 καὶ
1495 5635 1590 5696 τῆς
1644 5627 1928 5704 οἱκουμὲκ,

314 5725 648 5800 διδάσκαλοι,
681 5730 759 5796 τῷ
807 5721 1053 5798 Δεσπότῃ
1083 5725 1187 5776 τῶν
1241 5719 1380 5776 ὅλων
1432 5717 1786 5798 πρεσϐεύσατε
1818 5718 1930 5784 ei]

2045 3458 2312 3520 rantibus
2337 3474 2576 3518 omnem
2593 3457 2934 3518 orationem
2952 3457 3082 3528 ,hos
3101 3466 3225 3520 tres
3250 3469 3484 3522 sanctos
3507 3463 3694 3523 admi-

2047 3547 2270 3609 rabiles
2298 3546 2524 3608 fecere.

2127 3637 2226 3700 56.
2262 3635 2492 3698 Versic.
2531 3635 2888 3698 Sacerdotes
2948 3636 3059 3714 tui,
3118 3636 3392 3712 Domine,
3446 3638 3700 3703 induent

2043 3727 2362 3808 justitiam.

2129 3815 2386 3880 Basilius
2435 3833 2600 3876 mens
2661 3814 2785 3877 Deo
2845 3813 3045 3893 plena,
3103 3815 3425 3895 Gregorius
3500 3819 3699 3883 divina

2048 3904 2450 3982 vox,Joannes
2466 3904 2628 3964 omni
2649 3922 2717 3966 ex
2740 3912 2903 3983 parte
2927 3913 3204 3966 ornatum
3231 3905 3694 3982 candelabrum,

2053 4005 2172 4059 tres
2237 3994 2491 4057 ministri
2547 4011 2845 4075 supremae
2888 3991 3198 4057 Trinitatis
3247 4013 3316 4056 ac
3359 3997 3702 4060 sacerdotes

2051 4086 2597 4167 congtoriﬁcentur.

2211 4174 2433 4239 Gloria.
3122 4174 3325 4235 Tonus
3366 4173 3549 4237 idem.

2127 4268 2226 4328 57.
2281 4262 2449 4328 Servi
2502 4263 2638 4325 boni
2694 4270 2751 4323 et
2799 4261 3032 4337 ﬁdeles,
3077 4262 3270 4324 seduli
3329 4264 3587 4343 operarii
3633 4265 3696 4328 in

2048 4356 2232 4419 (inisti
2261 4355 2452 4429 vinea,
2501 4353 2603 4432 qui
2637 4352 2912 4434 portastis
2962 4352 3197 4434 pondus
3230 4353 3374 4428 diei,
3408 4363 3465 4414 et
3494 4355 3695 4417 datum

2049 4449 2334 4508 talentum
2369 4443 2617 4507 auxistis
2646 4461 2838 4524 neque
2861 4441 3158 4504 invidistis
3183 4451 3316 4524 post
3337 4461 3437 4504 vos
3458 4444 3699 4506 venien-

1990 4557 2022 4602 ι)
2048 4537 2227 4597 tibus.
2262 4535 2400 4595 Ideo
2427 4533 2591 4594 vobis
2623 4540 2827 4614 aperta
2855 4541 2946 4595 est
2968 4532 3141 4611 regni
3161 4534 3366 4612 janua.
3403 4535 3698 4595 Iutrantes

2047 4625 2224 4706 igitur
2269 4625 2327 4686 in
2388 4623 2672 4701 gaudium
2724 4623 3091 4698 Conditoris,
3127 4629 3296 4684 orate
3355 4640 3461 4704 pro
3496 4622 3690 4698 nobis,

2045 4715 2234 4778 sancti
2259 4714 2560 4776 doctores.

2204 4894 2274 4958 Et
2303 4915 2483 4958 nunc.
3256 4891 3524 4955 Mariale.

2123 4985 2309 5048 Nemo
2332 5002 2651 5047 accurrens
2672 4983 2744 5045 ad
2767 4991 2847 5064 te,
2885 5000 3031 5064 pura
3049 4981 3232 5060 Virgo
3265 4980 3537 5056 Genitrix
3560 4980 3687 5064 Dei,

2043 5077 2366 5138 derelictus
2422 5074 2529 5136 abs
2580 5084 2636 5135 te
2683 5072 2962 5145 discedit;
2995 5073 3098 5134 sed
3132 5071 3280 5154 petit
3322 5073 3597 5151 gratiam,
3634 5081 3693 5135 et

2044 5168 2269 5228 donum
2315 5165 2532 5245 accipit
2565 5162 2833 5244 petitioni
2858 5164 3240 5225 conveniens.

2124 5353 2295 5410 Nunc
2327 5347 2571 5409 dimittis
2601 5363 2838 5408 servum
2872 5352 3061 5408 tuum.
3087 5343 3450 5427 Trisagium,
3480 5347 3554 5410 de

2043 5457 2206 5499 num.
2258 5438 2355 5502 3i.

2607 5524 3096 5592 DlMISSORlUM
3115 5577 3123 5586 .

2122 5625 2447 5688 58.lisdem
2475 5623 2690 5703 quibus
2721 5622 2972 5701 apostoli
3004 5623 3268 5684 moribus
3303 5621 3686 5702 praediti,do-

2043 5725 2239 5779 ctores
2298 5716 2563 5778 universi
2614 5713 2798 5788 orbis,
2834 5721 2998 5775 orate
3033 5713 3448 5775 universorum
3481 5712 3690 5773 Domi-
