4140 6390
1513 355 1608 419 AC
1621 354 1978 417 OLUTHIA
2024 350 2411 413 TBIPLICIS
2451 352 2692 415 FESTI.

412 499 578 580 ’Υπὲρ
692 495 988 569 πλεόντων,
1124 490 1570 571 ὁδοιπορούντων,

330 596 664 669 καμνόντων,
720 584 1115 667 αἰχμαλώτων,
1175 583 1261 640 καὶ
1314 582 1411 650 τῆς
1470 580 1736 658 σωτηρίας
1792 583 1984 652 αὒτῶν,

328 690 423 741 τοῦ
452 680 635 760 Κυρίου
664 677 960 752 δεηθῶμεν,
997 682 1065 737 Χ,
1100 673 1276 751 Κύριε,
1314 672 1554 739 ἐλέησον.

409 758 573 849 ’Υπὲρ
629 774 721 825 τοῦ
796 766 1042 843 ῥυσθῆναι
1102 764 1243 838 ἡμᾶς
1303 762 1409 819 ἀπὸ
1485 761 1665 827 ποίσης
1730 758 1986 849 θλίψεως,

329 864 518 942 ὀργῆς,
549 848 641 916 παὶ
670 857 935 936 ἀνάγκης,
991 856 1087 911 τοῦ
1148 852 1336 930 Κυρίου
1366 849 1664 928 δεηθὼμεν,
1700 857 1769 913 Χ,
1806 848 1981 929 Κύριε,

330 951 576 1018 ἐλέησον,

405 1035 742 1112 Ἀντιλάϐου,
836 1039 1037 1113 σῶσον,
1134 1030 1381 1103 ἐλέησον,
1488 1030 1577 1086 καὶ
1672 1026 1982 1109 διαφύλαξον

325 1134 498 1207 ἡμᾶς,
560 1132 588 1187 ὁ
649 1127 802 1201 Θεὸς,
882 1129 950 1201 τῇ
1011 1128 1081 1200 σῇ
1152 1122 1359 1203 χάριτι.
1422 1128 1493 1183 Χ.
1567 1120 1748 1200 Κύριε,
1818 1116 1977 1185 ἐλέη-

329 1243 442 1283 σον.

409 1310 518 1378 Τῆς
581 1307 874 1386 παναγίας,
933 1302 1227 1383 ἆχράντου,
1303 1298 1827 1379 ὑπερευλογημὲνης,
1885 1300 1982 1354 ἒν·-

329 1398 481 1467 δόξου
537 1396 818 1462 δεσποίνης
882 1396 1036 1469 ἡμῶν
1086 1392 1368 1466 Θεοτόκου,
1446 1392 1533 1445 καὶ
1587 1389 1667 1445 ἀεὶ
1719 1386 1982 1467 Παρθένου

332 1491 557 1570 Μαρίας,
609 1488 746 1563 μετὰ.
802 1484 1016 1542 πάντων
1100 1487 1207 1538 τῶν
1268 1480 1432 1558 ἁγίων
1490 1478 1977 1555 μνημονεύσαντες,

331 1579 548 1641 ἑαυτοὺς
580 1578 667 1634 καὶ
724 1572 992 1643 ἀλλήλους
1026 1576 1200 1628 πᾶσαν
1245 1571 1342 1639 τὴν
1400 1571 1544 1640 ζωὴν
1573 1570 1729 1645 ἡμῶν
1774 1573 1983 1647 Χριστῷ

329 1676 407 1743 τῷ
438 1672 555 1741 Θεῷ
584 1663 963 1744 παραθῶμεθα,
996 1668 1061 1720 X.
1098 1661 1212 1735 Σοὶ,
1248 1660 1425 1739 Κύριε,

419 1845 521 1903 Καὶ
558 1842 791 1923 ἐκφωνεϊ
847 1843 875 1898 ὁ
928 1839 1091 1919 ἱερεύς
1126 1858 1139 1872 ·
1178 1836 1319 1896 ’Ὅτι
1367 1837 1557 1916 πρέπει
1605 1859 1684 1895 σοι
1712 1843 1857 1893 πᾶσα
1886 1833 1980 1891 δό-

332 1934 414 2006 ξα,
479 1933 611 2004 τιμὴ
671 1932 758 1987 καί
816 1930 1198 2008 προσκύνησις,
1247 1933 1322 2002 τῷ
1376 1929 1563 2004 Πατρὶ,
1612 1931 1698 1985 καὶ
1728 1931 1806 2000 τῷ
1851 1928 1978 2005 Υἱῷ,

331 2024 417 2079 καὶ
447 2024 526 2095 τῷ
555 2022 689 2101 ἁγίῳ
719 2019 1013 2098 Πνεύματι,
1046 2025 1134 2075 νῦν
1185 2017 1279 2075 καὶ
1305 2017 1412 2098 ἀεὶ,
1442 2018 1530 2074 καὶ
1561 2018 1633 2081 εἰς
1665 2017 1787 2082 τοὺς
1846 2018 1983 2073 αἰῶ-

328 2134 425 2178 νας
454 2117 561 2169 τῶν
592 2110 822 2169 αἰώνων.
856 2107 1054 2184 Ἀμήν.

410 2198 614 2261 Ἰστέον
646 2197 726 2274 δὲ,
771 2197 879 2279 ὅτι,
941 2196 1068 2255 ὅταν
1126 2196 1354 2275 λέγομεν
1400 2195 1484 2268 τὸ,
1516 2193 1848 2260 Ἀνοίξαντός
1891 2218 1985 2253 σου

329 2292 431 2360 τὴν
476 2303 667 2371 χεῖρα,
730 2291 758 2345 ὁ
809 2288 976 2367 ἱερεὺς
1037 2285 1283 2344 ἀπελθὼν
1341 2284 1487 2364 λέγει
1530 2285 1625 2347 τὰς
1683 2284 1847 2365 εὐχὰς
1892 2292 1986 2342 τοῦ

336 2380 618 2462 λυχνικοῦ,
679 2379 958 2455 ἱστάμενος
1014 2376 1256 2445 ἁσκεπὴς
1313 2376 1605 2453 ἔμπροσθεν
1657 2379 1765 2430 τῶν
1822 2374 1984 2454 ἁγίων

331 2477 526 2550 θυρῶν.

1683 489 2061 567 νοσούντων,Α
2166 487 2282 548 Pro
2380 484 2815 566 navigantibus,

3423 370 3729 418 CCCXXXIII

2905 487 3023 549 iter
3129 485 3467 568 agentibus,
3546 489 3721 550 inﬁr-

2080 573 2213 648 mis,
2277 572 2709 658 laborantibus,
2788 576 3057 656 captivis,
3116 585 3177 638 et
3236 595 3442 638 eorum
3502 577 3721 656 salute,

2074 664 2398 726 Dominum
2434 684 2772 744 precemur.
2804 666 2911 729 Ch.
2946 665 3222 747 Domine,
3255 667 3568 730 miserere.

2152 754 2228 814 Ut
2258 753 2583 816 liberemur
2629 754 2702 816 ab
2763 756 2923 817 omni
2974 772 3259 838 aerumna,
3295 757 3489 838 plaga,
3522 766 3581 819 et
3606 776 3718 821 ne-

2071 842 2373 925 cessitate,
2463 843 2783 906 Dominum
2871 863 3210 926 precemur.
3273 847 3382 911 Ch.
3442 846 3718 929 Domine,

2070 932 2381 994 miserere.

2145 1021 2419 1103 Suscipe,
2457 1040 2659 1097 serva,
2695 1024 2987 1087 miserere
3018 1030 3077 1086 et
3106 1025 3337 1090 custodi
3369 1045 3501 1103 nos,
3533 1027 3716 1104 Deus,

2065 1118 2163 1173 tua
2190 1111 2405 1192 gratia.
2442 1112 2555 1176 Ch.
2607 1113 2884 1191 Domine,
2923 1115 3232 1179 miserere.

2145 1296 2572 1367 Sanctissimae.
2608 1300 2996 1375 intemeratis,
3025 1318 3208 1381 super
3231 1320 3437 1364 omnes
3470 1302 3725 1367 benedi-

2068 1392 2197 1462 ctae,
2231 1386 2508 1465 gloriosae
2539 1387 2817 1450 Dominae
2848 1397 3064 1452 nostrae
3096 1390 3461 1472 Deiparae,et
3483 1410 3722 1473 semper

2070 1474 2320 1553 virginis
2379 1477 2584 1539 Mariae
2643 1496 2710 1539 ac
2768 1486 3034 1540 omnium
3093 1490 3429 1543 sanctorum
3488 1502 3716 1545 memo-

2067 1570 2214 1625 riam
2254 1573 2524 1645 agentes,
2561 1587 2670 1629 nos
2694 1569 2877 1649 ipsos,
2914 1576 2972 1630 et
3001 1570 3280 1647 invicem,
3318 1582 3377 1636 et
3407 1574 3581 1636 vitam
3607 1593 3720 1637 no-

2067 1661 2246 1717 stram
2313 1656 2552 1721 Christo
2610 1658 2733 1721 Deo
2791 1661 3325 1725 commendemus:
3399 1662 3507 1726 Ch.
3562 1663 3717 1740 Tibi,

2068 1746 2345 1810 Domine.

2145 1834 2244 1896 75.
2281 1836 2355 1898 Ει
2405 1836 2697 1899 exclamat
2742 1838 3067 1903 sacerdos:
3107 1840 3258 1913 Quia
3303 1842 3581 1903 convenit
3612 1842 3722 1905 tibi

2068 1924 2264 1985 omnis
2284 1925 2497 2003 gloria,
2526 1928 2724 1990 honor
2753 1936 2811 1989 et
2833 1928 3125 2004 adoratio,
3160 1929 3339 2005 Patri,
3368 1941 3426 1991 et
3456 1930 3633 2012 Filio,
3666 1938 3723 1994 et

2069 2012 2316 2095 Spiritui
2350 2024 2597 2080 sancto:
2644 2036 2803 2078 nunc
2863 2028 2921 2080 et
2974 2037 3216 2100 semper
3272 2030 3328 2082 et
3390 2020 3453 2081 in
3510 2027 3724 2083 sacuia

2068 2104 2361 2166 saeculoru
2372 2126 2445 2167 mg
2487 2108 2700 2169 Amen.

2154 2192 2479 2259 Sciendum
2512 2206 2711 2261 autem
2740 2198 3017 2280 est,quod
3053 2199 3290 2280 quando
3311 2199 3564 2262 dicimus
3585 2218 3723 2263 ver-

2070 2283 2323 2347 siculum
2348 2286 2673 2368 Aperiente
2721 2295 2777 2351 te
2809 2307 3075 2369 manum,
3102 2290 3385 2353 sacerdos
3416 2290 3633 2353 habeat
3664 2299 3723 2355 et

2068 2374 2281 2438 recitet
2312 2377 2612 2439 orationes
2664 2378 2989 2441 lucernarii
3047 2387 3210 2443 stans
3259 2380 3529 2443 detectus
3586 2389 3723 2444 ante

2069 2473 2303 2527 sanctas
2337 2467 2525 2529 fores.

416 2576 607 2642 Coum.
640 2575 727 2639 Ex
760 2575 876 2638 hoc
916 2574 1048 2638 loco
1069 2571 1422 2658 conficitur,
1459 2569 1959 2658 ’Ec‘itsptvdvjnler

2116 2571 2372 2652 λυχνικόν
2401 2573 2727 2658 discrimen
2755 2592 2904 2658 esse
2956 2594 3074 2637 non
3109 2576 3437 2640 modicum.
3493 2577 3726 2658 Quippe

333 2658 612 2738 ἑσπερινόν
645 2663 758 2733 est,
794 2663 986 2739 totum
1020 2654 1285 2739 ofﬁcium
1318 2652 1749 2733 vespertinum,
1784 2650 1984 2739 λυχνικ

2089 2650 2221 2739 vero
2264 2671 2373 2716 seu
2409 2676 2432 2713 ι
2470 2655 2870 2718 lucernarium
2908 2679 2934 2711 ιο
2971 2664 3060 2717 est
3103 2665 3326 2718 tantum
3361 2658 3557 2738 aliqua
3589 2650 3725 2739 ejus

336 2731 501 2823 pars,
535 2757 643 2802 seu
675 2731 946 2820 pauculae
976 2735 1302 2812 orationes,
1336 2731 1483 2816 quas
1513 2750 1633 2794 non
1664 2731 1956 2812 gravabor
1991 2732 2361 2798 describere.

1007 2850 1189 2902 ΕΥΧΗ
1235 2841 1327 2902 Α¹.

419 2937 573 3018 Κύριε
652 2935 921 3015 οἱκτίρμον
1001 2935 1089 2992 καὶ
1163 2933 1421 3012 ελεῆμον,
1494 2932 1824 3011 μακρύθυμε,
1897 2931 1994 2987 καὶ

330 3027 615 3102 πολυέλεε,
653 3027 899 3084 ἐνώτισαι
928 3026 1028 3093 τὴν
1060 3024 1372 3104 προσευχὴν
1430 3024 1610 3097 ἡμῶν,
1668 3023 1757 3078 καὶ
1814 3029 1988 3096 πρόσ-

333 3140 436 3201 χες
466 3124 536 3195 τῇ
569 3122 719 3198 φωνῇ
742 3121 844 3183 τῆς
876 3113 1109 3185 δεήσεως
1137 3114 1294 3190 ἡμῶν
1328 3129 1343 3144 ·
1392 3112 1617 3201 ποίησον
1673 3107 1788 3201 μεθ’
1834 3110 1989 3186 rp.ch

327 3198 566 3284 σημεῖον
610 3208 681 3272 εἷς
740 3206 936 3284 ἀγαθόν
971 3222 988 3242 ⁶
1046 3202 1316 3282 ὀόήγησον
1366 3203 1511 3278 ἡμᾶς
1543 3200 1595 3258 ἐν
1623 3207 1691 3278 τῇ
1720 3198 1824 3273 ὃδῷ
1866 3222 1986 3281 σου,

325 3298 424 3356 τοῦ
458 3297 764 3376 πορεύεσθαι
787 3298 843 3351 ἒν
874 3302 943 3372 τῇ
976 3292 1196 3365 ἀληθείᾳ
1230 3314 1323 3349 σου
1351 3310 1363 3324 ’
1415 3290 1669 3372 εὔφρανον
1722 3293 1818 3354 τὰς
1849 3313 1984 3367 καρ-

326 3388 443 3454 δίας
492 3389 653 3463 ’λμῶν
701 3387 774 3451 εἷς
827 3385 890 3442 τὸ
933 3381 1211 3465 φοϐεῖσθαι
1262 3385 1323 3438 τὸ
1374 3381 1539 3458 ὄνομά
1585 3403 1677 3437 σου
1721 3382 1780 3436 τὸ
1812 3379 1986 3458 ἅγιον·

326 3478 464 3536 διότι
525 3478 694 3556 μέγας
746 3476 800 3532 εἶ
864 3480 925 3532 σὺ
970 3475 1058 3531 καὶ
1115 3470 1292 3529 ποιῶν
1337 3471 1629 3547 θαυμάσια⁸
1676 3470 1737 3526 σὺ
1771 3482 1824 3525 εἴ
1860 3471 1989 3533 Θεὸς

327 3567 528 3647 μόνος,
563 3567 652 3623 καὶ
681 3570 778 3625 οὐκ
806 3564 954 3621 ἔστιν
1015 3562 1195 3640 ὅμοὶος
1248 3584 1331 3619 σοι
1395 3561 1448 3618 ὲν
1478 3564 1645 3641 θεοῖς,
1684 3560 1861 3640 Κύριε,
1898 3558 1991 3615 δυ-

329 3659 489 3722 νατὸς
553 3658 607 3711 ἒν
658 3654 820 3735 ἓλέει,
867 3656 954 3711 καὶ
998 3654 1193 3732 ἀγαθὸς
1237 3652 1292 3708 ἐν
1338 3652 1517 3732 ἰσχύϊ,
1552 3652 1625 3715 εἷς
1657 3652 1717 3706 τὸ
1747 3652 1992 3727 βοηθεῖν,

325 3749 422 3807 καὶ
477 3744 836 3826 παρακαλεῖν,
884 3745 974 3801 καὶ
1036 3744 1225 3815 σώζειν
1274 3742 1477 3806 πάντας
1528 3742 1648 3805 τοὺς
1681 3739 1993 3812 ἐλπίζοντας

329 3840 409 3901 εἷς
472 3836 644 3913 ὅνομά
688 3858 781 3893 σου
837 3836 897 3892 τὸ
943 3834 1096 3913 ἅγιον
1123 3848 1137 3863 ⁶
1205 3830 1285 3889 ὅτι
1317 3833 1507 3912 πρέπει
1553 3853 1635 3887 σοι
1670 3836 1813 3887 πᾶσα
1845 3828 1992 3909 δόξα,

328 3927 467 4003 τιμὴ
513 3926 602 3983 καὶ
630 3928 1013 4006 προσκύνησις,
1050 3928 1126 3997 τῷ
1157 3923 1346 4001 Πατρὶ,
1379 3922 1467 3979 καὶ
1494 3928 1569 3996 τῷ
1602 3922 1729 3994 Titi),
1779 3920 1867 3976 καὶ
1917 3924 1994 3991 τῷ

332 4018 471 4095 ἁγίῳ
526 4016 824 4091 Πνεύματι,
892 4016 997 4087 -δῦν,
1045 4027 1133 4070 και
1187 4013 1292 4087 ἀεὶ,
1354 4013 1442 4070 καὶ
1499 4012 1571 4073 εἷς
1628 4011 1749 4074 τοὺς
1796 4008 1991 4073 αἰῶνας

332 4107 441 4164 τῶν
474 4106 703 4169 αἰώνων.
739 4105 940 4181 Ἀμήν.

1011 4198 1191 4251 ΕΥΧΗ
1240 4191 1299 4249 B'

420 4287 598 4366 Κύριε,
656 4286 733 4360 μὴ
792 4291 869 4359 τῷ
910 4286 1059 4358 θυμῷ
1119 4304 1213 4339 σου
1272 4278 1490 4358 ἐλέγξῃς
1522 4281 1692 4355 ἡμᾶς,
1730 4275 1865 4353 μηδὲ
1921 4278 1988 4345 τῆ

331 4378 470 4457 ὀργῆ
499 4398 593 4432 σου
632 4372 917 4450 παιδεύσῃς
974 4375 1118 4449 ἡμᾶς
1149 4392 1162 4407 ·
1226 4370 1364 4428 ἀλλὰ
1394 4370 1623 4437 ποίησον
1672 4366 1787 4445 μεθ’
1832 4369 1988 4443 ἡμῶν

330 4466 471 4523 κατὰ
526 4465 622 4533 τὴν
669 4463 956 4521 ἐπιείκειάν
1012 4483 1129 4542 σου,
1193 4460 1338 4540 ἷατρὲ
1400 4460 1490 4517 καὶ
1532 4458 1825 4537 θεραπευτὰ
1883 4460 1988 4513 τῶν

327 4557 524 4635 ψυχῶν
567 4554 723 4631 ἡμῶν
757 4573 769 4587 °
812 4553 1081 4630 ὁδήγησον
1123 4554 1270 4628 ἡμᾶς
1319 4549 1403 4606 ἐπὶ
1464 4547 1656 4625 λιμένα
1685 4547 1988 4621 θελήματος

325 4666 423 4701 σου
458 4661 473 4679 ⁶
532 4645 762 4724 φώτισον
792 4644 914 4706 τοὺς
963 4639 1265 4720 ὀφθαλμοὺς
1312 4653 1415 4697 τὼν
1470 4636 1698 4717 καρδιῶν
1727 4638 1887 4712 ἡμῶν
1918 4638 1988 4700 εἷς

328 4735 615 4813 ἐπίγνωσιν
673 4738 771 4803 τῆς
829 4733 930 4799 σῆς
1001 4730 1253 4798 ἀληθείας
1289 4747 1302 4762 ⁸
1370 4731 1458 4786 καὶ
1490 4727 1726 4807 δώρησαι
1756 4729 1895 4803 ἡμῖν
1926 4726 1987 4782 τὰ

328 4823 520 4882 λοιπὸν
564 4829 664 4891 τῆς
722 4823 991 4903 παρούσης
1050 4820 1256 4900 ᾑμέρας
1307 4820 1571 4899 εἰρηνικὸν
1621 4820 1709 4873 καὶ
1740 4816 1986 4893 ἀναμάρ-

331 4935 520 4995 τητον,
580 4914 667 4970 καὶ
717 4913 891 4969 πάντα
950 4913 1040 4968 τὸν
1086 4911 1283 4991 χρόνον
1313 4915 1409 4977 τῆς
1455 4910 1600 4980 ζωῆς
1642 4908 1828 4982 ἡμῶν,
1862 4927 1990 4984 πρε-

334 5001 536 5067 σϐείαις
594 5007 693 5070 τῆς
739 5002 889 5080 ἁγίας
953 5000 1213 5058 Θεοτόκου
1258 5001 1347 5057 καὶ
1394 4999 1605 5059 πάντων
1649 4998 1756 5052 τῶν
1799 4996 1986 5073 ἁγίων.

334 5091 472 5150 ’Ὅτι
504 5093 595 5149 σὸν
643 5094 704 5149 τὸ
733 5092 948 5171 κράτος,
982 5090 1071 5145 καὶ
1100 5090 1196 5147 σού
1244 5088 1385 5145 ἐστιν
1435 5090 1470 5157 ἡ
1508 5084 1777 5164 βασιλεία,
1813 5085 1901 5141 καὶ
1957 5086 1991 5153 ἡ

336 5179 582 5262 δύναμις,
614 5183 701 5239 καὶ
730 5183 765 5250 ἡ
826 5178 971 5260 δόξα,
1022 5186 1116 5236 τοῦ
1164 5179 1393 5259 Πατρὸς,
1450 5175 1661 5234 καὶτοῦ
1708 5178 1848 5249 Γίοὗ,
1904 5175 1994 5230 καὶ

338 5278 435 5329 τοῦ
464 5272 614 5350 ἁγίου
640 5272 970 5351 Πνεύματος,
1005 5277 1115 5343 νῦν,
1149 5270 1236 5326 καὶ
1282 5268 1386 5350 ἀεὶ,
1412 5270 1499 5326 καὶ
1532 5270 1605 5331 εἷς
1633 5266 1752 5329 τοὺς
1800 5264 1993 5328 αἰῶνας

337 5360 444 5418 τῶν
475 5362 678 5421 αἰώνων
690 5410 706 5425 .
739 5360 940 5436 Ἀμήν,

1012 5456 1193 5508 erxu
1237 5448 1318 5512 1".

423 5540 575 5618 Κύριε
627 5544 655 5598 ὃ
714 5540 843 5604 Θεὸς
889 5540 1069 5616 ἡμῶν,
1124 5541 1389 5616 μνήσθητι
1434 5537 1589 5613 ἡμῶν
1644 5536 1751 5593 τῶν
1812 5535 1991 5613 ἁμαρ-

2711 2841 2997 2906 OBATIO
3044 2845 3091 2907 Ι.

2155 2936 2257 3001 76.
2292 2938 2547 3001 Domine
2580 2937 2920 3000 misericors
2960 2945 3019 2999 et
3048 2938 3329 3019 benigne,
3364 2940 3719 3020 longanimis

2078 3034 2138 3086 et
2159 3025 2407 3087 multum
2424 3025 2963 3102 clemens,auribus
2981 3026 3222 3108 percipe
3235 3028 3724 3109 deprecationem

2078 3122 2367 3197 nostram,
2400 3125 2459 3177 et
2488 3116 2729 3178 attende
2758 3118 2885 3179 voci
2921 3119 3206 3181 orationis
3238 3127 3475 3195 nostrae,
3502 3121 3590 3181 fac
3622 3138 3723 3180 no-

2076 3204 2311 3269 biscum
2345 3206 2576 3287 signum
2613 3208 2671 3267 in
2707 3206 2928 3270 bonum
2973 3230 2988 3287 ;
3022 3209 3219 3272 deduc
3252 3228 3359 3271 nos
3394 3212 3450 3273 in
3484 3209 3573 3271 via
3600 3218 3723 3290 tua,

2079 3303 2139 3355 ut
2170 3294 2230 3356 in
2256 3296 2505 3359 veritate
2535 3306 2633 3358 tua
2662 3296 3062 3361 ambulemus.
3097 3298 3379 3362 Exhilara
3410 3302 3595 3363 corda
3613 3320 3725 3363 no-

2077 3394 2215 3462 stra,
2247 3394 2314 3447 ut
2376 3386 2692 3449 timeamus
2753 3407 2973 3451 nomen
3032 3398 3302 3451 sanctum
3366 3399 3552 3466 tuum,
3590 3391 3729 3472 quia

2077 3493 2326 3555 magnus
2344 3495 2410 3537 es
2435 3485 2516 3553 tu,
2554 3484 2611 3539 et
2632 3476 2857 3540 faciens
2892 3479 3193 3542 mirabilia
3221 3502 3236 3553 ;
3264 3489 3324 3541 tu
3349 3499 3413 3541 es
3435 3484 3590 3544 Deus
3622 3501 3725 3543 so-

2078 3565 2195 3645 lus,
2233 3577 2293 3627 et
2322 3584 2440 3627 non
2475 3576 2569 3628 est
2597 3567 2813 3628 similis
2847 3570 2928 3630 tui
2961 3569 3021 3629 in
3055 3570 3191 3649 diis,
3216 3569 3489 3651 Domine,
3518 3560 3726 3651 potens

2079 3655 2136 3715 in
2161 3654 2572 3718 misericordia
2595 3664 2654 3717 et
2675 3656 2866 3718 bonus
2892 3657 2951 3719 in
2976 3659 3292 3740 virtute,ut
3322 3678 3645 3723 succurras
3668 3671 3728 3723 et

2078 3746 2412 3808 consoleris
2453 3754 2511 3808 et
2535 3764 2737 3808 serves
2788 3766 2999 3808 omnes
3047 3756 3358 3827 Sperantes
3391 3748 3452 3811 in
3484 3752 3727 3813 nomine

2084 3834 2363 3908 luo.Quia
2383 3837 2657 3898 convenit
2681 3834 2788 3897 tibi
2820 3835 3014 3897 omnis
3036 3837 3244 3916 gloria,
3280 3837 3475 3899 honor
3495 3846 3553 3899 et
3582 3839 3725 3901 ado-

2080 3926 2253 4001 ratio,
2291 3926 2445 3987 Patri
2481 3932 2540 3989 et
2570 3925 2719 3987 Filio
2754 3934 2810 3988 et
2840 3936 3043 3988 sancto
3103 3927 3389 4009 Spiritui:
3456 3946 3613 3990 nunc
3671 3935 3729 3991 et

2078 4033 2320 4097 semper
2350 4024 2409 4078 et
2430 4016 2490 4077 in
2525 4016 2741 4079 saecula
2772 4016 3160 4081 saeculorum.
3198 4019 3408 4080 Amen.

2694 4191 2980 4257 ORATIO
3026 4191 3104 4257 II.

2151 4288 2250 4350 77.
2279 4285 2558 4362 Domine,
2585 4308 2661 4352 ne
2683 4288 2743 4350 in
2769 4288 2974 4351 furore
3008 4295 3106 4350 tuo
3138 4306 3348 4368 arguas
3376 4308 3504 4366 nos,
3532 4308 3726 4372 neque

2072 4377 2133 4438 in
2160 4377 2247 4439 ira
2277 4386 2376 4439 tua
2396 4379 2687 4460 corripias
2721 4398 2866 4441 nos:
2902 4378 3003 4439 sed
3039 4378 3127 4440 fac
3162 4378 3469 4441 nobiscum
3504 4398 3725 4443 secun-

2072 4468 2217 4529 dum
2251 4468 2725 4531 misericordiam
2763 4478 2951 4544 tuam,
2990 4468 3223 4532 medice
3256 4477 3573 4533 etcurator
3603 4472 3726 4533 ani-

2074 4574 2303 4619 marum
2338 4564 2671 4620 nostrarum
2709 4578 2724 4635 ;
2763 4559 2987 4640 perduc
3021 4578 3129 4620 nos
3152 4559 3224 4620 ad
3249 4568 3485 4639 portum
3514 4560 3729 4621 volun-

2076 4646 2208 4707 tatis
2236 4654 2351 4707 tuae
2383 4668 2398 4724 ;
2437 4649 2642 4710 oculos
2682 4648 2954 4710 cordium
2991 4658 3328 4710 nostrorum
3363 4649 3633 4711 illumina
3664 4651 3724 4712 in

2075 4744 2191 4797 tuae
2220 4736 2487 4798 veritatis
2518 4737 2911 4817 agnitionem,
2942 4751 3121 4814 atque
3157 4737 3409 4816 hujusce
3436 4737 3555 4799 diei
3578 4740 3727 4801 reli-

2071 4844 2278 4909 quum,
2312 4845 2609 4907 omneque
2639 4827 2774 4888 vita;
2802 4834 3022 4888 nostra:
3053 4836 3284 4907 tempus
3311 4826 3646 4905 paciﬁcum,
3671 4837 3730 4891 et

2074 4935 2108 4979 a
2136 4925 2376 4994 peccato
2429 4916 2682 4978 liberum
2725 4934 2858 4978 esse
2914 4916 3153 4994 largire,
3195 4916 3727 4981 intercessionibus

2076 5014 2298 5068 sanctae
2319 5006 2420 5069 Dei
2448 5005 2768 5070 Genitricis
2796 5013 2859 5068 et
2891 5008 3155 5067 omnium
3176 5014 3544 5069 sanctorum.
3579 5006 3728 5080 Quia

2078 5112 2176 5159 tua
2194 5103 2281 5158 est
2317 5104 2594 5177 potestas,
2628 5104 2791 5157 tuum
2826 5102 2917 5158 est
2940 5114 3189 5174 regnum
3211 5106 3270 5158 et
3294 5096 3480 5157 virtus
3509 5104 3567 5158 et
3596 5097 3722 5177 glo-

2077 5184 2189 5265 ria,
2213 5182 2371 5245 Patri
2399 5192 2457 5247 et
2482 5184 2615 5247 Filii
2659 5192 2714 5246 et
2745 5185 2941 5247 sancti
2990 5183 3267 5267 Spiritus,
3295 5204 3454 5248 nunc
3477 5194 3535 5249 et
3564 5204 3720 5250 sem-

2079 5292 2208 5355 per,
2244 5281 2302 5336 et
2326 5274 2387 5336 in
2423 5275 2639 5338 saecula
2679 5274 3056 5339 saeculorum.
3097 5276 3314 5338 Amen.

2686 5438 2965 5505 ORATIO
3012 5438 3119 5503 IlI.

2152 5533 2255 5597 '78.
2286 5532 2542 5597 Domine
2573 5535 2729 5597 Deus
2762 5543 2988 5610 noster,
3024 5541 3324 5597 memento
3358 5535 3544 5597 nostri
3578 5553 3720 5615 pec-

336 5625 525 5687 τωλῶν
579 5632 668 5688 καὶ
714 5630 947 5710 ἀχρείων
998 5627 1196 5687 δούλων
1231 5652 1347 5704 σου,
1392 5629 1446 5687 ἐν
1475 5635 1553 5703 τῷ
1609 5624 1981 5683 ἐπικαλεῖσθαι

2089 5630 2333 5686 :atorum
2359 5630 2419 5683 et
2439 5623 2741 5685 inutilium
2766 5641 3072 5687 servorum
3103 5632 3365 5701 tuorum,
3390 5643 3522 5685 cum
3545 5624 3721 5685 invo-

339 5719 481 5795 ἡμᾶς
514 5722 574 5777 τὸ
603 5720 761 5801 ἅγιον
790 5716 958 5795 ὄνομά
988 5741 1082 5776 σου
1116 5739 1129 5753 ο
1184 5720 1272 5776 καὶ
1302 5720 1380 5795 μὴ
1420 5717 1788 5798 καταισχύνῃς
1831 5716 1980 5789 ἡμᾶς

2089 5730 2269 5775 :amus
2298 5724 2571 5775 sanctum
2597 5731 2816 5776 nomen
2843 5721 3043 5792 tuum;
3068 5719 3126 5777 et
3150 5730 3227 5777 ne
3246 5712 3572 5775 confundas
3598 5730 3710 5781 nos
