4140 6398
413 327 716 376 cccxxxrv
1872 323 2466 391 PROLEGOMENA.

404 462 438 506 a
467 445 892 547 misericordiae
919 455 1032 512 tue
1079 451 1568 531 exspectatione;
1602 453 1710 516 sed
1743 454 1947 517 omnia
1977 454 2050 517 ad

2172 462 2240 516 πὸ
2283 460 2380 530 τῆς
2440 461 2758 540 προσδοκίας
2820 467 2913 520 to;
2958 463 3136 528 ἐλέους
3193 487 3309 541 σου²
3370 462 3508 521 ἀλλὰ
3568 465 3792 547 χάρισα.

405 535 655 599 salutem
683 537 956 633 facientia
979 540 1271 620 postulata
1295 543 1586 620 concede;
1605 553 1663 607 et
1685 545 1773 607 fac
1797 555 1858 607 ut
1881 564 2049 606 ame-

2174 565 2293 626 μιν,
2359 553 2534 631 Κύριε,
2567 552 2739 609 πέντα
2785 554 2850 610 τὰ
2883 555 3011 632 πρὸς
3060 555 3329 633 σωτηρίαν
3367 553 3667 630 αἰτήματα,
3701 548 3792 613 καὶ

407 645 540 688 mus
571 636 629 689 et
659 629 972 692 timeamus
1009 639 1064 691 te
1095 649 1167 692 ex
1201 639 1324 694 toto
1355 634 1560 709 corde,
1590 642 1651 697 et
1680 635 1743 696 in
1775 635 2054 697 omnibus

2173 639 2356 705 ξίωσον
2391 629 2534 717 ἡμᾶς
2580 643 2793 721 ἀγαπᾷν
2849 629 2937 700 xxi
2982 629 3260 723 φοϐεῖσθαί
3308 667 3364 702 σε
3411 643 3462 710 ἐξ
3505 643 3643 711 ὅλης
3696 644 3794 712 τῆς

405 717 763 810 voluntatem
799 729 957 783 tuam
991 739 1414 804 exsequamur.
1451 723 1601 797 Quia
1637 726 1829 788 bonus
1861 736 1918 788 et
1942 728 2054 788 ho—

2168 731 2350 810 apSixc
2410 736 2588 809 ἡμῶν,
2629 736 2716 790 καὶ
2776 748 2954 792 ποιεῖν
3007 740 3059 791 ’ev
3105 741 3233 791 πᾶσι
3291 737 3353 792 τὸ
3403 732 3615 810 θέλημά
3673 757 3794 797 σου,

405 807 633 869 minum
661 828 869 873 amans
899 810 1059 872 Deus
1088 830 1175 893 es,
1202 811 1429 893 tibique
1481 815 1730 892 gloriam
1776 815 2056 898 rependi-

2168 807 2274 879 ’ότι
2324 807 2518 901 ἀγαθὸς
2560 825 2647 880 καὶ
2678 822 3048 904 φιλάνθρωπος
3081 827 3210 888 Θεὸς
3261 807 3549 905 ὑπάρχεις,
3578 826 3667 880 καί
3711 844 3796 880 σοι

408 915 562 970 mus,
598 898 781 975 Patri,
816 909 876 962 et
919 899 1095 976 Filio,
1131 910 1190 963 et
1240 910 1442 963 sancto
1495 901 1768 985 Spiritui,
1805 924 1964 968 nunc
1999 913 2058 967 et

404 1004 668 1070 semper,
701 997 758 1049 et
788 989 848 1051 in
879 991 1094 1052 secula
1123 991 1504 1054 seculorum.
1533 995 1753 1056 Amen.

1003 1171 1300 1238 ORATIO
1347 1176 1444 1237 IV.

490 1264 585 1337 '79,
621 1265 721 1328 80.
756 1264 870 1338 Qui
902 1285 1019 1328 non
1052 1268 1314 1329 tacituris
1350 1267 1626 1329 laudibus
1658 1277 1719 1331 et
1754 1287 2060 1349 nunquam

409 1353 674 1416 ﬁnienda
702 1357 1130 1434 gloriﬁcatione
1159 1377 1193 1418 a
1220 1357 1442 1419 sanctis
1464 1358 1778 1418 virtutibus
1801 1357 2065 1420 celebra-

405 1444 528 1524 ris;
564 1443 750 1525 imple
779 1465 843 1507 os
878 1454 1144 1507 nostrum
1197 1447 1374 1508 laude
1420 1456 1539 1528 tua,
1568 1455 1631 1507 ut
1681 1447 1906 1509 nomini
1961 1454 2062 1510 tuo

405 1544 607 1596 sancto
631 1535 953 1599 reddamus
971 1537 1471 1616 magniﬁcentiam
1495 1557 1508 1601 :
1540 1551 1755 1600 etcum
1780 1537 2062 1600 omnibus

405 1624 507 1705 qui
531 1633 587 1686 te
609 1625 668 1686 in
688 1627 930 1689 veritate
954 1629 1187 1700 timent,
1219 1635 1276 1688 et
1301 1629 1578 1690 mandata
1601 1637 1697 1690 tua
1720 1629 2057 1703 observant,

407 1721 637 1796 partem
659 1724 716 1776 et
735 1725 954 1778 sortem
981 1717 1154 1778 nobis
1175 1719 1504 1796 impertire,
1535 1719 1814 1798 precibus
1845 1728 2064 1780 sancte

2141 914 2237 979 τὴν
2269 912 2419 979 δόξαν
2450 913 2858 988 ἀναπέμπομεν,
2893 922 2968 971 τῶ
3005 916 3190 994 Πατρὶ,
3223 915 3310 971 καὶ
3339 921 3415 988 τῷ
3443 916 3568 988 Υἱῴ,
3605 914 3692 969 καὶ
3720 920 3800 988 τῷ

2144 1004 2278 1079 ἁγίῳ
2309 1006 2597 1083 Πνεύματι,
2648 1010 2738 1059 νῦν
2799 1006 2886 1061 καὶ
2934 1005 3035 1079 ἀεὶ,
3083 1005 3174 1062 καὶ
3205 1006 3278 1068 εἷς
3309 1006 3432 1068 τοὺς
3464 1005 3659 1068 αἰῶνας
3689 1007 3798 1058 τῶν

2145 1094 2373 1157 αἰώνων,
2405 1094 2603 1170 Ἀμήν,

2812 1192 2987 1246 srxu
3039 1182 3118 1242 Δῖ

2229 1271 2288 1331 Ὀ
2333 1288 2453 1339 τοῖς
2500 1277 2782 1356 ἀσιγήτοις
2842 1276 3025 1349 ὕμνοις
3090 1275 3176 1330 καὶ
3223 1274 3507 1340 ἀπαύστοις
3564 1273 3786 1341 δοξολο-

2146 1364 2284 1440 γίαις
2333 1365 2434 1420 ὑπὸ
2491 1373 2596 1422 τῶν
2657 1369 2818 1444 ἁγίων
2869 1364 3141 1438 δυνάμεων
3197 1363 3612 1438 ἀνυμνούμενος,
3644 1364 3793 1434 πλῆ-

2148 1475 2317 1531 ρωσον
2359 1456 2421 1510 τὸ
2471 1457 2643 1527 στόμα
2687 1457 2842 1530 ἡμῶν
2873 1459 2970 1522 τῆς
3030 1454 3276 1517 αἰνέσεως
3331 1475 3446 1539 σου,
3501 1457 3589 1510 τοῦ
3618 1453 3792 1513 δοῦναι

2143 1543 2510 1620 μεγαλοσύνην
2543 1554 2618 1620 τῷ
2674 1546 2895 1621 ὀνόματι
2941 1567 3031 1600 σου
3094 1546 3168 1617 τῷ
3198 1545 3332 1621 ἁγίῳ
3366 1559 3380 1571 ⁸
3417 1545 3504 1601 καὶ
3536 1543 3624 1609 δὸς
3655 1546 3792 1620 ἡμῖν

2144 1633 2325 1709 μερίδα
2367 1637 2458 1692 καὶ
2490 1635 2686 1714 κλῆρον
2719 1637 2853 1709 μετᾶ
2890 1635 3118 1690 πάντων
3171 1641 3275 1690 των
3332 1631 3678 1712 φοϐουμένων
3734 1655 3793 1693 σε

2145 1729 2196 1779 'sv
2231 1723 2470 1802 ἂληθείᾳ,
2529 1728 2614 1781 καὶ
2673 1724 3047 1804 φυλασσόντων
3101 1725 3194 1787 τὰς
3246 1723 3461 1787 ἐντολάς
3494 1745 3608 1799 σω,
3659 1745 3793 1804 πρε-

403 1802 674 1883 Deipare
705 1813 764 1866 et
795 1807 1060 1868 omnium
1093 1815 1434 1870 sanctorum
1465 1807 1881 1880 tuorum.Quia
1912 1827 2052 1870 con-

2168 1811 2346 1877 ιϐείαις
2399 1817 2496 1881 τῆς
2553 1817 2706 1890 ἁγίας
2751 1815 3013 1871 Θεοτόκου
3058 1816 3148 1870 καὶ
3212 1815 3423 1870 πάντων
3467 1816 3571 1869 τῶν
3631 1815 3795 1892 ἁγίων

405 1893 566 1957 venit
593 1893 697 1955 tibi
729 1900 919 1956 omnis
947 1897 1155 1974 gloria,
1184 1897 1376 1958 honor
1407 1906 1465 1959 et
1492 1896 1788 1976 adoratio,
1815 1898 2066 1972 Patri,et

401 1981 578 2057 Filio,
614 1993 676 2046 et
707 1992 912 2046 sancto
960 1986 1222 2067 Spiritui,
1263 2005 1421 2048 nunc
1474 1995 1533 2046 et
1585 2005 1846 2065 semper,
1887 1996 1947 2048 et
2001 1987 2063 2046 in

403 2073 626 2135 secula
659 2074 1012 2136 seculorum
1076 2077 1296 2138 Amen.

1029 2253 1320 2320 ORATIO
1366 2259 1436 2319 V.

484 2349 586 2412 81.
621 2347 899 2431 Domine,
947 2349 1220 2432 Domine,
1272 2353 1367 2432 qui
1427 2349 1656 2411 illibata
1717 2360 1812 2412 tua
1875 2370 2056 2414 manu

2147 1926 2260 1965 σου.
2323 1903 2456 1962 ’Ὅτι
2487 1906 2675 1982 πρέπει
2709 1928 2789 1961 σοι
2849 1910 2992 1959 πᾶσα
3024 1901 3171 1977 δόξα,
3205 1904 3337 1978 τιμὴ
3369 1904 3456 1960 καὶ
3491 1905 3792 1980 προσκύνη-

2149 2017 2252 2066 σις,
2305 2001 2381 2068 τῷ
2445 1995 2630 2072 Πατρὶ,
2668 1997 2755 2050 καὶ
2785 2003 2860 2068 τῷ
2893 1997 3019 2072 ΥῈῷ,
3057 1996 3144 2050 καὶ
3192 1995 3268 2067 τῷ
3314 1995 3448 2071 ἁγίῷ
3501 1994 3788 2069 Πνεύματι,

2149 2091 2235 2140 νῦν
2297 2085 2381 2138 καὶ
2434 2085 2534 2157 ἀεὶ,
2614 2086 2700 2140 καὶ
2785 2086 2856 2146 εἷς
2937 2085 3060 2147 τοὺς
3125 2085 3321 2147 αίῶνις
3385 2083 3492 2140 τῶν
3558 2083 3787 2146 αἰώνων,

2149 2171 2351 2246 Ἀμήν.

2824 2270 3004 2322 srxu
3055 2262 3134 2325 Εἴ

2226 2352 2400 2432 Κύριε,
2441 2354 2618 2432 Κύριε,
2655 2355 2682 2409 6
2714 2360 2782 2430 τῇ
2834 2354 3087 2434 ἆλρσίντῳ
3137 2374 3230 2408 σου
3281 2349 3507 2426 παλάμῃ
3559 2350 3800 2431 συνέχων

410 2444 685 2502 contines
715 2457 947 2512 omnes,
969 2439 1069 2520 qui
1096 2440 1448 2520 longanimis
1481 2460 1544 2501 es
1572 2459 1750 2521 super
1781 2460 1888 2502 nos
1923 2462 2058 2504 om-

2168 2443 2208 2496 "x
2274 2443 2580 2522 σύμπαντα,
2633 2447 2988 2522 μακροθυμῶν
3048 2442 3134 2498 ἐπὶ
3196 2443 3396 2504 πάντας
3471 2443 3638 2518 ἡμᾶς,
3716 2442 3801 2498 καὶ

412 2547 543 2608 nes,
567 2538 626 2590 et
651 2529 752 2608 qui
785 2547 966 2609 super
995 2531 1212 2592 nostris
1264 2531 1416 2591 vitiis
1445 2531 1857 2612 penitentiam
1889 2538 2012 2610 agis
2041 2549 2054 2594 :

2168 2540 2424 2590 ιεταναῶν
2485 2534 2571 2590 ἐπὶ
2629 2547 2748 2598 ταῖς
2807 2534 3016 2599 κακίαις
3069 2534 3250 2610 ἢμῶν,
3298 2532 3561 2606 μνήσθητι
3593 2537 3700 2587 τῶν
3729 2533 3802 2587 οἷ-

412 2618 804 2683 reminiscere
829 2619 1273 2682 miserationem
1301 2630 1532 2682 tuarum
1556 2630 1610 2683 et
1637 2623 2062 2684 misericordie

2168 2629 2382 2697 ιτιρμῶν
2437 2647 2528 2680 σου
2580 2625 2667 2680 xxi
2697 2626 2791 2682 τοῦ
2836 2623 3014 2685 ἐλέους
3064 2645 3158 2680 σου
3191 2643 3206 2658 ο
3255 2622 3538 2697 ἐπίσκεψαι
3578 2624 3716 2696 ἡμᾶς
3747 2620 3802 2678 ἐν

415 2716 562 2783 lue;
595 2710 830 2790 respice
853 2729 960 2771 nos
981 2710 1038 2771 in
1064 2711 1323 2772 bonitate
1345 2717 1464 2792 tua,
1488 2720 1546 2773 et
1577 2710 1864 2785 concede,
1908 2720 1969 2773 ut
2001 2721 2062 2774 et

2257 2714 2548 2790 ἂγαθότητί
2607 2737 2724 2785 σου,
2790 2716 2876 2770 καὶ
2932 2713 3018 2778 δὸς
3078 2715 3214 2788 ἡμῖν
3272 2710 3548 2791 διαφυγεῖν
3606 2713 3694 2767 καὶ
3741 2712 3803 2767 τὸ

410 2799 638 2881 reliquo
661 2799 837 2880 hujus
855 2799 974 2863 diei
993 2810 1261 2882 tempore
1281 2802 1470 2864 varias
1493 2802 1729 2880 maligni
1757 2802 2034 2864 machina

2168 2804 2339 2859 λοιπὸν
2380 2809 2477 2870 τῆς
2524 2805 2798 2870 πααούσης
2829 2803 3031 2882 ἡμέρας
3065 2810 3130 2878 τῇ
3169 2809 3237 2879 σῇ
3267 2802 3452 2880 χάριτι
3484 2803 3543 2858 ἐκ
3579 2809 3682 2857 τῶν
3714 2803 3806 2856 τοῦ

407 2888 600 2951 tiones
623 2889 885 2969 effugere
909 2900 1005 2952 tua
1026 2891 1212 2969 gratia
1243 2892 1565 2954 valeamus.
1604 2891 1849 2955 Custodi
1874 2893 2053 2954 vitam

2168 2901 2393 2969 πονηροῦ
2467 2894 2722 2951 ποικίλων
2805 2895 3246 2969 μηχανημάτων.
3331 2888 3802 2947 ’Λνεπιϐούλευτον

410 2989 672 3042 nostram
705 2978 777 3042 ab
809 2979 1045 3042 insidiis
1077 2981 1349 3051 liberam,
1379 2982 1564 3060 gratia
1589 2982 1956 3043 sanctissimi
1991 2991 2073 3060 tui

2168 2984 2259 3050 τὴν
2315 2984 2458 3054 ζωὴν
2506 2986 2662 3058 ἡμῶν
2707 2981 3022 3063 διαφύλαξον
3057 2989 3124 3059 τῇ
3173 2983 3355 3062 χάριτι
3399 2987 3489 3036 τοῦ
3544 2981 3804 3058 παναγίου

409 3068 1118 3176 Spiritus,misericordia
1149 3079 1207 3132 et
1249 3070 1615 3150 benignitate
1651 3071 1944 3151 unigeniti
1993 3081 2073 3140 tui

2168 3095 2258 3131 σου
2310 3075 2636 3152 Πνεῦματος,
2685 3073 2818 3130 ἐλέει
2874 3075 2960 3129 καί
3012 3072 3372 3153 φιλανθρωπίᾳ
3435 3076 3526 3126 τοῦ
3570 3090 3804 3148 μονογε-

412 3157 568 3239 Filii,
593 3178 726 3220 cum
767 3178 882 3238 quo
919 3157 1272 3221 benedictus
1297 3178 1384 3233 es,
1423 3179 1556 3220 cum
1591 3160 1966 3224 sanctissimo
2005 3171 2064 3224 et

2168 3171 2281 3228 νοῦς
2332 3185 2424 3220 σου
2484 3163 2623 3235 fici},
2680 3162 2794 3237 μεθ’
2827 3165 2886 3219 οὒ
2915 3162 3204 3240 εὖλογ·ι,τὸς
3235 3165 3276 3218 si
3308 3161 3398 3216 σὺν
3449 3164 3527 3233 τῷ
3564 3159 3807 3237 παναγίῳ

413 3246 572 3310 bono
597 3258 649 3311 et
700 3247 931 3309 viviﬁco
964 3256 1061 3310 tuo
1099 3248 1346 3330 Spiritu,
1379 3268 1534 3310 nunc
1551 3259 1610 3312 et
1639 3269 1878 3332 semper
1914 3260 1972 3313 et
2004 3251 2064 3313 in

2168 3254 2237 3310 ixi
2282 3254 2466 3331 ἁγαθῴ
2528 3255 2610 3310 xxi
2671 3260 2921 3327 ζωοποιῷ
2952 3274 3047 3311 σου
3082 3253 3374 3330 Πνεύματι,
3427 3257 3515 3307 νῦν
3556 3249 3642 3306 xxi
3699 3248 3805 3324 ἀεὶ,

2157 2901 2393 2972 πονηροῦ
2467 2894 2722 2951 ποικίλων
2805 2895 3246 2974 μηχανημάτων.

414 3337 634 3399 secula
657 3335 1034 3398 seculorum.
1072 3339 1292 3400 Amen.

1033 3431 1308 3497 ORATIO
1353 3432 1451 3498 VI.

494 3528 593 3592 8‘2.
634 3529 791 3591 Deus
826 3546 1034 3606 magne
1082 3539 1140 3591 et
1193 3528 1589 3611 admirabilis,
1623 3529 1725 3610 qui
1784 3530 2068 3606 ineffabili

417 3617 687 3680 bonitate
715 3627 773 3680 et
805 3617 1158 3680 abundante
1189 3618 1558 3700 providentia
1573 3629 1786 3682 cuncta
1818 3621 2069 3684 admini.

424 3714 615 3789 stras;
650 3709 750 3788 qui
783 3708 935 3769 datis
987 3707 1158 3770 nobis
1210 3709 1388 3788 hujus
1421 3710 1626 3772 mundi
1659 3709 1854 3784 bonis,
1889 3712 2072 3773 etiam

424 3803 788 3880 promissum
811 3816 1060 3878 regnum
1083 3797 1254 3860 nobis
1274 3797 1644 3880 obstrinxisti
1669 3821 1684 3874 ;
1709 3801 1806 3880 qui
1835 3809 2074 3880 preter-

424 3820 788 3878 promissum
811 3820 1060 3878 regnum
1083 3820 1254 3860 “ODIS
1274 3820 1644 3861 ODSll’ll‘leSll
1669 3821 1684 3874 ;
1751 3820 1806 3860 Ill
1835 3820 2074 3880 preter-

414 3879 495 3942 ita
515 3878 635 3940 diei
663 3886 826 3960 parte
851 3897 959 3956 per
989 3897 1277 3942 concessa
1309 3879 1464 3942 bona
1495 3899 1602 3942 nos
1624 3820 1924 3943 deduxisti
1953 3903 1966 3945 :
2003 3881 2079 3942 da

414 3966 590 4029 nobis
619 3976 681 4029 ut
699 3967 1002 4030 residuam
1037 3987 1276 4049 quoque
1302 3977 1526 4048 partem
1551 3968 1854 4048 iuculpate
1875 3988 2074 4032 coram

415 4065 624 4118 sancta
659 4056 848 4135 gloria
875 4065 970 4117 tua
1004 4056 1335 4135 transigere
1368 4057 1688 4137 possimus,
1716 4067 1772 4118 et
1794 4065 1849 4119 te
1879 4057 2072 4120 solum

424 4146 646 4208 bonum
678 4153 737 4207 et
769 4145 1097 4224 benignum
1154 4149 1338 4208 Deum
1389 4154 1655 4208 nostrum
1705 4145 2071 4208 collaudare.

2151 3346 2238 3402 xxi
2283 3347 2357 3407 εἰς
2398 3345 2518 3408 τοὺς
2553 3345 2750 3406 αἰῶνας
2781 3351 2886 3399 τῶν
2934 3343 3159 3399 αἰώνων.
3196 3339 3396 3418 Ἀμήν.

2825 3441 3003 3491 srxa
3046 3433 3150 3508 ς’.

2238 3524 2296 3584 Ὀ
2360 3526 2489 3588 Θεὸς
2555 3523 2721 3601 μέγας
2778 3525 2866 3580 καὶ
2938 3525 3260 3598 θαυμαστὸς,
3332 3525 3358 3575 6
3437 3517 3809 3597 ἀνεκδιηγήτῳ

2155 3617 2470 3695 ἀγαθωσύνῃ
2528 3617 2614 3672 καὶ
2663 3614 2890 3688 πλουσίᾳ
2951 3613 3166 3692 προνοίᾳ
3214 3611 3428 3669 διοικῶν
3462 3611 3527 3666 τὰ
3558 3612 3810 3685 σύμπανη

2156 3729 2242 3784 τα,
2281 3709 2308 3762 6
2339 3706 2518 3762 καὶτὰ
2568 3705 2829 3781 ἐγιεόσμια
2874 3704 3044 3781 ἀγαθὰ
3094 3706 3223 3774 ἡμῖν
3253 3701 3661 3780 δωρησάμενος,
3723 3700 3811 3755 xxi

2159 3797 2530 3873 κατεγγυήσας
2573 3797 2709 3869 ἡμῖν
2759 3795 2858 3860 τὴν
2905 3792 3318 3873 ἐπηγγελμένην
3367 3789 3641 3868 βασιλείαν
3673 3805 3688 3819 ⁹
3726 3786 3812 3845 διὰ

2159 3888 2254 3952 τῆς
2286 3883 2389 3952 ἤδη
2424 3882 2829 3964 κεχαρισμένων
2890 3886 3095 3960 ἁγαθῶι
3156 3882 3478 3954 ὂδοποιῆσας
3507 3881 3665 3954 ἡμῖν,
3726 3879 3813 3935 καὶ

2165 3984 2255 4046 τῆς
2303 3974 2505 4053 ἡμέρας
2556 3975 2616 4029 τὸ
2660 3973 2918 4050 παρελθὸν
2970 3973 3128 4053 μέρος
3188 3974 3293 4028 ἀπὸ
3339 3971 3534 4033 παντὸς
3569 3967 3813 4024 ἐκκλτναι

2161 4071 2326 4120 κακοῦ
2359 4079 2370 4091 ⁸
2433 4061 2669 4140 δώρησαι
2721 4062 2858 4136 ἡμῖν
2918 4065 2996 4117 καέ
3049 4064 3109 4118 τὸ
3163 4060 3458 4117 ὑπόλοιπον
3514 4058 3811 4133 ἀμέμπτως

2161 4153 2441 4210 ἐκτελέσαι
2474 4151 2703 4208 ἐνώπιον
2731 4152 2826 4219 τῆς
2874 4153 3022 4229 ἁγίας
3071 4150 3223 4217 δόξης
3268 4173 3383 4229 σου,
3414 4151 3602 4222 ὓμνεϊν
3633 4168 3691 4202 σε
3721 4147 3814 4202 τὸν

413 4235 564 4310 Quia
596 4242 656 4294 tu
683 4251 747 4294 es
773 4231 931 4294 Deus
957 4242 1182 4314 noster,
1213 4244 1267 4295 et
1313 4235 1416 4296 tibi
1453 4235 1700 4315 gloriam
1733 4235 2072 4311 referimus,

2168 4244 2331 4318 μόνον
2393 4243 2589 4319 ἀγαθὸν
2640 4242 2724 4296 καὶ
2786 4239 3159 4321 φιλάνθρωπον
3204 4243 3333 4297 Θεὸν
3377 4243 3551 4315 ἡμῶν.
3593 4236 3725 4295 ’Ὅτι
3756 4237 3818 4292 σὺ

413 4323 597 4402 Patri,
622 4327 682 4383 et
704 4321 877 4402 Filio,
905 4332 960 4384 et
986 4331 1188 4386 sancto
1218 4325 1492 4405 Spiritui,
1527 4344 1709 4402 nunc,
1735 4333 1791 4388 et
1813 4344 2073 4408 semper,

2168 4337 2213 4389 εἰ
2265 4334 2291 4388 6
2325 4333 2452 4393 Θεὸς
2488 4333 2668 4406 ἡμῶν,
2719 4333 2805 4387 ναὶ
2836 4333 2915 4386 ooi
2961 4333 3060 4398 τὴν
3107 4329 3256 4396 δόξαν
3301 4327 3712 4404 ἀναπέμπομεν,
3745 4329 3823 4399 τῷ

418 4423 476 4475 et
507 4412 565 4473 in
598 4411 811 4473 secula
841 4412 1224 4476 seculorum.
1259 4415 1475 4478 Amen.

2168 4423 2345 4502 Πατρὶ,
2383 4423 2465 4478 καὶ
2510 4427 2586 4494 τῷ
2624 4423 2748 4495 Υίῴ,
2803 4423 2890 4478 καὶ
2941 4429 3017 4494 τῲ
3067 4423 3200 4499 ἁγίῳ
3250 4421 3538 4496 Πνεύματι,
3585 4424 3669 4474 νῦν
3732 4414 3826 4473 καὶ

2159 4514 2261 4587 ἀεὶ,
2297 4515 2384 4568 καὶ
2415 4514 2486 4575 εἷς
2509 4514 2627 4574 τοὺς
2662 4513 2854 4574 αἰῶνας
2888 4517 2993 4567 τῶν
3025 4511 3252 4572 αἷιίγρων.
3291 4509 3496 4585 Ἀμήν,

2837 4607 3015 4657 EI‘XH
3066 4601 3140 4655 Z'.

2249 4693 2308 4751 Ὀ
2355 4693 2484 4755 Θεὸς
2529 4690 2696 4767 μέγας
2729 4692 2812 4746 xxi
2846 4689 3090 4764 ῧψιστος,
3141 4693 3166 4744 ὁ
3210 4689 3370 4763 μόνος
3415 4687 3560 4766 ἔχων
3617 4686 3820 4743 ἀθανα-

1012 4592 1292 4661 ORATIO
1337 4594 1470 4660 VII.

505 4690 608 4764 83,
648 4688 749 4753 84.
784 4688 941 4753 Deus
961 4709 1174 4770 magne
1205 4700 1265 4752 et
1296 4691 1552 4770 excelse,
1580 4689 1680 4772 qui
1705 4690 1866 4752 salus
1897 4692 2080 4755 habes

435 4780 949 4844 immortalitatem
980 4804 994 4858 -,
1028 4780 1129 4862 qui
1158 4779 1351 4842 lucem
1396 4781 1622 4843 habitas
1670 4781 2034 4845 inaccessam
2065 4807 2080 4855 ;

426 4871 529 4954 qui
559 4879 891 4934 creaturam
918 4888 1158 4932 omnem
1193 4871 1252 4930 in
1291 4869 1583 4950 sapientia
1607 4870 1919 4934 condidisti
1946 4893 1960 4940 ;
1985 4876 2085 4954 qui

430 4960 686 5023 divisisti
721 4961 911 5022 lucem
937 4981 970 5020 ιι
997 4958 1282 5035 tenebris;
1304 4958 1402 5040 qui
1426 4959 1782 5022 constituisti
1803 4960 1990 5023 solem
2025 4969 2086 5022 ut

438 5059 722 5128 preesset
750 5050 893 5130 diei,
930 5049 1128 5110 lunam
1164 5065 1302 5109 vero
1333 5065 1401 5110 ac
1432 5047 1633 5110 stellas
1667 5057 1729 5110 ut
1761 5063 2086 5130 preessent

435 5138 598 5199 nocti
623 5157 639 5210 ;
672 5141 769 5218 qui
792 5158 898 5199 nos
921 5145 1267 5218 peccatores
1289 5147 1347 5200 et
1368 5136 1477 5198 hac
1501 5137 1645 5199 hora
1665 5157 2084 5224 preoccupare

439 5226 655 5288 faciem
683 5236 845 5288 tuam
903 5226 961 5287 in
1022 5227 1426 5305 confessione,
1462 5234 1519 5288 et
1563 5229 1931 5308 vespertinas
1979 5230 2083 5294 tibi

425 5316 644 5378 laudes
674 5317 892 5378 offerre
925 5317 1159 5380 voluisti
1192 5337 1207 5392 ;
1234 5318 1358 5396 ipse
1384 5316 1642 5394 benigne
1663 5317 1849 5398 dirige
1873 5326 2087 5383 oratio-

429 5423 568 5468 nem
597 5417 888 5481 nostram,
916 5406 1070 5468 sicut
1092 5408 1404 5468 incensum
1436 5405 1496 5466 in
1521 5418 1842 5487 conspectu
1865 5421 1985 5484 tuo,
2023 5417 2084 5474 et

434 5514 565 5558 eam
601 5496 658 5556 in
693 5494 936 5556 odorem
973 5495 1281 5557 suavitatis
1313 5495 1581 5557 admitte.
1608 5495 1726 5558 Sed
1750 5506 1808 5560 et
1827 5518 2078 5580 presen-

435 5595 553 5648 tem
583 5600 898 5665 vesperam
933 5594 1362 5666 etsequentem
1398 5589 1634 5650 noctem
1668 5586 1840 5650 nobis
1892 5590 2084 5654 tribue

434 5675 767 5758 paciﬁcam.
800 5673 969 5736 Lucis
993 5673 1176 5737 armis
1207 5672 1389 5736 indue
1418 5693 1547 5741 nos.
1579 5675 1794 5741 Libera
1824 5697 1933 5743 nos
1961 5700 1994 5742 a
2019 5681 2086 5743 ti-

2171 4784 2307 4856 σίαν,
2369 4788 2481 4856 φῶς
2517 4782 2675 4837 uix-6v
2721 4780 3030 4858 ἀπρόσιτον,
3081 4781 3106 4836 6
3165 4785 3339 4835 πᾶσαν
3396 4778 3495 4845 τὴν
3555 4777 3724 4832 κτίσιν
3770 4773 3826 4828 ἐν

2170 4873 2323 4953 σοφίᾳ
2366 4869 2792 4948 δημιουργήσας,
2842 4871 2869 4924 6
2923 4866 3245 4949 διαχωρίσας
3277 4868 3540 4938 ἆναςλέσον
3569 4872 3660 4923 τοῦ
3705 4888 3824 4922 νοω-

2168 4965 2256 5028 τὸς
2296 4964 2382 5019 καὶ
2415 4961 2680 5035 ἆναμέσον
2709 4967 2804 5017 τοῦ
2849 4960 3095 5033 σκότους,
3147 4960 3234 5014 καὶ
3284 4961 3374 5014 τὸν
3413 4956 3569 5024 ἥλιον
3598 4955 3822 5028 θέμενος

2169 5055 2240 5116 si;
2272 5052 2502 5118 ἐξουσίαν
2550 5055 2649 5117 τῆς
2682 5049 2906 5129 ἡμέρας,
2957 5048 3189 5120 σελήνην
3235 5046 3288 5104 δὲ
3343 5049 3430 5103 xxi
3491 5044 3714 5123 ἀστέρας
3747 5045 3824 5106 εἷς

2169 5143 2399 5210 ἐξουσίαν
2442 5143 2542 5206 τῆς
2586 5143 2796 5212 νυκτὸς,
2844 5143 2870 5197 6
2921 5139 3253 5206 καταξιώσας
3299 5140 3441 5212 ἡμᾶς
3471 5137 3592 5198 τοὺς
3639 5136 3820 5209 ἁμαρ-

2167 5234 2366 5294 τωλοὺς
2440 5233 2526 5286 xxi
2577 5231 2660 5286 επὶ
2718 5229 2813 5297 τῆς
2879 5231 3146 5308 παρούσης
3211 5228 3350 5306 ὥρας
3416 5224 3714 5305 προφθάσαι
3762 5223 3826 5278 τὸ

2169 5323 2450 5398 πρόσωπόν
2517 5343 2607 5377 σου
2679 5319 2729 5375 ἐν
2792 5317 3206 5397 ἐξομολογήσει,
3260 5319 3349 5373 xxi
3399 5317 3498 5383 τὴν
3543 5312 3826 5390 ἑσπερινήν

2169 5436 2248 5469 σοι
2303 5411 2609 5489 δοξολογίαν
2643 5423 3030 5488 προσαγαγεῖν·
3065 5410 3242 5483 stt-516:,
3277 5406 3638 5486 φιλάνθρωπε,
3691 5423 3831 5457 κατ-

2168 5505 2374 5560 εύθυνον
2429 5502 2524 5569 τὴν
2583 5501 2894 5578 προσευχὴν
2951 5503 3105 5575 ἡμῶν
3177 5501 3250 5561 ὡς
3299 5499 3540 5572 Θυμίαμα
3604 5492 3834 5548 ἐνώπιόν

2168 5616 2286 5663 σου,
2347 5595 2432 5648 καὶ
2488 5588 2768 5663 πρόσδεξαι
2818 5590 2985 5656 αὐτὴν
3034 5592 3106 5654 εἰς
3169 5588 3343 5662 ὀσμὴν
3382 5583 3620 5648 εὒωδίας·
3660 5581 3838 5660 παρά-υ

2190 5641 2258 5649 ⁷*-
2349 5641 2432 5648 ""‘
2496 5641 2767 5663 ’τη-*ντ-
2819 5641 2978 5656 ""‘I’
3035 5641 3104 5654 υτ
3176 5641 3311 5662 ’νινε
3389 5641 3458 5643 ην
3584 5641 3596 5648 τ
3741 5641 3751 5660 ι

2190 5641 2332 5765 exitu
2371 5679 2422 5739 δὲ
2454 5683 2591 5757 ἡμῖν
2622 5682 2718 5746 τὴν
2749 5685 3020 5757 παροῦσαν
3051 5680 3274 5757 ἑσπέραν
3305 5677 3392 5732 xxi
3441 5675 3535 5742 τὴν
3582 5675 3838 5728 ἐπιοῦσαν
