4140 6412
1358 339 1797 405 ACOLUTHIA
1841 337 2228 403 TRIPLICIS
2270 340 2515 405 FESTI.

3370 359 3675 407 CCCXXXIX

280 484 372 540 καὶ
434 483 809 562 ἀναμάρτητον
858 482 997 561 παρᾶ
1060 487 1150 537 τοῦ
1199 483 1387 561 Κυρίου
1437 481 1800 556 αἰτησώμεθα,
1866 482 1931 538 Χ.

2062 491 2151 534 am
2184 483 2242 536 et
2274 474 2507 553 peccati
2556 483 2865 556 expertem
2921 494 2952 537 a
3005 474 3259 538 Domino
3310 478 3673 557 ﬂagitamus.

285 572 605 653 Παράσχου,
644 574 817 650 Κύριε.

372 660 648 739 ’Ἄγγελον
674 663 913 740 εἰρήνης,
939 663 1128 717 πιστὸν
1159 658 1587 742 ὁδηγὸν,ῴλακα
1616 661 1719 715 τῶν
1750 655 1941 735 ψυχῶν

286 753 376 809 καὶ
409 754 513 809 τῶν
547 752 813 827 σωμάτων
846 754 1026 827 ἡμῶν,
1060 752 1203 831 παρὰ
1236 758 1326 807 τοῦ
1360 750 1545 828 Κυρίου
1574 749 1938 822 αἰτησώμεθα.

291 850 358 901 Χ.
399 841 713 922 Παράσχου,
755 842 932 919 Κύριε.

375 934 707 1009 Συγγνώμην
756 932 842 986 καὶ
896 929 1081 1008 ξίφεσιν
1142 930 1245 985 τῶν
1298 930 1569 1008 ἁμαρτιῶν
1620 929 1705 984 καί
1748 926 1939 1001 πλημ-

291 1019 622 1096 μελημάτων
677 1019 833 1095 mith
877 1022 1018 1100 παρὰ
1070 1022 1158 1075 τοζ
1214 1020 1399 1098 Κυρίου
1453 1017 1818 1092 αἰτησώμεθα,
1873 1023 1938 1075 Χ.

292 1111 610 1189 Παράσχου,
644 1111 821 1189 Κύριε.

377 1201 452 1258 Τὰ
522 1198 661 1255 καλὰ
710 1200 797 1255 καὶ
841 1200 1173 1278 συμφέροντα
1226 1212 1348 1263 ταῖς
1385 1202 1590 1278 ψυχαῖς
1622 1197 1802 1271 ὴμῶν,
1861 1199 1949 1254 καὶ

299 1290 514 1369 εἰρήνην
544 1292 623 1363 τῷ
665 1292 877 1365 κόσμῳ,
912 1290 1052 1367 παρὰ
1096 1294 1188 1344 τοῦ
1228 1289 1420 1366 Κύριου
1480 1287 1846 1362 αἰτησώμεθα.
1880 1291 1945 1343 Χ.

302 1379 613 1458 Παράσχου,
653 1378 828 1456 Κύριε.

380 1470 482 1528 Τὸν
524 1467 819 1525 ὑπόλοιπον
869 1465 1066 1546 χρόνον
1119 1471 1215 1535 τῆς
1260 1470 1402 1537 ζωῆς
1436 1468 1594 1542 ἡμῶν
1652 1465 1705 1521 ἐν
1765 1465 1949 1544 εἰρήνῃ

290 1558 392 1615 καί
426 1558 677 1634 μετανοίᾳ
707 1556 979 1612 ἓκτελέσαι
1010 1557 1153 1624 παρὰ
1204 1562 1297 1612 τοῦ
1344 1557 1531 1635 Κυρίου
1584 1554 1946 1631 αὶτησώμεθα.

286 1648 361 1705 Ὀ
388 1670 513 1726 χορ,
548 1648 863 1725 Παρὰσχου,
898 1647 1074 1725 Κύριε,

2027 561 2133 625 Ch.
2169 563 2413 645 Tribue,
2448 564 2724 629 Domine.

2106 654 2407 734 Angelum
2441 656 2626 735 pacis.
2656 656 2892 718 ﬁdelem
2927 656 3165 727 ducem,
3202 657 3510 719 custodem
3541 658 3677 719 aui-

2028 761 2255 805 marum
2292 752 2351 807 et
2381 763 2696 825 corporum
2746 754 3085 808 nostrorum
3109 763 3144 806 a
3172 744 3422 808 Domino
3443 746 3678 826 ﬂagite-

2027 851 2182 895 mus.
2218 834 2324 897 Cb.
2359 833 2603 909 Tribue,
2638 833 2913 898 Domine.

2107 924 2353 985 Veniam
2392 933 2457 985 et
2484 924 2900 987 remissionem
2939 934 3316 1003 peccatorum
3349 933 3407 988 et
3436 926 3679 989 delicto-

2027 1030 2159 1074 rum
2195 1021 2534 1077 nostrorum
2568 1033 2601 1076 a
2634 1016 2883 1078 Domino
2916 1016 3274 1096 ﬂagitemus.
3300 1014 3407 1080 Ch.
3432 1015 3676 1093 Tribue,

2029 1101 2306 1166 Domine.

2113 1190 2278 1255 Bona
2304 1200 2362 1254 et
2381 1190 2609 1254 'animis
2654 1193 2871 1256 nostris
2902 1194 3321 1277 conducentia,
3354 1213 3423 1259 ac
3456 1194 3681 1257 mundo

2034 1298 2239 1361 pacem
2287 1301 2323 1344 a
2368 1280 2621 1345 Domino
2682 1283 3039 1364 ﬂagitamus.
3096 1286 3204 1349 Cb.
3256 1284 3501 1367 Tribne,
3556 1288 3681 1349 Do-

2037 1389 2223 1434 mine.

2115 1460 2433 1543 Reliquum
2474 1466 2604 1525 vitm
2657 1473 2871 1527 nostrae
2903 1473 3137 1547 tempus
3165 1466 3412 1546 transigi
3442 1465 3504 1527 in
3538 1482 3686 1546 pace

2034 1558 2115 1653 et.
2171 1552 2540 1635 paenitentia,
2616 1554 2972 1634 ﬂagitamus.
3055 1554 3163 1619 Ch.
3256 1555 3501 1637 Tribue,
3559 1558 3683 1620 Do-

2037 1659 2227 1703 mine.

383 1738 671 1814 Χριστιανὰ
720 1738 785 1791 τὰ
843 1734 973 1802 τ’έλη
1046 1735 1141 1802 τῆς
1214 1741 1355 1807 ζωῆς
1441 1738 1618 1812 ἡμῶν,
1681 1731 1937 1791 ἀνώδυνα.

2107 1731 2475 1795 Christianos
2506 1733 2636 1796 vitae
2684 1744 2900 1797 nostra;
2931 1737 3240 1810 terminos,
3281 1739 3410 1799 sine
3442 1736 3677 1817 dolore,

296 1824 721 1904 ἆνεπαίσχυντα,
754 1826 1014 1901 εἰρηνικὰ,
1064 1826 1151 1879 καὶ
1195 1825 1369 1893 καλήν
1416 1824 1706 1901 ἀπολογίαν
1737 1824 1836 1891 τὴν
1864 1822 1950 1879 ἐπὶ

297 1922 392 1971 τοῦ
421 1913 643 1993 φοϐερού
664 1916 932 1989 βήματος,
967 1916 1109 1992 παρὰ
1138 1921 1229 1970 τοῦ
1262 1916 1448 1993 Κυρίου
1480 1915 1842 1988 αἰτησώμεθα,
1880 1920 1946 1973 X.

297 2004 611 2080 Παρᾶσχου,
642 2003 815 2079 Κύριε.

384 2090 490 2157 Τῆς
547 2092 833 2170 παναγίας,
910 2091 1203 2171 ἄχραντου,
1277 2093 1801 2171 ὑπερευλογημένης,
1858 2094 1951 2147 ἓν·

298 2178 449 2244 δόΞου
485 2182 778 2247 Δεσποίνης
830 2182 987 2256 ἡμῶν
1020 2183 1303 2257 Θεοτόκου,
1336 2185 1424 2239 καὶ
1463 2184 1805 2260 ἀειπαρθένου
1836 2189 1958 2237 Μα-

299 2273 438 2350 ρίας,
473 2273 609 2347 μετὰ
663 2272 874 2328 πάντων
934 2280 1039 2328 τῶν
1071 2276 1235 2352 ἁγίων
1281 2280 1767 2349 μνημονεύσαντες,
1826 2274 1954 2329 ἐαυ-

300 2362 421 2426 τοὺς
453 2363 541 2417 καὶ
572 2360 863 2436 ἀλλήλους,
899 2364 985 2418 καὶ
1018 2370 1192 2420 πᾶσαν
1237 2366 1331 2433 τὴν
1362 2366 1504 2436 ζωὴν
1537 2367 1714 2441 ἡμῶν,
1750 2371 1958 2443 Χριστῷ

300 2456 379 2524 τῷ
413 2452 528 2527 Θεῷ
552 2453 932 2528 παραθώμεθα.
971 2460 1037 2515 Χ,
1074 2456 1188 2527 Σοὶ,
1229 2456 1407 2533 Κύριε.

391 2632 489 2689 Καὶ
535 2633 561 2687 ὁ
619 2632 784 2707 ἱερεὺς
846 2631 1096 2712 ἐκφώνως
1124 2652 1141 2668 ·
1204 2632 1337 2690 ’Ὅτι
1389 2633 1581 2710 ἀγαθὸς
1625 2634 1713 2688 καὶ
1762 2630 1955 2711 φιλάν-

303 2725 514 2799 θρωπος
546 2723 677 2785 Θεὸς
706 2724 991 2802 ὑπάρχεις,
1028 2724 1115 2778 καὶ
1168 2746 1250 2779 σοι
1309 2723 1409 2790 τὴν
1452 2721 1603 2789 δόξαν
1634 2721 1955 2795 ἀναπέμπο-

302 2832 432 2886 μεν,
491 2818 568 2885 τῷ
606 2814 790 2889 Πατρὶ,
827 2816 912 2868 καὶ
958 2813 1033 2885 τῷ
1091 2816 1216 2886 Γὶᾦ,
1271 2816 1357 2869 καὶ
1392 2820 1468 2887 τῷ
1509 2813 1640 2890 ἁγίῳ
1668 2814 1955 2885 Πνεύματι,

301 2903 391 2956 νῦν
454 2902 545 2956 καὶ
613 2901 718 2977 ἀεὶ,
807 2905 895 2957 καὶ
972 2904 1045 2967 είς
1103 2902 1221 2964 τους
1300 2905 1495 2966 αἰῶνας
1547 2906 1654 2958 τῶν
1730 2903 1958 2961 αἰώνων.

304 2998 373 3053 Χ.
466 2989 664 3065 Ἀμήν.
752 2989 810 3049 Ὀ
893 2992 1109 3069 ἱερεύς’
1204 2994 1398 3070 Εἰρήνη
1485 2999 1638 3052 πᾶσι.
1715 2998 1788 3052 Χ.
1868 2998 1964 3054 Καὶ

303 3081 445 3156 μετὰ
528 3086 620 3137 τοῦ
701 3081 1000 3156 πνεύματός
1079 3104 1193 3145 σου.
1271 3082 1330 3141 Ὀ
1402 3081 1543 3146 διάκ,
1615 3084 1721 3148 Τὰς
1791 3104 1964 3162 κεφα-

302 3169 403 3235 λὰς
499 3168 647 3244 υμῶν
724 3175 800 3245 τῷ
897 3172 1066 3249 Κυρίῳ
1151 3170 1388 3235 κλίνατε.
1476 3171 1534 3230 '0
1637 3195 1762 3253 χορ,
1846 3173 2024 3274 Σοί,ο

308 3270 341 3316 Κ
353 3265 468 3321 ύοιε
480 3309 491 3321 ,

422 3281 491 3321 ιε,

385 3281 497 3411 acti
525 3348 671 3427 λέγει
703 3352 730 3405 ὁ
761 3350 922 3429 ἱερεύς
954 3350 1051 3417 τὴν
1093 3352 1264 3431 εὒχήν
1294 3358 1587 3427 μυστικῶς.

2033 1820 2163 1882 sine
2187 1822 3015 1902 confusione,tranquillos,et
3033 1825 3247 1889 bonam
3272 1826 3685 1889 defensionem

2035 1909 2095 1971 in
2121 1912 2433 1973 tremendo
2456 1914 3683 1997 Christitribunali,aDominotlagitemus.

2036 1997 2267 2061 Chorus
2290 2022 2303 2063 :
2339 2001 2586 2077 Tribue,
2626 2005 2901 2067 Domine.

2124 2088 2550 2166 Sanctissimae,
2588 2091 2980 2174 intemeratae,
3017 2112 3198 2175 super
3228 2113 3438 2156 omnes
3497 2094 3691 2157 bene-

2043 2179 2240 2249 dictas,
2271 2180 2546 2259 gloriosa;
2579 2182 2847 2244 Domina;
2878 2192 3096 2245 nostrae
3120 2184 3389 2265 Deiparae
3417 2202 3691 2266 semper-

2042 2288 2159 2346 que
2183 2268 2432 2347 virginis
2464 2272 2663 2333 Μαι-ιω
2692 2290 2761 2333 ac
2792 2272 3056 2334 omnium
3091 2283 3432 2335 sanctorum
3466 2292 3696 2336 memo-

2042 2359 2195 2420 rium
2229 2366 2498 2435 agentes,
2532 2377 2641 2420 nos
2673 2361 2855 2441 ipsos,
2892 2370 2948 2423 et
2978 2362 3257 2437 invicem,
3295 2371 3354 2425 et
3389 2361 3559 2426 vitam
3592 2382 3691 2425 no-

2040 2458 2227 2509 stram
2290 2458 2472 2511 totam
2535 2446 2769 2511 Christo
2820 2450 2943 2515 Deo
3001 2454 3515 2518 commendemus.
3580 2453 3692 2516 Ch.

2041 2536 2199 2618 Tibi,
2233 2537 2508 2601 Domine.

2129 2628 2261 2689 105.
2300 2627 2370 2689 Et
2398 2628 2678 2691 sacerdos
2726 2631 2975 2693 elatiore
3029 2650 3169 2693 voce
3214 2632 3510 2696 succinit:
3546 2633 3697 2707 Quia

2041 2717 2234 2779 bonus
2253 2727 2312 2778 et
2330 2736 2539 2779 amans
2561 2719 2871 2781 hominum
2906 2720 3066 2783 Deus
3108 2722 3431 2797 exsistis,et
3455 2721 3559 2784 tibi
3576 2724 3699 2804 glo-

2042 2807 2191 2869 riam
2224 2806 2633 2888 attribuimus,
2666 2808 2844 2885 Patri,
2879 2818 2938 2873 et
2973 2811 3142 2888 Filio,
3179 2821 3238 2874 et
3270 2811 3521 2893 Spiritui
3554 2829 3697 2874 san-

2047 2905 2161 2969 cto,
2202 2916 2361 2958 nunc
2412 2906 2471 2958 et
2515 2916 2777 2978 semper,
2813 2909 2870 2962 et
2914 2900 2975 2961 in
3035 2902 3255 2963 saecula
3306 2902 3696 2964 saeculorum.

2046 2986 2299 3050 Chorus.
2335 2989 2551 3049 Amen.
2607 2986 2940 3051 Sacerdos:
2978 2993 3095 3053 Pax
3143 2989 3442 3053 omnibus.
3484 2990 3592 3053 Cb.
3627 2987 3699 3051 Et

2049 3094 2183 3140 cum
2204 3077 2421 3157 spiritu
2446 3076 2879 3142 tuo.Diaconus
2907 3096 2920 3142 :
2942 3078 3267 3142 Humiliate
3292 3080 3487 3162 capita
3506 3086 3703 3143 vestra

2053 3170 2195 3229 Deo.
2235 3167 2509 3230 Chorus:
2543 3166 2699 3243 Tibi,
2733 3167 3006 3231 Domine.

2129 3350 2198 3413 Et
2227 3351 2508 3414 sacerdos
2540 3359 2772 3416 secreto
2803 3354 2950 3416 dicit
2981 3353 3312 3417 orationem

393 3438 585 3501 COIM.
622 3436 756 3500 Haec
783 3438 1011 3513 Oratio,
1048 3440 1493 3519 Κεφαλοκλισίας,
1527 3441 1651 3502 sive
1686 3464 1715 3496 α
1747 3439 1956 3521 capitis

2062 3440 2395 3503 clinationis
2432 3464 2455 3498 ιι
2496 3451 2897 3523 nuncupatur,
2924 3452 2981 3505 et
3012 3442 3093 3505 ita
3117 3451 3290 3505 sonat
3318 3463 3331 3503 :

394 3530 552 3608 Κύριε
611 3531 638 3586 ὁ
699 3530 827 3591 Θεὸς
864 3531 1044 3604 ἡμῶν,
1081 3532 1108 3585 ὁ
1143 3529 1324 3594 κλίνας
1368 3531 1614 3609 οὖρανοὺς
1670 3532 1757 3586 καὶ
1808 3552 1972 3589 κατα-

308 3619 407 3685 ϐὰς
479 3619 565 3675 ἐπὶ
614 3619 850 3697 σωτηρίᾳ
899 3626 994 3676 τοῦ
1046 3619 1226 3696 γένους
1288 3626 1395 3675 τῶν
1452 3620 1770 3699 ἀνθρώπων.
1828 3620 1971 3678 ἔπιδε

308 3711 394 3768 ἐπὶ
429 3710 552 3772 τοὺς
595 3707 810 3773 δούλους
860 3731 979 3789 σου,
1039 3713 1131 3767 καὶ
1186 3710 1271 3767 ἐπὶ
1299 3712 1396 3779 τὴν
1426 3710 1786 3789 κληρονομίαν
1830 3734 1921 3768 σου
1953 3728 1965 3742 ·

310 3803 393 3858 σοὶ
428 3801 531 3879 γὰρ
560 3806 637 3871 τῷ
685 3797 893 3879 φοϐερῷ
950 3802 1037 3857 καὶ
1087 3799 1443 3881 φιλανθρώπῳ
1473 3803 1627 3881 κριτῇ
1658 3803 1704 3858 οἱ
1734 3805 1815 3858 σοὶ
1847 3800 1970 3859 δούο

310 3889 394 3947 λοι
428 3888 716 3946 ὑπέκλιναν
773 3891 869 3955 τὰς
926 3890 1185 3969 κεφαλὰς,
1224 3893 1343 3954 τοὺς
1402 3889 1455 3947 δὲ
1506 3892 1678 3948 αὐτῶν
1712 3890 1972 3957 ὑπέταξαν

313 3979 577 4061 αὖιένας,
630 3984 689 4039 οὐ
719 3980 819 4047 τὴν
876 3978 929 4045 ἐξ
979 3980 1266 4059 ἀνθρώπων
1316 3980 1664 4057 ἀναμένοντες
1697 3982 1969 4059 βοήθειαν,

312 4070 459 4128 ἀλλὰ
489 4072 549 4126 τὸ
577 4072 669 4127 σὸν
704 4068 1073 4150 περιμένοντες
1123 4070 1292 4146 ἕλεος,
1355 4073 1442 4128 καὶ
1485 4072 1584 4139 τὴν
1622 4072 1721 4139 σὴν
1780 4069 1974 4128 ὑποδε-

315 4163 550 4242 χόμενοι
584 4168 870 4239 σωτηρίαν·
910 4162 998 4225 οὖς
1022 4158 1335 4241 διαφύλαξον
1367 4161 1422 4217 ἐν
1448 4163 1605 4219 παντὶ
1639 4168 1833 4241 καιρῷ,
1885 4163 1975 4219 καὶ

2138 3528 2386 3595 Domine
2417 3528 2576 3591 Deus
2607 3538 2834 3608 noster,
2869 3533 2969 3614 qui
3022 3531 3326 3593 inclinatis
3361 3532 3527 3594 caelis
3562 3549 3704 3613 pro-

2056 3628 2188 3701 pter
2216 3619 2465 3680 salutem
2502 3619 2746 3681 bumani
2776 3621 3016 3700 generis
3045 3619 3437 3696 descendisti,
3472 3621 3707 3701 respice

2057 3708 2309 3772 famulos
2333 3721 2463 3770 tuos
2487 3718 2544 3769 et
2573 3709 2977 3772 hmreditatem
3010 3719 3169 3771 tuam
3200 3732 3214 3773 :
3250 3709 3357 3772 tibi
3383 3711 3707 3784 euim,tre-

2058 3798 2276 3861 mendo
2303 3799 2479 3860 simul
2504 3818 2573 3859 ac
2606 3799 2865 3877 benigno
2876 3798 3094 3879 judici,
3122 3799 3207 3860 tui
3237 3798 3442 3861 famuli
3466 3798 3712 3860 inclina-

2054 3896 2194 3951 runt
2225 3886 2441 3967 capita,
2472 3896 2529 3949 et
2561 3906 2698 3949 suas
2730 3890 3139 3951 submiserunt
3159 3888 3427 3951 cervices
3454 3910 3471 3967 ;
3496 3907 3617 3950 non
3638 3886 3711 3950 ab

2057 3976 2401 4041 hominibus
2431 3987 2740 4058 sperantes
2790 3978 3101 4052 auxilium,
3125 3978 3230 4039 sed
3266 3990 3425 4039 tuam
3460 3984 3714 4059 praesto-

2059 4069 2251 4131 lantes
2284 4067 2780 4143 misericordiam,
2810 4078 2867 4131 et
2889 4078 3046 4131 tuam
3080 4067 3338 4131 salutem
3365 4075 3717 4149 exspectan-

2058 4167 2186 4222 tes:
2220 4175 2373 4236 quos
2406 4158 2636 4221 custodi
2670 4160 2834 4221 omni
2882 4167 3153 4240 tempore
3186 4166 3244 4220 et
3286 4158 3400 4220 hoc
3435 4161 3716 4239 praesenti

314 4252 459 4309 κατὰ
515 4252 616 4319 τὴν
670 4257 939 4329 παροῦσαν
1016 4250 1266 4329 ἑσπέραν²
1346 4254 1434 4309 καὶ
1494 4253 1591 4320 τὴν
1655 4263 1956 4332 προσιοῦσα·

2062 4265 2335 4330 vespere,
2372 4255 2431 4308 et
2460 4248 2570 4309 bac
2596 4258 2881 4312 secutura
2930 4257 3106 4312 nocte
3135 4250 3210 4312 ab
3241 4248 3405 4311 omni
3441 4249 3712 4324 inimico,

318 4341 506 4421 νύκτα,
562 4340 669 4397 ἀπὸ
728 4341 929 4402 παντὸς
985 4338 1202 4419 ἐχθροῦ,
1238 4340 1345 4397 ἀπὸ
1393 4342 1572 4409 πάσης
1602 4342 1950 4417 ἀντικειμένη

2069 4340 2143 4402 ab
2177 4338 2339 4401 omni
2365 4336 2661 4401 diabolica
2703 4340 3162 4415 machinatione,
3195 4358 3229 4401 a
3258 4336 3720 4419 cogitationibus

323 4429 625 4510 ἐνεργείας,
714 4428 1073 4508 διαλογισμῶν
1151 4431 1413 4505 ματαίων,
1475 4432 1562 4489 καὶ
1620 4431 1956 4508 ἐνθυμήσεων

2076 4430 2264 4503 vanis,
2296 4435 2355 4488 et
2411 4427 2605 4507 pravis
2661 4430 2994 4494 affectibus.
3057 4429 3288 4491 Deinde
3338 4428 3531 4491 altiori
3581 4435 3721 4489 tono

320 4524 464 4581 Εἶτα
485 4520 715 4601 ἐκφωνεϊ
746 4541 759 4583 ;
798 4519 904 4586 Εῗη
953 4521 1014 4575 τὸ
1062 4520 1256 4600 κράτος
1287 4526 1385 4587 τῆς
1417 4520 1689 4598 βασιλείας
1721 4545 1815 4580 σου
1873 4524 1956 4578 εὖ·

2076 4518 2261 4589 dicit:
2295 4515 2383 4578 Sit
2412 4518 2581 4597 regni
2612 4520 2695 4581 tui
2729 4522 2990 4601 potentia
3039 4519 3354 4582 benedicta
3401 4526 3458 4580 et
3488 4516 3722 4599 gloriﬁ-

317 4610 621 4691 λογημένον
682 4611 769 4666 καὶ
827 4606 1228 4687 δεδοξασμένον,
1309 4620 1403 4670 τοῦ
1458 4610 1683 4691 Πατρδς,
1736 4613 1825 4668 καὶ
1882 4618 1956 4667 τοί

2062 4618 2212 4681 cata,
2248 4605 2461 4687 Patris,
2494 4614 2551 4669 et
2575 4606 2737 4686 Filii,
2772 4619 2830 4672 et
2882 4609 3143 4691 Spiritus
3198 4607 3410 4682 sancti,
3445 4624 3605 4669 nunc
3661 4612 3723 4669 et

323 4704 469 4778 Υἱοῦ,
503 4703 592 4758 καὶ
647 4708 739 4757 τοῦ
791 4700 942 4777 ἁγίου
988 4701 1316 4777 Πνεύματος,
1365 4708 1453 4758 νῦν
1505 4703 1590 4762 καὶ
1623 4702 1729 4782 ἀεὶ,
1768 4702 1854 4758 καὶ
1899 4703 1956 4758 εἰς

2062 4714 2320 4785 semper,
2353 4703 2412 4759 et
2438 4696 2500 4759 in
2532 4702 2750 4764 saecula
2780 4701 3160 4763 saeculorum.
3209 4700 3399 4761 Amen
3420 4706 3436 4722 °

324 4794 440 4859 τοὺς
486 4793 677 4856 αἰῶνας
707 4792 815 4849 τῶν
845 4791 1073 4854 αἰώνων,
1112 4789 1310 4868 Ἀμήν,

1640 4897 2030 4982 Prosequitur
2064 4899 2357 4983 Typicum
2372 4952 2386 4966 .

410 5008 528 5070 Εἴθ’
590 5008 730 5066 οὕτω
787 5005 1065 5084 ψάλλομεν
1135 5007 1201 5062 τὰ
1259 5004 1501 5083 ἰδιόμελα
1559 5014 1654 5063 τοῦ
1709 5008 1848 5067 κατὰ
1874 5008 1956 5075 τὴ·

2149 5007 2288 5073 106.
2319 5009 2469 5072 Tum
2504 5005 2816 5089 psallimus
2870 5002 3157 5066 idiomela
3206 5002 3368 5064 illius
3398 4999 3587 5064 sancti
3619 5003 3724 5081 qui

332 5100 532 5178 ἡμέραν
561 5097 737 5177 ἆγίου,
770 5094 1129 5160 λιτανεύοντες
1163 5094 1217 5151 ἐν
1248 5117 1325 5170 τῳ
1354 5098 1597 5172 νάρθηκι,
1661 5106 1754 5156 τοῦ
1797 5097 1951 5177 ἱερέω

2065 5117 2136 5160 eo
2159 5098 2260 5161 die
2277 5099 2517 5179 colitur,
2545 5096 2832 5159 facientes
2858 5095 3303 5175 processionem
3331 5093 3391 5155 in
3417 5089 3724 5167 narthece,

331 5192 414 5246 καὶ
440 5197 529 5247 τοῦ
577 5185 823 5244 διακόνου
872 5185 1348 5268 προπορευομένων
1405 5188 1541 5263 μετὰ
1595 5191 1854 5264 θυμιατοῦ
1899 5211 1956 5244 κα

2069 5188 2481 5271 ρι’ωειωιίδιιε
2512 5185 2821 5250 sacerdote
2854 5194 2915 5247 et
2961 5182 3216 5248 diacono
3249 5202 3385 5246 cum
3423 5184 3731 5248 thuribulo

337 5273 652 5353 λαμπάδων.

2076 5295 2147 5340 ac
2168 5276 2568 5360 lampadibus.

415 5384 607 5447 Coum.
639 5383 792 5464 Hinc
815 5382 1082 5463 adverte,
1107 5383 1340 5447 erudite
1373 5383 1583 5459 lector,
1613 5383 1720 5445 has
1748 5401 1926 5446 voces
1952 5432 1956 5440 λ

2062 5386 2115 5460 ὴ,
2148 5386 2393 5443 Λιτανεία
2417 5392 2477 5447 et
2505 5381 2997 5464 Λιτανεύεινβριιᾲ
3021 5382 3734 5464 Graecosecclesiasticos

341 5479 458 5526 non
495 5463 770 5545 usurpari
796 5466 855 5524 in
887 5461 1169 5545 primaeva
1188 5483 1297 5527 sua
1325 5464 1921 5545 signiﬁcatione,quae
1940 5474 2032 5545 est
2060 5489 2084 5520 ο
2111 5483 2321 5545 preces
2347 5490 2373 5521 ι
2403 5473 2463 5529 et
2489 5489 2512 5517 α
2546 5461 2991 5545 ρι’θοειιῆίιεεά
3022 5463 3082 5545 in
3106 5462 3438 5545 alia.Sonat
3457 5463 3619 5526 enim
3644 5461 3737 5523 ci-

342 5545 579 5627 cuitum
599 5543 792 5621 illum,
825 5543 1002 5627 quem
1033 5544 1228 5627 Latini
1260 5543 1653 5627 ecclesiastici
1686 5566 1718 5605 σ
1743 5543 2192 5625 processionem
2221 5571 2244 5605 ι
2272 5543 2639 5627 nuncupant.
2671 5544 2850 5627 Quid,
2880 5543 3040 5621 quod
3074 5544 3249 5627 etiam
3274 5544 3334 5604 hi
3377 5544 3491 5605 hoc
3518 5559 3739 5605 nomen

350 5646 375 5676 α
400 5625 625 5709 Litania
649 5651 676 5683 ι
703 5643 822 5687 non
845 5623 1089 5709 raroAsic
1120 5637 1408 5709 usurpant
1436 5648 1448 5709 ξ
1477 5626 1701 5709 quippe
1732 5623 1823 5704 (ut
1853 5627 2267 5709 Anastasium,
2292 5623 2665 5701 Aimoinum,
2700 5623 2971 5709 aliosque
3002 5624 3219 5709 multos
3249 5630 3462 5685 tacitus
3488 5631 3737 5709 praeter-

347 5706 653 5789 e_amlaudt
679 5709 949 5789 Magnum
975 5703 1326 5786 Gregorium
1350 5703 1526 5789 epist.
1561 5703 1829 5789 2,lib._n,
1853 5706 2173 5789 jubentem
2209 5703 2479 5789 tempore
2514 5703 3036 5789 mortalitatisfieri
3057 5712 3291 5789 septem
3318 5703 3738 5789 processiones

350 5780 575 5848 divisim
628 5780 959 5850 secundum
979 5780 1188 5869 status,
1214 5806 1332 5850 uno
1356 5780 1487 5851 die:
1516 5810 1539 5844 ι
1569 5780 1798 5849 Litania
1813 5780 2200 5850 clericorum
2225 5780 2464 5870 (inquit)
2496 5795 2670 5850 exeat
2687 5784 2763 5848 ab
2782 5784 3034 5853 ecclesia
3056 5785 3103 5847 B
3118 5780 3399 5847 {Joannis
3420 5782 3738 5863 Baptistae;
