4140 6392
455 316 701 369 occxm

1874 291 2463 356 PROLEGOMENA.

459 452 519 500 ut
537 438 823 501 Dominus
844 433 1001 494 Deus
1026 438 1231 493 noster
1259 432 1423 511 ipsos
1458 431 1641 506 magis
1672 429 1932 507 adjuvet,
1963 446 2106 508 pro-

2222 428 2279 482 ὸν
2315 426 2445 482 Θεὸν
2492 427 2648 501 ἡμῶν
2678 426 2764 481 ἐπὶ
2826 426 3018 505 πγεῖον
3079 422 3420 502 συνεργῆσαι,
3484 420 3845 484 κατευοδῶσαι

461 534 664 607 speret
694 525 753 584 in
787 521 1089 594 omnibus,
1124 522 1508 601 ipsorumque
1544 520 1797 599 pedibus
1828 517 2109 607 subjiciat

466 605 705 677 omnem
738 612 1048 673 inimicum
1102 619 1162 670 et
1213 613 1468 671 hostem.
1522 609 1819 670 Dicamus.
1872 605 2109 667 Fratres

467 725 604 767 vero
627 701 962 780 dicunt(vel
991 708 1054 761 ut
1075 709 1165 761 est
1207 700 1361 780 apud
1388 704 1449 761 S.
1478 700 1864 771 Germanum,
1892 698 2111 757 chorus

466 794 815 872 secundus),
856 790 1130 866 Domine,
1169 790 1480 862 miserere,
1518 788 1738 849 tricies.

552 886 684 947 116.
720 885 797 945 Et
826 882 1041 944 iterum
1078 880 1371 941 exclanmat
1400 878 1719 940 sacerdos:

546 975 755 1035 Adhuc
789 989 1026 1032 oramus
1061 988 1165 1050 pro
1198 969 1653 1047 archiepiscopo
1687 968 1774 1027 vel
1833 968 2111 1047 episccpo

466 1064 537 1126 N.
576 1070 636 1124 et
667 1060 831 1122 omni
863 1061 923 1119 in
964 1059 1196 1120 Christo
1250 1059 1623 1118 fraternitate
1656 1066 1880 1129 nostra,
1915 1066 1973 1116 et
2008 1076 2110 1135 pro

470 1154 631 1214 omni
652 1149 991 1212 Christiana
1015 1148 1232 1222 anima,
1256 1148 1474 1208 afﬂicta
1501 1156 1559 1207 et
1583 1164 1837 1207 maerore
1870 1164 2105 1226 oppres-

470 1263 559 1323 sa,
586 1242 918 1319 divinaaque
965 1238 1397 1300 misericordiae
1447 1256 1514 1297 ac
1563 1237 1691 1317 opis
1723 1236 1965 1317 indiga;
2005 1255 2109 1317 pro

469 1334 649 1412 hujus
678 1339 895 1391 sanctae
926 1330 1161 1403 domus,
1188 1337 1247 1389 et
1278 1329 1336 1389 in
1370 1347 1439 1390 ea
1466 1328 1853 1388 habitantium
1905 1338 2104 1407 prote-

472 1423 672 1484 ctione
695 1441 709 1501 ;
738 1437 840 1500 pro
866 1424 1043 1481 totius
1062 1418 1223 1479 orbis
1249 1437 1392 1497 pace
1412 1436 1479 1479 ac
1504 1416 1928 1496 tranquillitate
1957 1438 1971 1490 ;
2005 1436 2110 1497 pro

473 1519 629 1573 statu
662 1527 952 1590 prOSpero
984 1516 1321 1569 sanctarum
1373 1508 1480 1568 Dei
1526 1507 1969 1583 Ecclesiarum;
2003 1526 2110 1587 pro

472 1602 660 1662 salute
678 1610 735 1659 et
755 1598 973 1659 auxilio
999 1606 1224 1676 patrum
1246 1607 1305 1657 et
1326 1597 1571 1658 fratrum
1609 1606 2107 1677 nostrorum,cum

471 1691 664 1752 studio
680 1708 747 1749 ac
770 1688 987 1749 timore
1010 1687 1113 1748 Dei
1134 1687 1525 1748 laborantium
1552 1696 1609 1748 et
1625 1687 2108 1766 ministrantium;

472 1800 579 1861 pro
613 1778 920 1840 derelictis
942 1785 998 1837 et
1021 1777 1134 1837 iter
1160 1777 1513 1838 facientibus
1540 1796 1555 1847 ;
1582 1795 1685 1855 pro
1708 1778 2111 1855 aegrotantium
2141 1804 2175 1852 η

477 1870 709 1931 medela
734 1889 747 1942 ;
774 1886 878 1948 pro
902 1866 1706 1946 dormitione,requie,beata
1739 1866 2113 1945 memoria,et

470 1961 638 2021 venia
661 1966 1037 2037 peccatorum
1062 1957 1439 2036 impetranda
1460 1956 1770 2016 animabus
1799 1956 2112 2016 defuncto-

473 2070 605 2111 rum
651 2057 880 2128 patrum
911 2064 979 2105 ac
1014 2046 1262 2105 fratrum
1296 2053 1665 2124 nostrorum,
1691 2044 1783 2106 hic
1816 2058 1873 2105 et
1896 2044 2115 2125 ubique

475 2148 764 2201 terrarum
792 2136 884 2214 pie
903 2134 1271 2213 sepultorum
1297 2133 1587 2215 ﬁdelium;
1618 2155 1723 2214 pro
1748 2138 2111 2214 captivorum

476 2227 773 2299 libertate,
798 2242 904 2303 pro
928 2222 1209 2283 fratribus
1234 2222 1453 2282 nostris
1485 2223 1584 2302 qui
1607 2232 1743 2284 sunt
1764 2230 1819 2283 in
1847 2224 2114 2285 minisle~

484 2317 612 2390 riis,
637 2324 696 2377 et
726 2311 1006 2374 omnibus
1048 2310 1149 2390 qui
1181 2310 1518 2371 ministrant
1548 2321 1605 2372 et
1635 2313 2118 2373 ministraverunt

475 2408 535 2467 in
569 2407 679 2467 hac
700 2402 824 2464 aade
847 2412 1071 2463 sancta.
1098 2400 1395 2464 Dicamus.
1421 2403 1651 2463 Fratres
1681 2411 1877 2464 autem
1914 2404 2117 2464 dicunt

478 2495 895 2579 quinquagies,
932 2490 1201 2567 Domine,
1236 2491 1545 2553 miserere.

565 2769 698 2832 ΗἾ,
732 2764 943 2829 Adhuc
974 2782 1213 2827 oramus
1246 2773 1307 2824 ut
1340 2777 1542 2827 sancta
1570 2766 1694 2827 haec
1726 2764 2110 2840 mdes,omnis

477 2858 620 2921 urbs
654 2865 715 2919 et
743 2856 905 2934 regio
937 2874 970 2915 a
1003 2869 1193 2935 peste,
1226 2854 1407 2934 fame,
1442 2864 1616 2915 terrae
1644 2864 1831 2933 motu,
1867 2855 2125 2915 inunda-

484 2950 669 3028 tione,
698 2945 1088 3026 igne,gladio,
1112 2943 1584 3022 alienigenarnm
1615 2945 2123 3019 incursu,intesti-

2192 517 2375 580 αὐτοὺς
2397 516 2450 571 ἐν
2475 523 2630 596 πᾶσι,
2678 518 2765 572 καὶ
2803 514 3078 581 ὑποτάξαιι
3136 515 3236 571 ὑπὸ
3268 514 3389 578 τοὺς
3448 512 3613 578 πόδας
3669 517 3844 573 αὑτῶν

2191 606 2363 662 πάντα
2396 605 2587 685 ἐχθρὸν
2618 608 2705 663 καὶ
2735 605 3015 678 πολέμιον,
3079 605 3359 679 Εῗπωμεν.
3408 606 3469 661 Οἱ
3542 602 3596 660 δὲ
3682 603 3848 662 ἀδελ-

2194 696 2277 773 φοὶ
2301 698 2387 769 τὸ,
2426 698 2600 774 Κύριε,
2633 695 2876 770 ἐλέησον,
2911 694 2984 755 λ’.

2278 861 2385 925 Καὶ
2415 864 2577 921 πάλιν
2609 868 2636 921 6
2668 867 2829 944 ἱερεὺς
2860 866 3115 944 ἐκφωνεῖ·

2278 954 2411 1011 "Eri
2465 953 2688 1029 δεόμεθα
2745 956 2874 1033 ὑπὲρ
2954 963 3046 1011 τοῦ
3104 955 3528 1035 ἀρχιεπισκόπου
3582 959 3755 1035 ἠμῆν,
3817 957 3855 1026 ἦ

2195 1043 2513 1120 ἐπισκόπου,
2549 1054 2641 1102 τοῦ
2669 1044 2871 1110 δεῖνος·
2914 1048 2998 1101 xui
3029 1046 3208 1113 πάσης
3236 1044 3331 1113 τῆς
3363 1045 3416 1103 ἓν
3449 1055 3657 1127 Χριστῷ
3697 1047 3849 1123 ἣμῶν

2195 1133 2599 1214 ἀδελφότητος,
2651 1137 2738 1192 καὶ
2807 1136 2939 1213 ὑπὲρ
2998 1136 3175 1202 πάσης
3256 1135 3437 1216 ψυχῆς
3518 1144 3847 1217 Χριστιανῶν

2191 1223 2541 1299 θλιϐουμένης
2586 1247 2643 1281 τε
2672 1226 2759 1281 καὶ
2807 1224 3285 1300 καταπονομμένης
3346 1224 3521 1292 ἐλέους
3578 1236 3710 1287 Θεοῦ
3761 1223 3851 1285 καὶ

2194 1317 2445 1391 βοηθείας
2484 1314 2863 1392 ἐπιδεομένης’
2908 1316 3110 1384 σκέπης
3143 1326 3235 1374 τοῦ
3292 1319 3439 1397 ἁγίου
3508 1319 3661 1377 οἴκου
3720 1322 3849 1377 τού-

2193 1429 2286 1463 του
2330 1408 2415 1463 καὶ
2462 1414 2568 1462 τῶν
2594 1408 2981 1464 κατοικούντων
3012 1407 3066 1462 ἐν
3112 1409 3273 1481 αὐτῷ,
3331 1410 3547 1486 εἰρήνης
3608 1410 3697 1467 καὶ
3751 1433 3852 1467 xu-

2194 1498 2502 1558 ταστάσεως
2568 1503 2660 1553 τοῦ
2738 1498 3039 1571 σύμπαντος
3095 1496 3321 1573 κόσμου,
3382 1500 3680 1565 εὐσταθείας
3742 1506 3850 1556 τῶν

2197 1586 2361 1663 ἁγίων
2404 1596 2497 1644 τοῦ
2528 1589 2661 1643 Θεοῦ
2694 1586 3056 1653 Ἐκκλησιῶν·
3117 1588 3376 1663 σωτηρίος
3448 1590 3537 1644 καὶ
3599 1590 3847 1665 βοηθείας

2197 1678 2301 1731 τῶν
2357 1678 2492 1751 μετά
2552 1675 2785 1743 σπουδῆς
2837 1678 2924 1732 καὶ
2976 1673 3137 1755 φόϐου
3190 1684 3321 1732 Θεοῦ
3386 1680 3698 1735 κοπιώντων
3762 1682 3851 1736 καὶ

2198 1763 2578 1823 διακονούντων
2613 1767 2855 1845 πατέρων
2886 1769 2971 1822 καὶ
3002 1765 3239 1843 ἀδελφῶν
3301 1769 3480 1842 ἡμῶν·
3554 1770 3688 1847 ὑπὲρ
3743 1777 3850 1827 τῶν

2200 1857 2622 1938 ἀπολειφθέντων
2655 1860 2739 1915 καὶ
2770 1859 2941 1915 τῶνὰν
2968 1858 3021 1913 ἐν
3048 1857 3371 1933 ἀποδημίαις
3404 1858 3593 1917 ὄντων·
3652 1863 3846 1926 ἰάσεως

2198 1955 2303 2004 τῶν
2365 1949 2418 2004 ἐν
2492 1950 2785 2013 ἀσθενείαις
2847 1951 3266 2027 κατακειμένων·
3326 1952 3457 2031 ὑπὲρ
3516 1955 3847 2029 κοιμήσεως,

2201 2037 2448 2112 ἀνέσεως,
2483 2041 2741 2118 μακαρίας
2776 2042 3021 2114 μνήμης,
3076 2041 3161 2096 καὶ
3219 2039 3457 2120 ἀφέσεως
3508 2048 3613 2098 τῶν
3672 2042 3847 2121 ἀμαρ-

2199 2128 2325 2183 τιῶν
2357 2129 2462 2183 τῶν
2492 2128 2940 2206 προαπελθόντωκ
2960 2128 3201 2206 πανὲρων
3246 2131 3333 2185 καὶ
3384 2128 3621 2212 ἀδελφῶν
3696 2135 3851 2208 ἡμῶν

2201 2224 2308 2272 τῶν
2340 2216 2515 2274 ἐνθάδε
2544 2217 2771 2281 εὐσεϐῶς
2816 2216 3076 2293 κειμένων
3105 2222 3191 2274 καὶ
3250 2220 3565 2301 ἁπανταχοῦ
3634 2221 3847 2301 690086-

2201 2307 2322 2372 ξων·
2380 2308 2507 2387 ὑπὲρ
2568 2308 2895 2387 ἀναῤῥύσεως
2964 2309 3070 2364 τῶν
3141 2307 3529 2390 αἰχμαλώτων,
3588 2313 3675 2367 καί
3724 2314 3853 2393 ὑπὲρ

2199 2404 2303 2452 τῶν
2334 2395 2569 2476 ἀδελφῶν
2632 2402 2809 2474 ἡμῶν,
2874 2405 2979 2454 τῶν
3036 2399 3091 2453 ἐν
3138 2412 3261 2461 ταῖς
3336 2398 3617 2467 διακονίαις
3660 2398 3847 2478 ὄντων,

2196 2489 2283 2542 καὶ
2313 2487 2524 2543 πάντων
2569 2495 2671 2545 τῶν
2729 2486 3113 2545 διακονούντῶν
3165 2490 3250 2544 καὶ
3314 2487 3741 2557 διακονησάντων
3802 2494 3854 2549 ἐν

2194 2582 2263 2653 τῇ
2294 2575 2416 2656 ἄγίᾳ
2476 2585 2613 2656 μονῇ
2664 2580 2852 2661 ταύτῃ.
2934 2576 3215 2654 Εἵπωμεν,
3278 2581 3336 2635 Oi
3394 2577 3449 2635 δὲ
3497 2578 3704 2661 ἰδελφοὶ
3761 2585 3844 2659 τὸ,

2202 2669 2382 2743 Κύριε,
2420 2668 2672 2746 ἐλέησον,
2706 2694 2733 2727 ν
2746 2658 2778 2750 ’,

2282 2758 2419 2815 Εἶτα
2467 2757 2689 2835 δεόμεθα
2744 2761 2871 2838 ὑπὲρ
2914 2767 3007 2817 τοῦ
3066 2758 3490 2839 διαφυλαχθῆναι
3549 2762 3647 2829 τὴν
3698 2762 3854 2838 ἁγίαν

2209 2852 2377 2926 μονὴν
2407 2850 2630 2923 ταύτην,
2664 2853 2752 2905 καὶ
2778 2856 2950 2906 πᾶσαν
2993 2850 3172 2923 πόλιν,
3221 2850 3308 2905 καὶ
3337 2849 3519 2930 χώραν
3572 2850 3677 2907 ἀπὸ
3729 2850 3854 2909 λοι-

2210 2946 2331 3013 μοῦ,
2366 2937 2547 3013 λιμοῦ,
2588 2946 2833 3014 σεισμοῦ,
2885 2942 3339 3015 καταποντισμοῦ,
3386 2942 3571 3017 πυρὸς,
3638 2943 3849 3020 μαχαί-

486 3060 562 3102 no
595 3027 779 3115 bello,
813 3046 873 3095 et
902 3034 1215 3113 repentina
1246 3041 1436 3093 morte
1461 3033 1823 3105 liberentur;
1850 3044 1911 3093 ut
1938 3035 2123 3095 bonus

2217 3050 2328 3104 ρας,
2392 3027 2684 3107 ἐπιδρομῆς
2738 3028 3073 3109 ἀλλοφύλων,
3129 3030 3217 3086 xui
3266 3028 3514 3109 ἐμφυλίου
3549 3034 3562 3065 ³
3594 3030 3854 3107 πολέμου,

488 3138 546 3190 et
574 3128 880 3189 hominum
913 3140 1116 3182 amans
1140 3125 1297 3183 Deus
1332 3132 1558 3199 noster,
1594 3122 1693 3183 fiat
1723 3122 1894 3183 nobis
1926 3125 2123 3205 propi-

2217 3119 2299 3190 καὶ
2332 3116 2584 3198 αἰφυιδίου
2628 3120 2871 3181 θανάτου.
2951 3120 3112 3200 ’Υπὲρ
3142 3122 3236 3176 τοῦ
3285 3119 3474 3201 ἵλεων,
3537 3122 3729 3199 εὔμενῆ
3774 3128 3861 3182 καὶ

495 3220 637 3296 tius,
687 3219 955 3275 clemens
1002 3219 1058 3271 et
1114 3211 1499 3273 reconciliatu
1552 3212 1762 3285 facilis,
1798 3220 1863 3272 ut
1911 3222 2123 3275 avertat

2217 3206 2582 3265 εῦδιελλακτον
2636 3209 2874 3287 γενέσθαι
2922 3212 3009 3267 τὸν
3085 3210 3284 3289 ἀγαθὸν
3352 3212 3439 3266 καί
3496 3211 3862 3291 φιλάνθρωπον

492 3322 731 3369 omnem
776 3302 924 3361 iram
984 3310 1194 3361 contra
1237 3319 1344 3361 nos
1390 3310 1631 3376 motam,
1661 3302 1958 3381 justisque
2009 3305 2123 3364 suis

2217 3300 2344 3355 Θεὸν
2376 3299 2552 3373 ἡμῶν,
2580 3306 2671 3356 τοῦ
2730 3299 3059 3377 ἀποστρέψαι
3118 3305 3293 3355 πᾶσαν
3344 3299 3503 3378 ὀργὴν
3578 3303 3676 3369 τὴν
3744 3302 3860 3359 καθ’

493 3390 1056 3456 comminationibus
1080 3409 1187 3450 nos
1238 3390 1476 3471 eripiat,
1513 3400 1571 3451 et
1622 3392 1975 3453 misereatur
2016 3412 2123 3453 no-

2217 3392 2368 3465 ἧμῶν
2397 3390 2743 3465 κινουμένην,
2790 3392 2876 3445 καὶ
2926 3390 3174 3467 ῥύσασθαι
3236 3392 3380 3464 ἡμᾶς
3447 3395 3544 3457 τῆς
3587 3392 3867 3468 ἐπικειμέ-

490 3485 619 3546 stri.
683 3485 757 3545 Et
807 3480 1046 3554 dicitur,
1091 3478 1368 3560 Domine,
1402 3480 1709 3555 miserere,
1752 3481 2122 3561 quadragies.

574 3668 708 3729 118.
745 3664 948 3725 Adhuc
974 3680 1232 3736 oramus,
1269 3672 1336 3724 ut
1385 3662 1675 3724 Dominus
1723 3666 1878 3727 Deus
1928 3674 2127 3727 noster

488 3756 758 3820 exaudiat
787 3772 987 3814 vocem
1043 3751 1480 3831 deprecationis
1538 3762 1809 3814 nostrum
1845 3763 2124 3834 peccato-

490 3866 650 3926 rum,
701 3853 761 3905 et
816 3843 1175 3903 misereatur
1222 3842 1427 3903 nostri.
1485 3845 1757 3917 Domine,
1823 3845 2133 3919 miserere,

489 3939 580 4001 bis
611 3946 668 3996 et
700 3933 973 3994 vicesies.
1014 3933 1283 3993 Posthaac
1314 3948 1566 4011 quorum
1600 3933 1723 3993 vult
1773 3934 2031 3995 vivorum
2067 3952 2136 3994 ac

489 4035 856 4090 mortuorum
883 4022 1227 4082 memoriam
1252 4019 1390 4099 agit,
1421 4031 1478 4081 et
1511 4023 1706 4081 denuo
1727 4022 2012 4083 exclamat
2035 4042 2125 4084 sa-

486 4116 736 4180 cerdos:

572 4202 794 4264 Exaudi
816 4218 945 4273 nos,
976 4202 1133 4260 Deus
1155 4206 1421 4259 servator
1465 4208 1690 4274 noster,
1713 4218 1848 4280 spes
1866 4203 2131 4262 omnium

495 4296 697 4358 finium
729 4298 900 4349 terra:
923 4298 982 4349 et
1004 4288 1061 4347 in
1084 4288 1233 4349 mari
1259 4288 1429 4366 longe
1456 4308 1469 4348 :
1506 4306 1573 4348 ac
1605 4290 2132 4371 propitius,propi-

499 4392 612 4445 tius
647 4384 773 4438 esto
802 4376 1060 4455 peccatis
1091 4375 1333 4451 nostris,
1370 4387 1428 4439 et
1456 4377 1742 4439 miserere
1766 4380 1977 4443 nostri.
2016 4383 2132 4442 Mi-

2213 3501 2305 3546 νης
2336 3478 2539 3542 δικαίας
2598 3481 2756 3535 αὐτοῦ
2804 3478 3057 3553 ἀπειλῆς,
3114 3479 3200 3535 xui
3270 3479 3484 3548 ἐλεῆσαι
3540 3480 3711 3557 ἡμᾶς.
3768 3485 3862 3553 Τὸ,

2216 3570 2394 3649 Κύριε,
2431 3566 2655 3636 ἐλέησον
2687 3567 2767 3644 μ’,

2294 3663 2427 3715 Εἶτα
2498 3656 2718 3734 δεόμεθα
2792 3659 2879 3714 καὶ
2953 3658 3083 3737 ὑπὲρ
3167 3666 3259 3715 τοῦ
3316 3660 3618 3717 εἰσακοῦσαι
3678 3663 3867 3741 Κύριον

2208 3749 2300 3804 τὸν
2334 3750 2461 3805 Θεὸν
2505 3749 2602 3815 τὴς
2635 3748 2818 3827 φωνῆς
2843 3752 2941 3815 τῆς
2973 3747 3208 3815 δεήσεως
3232 3752 3406 3828 ἡμῶν,
3435 3757 3541 3806 τῶν
3610 3752 3867 3831 ἀμαρτω-

2219 3837 2350 3917 λῶν,
2399 3840 2485 3895 xui
2548 3838 2765 3917 ἐγεῆσαι
2833 3838 2997 3913 ἧμας.
3065 3840 3159 3913 Τὸ,
3212 3837 3395 3918 Κύριε,
3456 3839 3702 3915 ἐλέησον,
3764 3842 3866 3919 ιβ’.

2221 3926 2360 3983 Εἶτα
2418 3927 2741 4002 μνημονεύει
2802 3929 2887 3992 οὒς
2934 3926 3071 3984 θέλει
3140 3934 3339 4000 ζῶντας
3396 3931 3488 3988 xui
3550 3934 3862 3996 τεθνεῶτας·

2221 4018 2309 4072 καὶ
2338 4018 2496 4073 πάὸιν
2528 4017 2758 4096 ὲκφωνεϊ
2787 4018 2813 4072 6
2836 4018 3022 4095 ἱερεύς·

2302 4196 2630 4255 Ἐπάκουσον
2663 4201 2836 4280 ἡμῶν,
2868 4202 2896 4256 6
2926 4201 3054 4264 Θεὸς
3086 4203 3114 4257 6
3160 4200 3340 4276 σωτὴρ
3368 4201 3548 4277 ἡμῶν,
3606 4203 3641 4268 ³η
3714 4201 3866 4267 ὲλπὶς

2219 4288 2431 4343 πάντων
2504 4295 2610 4346 τῶν
2694 4290 2937 4369 περάτων
2992 4292 3091 4357 τῆς
3172 4296 3275 4368 γῆς
3322 4294 3411 4348 καὶ
3478 4299 3585 4349 τῶι
3657 4298 3712 4348 ἐν
3762 4298 3866 4350 θα-

2218 4375 2391 4452 λάσσῃ
2452 4379 2679 4456 μακράν·
2735 4381 2821 4436 καὶ
2897 4379 3087 4453 ἵλεως,
3156 4379 3320 4447 ἵλεως
3369 4392 3527 4460 γενοῦ
3600 4382 3685 4439 ἐπὶ
3741 4398 3869 4449 ταῖς

498 4470 755 4535 sericors
785 4466 940 4553 enim
969 4467 1216 4538 Deus,et
1247 4466 1540 4527 humanus
1566 4486 1649 4529 es:
1677 4477 1734 4528 et
1756 4467 1859 4527 tibi
1882 4469 2123 4548 gloriam

2220 4467 2497 4544 ἁμαρτίαις
2544 4472 2723 4550 ἡμων,
2777 4470 2863 4526 καὶ
2910 4468 3134 4536 ἓλέησον
3176 4471 3343 4545 ἡμᾶς·
3406 4471 3694 4546 Ἐλεήμων
3768 4476 3869 4553 γὰρ

497 4558 831 4624 referimus,
864 4552 1040 4632 Patri,
1070 4562 1127 4613 et
1160 4554 1328 4627 Filio,
1365 4563 1421 4613 et
1444 4554 1683 4634 Spiritui
1713 4567 1917 4622 sancto
1977 4578 2133 4620 nunc

501 4659 559 4714 et
583 4660 842 4723 semper,
869 4652 922 4701 et
956 4641 1017 4701 in
1045 4643 1262 4702 saecula
1283 4644 1711 4707 saeculorum.A
1725 4665 1882 4721 men,
1912 4650 1986 4710 Et
2010 4657 2132 4709 sta-

500 4745 602 4804 tim
636 4733 877 4797 subdit:
928 4730 1044 4790 l’ax
1103 4732 1402 4793 omnibus.
1463 4733 1701 4796 Fratres
1758 4746 2002 4802 autem:
2068 4740 2137 4800 Et

498 4826 733 4913 spiritui
756 4832 874 4883 tuo.
924 4822 1213 4882 Sacerdos
1243 4824 1383 4899 (vel,
1418 4834 1479 4883 ut
1511 4823 1568 4885 S.
1612 4827 1970 4903 Germanus,
2002 4829 2133 4889 dia-

502 4919 738 4995 conus),
771 4913 971 4991 Capita
1004 4920 1195 4971 vestra
1228 4915 1477 4974 Domino
1529 4915 1830 4977 inclinate.
1867 4916 1936 4977 Et
1986 4938 2139 4979 cun-

500 5011 613 5073 ctis
637 4999 1062 5067 inclinantibus
1075 5002 1266 5082 capita
1279 5021 1460 5081 seque
1477 5005 1921 5067 incurvantibus
1940 5027 2141 5071 versus

504 5106 749 5172 terram,
784 5093 938 5153 bene
961 5103 1236 5171 precatur
1267 5093 1546 5155 sacerdos
1570 5104 1848 5157 contenta
1872 5116 2013 5159 voce
2044 5100 2134 5159 dio

503 5204 648 5250 cens
679 5185 828 5246 hanc
851 5181 1177 5243 orationem
1215 5204 1227 5243 :

592 5372 729 5433 ‘ll9.
784 5368 1127 5430 Dominator
1186 5369 1437 5429 multum
1495 5370 1855 5453 misericors,
1891 5373 2143 5435 Domine

504 5464 644 5531 Jesu
683 5460 935 5529 Christe,
974 5456 1131 5517 Deus
1184 5468 1409 5531 noster,
1443 5459 1719 5537 precibus
1778 5462 2143 5526 intemeratae

506 5552 774 5621 Dominae
803 5555 1019 5607 nostra)
1048 5546 1315 5627 Deipara:
1351 5566 1709 5629 semperque
1746 5553 1989 5629 virginis
2022 5552 2128 5616 Ma-

502 5647 607 5711 ria
629 5694 644 5717 ,
680 5636 1149 5701 venorandarum
1184 5646 1241 5697 et
1272 5637 1601 5701 caalestium
1630 5640 1908 5702 virtutum
1942 5644 2139 5705 incor-

2220 4558 2305 4613 xui
2332 4557 2698 4637 φιλάνθρωπος
2745 4561 2875 4625 Θεὸς
2933 4561 3221 4641 ὑπάρχεις,
3276 4563 3364 4618 καὶ
3409 4562 3491 4618 σοὶ
3556 4563 3653 4631 τὴν
3715 4561 3869 4630 δόξαν

2218 4648 2429 4725 ἀναπέμ
2443 4672 2624 4725 πομεν,
2658 4673 2735 4724 τῳ
2766 4653 2951 4722 Παττὶ,
2984 4653 3072 4707 xui
3104 4653 3232 4731 Υἱῷ,
3266 4653 3351 4708 καὶ
3405 4658 3481 4727 τῷ
3511 4654 3647 4731 ἁγίῳ
3698 4657 3870 4713 Πνεύ-

2220 4761 2369 4819 ματι,
2406 4748 2491 4796 νῦν
2522 4742 2607 4796 καὶ
2632 4740 2736 4821 ἀεὶ,
2795 4742 2882 4796 καὶ
2936 4742 3007 4804 εἷς
3050 4741 3172 4804 τοὺς
3224 4744 3415 4805 αἰῶνας
3460 4749 3565 4799 τῶν
3638 4745 3868 4807 αἰώνων.

2223 4829 2419 4905 Ἀμήν,
2510 4832 2606 4889 Καὶ
2673 4830 2818 4895 εὐθὺς
2922 4833 3007 4906 τὸ,
3100 4832 3295 4911 Εἰρήνη
3376 4840 3531 4897 πᾶσι,
3628 4838 3725 4894 Καὶ
3824 4840 3873 4893 οἱ

2224 4919 2457 5000 ἀδελφοί,
2535 4923 2633 4981 Καὶ
2699 4928 2775 4995 τῷ
2865 4922 3125 4997 πνεύματί
3198 4943 3313 4984 σου.
3390 4920 3450 4981 Ὀ
3521 4927 3709 5005 ἱερεύς·
3768 4928 3871 4993 Τὰς

2222 5009 2455 5090 κεφαλὰς
2497 5013 2645 5083 ὑμῶν
2688 5019 2764 5086 τῷ
2810 5013 2981 5091 Κυρίῳ
3009 5010 3261 5085 ικλίνατε,
3312 5015 3409 5070 Kui
3460 5014 3675 5073 πάντων
3745 5016 3871 5074 κλι-

2224 5100 2424 5156 νόντων
2474 5103 2567 5163 τὰς
2619 5100 2853 5181 κεφαλὰς
2910 5102 2996 5157 xui
3027 5101 3110 5158 ἐπὶ
3168 5106 3269 5179 γῆς
3321 5103 3646 5182 κεκυφότων,
3710 5104 3873 5162 ἐπεύ-

2224 5191 2622 5271 χεταίὸὶερεὺς
2674 5190 3070 5270 μεγαλοφώνως
3126 5188 3299 5270 λέγων
3347 5192 3444 5260 τὴν
3502 5192 3671 5273 εὐχὴν
3736 5196 3871 5252 ταύ-

2222 5300 2345 5349 την·

2311 5373 2551 5429 Δέσποτα
2610 5369 2889 5449 πολυέλεε,
2976 5370 3126 5449 Κύριε
3180 5370 3360 5439 Ἰησοῦ
3414 5372 3606 5451 Χριστὲ
3664 5374 3691 5430 6
3741 5379 3874 5441 Θεὸς

2224 5466 2400 5534 ἡμῶν,
2462 5461 2765 5525 πατσϐείαις
2818 5466 2915 5527 τῆς
2960 5462 3337 5541 παναχράντου
3393 5461 3672 5531 δεσποίνης
3714 5464 3875 5543 ήμῶν

2228 5553 2486 5609 Θεοτόκου
2536 5554 2624 5609 καὶ
2682 5551 3021 5631 ἀειπαρθένου
3096 5552 3317 5627 Μαρίας’
3375 5558 3482 5609 τῶν
3553 5555 3743 5631 τιμίων
3788 5565 3877 5620 καὶ

2227 5644 2546 5721 ἐπουρανίων
2572 5640 2842 5718 δυνάμεων
2894 5642 3216 5718 ἀσωμάτων·
3279 5652 3371 5703 τοῦ
3424 5643 3599 5720 τιμίου
3670 5643 3879 5715 ἐνδοξου
