4140 6454
1418 355 1854 421 AGOLUTHIA
1900 360 2283 426 TRIPLICIS
2317 364 2559 426 FESTI.

3557 382 3792 435 οσσχιν

375 498 538 577 ἱερεύς
574 514 589 530 ⁸
655 496 788 556 "Ott
846 500 937 555 σοῦ
979 497 1120 555 ἐστιν
1181 498 1218 565 ἠ
1274 497 1539 575 βασιλεία,
1588 499 1675 555 καὶ
1733 501 1768 567 ἢ
1813 498 2011 571 δύναμιι

2119 494 2378 556 cerdos:
2414 493 2564 566 Quia
2592 502 2755 556 tuum
2802 506 2893 558 est
2942 516 3222 576 regnum,
3256 498 3444 563 virtus
3472 509 3535 564 et
3564 503 3777 580 gloria,

376 591 461 643 καὶ
512 592 546 655 ἡ
589 586 735 663 δόξα,
772 594 862 645 τοῦ
908 589 1135 669 Πατρὶς,
1169 589 1258 644 καὶ
1308 595 1399 645 τοῦ
1452 592 1597 663 Υἱοῦ,
1647 589 1851 645 καὶτοῦ
1885 588 2011 666 ἆγίοι

2120 582 2340 663 Patris,
2376 593 2434 645 et
2456 582 2616 658 Filii,
2651 598 2711 645 et
2741 585 2997 665 Spiritus
3044 587 3257 659 sancti,
3296 607 3455 651 nunc
3503 600 3563 652 et
3612 611 3779 654 sem-

376 679 706 758 Πνεύματος,
742 685 827 735 νῦν
870 679 957 734 καὶ
990 678 1092 759 ἀεὶ,
1163 678 1250 734 καὶ
1311 680 1381 744 είς
1423 678 1616 743 αἰῶνας
1648 684 1754 734 τῶν
1803 677 2028 735 αἰώνων.

375 765 572 842 Ἀμήν.
642 769 740 825 Καὶ
778 769 941 840 ἡμεῖς
1012 768 1073 823 τὸ
1130 767 1495 843 ἐιπολυτίκιον⁹
1554 768 1591 836 ἢ
1654 770 1740 845 τὸ,
1806 768 2007 824 Θεοτόκ

2119 764 2527 844 Apolyticion,

377 856 631 935 ῐιαρθένε,
667 856 912 933 λέγοντες
949 856 1074 913 αύτὸ
1108 856 1168 912 ἐκ
1197 857 1277 935 γ’.
1322 881 1343 912 ι

2122 693 2253 754 per,
2286 682 2343 735 et
2374 673 2435 734 in
2474 675 2695 736 saecula
2735 677 3119 738 saeculorum.
3156 678 3369 737 Amen.
3428 682 3551 742 Nos
3582 690 3780 744 autem

2613 766 2725 841 vel,
2806 767 3068 847 Deipara
3142 766 3348 846 Virgo,
3406 776 3497 830 ter
3552 771 3779 834 recita-

2121 873 2283 915 mus.

456 948 647 1010 Coum.
683 946 883 1010 Primo
919 945 1015 1007 hic
1047 954 1289 1009 notatur
1319 947 1699 1009 recitandum
1734 944 2051 1009 Canticum
2071 945 2519 1025 Simeonis,quo
2545 945 2731 1026 Latini
2757 945 3227 1026 Completorium
3250 964 3425 1008 suum
3448 949 3775 1016 claudunt.

374 1026 685 1105 Trisagiou
714 1026 957 1089 exhibui
987 1046 1156 1090 num.
1191 1028 1289 1089 31.
1326 1026 1531 1092 Oratio
1564 1028 1638 1090 ad
1669 1026 2121 1089 sanctissimam
2165 1026 2515 1087 Trinitatem
2550 1025 2886 1104 dirigenda,
2921 1027 2982 1087 in
3012 1025 3390 1106 Euchologio
3422 1029 3508 1090 sic
3540 1030 3779 1109 integra

376 1109 653 1190 ponitur:

459 1202 695 1278 Παναγία
754 1199 936 1279 Τριὰς,
993 1196 1217 1266 ἒλὲησον
1274 1201 1419 1274 ἡμᾶς
1453 1216 1468 1230 ⁸
1548 1200 1731 1279 Κύριε,
1791 1197 2034 1264 ίλάσθητι

2207 1193 2598 1257 Sacrasancta
2663 1194 2945 1270 Trinitas,
3004 1196 3293 1259 miserere
3366 1199 3593 1281 nostri;
3650 1203 3773 1263 Do-

375 1302 497 1353 τατς
558 1288 835 1365 ἁμαρτίαις
894 1290 1072 1366 ἡμῶν,
1152 1287 1420 1363 Δέσποτα,
1497 1290 1855 1369 συγχώρησον
1907 1300 2011 1345 ταῖς

2117 1285 2302 1359 mine,
2340 1285 2637 1366 propitius
2682 1292 2806 1346 esto
2857 1285 3121 1367 peccatis
3180 1294 3433 1362 nostris;
3486 1292 3775 1354 Domina-

376 1381 620 1455 ἀνομίαι(
680 1383 834 1454 ἡμῶν
872 1396 885 1412 ⁸

376 1471 645 1536 ἀσθενείας
671 1472 824 1545 ἡμῶν
855 1468 1031 1528 ἕνεκεν
1060 1473 1153 1527 τοῦ
1182 1471 1444 1546 ὀνόματός
1477 1492 1593 1534 σου.

945 1377 1137 1457 ”Αγιε,
1210 1380 1494 1457 ἐπίσκεψαι
1551 1384 1640 1438 καὶ
1718 1378 1873 1438 ἴασαι
1933 1379 2011 1436 τὰς

2113 1384 2228 1456 tor,
2263 1375 2506 1436 remitte
2563 1375 2905 1455 iniquitates
2964 1379 3241 1458 nostras;
3302 1376 3540 1454 Sancte,
3572 1380 3768 1460 respi-

2112 1484 2179 1526 ce
2211 1473 2267 1525 et
2306 1483 2448 1525 sana
2500 1464 2875 1526 inﬁrmitates
2932 1472 3190 1539 nostras,
3229 1475 3477 1547 propter
3533 1488 3760 1533 nomen

2113 1564 2303 1616 tuum.

457 1645 1020 1733 128._C_0MM.__Quod
1050 1646 1122 1708 ad
1140 1647 1259 1733 duo
1282 1647 1394 1709 ista
1422 1649 1709 1733 vocabula
1731 1647 1964 1733 attinet,
1998 1646 2268 1733 Deipara
2300 1641 2532 1733 Virgo;
2567 1662 2644 1733 ea
2670 1642 3033 1705 Salutationi
3062 1645 3370 1726 Angelicze
3391 1647 3619 1733 addidit
3651 1648 3769 1733 Ec-

376 1731 561 1792 clesia
578 1728 899 1793 Orientalis
929 1736 1060 1807 post
1080 1729 1644 1791 condemnationem
1667 1728 1956 1807 Nestorii,
1978 1728 2109 1808 qui,
2140 1734 2201 1786 ut
2228 1742 2388 1808 num.
2426 1723 2502 1785 32
2532 1723 2812 1808 vidimUS,
2853 1743 2981 1786 eam
3012 1723 3237 1787 tantu‘m
3291 1730 3640 1808 Xptqtmdxov
3671 1730 3767 1791 di—

375 1810 625 1873 cendam
658 1827 790 1870 esse
824 1804 1137 1891 pugnabat.
1174 1808 1364 1871 Graeci
1394 1810 1596 1891 itaque
1618 1810 1861 1874 Mariam
1897 1804 2011 1866 ego:

2112 1831 2157 1862 σν
2193 1804 2476 1891 salutant,
2510 1805 2859 1891 priusquam
2890 1804 3348 1891 usxuptrwué‘mu
3363 1807 3487 1869 sive
3516 1832 3538 1862 α
3573 1813 3768 1887 gratia

376 1892 649 1971 plenam;
694 1914 713 1944 ι
750 1883 859 1972 nec
889 1883 1089 1949 celant
1117 1883 1736 1972 causamgistiusmpdi
1794 1888 2195 1972 salutationis;
2232 1903 2384 1972 nam
2418 1884 2609 1972 hisce
2645 1883 3001 1972 Elisabethae
3041 1883 3279 1959 iverbis,
3320 1883 3693 1972 ξὺλογημὲνος
3740 1897 3767 1949 ὁ

374 1965 575 2046 καρπὸς
608 1976 705 2037 τῆς
725 1970 926 2035 κοιλίας
952 1992 1065 2043 σου,
1094 1991 1124 2028 ιι
1154 1970 1517 2033 Benedictus
1537 1965 1767 2035 fructus
1794 1971 2011 2034 ventris

2112 1972 2160 2045 gi,
2194 1991 2213 2018 υ
2253 1965 2449 2025 statim
2480 1965 2849 2044 subjungunt
2881 1987 2893 2027 :
2923 1965 3055 2046 ξὈτι
3084 1972 3311 2045 Σωτῆρα
3334 1967 3509 2029 ἔτεκες
3534 1977 3638 2027 τῶν
3663 1978 3767 2045 ψυ-

372 2057 490 2129 χῶν
515 2055 691 2125 ἡμῶν,
726 2073 753 2106 ε
781 2049 927 2122 Quia
949 2047 1325 2112 Servatorem
1350 2053 1964 2129 genuistianimarum
1990 2057 2408 2129 nostrarum.)
2446 2046 2579 2129 Non
2607 2055 2809 2106 tamen
2841 2045 3058 2129 opinor
3092 2048 3436 2129 Angeliram
3463 2048 3623 2109 illam
3650 2048 3764 2112 Sa-

396 2125 723 2195 utationem
758 2131 854 2191 hic
884 2139 1065 2192 totam
1096 2125 1466 2194 recitandam
1497 2134 1681 2198 fuisse
1712 2155 1744 2196 a
1775 2133 1994 2197 Graecis
2022 2125 2496 2210 antiquioribus,
2539 2128 2677 2186 licet
2731 2144 2800 2210 ea
2862 2125 2985 2210 tota
3015 2126 3307 2210 habeatur
3337 2129 3397 2189 in
3429 2129 3629 2210 aliquo
3662 2150 3764 2192 re-

372 2214 639 2276 centiore
672 2211 1005 2290 horologia,
1040 2212 1176 2292 quia
1203 2213 1357 2275 ritus
1389 2215 1807 2278 salutationem
1838 2215 2001 2277 illam
2060 2206 2473 2292 connectendi
2528 2225 2665 2292 cum
2721 2206 3012 2292 Qratione
3036 2205 3365 2292 Qominica
3397 2205 3766 2272 non'admo—

372 2294 514 2356 dum
544 2292 823 2369 antiquus
851 2286 941 2354 est
969 2286 1083 2368 ;’u_t
1110 2293 1253 2355 licet
1307 2312 1559 2359 cernere
1606 2316 1678 2359 ex
1732 2297 1829 2372 iis,
1908 2312 1996 2356 uae
2053 2308 2088 2351 a
2145 2288 2496 2349 doctissimo
2562 2287 2708 2361 viro,
2742 2286 2975 2349 Joanne
3034 2288 3388 2363 Mabilione,
3427 2293 3488 2351 in
3540 2292 3765 2353 Prmfa—

373 2378 536 2438 tione
561 2378 635 2437 ad
663 2373 951 2435 saeculum
980 2372 1286 2437 decimum
1318 2374 1346 2442 ξ
1382 2376 1441 2442 6.
1474 2377 1822 2442 atl‘eruntur.
1854 2315 1975 2442 ἓεά
1995 2374 2111 2433 hoc
2145 2368 2337 2429 tribus
2370 2367 2724 2428 doctoribus
2777 2386 2950 2430 sacro
2983 2367 3083 2430 die
3110 2389 3125 2442 ;
3188 2371 3477 2431 recitatur
3506 2389 3765 2442 sequens

1808 2393 1933 2443 ,δε

373 2378 536 2458 tione
561 2378 635 2458 ad
663 2373 951 2435 saeculum
980 2372 1286 2437 decimum
1318 2374 1346 2456 §
1382 2376 1441 2458 6,
1474 2377 1801 2441 atl‘eruntur

374 2455 771 2517 Ἀπολυτίκιον,

537 2545 925 2605 Ἀπολυτίκιον.
1573 2540 1739 2629 Ἠχος
1773 2549 1846 2608 α’.

455 2638 587 2700 Τοὺς
661 2649 810 2713 τρεῖς
882 2636 1160 2714 μεγίστους
1233 2638 1518 2715 φωστῆρας
1589 2637 1686 2704 τῆς
1744 2636 2019 2716 τρισηλίοο

367 2726 649 2806 θεότητος³
677 2728 799 2790 τοὺς
831 2726 928 2791 τὴν
979 2724 1294 2800 οἰκουμένην
1343 2725 1525 2783 ἆκτϊσι
1568 2726 1850 2805 δογμάτων
1879 2750 2017 2807 πυρ-

370 2818 681 2895 σεύσαντας,
739 2818 859 2879 τοὺς
915 2814 1253 2894 μελιῤῥύτους
1315 2818 1589 2893 ποταμοὺς
1642 2821 1739 2887 τῆς
1806 2819 2014 2898 σοφίας,

366 2908 487 2973 τοὺς
517 2908 616 2974 τὴν
664 2907 833 2962 κτίσιν
892 2913 1067 2962 πᾶσαν
1125 2906 1445 2983 θεογνωσίας
1500 2906 1696 2983 νάμασι
1730 2908 2020 2987 καταρδεύ-

368 3019 590 3071 σαντας,
650 2994 924 3053 Βασίλειον
972 2998 1062 3052 τὸν
1109 2995 1311 3073 Μέγαν,
1341 2998 1429 3053 καὶ
1460 2998 1550 3053 τὸν
1580 2996 1828 3077 θεολόγον
1874 3005 2019 3076 Γρη-

370 3086 571 3165 γίριον,
606 3087 698 3141 σὺν
732 3086 805 3159 τῷ
834 3085 1027 3158 κλεινῷ
1076 3083 1300 3161 Ἰωάννῃ
1351 3091 1429 3159 τῷ
1457 3087 1556 3154 τὴν
1603 3085 1847 3166 γλῶτταν
1878 3110 2019 3169 χρυ-

367 3175 678 3255 σορῤήμονι,
714 3176 916 3238 πάντας
949 3177 996 3232 οἱ
1044 3182 1150 3232 τῶν
1197 3176 1372 3254 λόγων
1418 3179 1590 3235 αὐτῶν
1645 3176 1858 3255 ἐρασταὶ
1890 3200 2017 3233 συν-

367 3266 634 3339 ελθόντες,
668 3265 850 3340 ὕμνοις
880 3266 1197 3340 τιμήσωμεν
1225 3280 1239 3295 ⁸
1277 3264 1421 3322 αὒτοί
1452 3266 1551 3344 γὰρ
1582 3272 1648 3343 τῇ
1680 3265 1858 3346 Τριάδι
1888 3268 2020 3347 ὑπὲρ

366 3357 523 3431 ἡμῶν
549 3356 627 3412 ἀεὶ
657 3352 1053 3436 πρεσϐεύουσιν.

914 3524 1169 3603 ”Ετερον.
1205 3510 1376 3605 Ἦχος
1407 3521 1473 3582 δ’.

451 3620 545 3683 Ὠς
573 3623 679 3675 τῶν
711 3614 1025 3674 ἀποστόλων
1078 3615 1390 3694 ὁμότροποι,
1455 3615 1543 3671 καὶ
1574 3619 1666 3690 τῆ,
1701 3616 2014 3692 οἰκουμένης

362 3706 697 3781 διδάσκαλοι,
761 3713 838 3781 τῷ
898 3704 1145 3783 Δεσπὸτῃ
1190 3710 1296 3762 τῶν
1347 3703 1486 3761 ὅλων
1530 3702 1909 3785 πρεσϐεύτατε,
1944 3710 2013 3765 εἰ·

363 3799 535 3878 ρήνην
565 3804 632 3875 τῇ
662 3794 943 3873 οἰκουμένη
967 3794 1326 3875 δωρήσασθαί,
1355 3797 1443 3853 καὶ
1465 3808 1585 3862 ταῖς
1618 3800 1828 3877 ψυχαῖς
1859 3799 2014 3876 ἡμῶν

360 3891 425 3947 τὸ
458 3888 596 3967 μέγα
629 3886 796 3954 ἔλεος.

1938 2374 2111 2437 dhoc
2145 2368 2337 2429 tribus
2370 2367 2724 2428 doctoribus
2777 2386 2950 2430 sacro
2983 2367 3083 2430 die
3110 2389 3125 2449 ;
3188 2371 3477 2431 recitatur
3506 2389 3767 2453 sequens

2253 2536 2695 2598 Dimissorium.
3280 2538 3489 2601 Tonus
3533 2544 3586 2604 1.

2193 2628 2325 2689 129.
2387 2625 2525 2685 Tria
2589 2625 2845 2687 maxima
2901 2626 3245 2709 divinitatis,
3281 2636 3562 2704 tanquam
3619 2631 3765 2692 solis

2108 2714 2360 2796 triplicis
2392 2713 2732 2789 luminaria,
2768 2714 2977 2777 urbem
3028 2714 3214 2777 tntum
3262 2717 3385 2778 suis
3416 2717 3754 2782 divinorum

2108 2809 2608 2871 documentorum
2644 2808 2855 2882 radiis,
2892 2808 3058 2887 quasi
3089 2809 3165 2871 de
3195 2809 3311 2872 alta
3345 2811 3591 2890 specula
3621 2812 3762 2873 illu-

2107 2898 2372 2973 strantia,
2412 2896 2731 2959 melliﬂuos
2757 2918 2964 2960 amnes
2995 2901 3568 2979 sapientia3,omnem
3593 2921 3762 2963 crea-

2106 2997 2297 3050 turam
2332 2986 2653 3066 irrigantes
2696 2988 2911 3051 divinae
2942 2988 3302 3069 cognitionis
3335 2989 3512 3051 latice
3539 3011 3555 3069 ;
3587 2990 3761 3053 Basi-

2105 3079 2247 3140 lium
2282 3080 2591 3155 Magnum,
2626 3077 2995 3158 Theologum
3048 3080 3424 3159 Gregorium,
3461 3090 3520 3141 et
3567 3081 3759 3163 incly-

2108 3181 2229 3228 tum
2258 3169 2575 3243 Joannem,
2611 3186 2863 3229 aureum
2916 3170 3061 3231 illud
3118 3170 3475 3252 eloquentia;
3506 3171 3756 3249 ﬂumen,

2103 3276 2401 3319 consensu
2421 3259 2545 3336 pari
2567 3259 2929 3320 honoremus
2951 3277 3161 3321 omnes
3187 3261 3289 3337 qui
3313 3279 3522 3322 eorum
3541 3262 3763 3343 scripta

2101 3348 2472 3410 adamamus.
2509 3348 2739 3410 Etenim
2794 3348 3066 3411 Trinitati
3116 3367 3225 3430 pro
3286 3349 3460 3413 nobis
3518 3369 3759 3434 semper

2102 3438 2463 3519 supplicant.

2670 3530 2875 3593 Aliud.
2905 3528 3108 3593 Tonus
3138 3533 3199 3595 4.

2180 3625 2400 3687 Iisdem
2433 3623 2650 3706 quibus
2683 3623 2938 3703 apostoli
2972 3625 3206 3704 praediti
3240 3628 3533 3708 moribus,
3568 3646 3636 3688 ac
3656 3628 3758 3690 do-

2097 3722 2292 3776 ctores
2323 3713 2510 3789 orbis,
2538 3713 2858 3777 Dominum
2907 3712 3329 3777 universorum
3382 3724 3571 3791 orate,
3608 3725 3669 3777 ut
3697 3726 3758 3779 et

2099 3804 2323 3866 mundo
2358 3822 2587 3884 pacem,
2623 3811 2681 3864 et
2711 3802 2886 3865 nobis
2921 3804 3405 3867 misericordiam
3470 3825 3753 3886 magnam

2038 3894 2078 3943 C
2105 3893 2501 3972 impartiatur.

445 3977 585 4068 l30_.
607 3977 891 4068 Sequitur
920 3974 1265 4068 benedictio
1296 3974 1491 4068 panis,
1521 3974 1643 4068 vini
1677 3976 1926 4068 etolei;
1960 3989 2025 4068 et
2070 4002 2175 4062 pro
2221 3984 2526 4068 communi
2558 3982 2805 4064 quidem
2843 4001 2993 4062 pane
3024 3983 3240 4046 diebus
3272 3984 3753 4068 solemnioribus

355 4057 578 4140 apponi
602 4056 957 4140 paiimatia,
987 4056 1048 4140 id
1080 4065 1176 4140 est
1195 4074 1382 4140 panes
1416 4057 1708 4120 biscoctos
1739 4058 1919 4120 tradit
1952 4056 2149 4127 Goar:
2186 4065 2370 4126 credo

356 4135 709 4204 solemni—tas
733 4135 1114 4220 prohibebat.
1140 4135 1273 4202 Olei
1298 4145 1497 4201 autem
1524 4157 1645 4202 non
1672 4140 1946 4204 meminit
1972 4144 2039 4208 S.
2062 4144 2397 4208 Germanus

359 4221 447 4283 sic
485 4218 753 4302 loquitur
784 4218 1051 4300 Typicon
1074 4240 1087 4277 :

440 4329 501 4387 Ὀ
572 4328 629 4386 δὲ
707 4328 1019 4405 διελλαρίτης
1101 4329 1409 4404 προτίθησιν
1479 4328 1535 4386 ἐν
1610 4330 1686 4404 τῷ
1746 4328 2016 4409 ἀναλογίῳ

357 4420 546 4501 ἄρτους
596 4418 664 4495 ε’,
717 4416 768 4485 ἐξ
816 4422 891 4475 ὧν
938 4416 1179 4493 ἐσθίομεν
1226 4416 1281 4473 ἐν
1341 4416 1407 4493 τῇ
1450 4418 1711 4496 τραπέζῃ·
1759 4420 2011 4485 ὡσαύτως

357 4512 447 4568 καὶ
505 4510 735 4586 στάμνον
777 4506 928 4565 οἴνου
987 4514 1080 4564 τοῦ
1138 4506 1445 4582 καλλίστου,
1499 4508 1584 4562 καὶ
1624 4506 1801 4584 ὀλίγον
1833 4506 2009 4565 ἔλαιον

356 4603 432 4666 εἷς
476 4597 641 4679 ἄγγος
673 4623 746 4662 τι.
783 4598 842 4657 Ὀ
900 4598 954 4654 δὲ
1010 4600 1197 4671 ἱερεὺς,
1252 4596 1430 4654 λαϐὼν
1461 4596 1615 4674 ἄρτον
1644 4595 1733 4653 ἕνα
1764 4600 1849 4654 ἐπὶ
1882 4610 2008 4678 χεῖ-

358 4713 480 4771 ρας,
509 4692 597 4747 καί
649 4690 898 4752 τυπώσας
959 4687 1013 4742 ἐν
1073 4687 1216 4762 αύτῴ
1272 4688 1516 4768 σταυρὸν,
1567 4687 1855 4768 ἐπεύχεται
1907 4689 2004 4758 τὴν

357 4782 527 4861 εὐχὴν
560 4782 756 4846 ταύτην
785 4777 1032 4859 ἐκφώνως
1066 4798 1081 4813 ⁶

443 4870 598 4949 Κύριε
650 4869 832 4936 Ἰησοῦ
887 4868 1103 4946 Χριστὲ,
1150 4869 1178 4924 6
1231 4870 1359 4932 Θεὸς
1404 4868 1585 4948 ἡμῶν,
1630 4871 1657 4925 6
1706 4867 2003 4947 εὐλογήσας

353 4961 476 5023 τοὺς
536 4959 694 5017 πέντε
752 4957 963 5037 ἄρτους,
1033 4959 1121 5013 καὶ
1176 4957 1643 5038 πεντακισχιλίους
1704 4960 2000 5039 χορτάσας,

355 5052 512 5115 αὐτὸς
544 5049 833 5128 εὖλόγησον
880 5049 969 5104 καὶ
1010 5049 1134 5110 τοὺς
1165 5046 1353 5126 ἄρτους
1377 5049 1619 5123 τούτους,
1673 5050 1764 5105 τόν
1824 5062 1999 5125 σῖτον,

352 5143 444 5197 τὸν
506 5141 680 5213 οἶνον,
733 5141 819 5196 καὶ
866 5140 926 5193 τὸ
977 5136 1154 5193 ἔλαιον
1187 5157 1201 5171 ⁸
1265 5138 1349 5194 καὶ
1397 5137 1660 5207 πλήθονον
1693 5138 1824 5196 αὐτὰ
1852 5143 1906 5196 ἒν
1937 5146 2007 5217 τῇ

356 5230 477 5307 ἆγίᾳ
533 5235 672 5305 μονῇ
710 5231 797 5286 καὶ
852 5230 923 5292 εἷς
974 5229 1066 5284 τὸν
1117 5226 1319 5299 κόσμον
1347 5249 1439 5283 σου
1472 5227 1680 5284 ἅπαντα
1710 5247 1724 5262 ⁶
1762 5231 1847 5285 καὶ
1879 5231 2001 5295 τοὺς

352 5320 405 5386 ἐξ
450 5321 620 5378 αὒτῶν
652 5316 1157 5395 μεταλαμϐάνοντας
1188 5318 1406 5381 πιστοὺς
1468 5318 1686 5395 ἁγίασον
1720 5335 1733 5348 '
1799 5317 1879 5375 ὅτι
1918 5322 1999 5388 ,σὺ

353 5411 408 5466 εἴ
468 5413 495 5466 6
541 5408 775 5485 εὐλογῶν
834 5409 919 5464 καὶ
974 5407 1208 5485 ἁγιάζων
1252 5407 1317 5463 τὰ
1367 5408 1669 5487 σύμπαντα³
1720 5410 1913 5486 Χριστὲ
1972 5412 1999 5466 ὁ

352 5500 480 5566 Θεὸς
537 5501 713 5575 ἡμῶν,
769 5498 858 5554 καὶ
888 5498 969 5553 σοὶ
1011 5498 1112 5565 τὴν
1142 5495 1292 5564 δόξαν
1353 5497 1739 5574 ἀναπέμπομεν
1801 5499 1893 5556 σὺν
1922 5506 2000 5576 τῷ

350 5589 573 5669 ἀνάρχῳ
613 5609 708 5644 σου
744 5588 930 5663 Πατρὶ,
978 5587 1063 5643 καὶ
1119 5592 1195 5661 τῷ
1236 5589 1502 5668 παναγίῳ,
1533 5588 1620 5646 καὶ
1654 5587 1857 5668 ἀγαθῷ,
1912 5592 1999 5647 καὶ

2449 4067 2544 4126 nia
2595 4073 2738 4125 tunc
2792 4082 3003 4142 panem
3059 4073 3363 4127 recentem
3396 4067 3569 4139 coqui
3604 4066 3746 4128 festi

2449 4085 2544 4126 uta
2595 4085 2738 4125 tunc
2792 4085 3003 4142 panem
3059 4085 3363 4127 recentem
3396 4085 3569 4139 coqui
3604 4085 3745 4128 iesu

2405 4085 2515 4207 qDe
2540 4144 2670 4225 ipsa
2687 4162 2824 4206 vero
2845 4146 3266 4224 praedictorum
3300 4147 3745 4228 benedictione,

2178 4336 2433 4396 Promus
2461 4332 2689 4394 condus
2722 4332 2967 4414 exponit
2995 4332 3057 4395 in
3088 4334 3318 4416 pulpito
3363 4352 3550 4416 panes
3571 4335 3749 4415 quin-

2095 4442 2234 4503 que,
2263 4422 2573 4503 quibusin
2609 4440 2816 4484 mensa
2861 4423 3179 4486 vescimur.
3215 4424 3477 4505 Apponit
3509 4444 3747 4505 quoque

2093 4513 2441 4593 amphoram
2467 4514 2701 4592 plenam
2734 4512 2852 4573 vini
2884 4513 3421 4591 generosissimi,et
3446 4514 3745 4576 modicum

2092 4601 2289 4663 oleum
2326 4603 2385 4663 in
2404 4603 2605 4679 aliquo
2628 4603 2947 4664 vase.Tum
2981 4603 3286 4685 sacerdos,
3315 4604 3613 4684 accipiens
3634 4623 3743 4685 pa-

2091 4711 2225 4753 nem
2262 4712 2443 4755 unum
2496 4693 2555 4753 in
2589 4709 2821 4766 manus,
2854 4693 2906 4752 in
2957 4711 3148 4774 eoque
3197 4694 3459 4755 formans
3509 4699 3744 4771 signum

2090 4782 2305 4859 crucis,
2344 4781 2539 4843 fundit
2572 4781 2722 4843 elata
2768 4800 2910 4843 voce
2942 4783 3093 4845 hanc
3128 4785 3495 4845 orationem:

2173 4873 2309 4933 131.
2340 4871 2591 4933 Domine
2648 4871 2789 4931 .lesu
2841 4870 3097 4947 Christe,
3142 4872 3301 4934 Deus
3361 4876 3586 4951 noster,
3637 4871 3740 4951 qui

2088 4962 2352 5041 quinque
2378 4958 2632 5040 panibus
2656 4958 3284 5042 benedictis,quinque
3315 4961 3502 5022 millia
3533 4961 3736 5021 homi-

2090 5071 2230 5112 num
2256 5049 2481 5111 satiasti
2507 5069 2523 5130 ;
2552 5048 2708 5109 idem
2734 5049 2842 5109 hos
2865 5067 3074 5131 panes,
3111 5051 3496 5126 frumentum,
3534 5049 3736 5111 vinum

2089 5141 2362 5202 etoleum
2391 5138 2667 5217 benedic,
2704 5146 2761 5198 et
2791 5138 2917 5199 hmo
2950 5140 3278 5220 multiplica
3303 5140 3362 5201 ln
3395 5141 3506 5201 hac
3538 5148 3742 5201 sancta

2091 5232 2476 5304 habitatione,
2514 5238 2572 5291 et
2591 5247 2698 5310 per
2718 5230 3059 5292 universum
3092 5241 3260 5293 tuum
3287 5231 3599 5313 orbem,ex
3626 5232 3735 5293 iis-

2085 5342 2199 5403 que
2222 5328 2593 5382 comesturos
2621 5319 2829 5381 ﬁdeles
2850 5322 3319 5404 sanctiﬁca,quia
3344 5330 3405 5383 tu
3426 5321 3738 5383 benedicis

2085 5422 2139 5473 et
2162 5411 2501 5472 sanctiﬁcas
2523 5427 2617 5469 om
2629 5408 2992 5485 nia,Christe
3012 5410 3174 5473 Deus
3195 5410 3543 5488 noster;tibi
3575 5411 3735 5472 enim

2084 5501 2337 5582 gloriam
2362 5498 2703 5571 tribuimus,
2728 5516 2864 5560 cum
2885 5508 2983 5562 tuo
3010 5502 3273 5583 ingenito
3292 5502 3488 5583 Patre,
3516 5510 3575 5563 et
3596 5518 3732 5560 om—

2019 5629 2064 5681 D
2085 5592 2225 5652 nino
2251 5597 2459 5681 sancto
2491 5596 2550 5649 et
2583 5586 2738 5681 bono
2770 5607 2838 5650 ac
2868 5590 3101 5656 viviﬁco
3134 5599 3233 5655 tuo
3266 5590 3515 5675 Spiritu,
3541 5605 3727 5664 nunc,

348 5674 597 5743 ζωοποιῷ
626 5688 719 5723 σου
752 5673 1016 5741 Πνευματι
1047 5674 1135 5725 νῦν
1165 5669 1253 5726 καὶ
1300 5669 1404 5744 ἀεὶ,
1460 5671 1548 5727 καὶ
1601 5671 1675 5734 εἷς
1705 5670 1826 5735 τοὺς
1860 5672 1995 5729 αἰῶ-

2112 5690 2139 5742 ει
2169 5681 2230 5742 in
2261 5678 2477 5741 saecula
2506 5678 2887 5742 saeculorum.

348 5788 439 5832 νας
462 5774 570 5826 τῶν
601 5765 830 5824 αἰώνων.

432 5859 530 5917 Καὶ
582 5857 718 5935 μετὰ
774 5856 839 5913 τὸ
895 5853 1094 5932 Ἀμὴν,
1157 5854 1386 5937 λέγομεν
1430 5856 1516 5938 λγ’
1557 5857 1911 5940 ψαλμὸνάτὸ,

2167 5858 2303 5926 132.
2335 5857 2412 5922 Et
2435 5855 2595 5921 dicto
2623 5856 2845 5937 Amen,
2869 5857 3196 5922 recitamus
3244 5862 3484 5922 tertium
3529 5864 3589 5921 et
3614 5855 3727 5919 tri-
