4140 6422
348 10 385 17 F,
419 15 432 18 _
463 3 506 18 .._..-
599 3 620 12 -
722 4 752 20 Η
787 7 802 10 ..
882 6 889 7 κ
941 7 1138 14 ._...-__.._...

389 396 686 445 (ἊῘῘΧΙΝῘῘῙ

1828 379 2023 444 PROL
2032 375 2421 443 EGOMENA.

389 512 688 575 immisisti
712 515 772 575 in
827 533 893 575 os
919 522 1218 595 nostrum,
1252 523 1315 577 nt
1344 516 1663 578 adoremus
1697 522 1755 576 et
1787 515 2035 574 invoce-

2134 513 2195 575 εἰς
2228 514 2290 570 τὸ
2342 513 2515 591 στόμα
2570 514 2730 591 ἡμῶν
2788 513 2950 591 λόγον
2988 510 3265 582 αἰνέσεως,
3309 514 3404 566 τοῦ
3454 517 3770 585 προσκυνεῖν

392 622 525 665 mus
551 623 763 665 nomen
787 613 1055 666 sanctum
1086 614 1340 684 tuum,et
1364 604 1832 667 misericordiam
1852 613 2032 674 tuam,

392 710 509 767 qua
537 711 776 773 semper
805 694 963 756 circa
990 693 1165 754 vitam
1232 704 1496 756 nostram
1530 711 1675 756 usus
1704 712 1789 756 es.
1824 690 2036 753 Preca-

2120 604 2208 657 καὶ
2238 601 2607 662 ἐπικαλεῖσθαι
2667 605 2728 661 τὸ
2757 603 2925 679 ὄνομά
2976 624 3068 659 σου
3113 602 3176 657 τὸ
3204 600 3379 677 ἅγιον.
3414 595 3520 657 Καὶ
3549 595 3773 669 δεόμεθα

2121 705 2239 756 τοῖς
2272 696 2591 772 οἰκτιρμοϊς³
2628 696 2718 758 οἷς
2749 695 2977 750 πάντοτε
3017 691 3239 771 ἐχρήσω
3271 689 3388 764 περὶ
3427 689 3527 753 τὴν
3561 686 3768 760 ἡμετέ-

392 799 529 842 mur
558 782 812 855 te,mitte
831 792 888 843 et
912 802 1071 844 nunc
1096 784 1379 844 auxilium
1415 793 1577 844 tuum
1602 801 1784 863 super
1815 791 2020 842 astun—

2134 803 2205 839 ἀν
2234 788 2401 865 ζωὴν,
2433 788 2521 844 καὶ
2552 796 2639 846 νῦν
2682 785 3053 852 ἑξαπόστειλον
3105 783 3203 849 τὴν
3240 777 3497 858 βοήθειάν
3548 801 3643 836 σου
3677 778 3771 833 ἐπὶ

392 878 482 931 tes
514 890 713 932 coram
748 872 899 933 facie
937 873 1139 950 gloria:
1189 880 1398 945 tum,ut
1424 874 1727 952 copiosam
1766 891 1797 933 a
1841 883 1891 929 to
1925 871 2041 930 ml-

393 962 749 1022 serationem
788 969 1203 1042 exspectemus
1241 981 1253 1023 :
1294 963 1487 1042 iisque
1520 962 1628 1024 tibi
1660 982 1793 1023 curn
1834 972 2043 1020 timore

394 1059 451 1110 et
482 1050 767 1113 charitate
798 1052 1227 1132 servientibus,
1258 1052 1721 1113 inenarrabilem
1747 1061 1903 1112 tuam
1942 1050 2035 1109 bn-

395 1138 641 1201 nitatem
671 1140 916 1202 laudare
949 1141 1234 1203 concede.
1271 1141 1419 1214 Quia
1451 1144 1735 1203 convenit
1770 1142 1872 1201 tibi
1908 1160 2035 1201 om-

396 1230 490 1289 nis
521 1229 728 1310 gloria,
781 1232 973 1293 honor
1029 1240 1087 1293 et
1140 1232 1430 1305 adoratio,
1471 1232 1653 1312 Patri,
1689 1241 1745 1292 et
1781 1231 1948 1305 Filio,
1987 1240 2043 1290 et

396 1318 640 1399 Spiritui
669 1329 897 1394 sancto,
933 1340 1091 1382 nunc
1118 1330 1175 1381 et
1206 1339 1465 1401 semper.
1498 1329 1556 1383 et
1588 1321 1646 1383 in
1681 1320 1893 1382 saecula
1926 1339 2040 1381 saa-

400 1408 695 1472 culorum.
729 1409 942 1472 Amen.

1024 1499 1308 1565 ORATIO
1352 1501 1420 1563 ll.

482 1589 622 1652 145.
658 1591 744 1651 De
772 1599 942 1651 nocte
974 1601 1176 1653 noster
1196 1592 1437 1672 spiritus
1459 1591 1528 1651 ad
1568 1602 1623 1653 te
1656 1592 2042 1667 vigilat,l)eus

403 1687 625 1751 noster,
660 1679 800 1758 quia
827 1688 1122 1759 pracepta
1158 1690 1255 1742 tua
1287 1682 1487 1742 lumen
1527 1692 1662 1742 sunt
1692 1700 1873 1761 super
1916 1694 2040 1741 ter-

398 1785 549 1829 ram.
579 1765 735 1828 Doce
767 1786 875 1829 nos
899 1770 1193 1847 justitiam
1238 1781 1296 1833 et
1331 1771 1701 1832 sanctitatem
1737 1772 1797 1831 in
1833 1772 2042 1831 timore

398 1860 712 1940 perﬁcere.
746 1860 829 1922 Te
860 1862 1018 1922 enim
1056 1871 1407 1925 utnostrum
1441 1882 1645 1924 verum
1680 1863 1865 1926 Deum
1902 1863 2013 1923 coli

394 1966 546 2010 mus.
582 1947 812 2011 lnclina
842 1968 1044 2012 aurem
1080 1953 1485 2024 tuam,etaudi
1520 1972 1657 2029 nos;
1692 1963 1748 2013 et
1780 1970 2015 2014 momen

393 2045 476 2112 to,
511 2039 791 2113 Domine,
828 2040 1234 2119 prasentium,
1273 2060 1603 2124 eorumque
1670 2042 2040 2114 nominatim,

2130 876 2249 936 τοὺς
2275 876 2509 939 ἑστῶτας
2544 879 2642 952 πρό
2674 877 2961 956 προσώπου
3010 878 3109 939 τῆς
3168 872 3318 946 ἁγίας
3352 868 3507 936 δόξης
3541 891 3658 936 σου,
3687 868 3776 923 καὶ

2128 963 2601 1046 ἀπεκδεχομένους
2653 967 2714 1022 τὸ
2755 967 2897 1043 παρὰ
2926 970 3018 1020 τοῦ
3049 960 3301 1019 πλούσιον
3332 959 3480 1023 ἔλεος
3508 976 3519 988 ⁸
3559 960 3644 1015 καὶ
3688 956 3774 1020 δὸς

2128 1054 2332 1122 αὐτοῖς,
2370 1056 2505 1127 μετὰ
2536 1054 2698 1124 φόϐου
2727 1056 2814 1111 καὶ
2844 1054 3060 1131 ἀγάπης
3099 1050 3325 1107 πάντοτέ
3380 1072 3459 1107 σοι
3491 1048 3774 1127 λατρεύον-

2127 1164 2244 1222 τας,
2308 1146 2478 1201 αἰνεῖν
2537 1146 2636 1211 τὴν
2689 1142 3070 1220 ὰνεκδιήγητον
3114 1148 3205 1197 σου
3255 1139 3579 1217 ἆγαθότητα.
3664 1136 3776 1195 Ὀτι

2126 1231 2313 1309 πρέπει
2349 1256 2432 1291 σοι
2465 1240 2610 1290 πᾶσα
2654 1232 2798 1309 δόξα,
2832 1233 2965 1307 τιμὴ
2998 1232 3086 1287 καὶ
3139 1229 3516 1308 προσκύνησις,
3550 1230 3626 1302 τῷ
3661 1234 3778 1283 [ια’

2124 1322 2205 1396 τρὶ
2235 1324 2321 1377 καὶ
2372 1328 2447 1395 τῷ
2504 1325 2630 1397 ritis,
2666 1323 2753 1378 καὶ
2800 1328 2875 1395 τῷ
2929 1321 3063 1397 ἆγίιρ
3096 1318 3387 1393 Ηνεύματι,
3425 1325 3511 1375 νῦν
3543 1318 3630 1372 καὶ
3662 1315 3771 1388 ἀεὶ,

2127 1412 2213 1465 καὶ
2245 1411 2319 1475 εἰς
2351 1414 2471 1475 τοὺς
2506 1412 2700 1473 αἰῶνας
2747 1416 2852 1465 τῶν
2884 1410 3112 1469 αἰώνων,
3154 1408 3351 1482 Ἀμήν.

2795 1505 2971 1557 erxn
3020 1494 3105 1560 ΠΣ

2212 1586 2299 1645 Ἐν
2332 1590 2516 1651 νυκτὸς
2573 1589 2792 1668 ὁρθρίζει
2837 1590 2897 1643 τὸ
2951 1593 3158 1661 πνεῦμα
3215 1587 3374 1661 ἡμῶν
3423 1586 3554 1662 πρὸς
3601 1585 3686 1665 σὲ,
3747 1589 3775 1641 ὁ

2131 1679 2261 1741 Θεὸς
2287 1678 2463 1751 ἡμῶν,
2512 1678 2641 1734 διότι
2701 1680 2811 1758 φῶς
2869 1679 2934 1733 τὰ
2992 1675 3379 1755 προστάγματα
3437 1696 3529 1730 σου
3562 1675 3776 1743 ἐπὶτῆς

2131 1770 2258 1845 γῆς.
2295 1768 2641 1835 Δικαιοσύνην
2676 1770 2763 1824 καὶ
2814 1769 3073 1843 ὑγιασμὸν
3115 1763 3382 1822 ἐπιτελεῖν
3414 1768 3467 1820 ὲν
3498 1770 3575 1838 τῷ
3632 1764 3780 1845 φόϐῳ

2129 1879 2220 1913 σου
2246 1857 2519 1913 συνέτισον
2566 1860 2735 1934 ἡμᾶς.
2790 1858 2857 1912 Σὲ
2905 1858 3007 1934 γὰρ
3043 1854 3327 1929 δοξάζομεν
3366 1856 3458 1910 τὸν
3488 1854 3652 1918 ὅντως
3684 1856 3778 1911 ἄν-

2132 1968 2192 2002 τα
2254 1947 2382 2002 Θεὸν
2443 1950 2622 2015 ἡμῶν.
2675 1946 2865 2005 Κλϊνον
2920 1949 2979 2003 τὸ
3037 1945 3123 2009 οὖς
3182 1966 3298 2018 σου,
3347 1946 3433 2000 καὶ
3487 1944 3779 2002 ἐπάκουσον

2129 2038 2285 2111 ἡμῶν
2322 2051 2335 2065 ⁸
2394 2038 2482 2093 καὶ
2533 2040 2821 2115 μνήσθητι,
2874 2033 3056 2115 Κύριε,
3115 2034 3221 2091 τῶν
3254 2036 3641 2113 συμπαρόντων
3692 2037 3778 2093 καὶ

394 2126 499 2203 qui
526 2146 647 2189 una
704 2127 1014 2190 nobiscum
1066 2139 1550 2210 comprecantur,
1588 2142 1645 2192 et
1695 2132 1908 2191 virtute
1949 2140 2043 2191 tua

2134 2125 2539 2205 συνευχομένων
2585 2129 2722 2200 ἡμῖν
2783 2127 2997 2181 πάντων
3052 2125 3172 2181 κατ’
3233 2124 3421 2197 ὄνομα,
3477 2127 3565 2181 καὶ
3608 2132 3779 2182 σῶσον

397 2234 500 2277 eos
531 2217 723 2278 salvos
752 2217 866 2279 fac.
894 2219 1156 2281 Benedic
1191 2221 1475 2299 populum
1508 2231 1758 2301 tuum,et
1787 2220 2043 2282 haeredi-

397 2313 576 2366 tatem
604 2315 762 2366 tuam
796 2308 1138 2382 sanctiﬁca;
1175 2309 1304 2370 orbi
1331 2319 1456 2385 tuo,
1492 2310 1775 2373 Ecclesiis
1802 2312 2044 2383 tuis,sa-

399 2394 767 2464 cerdotibus,
800 2394 1265 2475 imperatoribus
1298 2401 1541 2474 nostris,
1579 2409 1636 2462 et
1684 2408 1900 2461 cuncto
1936 2418 2044 2478 po-

400 2483 537 2563 pulo
573 2501 777 2562 pacem
810 2487 1260 2559 concede.Quia
1287 2488 2040 2569 benedictumgloriosum,

398 2572 803 2634 venerandum
833 2582 889 2635 et
922 2577 1297 2655 magniﬁcum
1335 2588 1425 2640 est
1456 2598 1674 2640 nomen
1711 2588 1895 2651 tnum,
1934 2581 2045 2639 Pa-

401 2662 531 2734 tris,
568 2670 625 2721 et
658 2662 814 2735 Filii,
852 2671 909 2724 et
959 2665 1215 2745 Spiritus
1247 2669 1464 2743 sancti,
1505 2688 1659 2731 nunc
1694 2677 1751 2729 et
1782 2686 2043 2747 semper,

403 2758 461 2813 et
487 2750 545 2810 in
577 2751 793 2812 saecula
824 2754 1203 2818 saeculorum.
1239 2755 1450 2818 Amen.

1002 2933 1289 2999 ORATIO
1330 2936 1429 2998 III.

2132 2216 2319 2277 αὐτοὺς
2376 2217 2442 2290 τῇ
2471 2215 2685 2289 δυνάμει
2716 2238 2833 2274 σου.
2872 2215 3172 2293 Εὒλόγησον
3220 2216 3312 2270 τὸν
3360 2212 3488 2270 λαόν
3520 2236 3635 2289 σου,
3691 2218 3779 2272 καὶ

2130 2305 2347 2383 ἁγίασον
2419 2306 2514 2372 τὴν
2570 2305 2929 2380 κληρονομίαν
2978 2327 3073 2360 σου
3110 2323 3125 2339 ο
3185 2306 3399 2381 εἰρήνην
3465 2310 3543 2377 τῷ
3593 2306 3780 2380 κόσμῳ

2130 2416 2225 2451 σου
2274 2392 2534 2472 δώρησαι,
2609 2408 2732 2458 ταῖς
2793 2393 3138 2461 Ἐκκλησίαις
3197 2415 3312 2465 σου,
3376 2394 3496 2455 τοῖς
3561 2395 3775 2473 ἰερεῦσι,

2128 2498 2247 2548 τοῖς
2306 2482 2615 2559 βασιλεῦσιν
2666 2486 2845 2563 ἡμῶν,
2879 2487 2965 2540 καὶ
3010 2485 3163 2540 παντὶ
3195 2489 3269 2557 τῷ
3325 2482 3439 2557 λαῷ
3498 2506 3612 2546 σου.
3645 2483 3781 2542 "Ott

2129 2572 2427 2650 ηὖλόγηται
2489 2574 2577 2629 καὶ
2632 2570 2933 2637 δεδόξασθαι
2978 2576 3039 2629 τὸ
3084 2573 3345 2647 πάντιμον
3405 2574 3493 2629 καὶ
3550 2573 3782 2651 μεγαλο-

2130 2662 2327 2740 πρεπὲς
2374 2662 2540 2737 ὄνομά
2603 2684 2719 2741 σου,
2779 2672 2871 2720 τοῦ
2932 2663 3156 2739 Πατρὸς,
3232 2663 3454 2717 καὶτοῦ
3501 2664 3640 2735 Υἰοῦ,
3697 2665 3785 2720 καὶ

2129 2760 2221 2810 τοῦ
2252 2754 2404 2829 ἁγίου
2434 2751 2764 2830 Πνεύματος,
2815 2759 2901 2807 νῦν
2947 2753 3034 2808 καὶ
3082 2752 3184 2825 ἀεὶ,
3219 2752 3306 2806 καὶ
3338 2752 3409 2814 εἰς
3441 2752 3559 2816 τοὺς
3592 2754 3783 2815 αἰῶνας

2133 2845 2239 2897 τῶν
2272 2840 2369 2897 αἱώ
2380 2862 2499 2902 νων,
2534 2838 2733 2915 Ἀμήν,

2803 2934 2983 2986 erm
3030 2927 3109 2990 I".

484 3019 623 3083 146.
658 3018 743 3081 De
800 3034 978 3085 nocte
1028 3024 1271 3103 spiritus
1324 3032 1526 3086 noster
1580 3026 1649 3084 ad
1710 3035 1765 3087 te
1827 3026 2043 3104 vigilat,

2217 3017 2315 3077 Ἐκ
2375 3019 2559 3081 νῦιιτὸς
2607 3020 2825 3097 ὀρθρίζει
2875 3021 2936 3075 τὸ
2979 3026 3184 3094 πνεῦμα
3246 3022 3402 3094 ἡμῶν
3448 3022 3573 3098 πρὸς
3626 3022 3703 3093 σὲ,
3753 3024 3782 3078 ὸ

400 3108 578 3181 Deus,
610 3114 749 3189 quia
781 3121 1078 3191 praecepta
1115 3119 1209 3173 tua
1243 3113 1442 3173 lumen
1493 3123 1656 3175 sunt.
1704 3115 1862 3178 Doce
1919 3135 2043 3189 nos,

2139 3110 2292 3178 Θεὸς,
2328 3107 2460 3165 διότι
2492 3114 2604 3186 φῶς
2632 3111 2697 3164 τὰ
2747 3108 3132 3186 προστάγματά
3176 3131 3291 3171 σου.
3358 3107 3569 3176 Δίδαξον
3612 3114 3780 3186 ἡμᾶς,

404 3199 586 3269 Deus,
615 3198 906 3277 justitiam
943 3207 1126 3279 tuam,
1165 3202 1440 3263 mandata
1460 3210 1579 3275 tua,
1603 3204 2043 3282 justiticatinnei

2139 3201 2166 3255 ὁ
2203 3200 2356 3279 Θεὸς,
2406 3201 2505 3265 τὴν
2558 3196 2893 3264 δικαιοσύνην
2940 3220 3057 3278 σου,
3115 3202 3199 3255 καὶ
3240 3198 3331 3262 τὰς
3387 3199 3601 3266 ἐντολάς
3662 3224 3778 3273 σου,

408 3286 851 3349 tualelumina
874 3291 1161 3351 mentium
1188 3301 1523 3353 nostrarum
1551 3294 1779 3373 oculos,
1812 3296 2043 3356 nefnrte

2138 3288 2224 3344 καὶ
2252 3289 2317 3344 τὰ
2350 3286 2686 3362 δικαιώματά
2718 3310 2832 3350 σου.
2866 3286 3109 3345 Φῶτισον
3158 3290 3274 3352 τοὺς
3322 3288 3625 3368 ὀφθαλμοὺς
3676 3291 3782 3346 τῶν

406 3374 466 3436 in
504 3375 764 3455 peccatis
809 3376 878 3437 ad
917 3387 1168 3441 mortem
1223 3380 1689 3443 obdormiamns.
1726 3382 2043 3462 Caligiuem

2139 3376 2381 3434 διανοιῶν
2429 3379 2609 3453 ἡμῶν,
2668 3379 2878 3453 μήποτε
2938 3379 3266 3453 ὑπνώσωμεν
3300 3377 3354 3434 ἒν
3403 3380 3678 3457 ἁμαρτίαις
3706 3384 3781 3445 εἱς

406 3483 644 3526 omnem
679 3466 1013 3529 acordibus
1046 3470 1263 3531 nostris
1304 3470 1581 3549 dispelle.
1650 3472 1851 3533 Praebe
1883 3474 2043 3535 nobis

2138 3468 2381 3529 θάνατον,
2445 3466 2745 3524 Ἀπέλασον
2804 3468 2976 3523 πάντα
3034 3469 3191 3547 ζόφον
3250 3469 3355 3524 ἀπὸ
3401 3471 3503 3525 τῶν
3563 3468 3787 3547 καρδιῶν

404 3553 646 3627 iustitia;
686 3554 897 3629 solem,
939 3570 1318 3640 nostramque
1352 3566 1523 3621 vitam
1559 3561 1631 3623 ab
1661 3565 1822 3623 omni
1860 3572 2043 3624 tenta-

2145 3556 2316 3632 ἡμῶν.
2364 3557 2589 3636 Χάρισαι
2638 3559 2779 3631 ἡμῖν
2808 3557 2901 3613 τὸν
2944 3557 3041 3624 τῆς
3074 3556 3412 3625 δικαιοσύνης
3462 3557 3639 3634 ἥλιον,
3700 3562 3792 3617 καὶ

404 3645 565 3704 tione
592 3642 838 3705 liberam
873 3646 983 3707 sub
1018 3645 1213 3727 sigillo
1250 3648 1508 3730 Spiritus
1531 3653 1719 3713 sancti
1744 3657 1826 3713 tui
1862 3663 2043 3715 custo-

2139 3646 2535 3726 ἀνεπηρέαστον
2571 3646 2671 3713 τὴν
2702 3646 2841 3717 ζωὴν
2873 3647 3029 3722 ἡμῶν
3080 3643 3390 3726 διαφύλαξον
3437 3647 3490 3702 ἐν
3521 3655 3588 3724 τῇ
3617 3671 3793 3730 σφρα-

514 3731 713 3812 Dirige
734 3753 976 3812 gressus
1014 3746 1248 3800 nostros
1273 3740 1331 3800 in
1364 3741 1517 3801 viam
1552 3743 1735 3821 pacis.
1775 3742 1855 3803 Da
1889 3745 2043 3805 nobis

2138 3737 2249 3815 γτδι
2322 3746 2416 3795 τοῦ
2466 3738 2617 3816 ἆγίου
2675 3760 2769 3796 σου
2816 3740 3146 3815 Πνεύματος.
3210 3742 3533 3799 Κατεύθυνον
3581 3743 3645 3798 τὰ
3673 3741 3797 3798 δια-

403 3820 608 3883 videre
638 3822 965 3886 diluculum
992 3834 1053 3888 et
1074 3827 1229 3889 diem
1256 3827 1315 3889 in
1342 3820 1827 3905 exsultatione,ut
1861 3842 1915 3893 te
1940 3853 2032 3893 ma

2139 3826 2355 3903 ϐήματα
2399 3828 2554 3902 ἡμῶν
2599 3828 2673 3892 εἷς
2725 3825 2843 3883 ὁδόν
2894 3830 3130 3907 εἰρήνης.
3197 3830 3297 3893 Δὸς
3358 3832 3495 3905 ἡμῖν
3538 3829 3669 3888 ἰδεῖν
3708 3834 3794 3888 τὸν

405 3909 607 4002 tutinis
639 3914 1136 3979 concelebremus
1182 3917 1484 3981 laudibus.
1517 3919 1664 3991 Quia
1700 3930 1798 3982 tua
1828 3931 1915 3982 est
1951 3942 2043 4002 po-

2139 3916 2316 3995 ὄρθρον
2366 3918 2454 3973 καὶ
2503 3916 2600 3984 τὴν
2643 3916 2848 3995 ἡμέραν
2898 3917 2953 3973 ἐν
3010 3916 3353 3999 ἀγαλλιάσει,
3417 3918 3508 3976 ἵνα
3570 3943 3652 3977 σοι
3698 3926 3797 3987 τὰς

404 4000 611 4091 tentia,
647 4010 706 4091 e_t
736 4011 898 4066 tuum
935 4012 1024 4066 est
1053 4018 1395 4083 regnum,et
1417 4009 1599 4069 virtus
1634 4018 1690 4069 et
1713 4010 1921 4088 gloria,
1950 4000 2043 4071 Pa-

2139 4005 2357 4069 ὲωθινὰς
2388 4004 2794 4080 ἀναπέμπωμεν
2850 4008 3038 4085 εὗχάς,
3074 4007 3208 4066 "Ott
3241 4008 3333 4064 σὸν
3361 4009 3422 4065 τὸ
3456 4010 3670 4091 κράτος,
3706 4022 3797 4077 καὶ

408 4088 535 4180 tris,
568 4098 630 4151 et
651 4089 817 4180 AFilii,
851 4103 910 4155 et
932 4094 1187 4174 Spiritus
1216 4099 1430 4172 sancti,
1458 4116 1618 4158 nunc
1644 4109 1702 4160 et
1723 4110 2043 4179 semper.el

2141 4095 2235 4150 σοῦ
2288 4094 2430 4150 ἐστιν
2472 4096 2506 4163 ἡ
2553 4094 2818 4175 βασιλεία,
2877 4099 2964 4152 καὶ
3010 4095 3226 4172 δύναμις
3276 4099 3365 4155 καὶ
3420 4100 3455 4168 ἡ
3499 4088 3664 4180 δόξαί
3701 4110 3795 4160 τοῦ

405 4176 466 4238 in
488 4178 705 4242 εωοῃια
735 4182 1113 4247 εωουιοιιωῃ,
1149 4185 1371 4249 Amen.
1859 4176 1871 4179 ⁷
2140 4186 2373 4262 Πατρὸς,
2408 4187 2609 4243 καὶτοῦ
2645 4188 2783 4244 fici”).
2837 4190 2927 4243 καὶ
2982 4197 3077 4246 τοῦ
3133 4188 3285 4265 ἁγίου
3312 4176 3640 4270 Πνεύματοςς
3704 4200 3795 4250 νῦν

2141 4276 2229 4331 καὶ
2259 4275 2362 4348 ἀεὶ,
2394 4274 2483 4331 καὶ
2508 4276 2581 4336 εἰς
2626 4276 2748 4341 τοὺς
2780 4275 2973 4342 αἰῶνας
3006 4276 3108 4333 τῶν
3146 4279 3373 4342 αἰὼνων.
3408 4276 3604 4355 Ἀμήν.

1011 4359 1294 4426 ORATIO
1338 4363 1439 4428 IV.
2805 4374 2985 4424 Brxu
3036 4364 3116 4424 ιν.

492 4446 626 4510 147.
662 4448 914 4510 Domine
946 4448 1123 4526 Deus,
1157 4464 1357 4517 sancte
1385 4466 1441 4518 et
1476 4456 2043 4535 incomprehensibi-

2227 4453 2469 4514 Δέσποτα
2511 4454 2545 4511 δ’
2589 4457 2744 4527 Θεὸς,
2792 4458 2819 4513 ὁ
2880 4457 3033 4535 ἅγιος
3085 4459 3173 4515 καὶ
3232 4458 3630 4531 ἀκατάληπτος,
3665 4463 3692 4517 ὸ
3722 4465 3794 4518 εἰ·

405 4536 499 4618 lis,
535 4535 639 4628 qui
670 4535 871 4628 dixisti
897 4548 960 4599 ut
992 4558 1029 4603 ο
1058 4542 1324 4605 tenebris
1354 4544 1455 4607 lux
1478 4546 2043 4628 splendesceret.qui

2140 4546 2251 4625 φὼν
2310 4544 2369 4601 ἐκ
2398 4546 2619 4611 σκότους
2673 4546 2783 4623 φῶς
2840 4544 3077 4628 λάμψαι,
3137 4548 3502 4616 ὁάναπαύσας
3534 4557 3675 4625 ἡμᾶς
3733 4550 3791 4607 ὲν

412 4642 523 4689 nos
545 4624 827 4718 νοΐθιείειὶΔ
842 4645 1051 4691 somno
1082 4640 1399 4714 nocturno,
1424 4644 1481 4697 et
1512 4624 1727 4695 iterum
1754 4636 1825 4696 ad
1860 4624 2043 4699 lauda-

2139 4624 2215 4709 τῷ
2244 4635 2339 4703 τῆς
2392 4637 2577 4697 νυκτὸς
2621 4633 2789 4707 ὕπνῳ,
2819 4636 2908 4691 καὶ
2938 4624 3293 4707 διαναστήσας
3328 4640 3454 4716 πρὸς
3488 4637 3790 4718 δοξολογίαν

408 4715 632 4777 tionem
656 4714 1277 4802 supplicationemque
1319 4723 1595 4786 bonitatis
1621 4735 1735 4787 tua:
1766 4728 2043 4802 excitasti,

2139 4728 2225 4781 καὶ
2253 4726 2451 4782 ἱκεσίαν
2515 4729 2608 4791 τῆς
2670 4729 2769 4790 σῆς
2828 4725 3184 4803 ἀγαθότητος,
3225 4714 3629 4804 δυσωπούμενος
3685 4714 3793 4787 ὸπὸ

404 4812 503 4867 tua
529 4805 720 4887 ipsius
746 4815 1049 4885 permotus
1085 4813 1518 4890 misericordia,
1555 4834 1688 4896 nos,
1735 4817 2043 4879 adorantes

2144 4819 2236 4881 τῆς
2290 4812 2420 4877 ἰδίας
2473 4836 2567 4871 σου
2612 4813 3031 4894 εὒσπλσιγχνίιις³
3077 4814 3354 4894 πρόσδεξαι
3396 4820 3537 4893 ἡμᾶς
3584 4822 3674 4875 καὶ
3703 4828 3793 4876 νῦν

405 4903 486 4986 te,
523 4904 582 4958 et
638 4904 887 4978 quantas
938 4918 1254 4979 possumus
1304 4903 1407 4965 tibi
1442 4906 1661 4983 gratias
1695 4905 2043 4979 referentes,

2139 4903 2561 4984 προσκυνοῦντας
2621 4924 2706 4982 σε,
2767 4903 2853 4961 καὶ
2912 4906 3046 4961 κατὰ
3090 4904 3307 4968 δύναμιν
3340 4907 3791 4986 εὐχαριστοῦντας

404 4985 585 5047 etiam
622 5003 781 5049 nunc
820 4989 1085 5069 suscipe;
1118 4992 1441 5074 omniaque
1459 5013 1591 5074 quae
1607 4997 1675 5056 ad
1703 4996 2043 5058 salntcmfa-

2134 5017 2215 5052 σοι
2253 5012 2265 5026 '
2302 4993 2539 5072 δὼρησαι
2573 4995 2712 5069 ἡμῖν
2750 4993 2923 5049 πάντα
2966 4996 3033 5050 τὰ
3086 4997 3213 5074 πρὸς
3270 4985 3537 5076 σωτηρίαν
3564 5000 3795 5074 αἰτήμα-

405 5075 891 5157 ciunt,postulata
921 5083 1210 5146 concede.
1243 5083 1429 5146 Filios
1462 5086 1614 5147 lucis
1647 5097 1704 5146 et
1746 5088 1885 5166 diei,
1918 5100 2043 5147 iuo-

2134 5106 2224 5145 τα.
2289 5081 2585 5148 Ἀνάδειξον
2650 5084 2795 5158 ἡμᾶς
2842 5084 2983 5146 υἱοὺς
3038 5087 3212 5165 φωτὸς
3276 5088 3362 5142 καὶ
3421 5075 3648 5165 ἡμέρας¹
3703 5097 3791 5151 καὶ

407 5182 660 5255 rumque
688 5175 1041 5231 aeternorum
1065 5172 1358 5236 bonorum
1380 5175 1669 5247 haaredes,
1699 5196 1807 5237 nos
1828 5184 2043 5238 consti-

2134 5173 2499 5253 κληρονόμους
2578 5174 2683 5228 τῶν
2739 5174 2961 5229 αἰωνίων
3044 5197 3136 5231 σου
3186 5177 3420 5255 ἀγαθῶν.
3486 5180 3787 5255 Μνήσθητι,

409 5251 1004 5347 tue.ln_multitudine
1031 5263 1486 5326 miserationum
1515 5267 2043 5347 ιιιέιιηιιιιι,Βοιηὶηε1

2144 5251 2324 5343 Κύριε,
2358 5262 2412 5317 ἐν
2441 5268 2518 5337 τῷ
2568 5260 2759 5331 πλήθει
2813 5261 2917 5319 τῶν
2951 5265 3236 5343 οἰκτιρμῶν
3273 5289 3387 5341 σου,
3443 5269 3529 5324 καὶ
3590 5270 3788 5331 παντὸς

407 5341 727 5433 recordare
746 5348 944 5407 cuncti
971 5352 1172 5429 populi
1192 5353 1694 5433 tui,prwsentium
1723 5341 1779 5416 et
1812 5375 1925 5416 una
1954 5375 2058 5417 no-

409 5429 637 5492 biscum
658 5439 1194 5524 comprecantium,
1225 5429 1617 5524 omniumque
1654 5444 1899 5504 fratrum
1946 5466 2056 5506 no-

410 5529 717 5613 strorum,
734 5523 824 5585 vel
851 5532 1007 5587 terra
1029 5529 1121 5591 vel
1145 5531 1293 5591 mari
1312 5533 1398 5593 vel
1421 5523 1779 5613 quacunque
1802 5535 1917 5598 alio
1944 5536 2055 5597 do-

410 5609 756 5673 minationis
786 5620 903 5676 tua;
923 5614 1052 5679 loco
1084 5625 1184 5681 tua
1219 5609 1534 5681 clementia
1559 5629 1617 5683 et
1653 5609 1870 5685 auxilio
1905 5626 2056 5687 indi-

405 5701 1100 5791 gentiummmnibusque
1118 5708 1400 5788 impende
1423 5729 1702 5791 magnam
1719 5713 2057 5777 misericor-

407 5790 564 5851 diam
596 5800 791 5885 tuam,
819 5801 881 5854 ut
933 5802 1048 5885 tam
1103 5797 1297 5877 quoad
1357 5800 1617 5861 animam
1647 5820 1824 5883 quam
1859 5806 2053 5885 quoad

408 5895 629 5959 corpus
650 5881 818 5965 salvi,
839 5884 1249 5963 gloriﬁcamus
1283 5907 1417 5950 cum
1453 5881 1682 5951 fiducia
1702 5881 2057 5957 admirabile

405 5983 473 6028 ac
521 5967 905 6036 benedictum
959 5993 1180 6040 nomen
1241 5986 1436 6061 tuum,
1468 5977 1681 6059 Patris,
1718 5990 1777 6046 et
1801 5983 1963 6066 Filii,
1998 5993 2059 6047 et

2140 5359 2232 5410 τυῦ
2284 5350 2413 5408 λαοῦ
2464 5372 2579 5430 σου,
2631 5350 2739 5406 τῶν
2805 5354 3189 5431 συμπαρόντων
3248 5357 3338 5412 καὶ
3380 5357 3787 5437 συνευχομένων

2139 5445 2301 5519 ἡμῖν,
2356 5442 2443 5498 καὶ
2496 5440 2708 5498 πάντων
2752 5440 2858 5497 τῶν
2902 5439 3142 5523 ἀδελφῶν
3188 5445 3369 5520 ἡμῶνν
3425 5448 3529 5501 τῶν
3575 5445 3628 5501 ἐν
3686 5454 3785 5527 Ὑῇν

2143 5536 2243 5590 τῶν
2300 5532 2355 5587 ἐν
2412 5528 2675 5607 Θαλάσσῃ,
2723 5533 2829 5586 τῶν
2879 5531 2934 5587 ἐν
2982 5534 3140 5589 παντὶ
3171 5534 3322 5609 τόπῳ
3348 5537 3446 5601 τῆς
3478 5534 3787 5601 δεσποτείας

2140 5644 2256 5702 σου³
2312 5618 2577 5695 δεομένων
2626 5623 2724 5686 τῆς
2778 5617 3177 5699 φιλανθρωπίας
3236 5624 3324 5680 καὶ
3380 5625 3651 5700 βοηθείαςο
3700 5627 3789 5681 καὶ

2139 5718 2267 5770 πᾶσι
2324 5709 2639 5789 χορήγησον
2694 5708 2755 5764 τὸ
2813 5708 2953 5787 μέγα
2984 5730 3076 5765 σου
3107 5709 3281 5787 ἔλεος,
3313 5711 3407 5769 ἵνα
3452 5714 3785 5789 σεσωσμένοι

2139 5805 2294 5881 ψυχῇ
2323 5817 2380 5853 τε
2412 5795 2499 5852 καὶ
2531 5796 2738 5871 σὼματι
2769 5797 2997 5854 πάντοτε
3041 5796 3406 5881 διαμένοντες,
3452 5803 3589 5878 μετὰ
3641 5800 3785 5880 παῤ-

2138 5892 2323 5973 ῥησίας
2375 5883 2674 5962 δοξάζωμεν
2729 5887 2791 5943 τὸ
2872 5890 3172 5963 θαυμαστόν
3264 5893 3351 5949 καί
3419 5890 3785 5970 εὖλογημένον

2140 5983 2308 6062 ὄνομά
2354 5994 2473 6053 σου,
2507 5983 2602 6036 τοῦ
2640 5975 2872 6057 Πατρὸς,
2918 5976 3007 6033 καὶ
3057 5981 3151 6036 τοῦ
3182 5981 3327 6057 Υἰοῦ,
3359 5981 3447 6039 καὶ
3489 5987 3584 6039 τοῦ
3634 5980 3785 6063 ἁγίου
