4140 6424
1300 362 1742 431 AGOLUTHIA
1785 358 2168 427 TBIPLICIS
2212 365 2452 429 FESTI.
3406 381 3659 433 cccxle

266 507 596 584 Πνεύματος,
657 510 745 563 νῦν
804 502 893 562 καὶ
953 501 1059 583 ἀεὶ,
1117 501 1206 559 καὶ
1265 500 1339 567 εἷς
1385 500 1507 564 τοὺς
1557 498 1749 565 αἳῶνας
1807 502 1914 555 τῶν
1936 506 1973 557 Α

2065 501 2257 564 )iritus
2288 504 2501 580 sancti,
2543 523 2705 567 nunc
2727 510 2786 566 et
2815 520 3076 588 semper,
3113 512 3172 567 et
3200 505 3262 566 in
3292 504 3507 567 smcula
3535 524 3652 568 sai-

270 598 499 662 αίώνων,
529 594 722 673 Ἀμήν.

2065 590 2294 656 Ilorum.
2332 596 2551 658 Amen.

939 689 1121 743 srxu
1166 681 1250 745 Ε’.
2635 687 2921 753 ORATIO
2960 687 3034 753 ν.

351 789 593 867 Ἀγαθῶν
678 782 934 863 θησαυρὲ,
1013 782 1168 861 πηγὴ
1239 780 1481 859 ἆένναος,
1546 778 1718 857 Πάτερ
1776 778 1918 856 ἅγιε,

2095 780 2229 842 148.
2256 780 2560 845 Bonorum
2609 784 2914 860 thesaure,
2950 784 3084 845 fons
3140 780 3446 863 perennis,
3480 780 3656 846 Pater

269 874 689 955 θαυμαστοποιὲ,
747 870 1112 947 παντοδύναμε
1187 872 1273 927 καὶ
1331 869 1723 949 παντόκρατορ,
1785 868 1925 925 ποίν-

2065 879 2237 950 ιηρῑθ,
2268 872 2685 934 mirandorum
2719 873 3059 950 artifex,qui
3084 872 3285 933 omnia
3307 880 3497 951 potes,
3519 891 3653 934 om-

271 991 355 1034 τες
411 989 469 1024 σε
520 969 916 1038 προσκυνοῦμεν
954 981 970 997 ο
1020 961 1107 1017 ιιαὶ
1167 959 1261 1016 ao?)
1314 958 1562 1034 δεόμεθα,
1608 959 1675 1014 τὰ
1703 959 1769 1013 σὰ
1800 957 1924 1023 ἐλέη

2065 959 2189 1021 ibus
2212 961 2495 1043 imperas,
2526 972 2581 1025 te
2598 982 2809 1025 omnes
2831 963 3238 1043 adoramus,et
3264 961 3658 1041 deprecamur

271 1060 359 1119 καὶ
388 1058 507 1119 τοὺς
569 1056 692 1118 σοὺς
742 1051 1047 1130 οἱκτιρμοὺς
1113 1049 1521 1124 ἐπικαλούμενοι
1554 1049 1627 1112 εἰς
1679 1049 1927 1124 βοήθειαν

2065 1075 2091 1125 ε,
2121 1050 2597 1114 misericordiam
2618 1060 2777 1114 tuam
2801 1061 2859 1115 et
2882 1052 3295 1115 miserationes
3317 1063 3447 1114 tuas
3470 1071 3656 1132 expo~

273 1151 361 1206 καὶ
392 1145 673 1221 ἀντίληψιν
728 1148 827 1210 τῆς
882 1139 1143 1218 ἡμετέρας
1192 1137 1591 1201 ταπεινώσεως.
1625 1136 1925 1215 Μνῆσθητι,

2065 1149 2271 1223 :entes,
2306 1142 2365 1202 in
2399 1143 2731 1205 subsidium
2764 1162 2833 1205 ac
2864 1143 3277 1205 defensionem
3310 1143 3660 1204 humilitatis

276 1238 459 1315 Κύριε,
491 1240 598 1293 τῶν
629 1239 737 1289 σῶν
764 1234 979 1289 ἱκετῶν.
1037 1227 1321 1308 Πρόσδεξαι
1386 1228 1598 1289 πάντων
1626 1228 1784 1302 ἡμῶν
1836 1228 1929 1289 τὰς

2065 1238 2259 1292 ostra).
2306 1231 2655 1313 Supplicum
2720 1242 2950 1294 tuorum
3009 1240 3329 1303 memento,
3369 1232 3661 1307 Domine;

278 1329 494 1391 ἰωθινὰς
523 1325 727 1396 δεήσεις
761 1324 834 1387 ὼς
878 1320 1114 1397 θυμίαμα
1164 1319 1392 1376 ἐνώπιόν
1453 1340 1568 1391 σου,
1602 1318 1692 1373 καὶ
1727 1315 1933 1392 μηδένα

2065 1323 2339 1383 natutinas
2371 1332 2639 1384 nostrum
2661 1325 2926 1385 omnium
2956 1341 3166 1403 preces
3215 1324 3474 1401 suscipe,
3513 1322 3667 1383 sicut

278 1418 435 1495 ἡμῶν
495 1414 749 1490 ἀδόκιμον
805 1411 1065 1489 ποιήσῃς,
1113 1409 1251 1466 ἀλλὰ
1311 1409 1514 1470 πάντας
1579 1409 1723 1479 ἡμᾶς
1790 1428 1939 1484 περι-

2065 1428 2333 1473 icensum
2382 1413 2440 1473 in
2477 1424 2804 1493 conspectu
2834 1424 2971 1489 tuo;
3006 1432 3204 1493 neque
3238 1431 3601 1494 quemquam
3635 1430 3668 1473 e

282 1508 503 1576 ποίησαι
557 1503 641 1561 διὰ
684 1508 789 1558 τῶν
851 1501 1136 1579 οἰκτιρμῶν
1184 1520 1305 1561 σου,
1378 1497 1683 1570 Μνήσθητι,
1752 1495 1931 1575 Κύριε,

2072 1499 2201 1561 obis
2231 1502 2510 1581 reproba,
2550 1503 2654 1564 sed
2688 1522 2795 1583 per
2836 1503 3307 1565 misericordiam
3368 1517 3527 1563 luam
3564 1520 3670 1562 nos

282 1604 389 1655 τῶν
446 1592 842 1674 ἀγρυπνούντων
895 1592 982 1646 καὶ
1039 1588 1356 1665 ψαλλόντων
1389 1589 1463 1650 εἷς
1499 1584 1651 1652 δόξαν
1687 1586 1809 1659 σὴν,
1856 1587 1943 1642 καί

2070 1608 2237 1651 mnes
2269 1610 2577 1654 conserva.
2604 1592 3580 1670 Memento,Domine,vigilantium
3614 1599 3673 1649 et

280 1696 371 1745 τοῦ
429 1688 751 1761 μονογενοῦς
807 1701 902 1735 σου
956 1680 1079 1736 Υἱοῦ
1132 1680 1220 1735 καὶ
1286 1684 1418 1734 Θεοῦ
1472 1679 1656 1751 ἡμῶν,
1709 1678 1799 1731 καὶ
1852 1674 1945 1732 τοῦ

2070 1679 2405 1740 sallentium
2434 1682 2506 1742 ad
2540 1682 2786 1761 gloriam
2822 1693 3001 1757 tuam,
3029 1692 3086 1744 et
3110 1681 3401 1761 unigeniti
3423 1682 3551 1742 Filii
3588 1681 3672 1742 tui

280 1777 433 1856 ἁγίου
466 1774 794 1848 Πνεύματος.
830 1768 989 1826 Γενοῦ
1011 1769 1183 1827 αὐτῶν
1216 1770 1409 1844 βοηθὸς
1440 1769 1529 1821 καὶ
1559 1766 1935 1842 ἀντιλήπτωρ.

2066 1788 2096 1827 c
2127 1770 2232 1829 Dei
2266 1774 2476 1847 nostri,
2514 1780 2571 1835 et
2612 1773 2805 1833 sancti
2857 1772 3133 1854 Spiritus.
3171 1771 3387 1833 Eorum
3435 1772 3675 1851 adjutor

282 1862 565 1945 Πρόσδεξαι
619 1862 791 1917 αὐτῶν
839 1861 933 1924 τὰς
986 1859 1184 1923 ἱκεσίας
1229 1860 1301 1920 εἶς
1334 1858 1393 1913 τὸ
1436 1855 1813 1935 ὕπερουράνιον
1858 1855 1945 1909 καὶ
1968 1888 1973 1931 γ

2065 1866 2154 1918 sto
2176 1865 2355 1938 atque
2380 1870 2820 1941 propugnator:
2849 1880 3056 1923 eorum
3104 1880 3310 1942 preccs
3342 1862 3399 1922 in
3432 1860 3676 1922 caeleste

282 1954 462 2033 νοερόν
494 1974 586 2008 σου
636 1947 1034 2028 θυσιαστήριον.
1081 1948 1219 2006 "Ott
1264 1948 1326 2002 σὺ
1384 1946 1437 2002 εἴ
1490 1948 1516 2001 ὁ
1564 1947 1694 2007 Θεὸς
1759 1946 1939 2018 ἡμῶν,

2065 1966 2193 2008 uum
2225 1958 2282 2009 et
2303 1950 2711 2013 intellectuale
2733 1951 2920 2014 altare
2944 1955 3169 2032 recipe.
3190 1950 3338 2024 Quia
3359 1958 3414 2011 tu
3439 1969 3504 2010 es
3521 1948 3677 2010 Deus

280 2045 369 2101 καὶ
412 2042 494 2098 σοὶ
534 2041 633 2108 τὴν
664 2038 815 2105 δόξαν
865 2037 1280 2117 ἁναπὲμπομεν,
1336 2043 1413 2110 τῷ
1472 2038 1662 2113 Πατρὶ,
1723 2036 1813 2091 καὶ
1869 2041 1946 2108 τῷ

2065 2046 2326 2111 οδω-,ει
2354 2039 2457 2100 tibi
2483 2040 2732 2119 gloriam
2754 2042 3098 2114 referimus,
3129 2044 3310 2121 Patri,
3335 2049 3395 2103 et
3418 2039 3595 2115 Filio,
3619 2047 3681 2101 et

292 2136 418 2213 Υἱῷ,
454 2132 541 2189 καὶ
571 2137 647 2205 τῷ
678 2129 813 2208 ἁγίῳ
844 2130 1131 2205 Πνεύματι,
1178 2135 1266 2186 νῦν
1322 2128 1411 2184 καὶ
1440 2126 1545 2206 ἀεὶ,
1582 2129 1671 2183 καὶ
1717 2126 1790 2188 εἰς
1824 2125 1946 2187 τοὺς

2065 2127 2282 2208 ὶρὶτίιυὶ
2314 2140 2543 2210 sancto,
2578 2150 2736 2191 nunc
2761 2141 2820 2192 et
2852 2151 3117 2213 semper,
3151 2139 3209 2194 et
3237 2132 3296 2192 in
3322 2130 3547 2193 saecula
3566 2147 3681 2191 saa-

287 2222 484 2287 αἱῶνας
513 2226 622 2278 τῶν
652 2220 883 2281 αἰώνων.
921 2216 1121 2294 Ἀμήν.

2065 2219 2331 2281 :ulorum.
2378 2221 2595 2281 Amen.

948 2313 1131 2366 ErXH
1178 2303 1281 2380 ς’.

377 2406 812 2491 Εὐχάριστοῦμὲν
846 2428 955 2485 σοι,
1012 2407 1189 2484 Κύριε,
1253 2407 1277 2459 ὅ
1342 2404 1473 2466 Θεὸς
1520 2408 1624 2459 τῶν
1679 2402 1956 2481 σωτηρίων

288 2503 474 2576 ἡμῶν,
541 2496 623 2555 ὅτι
677 2498 848 2553 πάντα
916 2507 1095 2555 ποιεῖς
1159 2496 1232 2559 εἷς
1294 2494 1593 2571 εὐεργεσίαν
1651 2493 1748 2561 τῆς
1813 2496 1957 2563 ζωῆς

288 2594 469 2665 ἡμῶν,
517 2587 610 2644 ⁶ίνα
663 2585 952 2649 διαπαντὸς
1010 2586 1143 2663 πρὸς
1204 2584 1262 2639 σὲ
1293 2580 1692 2657 ἆποϐλέπωμεν
1727 2584 1817 2638 τὸν
1847 2603 1961 2636 σωο

290 2682 434 2760 τῆρα
466 2680 555 2736 καὶ
586 2677 871 2757 εὐεργέτην
922 2681 1027 2731 τῶν
1076 2673 1351 2753 ἡμετέρων
1396 2673 1589 2752 ψυχῶν
1618 2689 1631 2702 ’
1675 2671 1963 2730 διανέπαυ-

293 2792 392 2836 σας
450 2772 596 2845 ἡμᾶς
628 2767 680 2823 ἐν
711 2768 789 2842 τῷ
842 2764 1159 2844 παρελθόντι
1214 2769 1315 2830 τῆς
1371 2764 1555 2826 νυκτὸς
1619 2761 1826 2842 μέτρῳ,
1878 2764 1967 2818 καὶ

294 2859 574 2939 ἐξήγειρας
627 2861 773 2933 ἡμᾶς
825 2857 885 2914 ἐκ
929 2859 1035 2913 τῶν
1098 2857 1293 2912 κοιτῶν
1344 2854 1521 2929 ἡμῶν,
1584 2856 1669 2908 καὶ
1727 2852 1964 2918 ἕστησας

294 2954 372 3013 εἱς
416 2949 778 3029 προσκύνησιν
809 2954 905 3004 τοῦ
954 2945 1135 3022 τιμίου
1179 2945 1441 3020 ὀνόματός
1491 2964 1607 3004 σου.
1645 2945 1737 2998 Διὸ
1768 2940 1962 3017 δεόμε-

292 3041 363 3098 θά
392 3061 509 3117 σου,
542 3038 718 3118 Κύριε,
753 3036 840 3102 δὸς
898 3039 1053 3105 ἡμῖν
1099 3035 1260 3116 χάριν
1294 3034 1381 3090 καὶ
1413 3030 1653 3106 δύναμιν,
1688 3032 1780 3087 ’ἕνα
1826 3052 1964 3087 κατ·-

2643 2311 2931 2379 ΟΒΑΤΙΟ
2976 2314 3078 2377 VI.

2125 2405 2265 2478 149,
2294 2407 2542 2485 Agimus
2576 2407 2681 2471 tibi
2717 2409 3315 2488 gratias,salutarium
3344 2416 3684 2473 nostrorum

2045 2496 2398 2576 Deus,quia,
2421 2506 2484 2558 ut
2515 2508 2571 2559 te
2604 2510 2939 2561 nostrarum
2964 2501 3298 2563 animarum
3325 2509 3688 2563 servatorem

2047 2582 2384 2647 beneﬁcum
2424 2587 2751 2649 identidem
2768 2589 3391 2667 respiciamus,condis
3409 2590 3608 2651 omnia
3620 2589 3690 2650 ad

2048 2674 2187 2735 vitae
2209 2682 2436 2737 nostrae
2457 2675 2840 2738 beneﬁcium.
2864 2677 2933 2739 Et
2952 2679 3087 2759 quia
3113 2680 3549 2759 nos,pra3terita
3577 2697 3691 2740 no-

2050 2764 2158 2825 ctis
2180 2774 2345 2844 parte
2380 2766 2768 2843 refocillatos,
2798 2768 3201 2848 excitatosque
3222 2768 3436 2829 iterum
3461 2787 3494 2829 e
3519 2767 3691 2829 cubi-

2050 2853 2231 2931 libus,
2251 2854 2323 2916 ad
2348 2856 2684 2919 honorandi
2720 2858 2981 2919 nominis
3007 2858 3089 2919 tui
3113 2858 3519 2920 adorationem
3553 2875 3689 2918 ere-

2049 2945 2223 3019 xisti;
2280 2955 2593 3026 propterea
2654 2966 2997 3028 quaesumus
3050 2956 3129 3019 te,
3166 2948 3441 3027 Domine,
3479 2946 3698 3025 largire

2050 3034 2224 3095 nobis
2252 3036 2498 3115 gratiam
2530 3054 2600 3099 ac
2657 3038 2881 3119 robur;
2916 3047 2978 3097 ut
3026 3037 3244 3100 Christi
3279 3044 3357 3096 tui
3392 3055 3527 3117 ope,
3562 3054 3695 3097 cum

297 3128 608 3203 αξιωθῶμεν
665 3127 889 3203 ψάλλειν
952 3148 1035 3183 σοι
1114 3126 1378 3202 συνετῶς,
1434 3122 1521 3178 καὶ
1573 3123 1965 3202 προσεύχεσθαι

2065 3124 2209 3187 nelu
2235 3137 2292 3187 et
2314 3135 2570 3189 tremore
2601 3138 2864 3189 nostram
2904 3128 3157 3189 salutem
3192 3137 3552 3208 operantes;
3589 3125 3699 3187 tibi

298 3218 673 3298 ἀδιαλείπτως,
731 3217 784 3273 ἐν
842 3213 988 3296 φόϐῳ
1038 3216 1131 3271 καὶ
1190 3213 1373 3293 τρόμῳ
1403 3212 1499 3278 τὴν
1548 3212 1747 3269 ἐαυτῶν
1779 3233 1966 3277 σωτη-

2065 3214 2198 3277 scite
2216 3215 2472 3295 psallere
2495 3226 2550 3277 et
2576 3217 2992 3280 indesinenter
3012 3217 3348 3297 supplicare
3369 3215 3691 3277 valeamus.

308 3311 426 3392 ρίαν
484 3307 934 3387 κατεργαζόμενοι
1007 3305 1092 3361 διὰ
1145 3303 1243 3371 τῆς
1294 3302 1636 3377 ἀντιλήψεως
1697 3308 1790 3359 τοῦ
1847 3308 1962 3378 Χρι-

2065 3304 2348 3367 llemento
2382 3308 2584 3381 etiam,
2630 3307 2907 3385 Domine,
2947 3326 3152 3368 eorum
3204 3307 3306 3388 qui
3337 3315 3393 3369 te
3425 3306 3499 3368 de
3530 3313 3704 3367 nocte

313 3391 445 3458 στοῦ
496 3420 614 3458 σου.
679 3398 981 3475 Μνήσθητι,
1042 3395 1227 3473 Κύριε,
1277 3395 1362 3449 καὶ
1416 3392 1469 3447 ἐν
1529 3392 1673 3447 νυκτὶ
1735 3392 1861 3468 πρὸς
1912 3391 1969 3446 σὲ

2065 3405 2366 3458 invocant:
2402 3396 2615 3457 exaudi
2650 3416 2752 3458 eos
2788 3406 2847 3458 et
2878 3399 3192 3468 miserere,
3224 3395 3338 3458 sub
3368 3413 3700 3476 eorumque

307 3491 587 3569 βοώντων.
651 3484 981 3544 Ἐπάκουσον
1041 3485 1233 3556 αὐτῶν,
1297 3484 1381 3538 καὶ
1431 3480 1678 3561 ἐλέησον,
1709 3483 1798 3537 καὶ
1843 3482 1971 3537 σύν-

2065 3483 2306 3559 pedibus
2338 3485 2546 3547 hostes
2582 3486 2915 3547 invisibiles
2946 3494 3126 3567 atque
3158 3485 3404 3547 infestos
3435 3494 3703 3547 contere.

305 3585 503 3660 τριψον
555 3578 660 3634 ὑπὸ
688 3576 812 3641 τοὺς
861 3573 1028 3637 πόδας
1081 3575 1254 3632 αὐτῶν
1303 3573 1424 3636 τοὺς
1452 3570 1707 3648 ἀοράτους
1736 3571 1825 3627 καὶ
1872 3592 1972 3626 που

2065 3575 2149 3634 Tu
2172 3572 2331 3635 enim
2360 3594 2425 3635 es
2475 3594 2574 3636 rex
2613 3577 2797 3655 pacis,
2826 3583 2885 3637 et
2915 3583 3185 3637 servator
3216 3584 3548 3636 nostrarum
3576 3574 3707 3634 ani-

306 3659 528 3745 λεμίους
591 3666 838 3747 ἐχθρούς.
900 3665 972 3721 Σὺ
1034 3664 1134 3743 γὰρ
1166 3663 1219 3719 εἴ
1252 3664 1278 3719 ὁ
1322 3659 1570 3739 βασιλεὺς
1601 3665 1697 3727 τῆς
1730 3661 1971 3738 εἰρήνης,

2066 3681 2295 3723 marum
2327 3686 2341 3741 ;
2364 3663 2591 3746 tibique
2614 3666 2864 3746 gloriam
2887 3666 3300 3745 rependimus,
3329 3663 3509 3738 Patri,
3534 3670 3592 3725 et
3612 3662 3712 3724 Fi-

311 3760 405 3817 καὶ
449 3760 633 3836 σωτὴρ
687 3757 794 3812 τῶν
840 3756 1035 3834 ψυχῶν
1082 3754 1263 3829 ἠμῶνο
1312 3752 1400 3808 καὶ
1427 3752 1510 3807 σοὶ
1537 3752 1636 3816 τὴν
1662 3748 1812 3815 δόξαν
1842 3750 1972 3807 ἀνα-

2074 3751 2243 3833 lio,et
2263 3756 2510 3836 Spiritui
2542 3766 2938 3834 sancto,nunc
2968 3765 3301 3837 etsemper,
3338 3753 3476 3817 etin
3499 3751 3715 3815 saecula

320 3850 640 3928 πέμπομεν,
674 3845 750 3922 τῷ
780 3846 968 3924 Πατρὶ,
1007 3845 1095 3901 καὶ
1143 3844 1221 3918 τῷ
1254 3844 1384 3922 Υἱῷ,
1411 3842 1499 3897 καὶ
1532 3844 1607 3916 τῷ
1634 3842 1768 3920 ἁγίῳ
1820 3840 1973 3897 Πνεύ-

2065 3847 2444 3910 saeculorum.
2477 3847 2695 3913 Amen.

314 3962 472 4020 ματι,
508 3938 594 3996 νῦν
625 3937 713 3995 καὶ
744 3935 852 4013 ἀεὶ,
910 3935 997 3991 καὶ
1056 3936 1129 3998 εἷς
1184 3934 1306 3998 τοὺς
1366 3933 1560 3996 αἰὦνας
1610 3934 1714 3987 τῶν
1745 3931 1984 3995 αἰώνων.

313 4031 517 4107 Ἀμήν.

1003 4119 1183 4173 ΕΥΧΗ
1229 4113 1283 4170 Ζ’

2661 4104 2940 4170 ORATIO
2984 4104 3112 4169 VII.

397 4220 463 4278 Ὀ
513 4219 642 4282 Θεὸς
728 4218 819 4275 καὶ
890 4215 1074 4292 Πατὴρ
1158 4223 1252 4273 τοῦ
1324 4213 1513 4293 Κυρίου
1581 4210 1740 4286 ἡμῶν
1807 4208 1973 4278 Ἰησοί

2151 4200 2287 4293 i50.
2324 4199 2481 4263 Deus
2512 4208 2570 4293 et
2598 4202 2772 4293 Pater
2800 4200 3039 4293 Domini
3070 4199 3265 4293 nostri
3294 4199 3439 4293 J_e_su
3472 4197 3711 4270 Christi,

317 4315 577 4392 Χριστοῦ,
631 4310 660 4365 ὁ
717 4289 1088 4375 ἔξαιαστήσας
1138 4306 1284 4379 ἡμᾶς
1342 4289 1539 4360 ἐκντῶν
1575 4301 1768 4358 κοιτῶν
1799 4301 1973 4392 ἡμων,

2069 4291 2171 4372 qui
2193 4310 2301 4353 nos
2325 4308 2357 4353 e
2380 4290 2599 4354 nostris
2625 4291 2903 4354 thalamis
2922 4291 3237 4353 suscitatos
3257 4289 3329 4351 ad
3355 4290 3563 4351 horam
3590 4306 3719 4349 ora-

317 4379 410 4459 καὶ
441 4379 850 4477 ἐπισυναγαγὼν
899 4396 985 4453 ἐπὶ
1025 4396 1124 4463 τὴν
1178 4392 1319 4472 ὥραν
1349 4391 1446 4461 τῆς
1485 4389 1797 4469 προσευχῆς
1825 4405 1838 4419 ⁸
1895 4387 1973 4452 δὸς

2069 4383 2251 4477 tionis
2280 4384 2674 4477 congregasti,
2705 4383 2778 4445 da
2812 4383 2984 4477 nobis
3009 4382 3340 4477 gratiamin
3366 4379 3719 4462 patefacrio-

320 4495 460 4568 ἡμῖν
490 4487 649 4570 χάριν
677 4470 762 4544 ’ἐν
800 4485 991 4551 ἀνοίξει
1024 4485 1115 4541 τοῦ
1147 4470 1414 4559 στόματος
1449 4482 1631 4570 ἡμῶν,
1671 4481 1760 4535 καὶ
1795 4479 1973 4570 πρόσ.

2070 4491 2146 4534 ne
2167 4472 2310 4545 oris,
2337 4482 2395 4534 et
2427 4473 2667 4553 suscipe
2714 4490 2859 4554 quas
2882 4471 2983 4533 tibi
3015 4490 3123 4553 pro
3144 4470 3372 4532 viribus
3403 4478 3602 4549 grates
3632 4486 3725 4531 re-

323 4557 466 4647 δέξαι
494 4557 655 4654 ἶἱῖμίῶν
714 4577 805 4643 τὰς
855 4575 993 4634 κατὰ
1036 4557 1256 4650 δύναμιν
1314 4569 1688 4651 εὐχαριστίας,
1726 4569 1809 4625 καὶ
1838 4565 1973 4624 δίδα-

2072 4560 2531 4634 ferimus,etnos
2553 4562 2739 4624 edoce
2755 4562 3406 4643 justiﬁcationestuas;
3437 4559 3578 4638 quia
3607 4557 3723 4620 nisi

326 4672 416 4738 ξον
471 4671 613 4744 ἡμᾶς
658 4668 725 4725 τὰ
756 4665 1094 4741 δικαιώματα
1136 4685 1230 4721 σου
1257 4681 1270 4695 ⁸
1327 4661 1409 4720 ὅτι
1440 4657 1823 4741 προσεύξασθαι
1869 4657 1973 4714 καθ

2071 4650 2155 4729 ιιι,
2184 4650 2461 4727 Domine,
2488 4671 2599 4714 nos
2631 4661 2726 4713 tuo
2754 4650 2978 4733 Spiritu
3008 4660 3216 4713 sancto
3247 4650 3568 4725 direxeris,
3603 4666 3721 4710 non

330 4763 359 4818 ὃ
390 4758 475 4817 δεῖ
522 4762 618 4818 οὒκ
665 4754 917 4837 οἴδαμεν,
972 4754 1063 4812 ἐὰν
1120 4754 1198 4829 μὴ
1243 4753 1329 4831 σὺ,
1384 4751 1561 4829 Κύριε,
1615 4756 1692 4837 τῷ
1724 4746 1990 4837 [Ινεύματί

333 4871 427 4907 σου
455 4852 532 4922 τῷ
561 4845 694 4926 ἁγίῳ
726 4836 1008 4926 ὁδηγήσης
1033 4845 1205 4917 ἡμᾶς,
1265 4844 1357 4898 Διὸ
1410 4836 1633 4916 δεόμεθά
1686 4861 1803 4917 σου,
1840 4836 1891 4893 εἴ
1940 4859 1991 4893 τι

333 4937 647 5019 ἡμάρτομεν
671 4935 833 5016 μέχρι
866 4932 969 4996 τῶς
1001 4933 1275 5011 παρούσης
1309 4931 1450 5008 ὥρας
1482 4928 1535 4986 ἐν
1569 4928 1738 5019 λόγω,
1770 4928 1805 4994 ἢ
1831 4926 1991 5019 ἔργῳ,

338 5013 387 5099 ἢ⁷
432 5013 569 5086 διατᾶ
621 5013 879 5100 διάνοιαν,
930 5022 1186 5087 ἑκουσίως
1230 5020 1265 5082 ἢ
1318 5019 1604 5091 ἀκουσίως,
1658 5013 1802 5097 ἄνες,
1836 5014 1989 5097 ἄφες,

338 5119 699 5199 συγχώρησον
733 5132 747 5146 '
815 5115 905 5171 ἐὰν
964 5114 1063 5192 γὰρ
1109 5110 1330 5186 ἀνομίας
1362 5108 1778 5199 παρατηρήσης,
1806 5106 1992 5199 Κύριε,

2077 4759 2395 4822 possumus
2416 4760 2588 4804 orare
2613 4749 2790 4822 prout
2806 4748 3058 4821 oportet.
3084 4739 3225 4801 Ideo
3246 4756 3523 4817 rogamus
3546 4747 3628 4811 te,
3666 4746 3729 4798 ut

2077 4831 2127 4892 si
2159 4830 2304 4913 quid
2339 4832 2716 4912 peccavimus
2762 4848 2949 4911 usque
2998 4830 3067 4890 ad
3107 4836 3457 4909 praesentem
3490 4828 3725 4907 horam,

2078 4921 2282 4996 verbo,
2317 4927 2407 4984 vei
2440 4940 2646 5003 opere,
2680 4920 2768 4983 vel
2797 4919 3176 4998 cogitatione,
3212 4928 3425 4998 Sponte
3481 4916 3568 4977 vel
3631 4934 3728 4977 co-

2077 5007 3346 5089 acte,remittas.condones.indulgeas.quia
3359 5026 3414 5069 ,ςι
3431 5007 3728 5087 iniquita-

2081 5113 2168 5166 tes
2194 5100 3337 5179 observaveris,Domine,Domine,quis
3366 5095 3733 5159 sustinebit?

342 5186 545 5290 Κύρῖε,“
584 5207 668 5271 τίς
720 5205 1082 5276 ὑποστήσεται
1124 5221 1140 5277 ;
1174 5198 1309 5259 "On
1348 5199 1485 5278 παρὰ
1516 5201 1598 5255 σοὶ
1628 5199 1662 5266 ἡ
1697 5196 1973 5275 ἁπολύτρω

2086 5193 2391 5269 Quoniam
2409 5193 2575 5274 apud
2589 5201 2641 5255 te
2660 5193 2994 5271 redemptio
3007 5191 3289 5270 est(a,';tu
3312 5187 3472 5249 solus
3500 5207 3562 5249 es
3577 5186 3739 5248 auxi-

342 5279 449 5377 σις’,
607 5299 665 5352 εἴ
714 5296 876 5372 μόνος
928 5293 1080 5372 ἅγιος
1132 5292 1355 5370 βοηθὸς,
1407 5289 1659 5367 κραταιὸς
1693 5289 1973 5365 ὑπερασπι·

2086 5282 2261 5343 liator
2290 5290 2552 5355 sanctus,
2591 5281 2724 5343 vitae
2760 5290 2977 5343 nostra:
3006 5279 3287 5341 defensor
3294 5282 3738 5377 prapotenset

344 5366 474 5455 στης
527 5388 625 5454 τῆς
683 5366 826 5457 ζωῆς
882 5366 1066 5459 ἡμων,
1126 5366 1215 5438 παὶ
1266 5381 1320 5438 ἐν
1371 5366 1521 5451 σοῖᾐ
1571 5376 1798 5453 ὕμνησις
1848 5379 1973 5450 ἡμῶ

2087 5374 2160 5435 ad
2194 5382 2250 5434 te
2285 5382 2405 5436 tota
2432 5382 2636 5435 nostra
2678 5371 2941 5435 laudatio
2973 5370 3252 5459 refertur.
3290 5367 3618 5459 Benedicta
3661 5366 3738 5427 sit

348 5474 655 5541 διαπαντός.
692 5456 800 5541 Εἵη
853 5456 934 5531 τὸ*
960 5472 1155 5553 κράτος
1185 5474 1282 5539 τῆς
1343 5467 1617 5547 βασιλείας
1650 5489 1743 5526 σου
1766 5465 1964 5545 εὖλογη

2090 5471 2149 5527 et
2167 5463 2495 5547 gloriﬁcata
2525 5464 2693 5549 regni
2720 5462 2807 5523 tui
2832 5469 3118 5545 potestas,
3150 5457 3365 5535 Patris,
3404 5467 3462 5520 et
3486 5456 3646 5536 Filii,
3681 5462 3740 5515 et

436 5726 528 5814 (α)
556 5723 714 5793 Psal.
748 5706 946 5799 cxxix,
985 5717 1044 5799 3,
1082 5719 1141 5785 7.
