4140 6452
324 394 468 445 CCCL
1684 365 1980 431 PROLEG

2074 367 2205 429 [EN
2209 370 2279 431 A.

329 513 580 597 Spiritus
600 512 810 587 sancti,
841 526 997 573 nunc
1018 516 1075 573 et
1099 525 1360 590 semper,
1381 513 1438 571 et
1460 505 1521 567 in
1544 503 1762 569 saecula
1784 521 1967 568 secu-

2074 504 2213 565 ιένον
2244 507 2771 588 καὶξδεδοξασμένον,
2804 515 2894 567 τοῦ
2940 511 3176 589 Πατρὸς,
3208 509 3296 565 καὶ
3326 514 3419 565 τοῦ
3447 510 3587 589 Υἱοῦ,
3622 510 3712 566 καὶ

331 605 549 669 lorum.
573 604 793 667 Amen.
2064 606 2156 655 τοῦ
2181 598 2330 676 ἁγίου
2362 602 2683 677 Πνεύματος,
2720 599 2805 657 νῦν
2836 600 2925 657 καὶ
2970 603 3071 679 ἀεὶ,
3124 599 3212 657 καὶ
3254 600 3331 663 εἰς
3359 599 3482 664 τοὺς
3511 600 3707 664 αἰῶνας

2065 694 2172 746 τῶν
2198 690 2424 753 αἰώνων,
2456 691 2513 748 Ἀ
2523 694 2654 766 μήν.

909 782 1194 851 ORATIO
1240 781 1391 849 VIII.
2724 788 2903 840 erxu
2949 777 3040 838 H’.

412 886 552 949 151.
609 883 861 945 Domine
914 880 1074 943 Deus
1134 886 1362 959 noster,
1412 883 1519 959 qui
1568 895 1703 952 nos,
1738 885 1980 957 torpore

2148 884 2299 963 Κύριε
2357 887 2385 941 6
2446 886 2575 947 Θεὸς
2633 887 2810 966 ἡμῶν,
2874 888 2902 941 6
2950 885 3047 952 τὴν
3096 888 3187 939 τοῦ
3234 880 3398 938 ὕπνου
3459 881 3715 957 ῥᾳθυμίαν

332 974 526 1038 somni
548 971 1177 1053 dissipato,vocatione
1207 976 1407 1030 sancta
1431 967 1798 1040 convocasti,
1829 974 1892 1027 ut
1925 972 1980 1028 et

2074 972 2433 1037 Ξιποσκεδάσας
2489 974 2578 1056 ἀφ’
2635 978 2814 1053 ἡμῶν,
2856 975 2943 1031 καὶ
3003 971 3335 1051 συγκαλέσας
3381 973 3524 1047 ἡμᾶς
3566 973 3709 1041 κλή-

334 1083 546 1126 manus
569 1064 991 1125 extolleremus
1017 1066 1285 1139 noctu,et
1307 1058 1414 1119 tibi
1436 1057 1863 1119 confiteremur
1886 1074 1980 1117 su-

2074 1084 2145 1119 :ret
2204 1063 2349 1140 ἆγίᾲ,
2383 1065 2472 1122 καί
2514 1066 2568 1122 ὲν
2612 1066 2753 1123 νυκτὶ
2810 1064 3001 1143 ἐπᾶραι
3052 1064 3149 1126 τὰς
3180 1075 3375 1142 χεῖρας
3410 1063 3589 1135 ἡμῶν,
3626 1062 3712 1119 καὶ

333 1172 442 1235 per
452 1153 685 1235 judicia
704 1152 947 1232 iustitiae
970 1155 1110 1224 tuae;
1134 1148 1373 1230 suscipe
1395 1148 1701 1210 orationes
1725 1154 1978 1219 nostras,

2074 1152 2575 1231 ἑξομομολογετσθαι
2609 1178 2690 1212 σοι
2723 1155 2809 1212 ἐπὶ
2838 1156 2903 1211 τὰ
2944 1156 3173 1231 κρίματα
3220 1157 3318 1219 τῆς
3375 1149 3713 1218 δικαιοσύνης

335 1233 786 1326 postulationes,
819 1241 1245 1312 confessiones,
1278 1246 1599 1300 nocturnos
1656 1237 1849 1299 cultus
1877 1257 1892 1317 ;
1927 1233 1980 1297 el

2074 1265 2162 1299 σου
2196 1261 2211 1279 ⁶
2240 1242 2516 1323 πρόσδεξαι
2549 1247 2643 1309 τὰς
2689 1244 2899 1315 δεήσεις
2928 1247 3105 1323 ἡμῶν,
3139 1242 3235 1307 τὰς
3287 1239 3564 1322 ἐντεῦξεις,
3618 1241 3712 1304 τὰς

333 1334 531 1397 tribue
560 1333 754 1413 nobis,
780 1352 813 1392 o
845 1332 1024 1406 Deus,
1053 1330 1424 1393 inconfusam
1446 1328 1653 1401 ﬁdem,
1677 1345 1846 1408 spem
1874 1327 1980 1387 ﬁr-

2074 1332 2505 1412 ἒξομολογήσεις,
2567 1336 2660 1401 τὰς
2711 1335 3011 1413 νυκτερινὰς
3042 1332 3285 1411 λατρείας
3320 1347 3337 1363 '
3371 1332 3459 1387 καὶ
3491 1332 3712 1412 χάρισαι

334 1442 518 1499 mam,
538 1422 884 1485 cbaritatem
910 1423 1039 1482 sine
1063 1420 1322 1481 ﬁctione.
1350 1418 1606 1481 Benedic
1635 1425 1867 1479 nostros
1899 1418 1980 1476 in-

2074 1426 2221 1497 ἥμϊν,
2268 1426 2295 1479 6
2339 1426 2490 1499 Θεὸς,
2539 1427 2713 1482 πίστιν
2744 1426 3190 1503 ἀκαταίσχυντον,
3245 1419 3429 1478 ἐλπίδα
3471 1419 3712 1499 βεϐαίαν,

335 1515 548 1575 troitus
583 1522 640 1573 et
670 1512 880 1585 exitus,
909 1509 1199 1583 actiones,
1230 1527 1437 1589 opera,
1466 1525 1780 1573 sermones
1802 1515 1980 1586 atque

2074 1513 2279 1590 ὶγάπην
2334 1514 2699 1588 ἀνυπόκριτον.
2758 1514 3063 1593 Εὖλόγησον
3122 1512 3277 1587 ἡμῶν
3336 1510 3567 1575 εἰσόδους
3626 1512 3714 1566 καὶ

335 1602 723 1679 cogitationes
752 1617 769 1673 ;
802 1608 863 1662 et
912 1617 1021 1660 nos
1070 1596 1430 1661 ineffabilem
1464 1595 1786 1657 bonitatem
1822 1604 1980 1654 tuam

2074 1600 2292 1682 ἰξόδους,
2341 1604 2577 1681 πράξεις,
2628 1604 2776 1683 ἔργα,
2840 1604 3055 1683 λόγους,
3106 1602 3419 1676 ἐνθυμήσεις
3455 1617 3468 1631 ⁸
3506 1601 3594 1657 καὶ
3623 1598 3713 1662 δὸς

335 1685 1602 1763 Ιευᾱιιῐιῑθε,οοΙθὸνδῐιῐθε,θθυεόίοθηῐθε,ειό
1622 1682 1981 1764 principium
2066 1696 2200 1769 ἡμῖν
2247 1696 2570 1762 καταντῆσαι
2625 1682 2707 1757 ετξ
2757 1697 2851 1760 τὰς
2916 1682 3087 1775 ἀρχάς
3136 1700 3234 1761 τῆς
3268 1693 3469 1771 ἡμέρας
3500 1691 3713 1748 atomis-

333 1781 456 1843 diei
477 1781 786 1862 pervenire
810 1776 1255 1850 concede.Quia
1278 1776 1656 1838 benedictum
1673 1782 1761 1835 est
1777 1790 1980 1834 sacro-

2074 1806 2184 1864 τας,
2230 1786 2538 1863 ὕμνοῦννας,
2574 1785 2920 1863 εὔλογουντας
2956 1790 3054 1853 τῆς
3098 1786 3197 1852 σῆς
3251 1784 3518 1863 ἀφράστου
3564 1805 3715 1861 χρη-

334 1848 605 1935 εδηοῖιιηι
630 1888 847 1933 nomen
872 1877 1063 1942 tuum,
1090 1848 1151 1930 et
1170 1866 1570 1946 gloriﬁcatum
1591 1882 1841 1942 regnum
1867 1866 1980 1926 Pa-

2074 1876 2326 1939 στότητος
2357 1876 2453 1942 τὴν
2502 1876 2835 1953 ἀγαθότητα.
2867 1874 2999 1933 "Ott
3032 1874 3333 1953 ηὒλόγηται
3362 1874 3423 1929 τὸ
3454 1872 3712 1950 πάναγιόν

334 1964 466 2039 tris,
490 1972 550 2024 et
571 1962 726 2036 Filii,
760 1970 817 2023 et
837 1959 1098 2040 Spiritus
1129 1962 1342 2038 sancti,
1375 1974 1532 2019 nunc
1554 1962 1614 2016 et
1634 1970 1900 2033 semper,
1927 1958 1987 2013 et

330 2056 393 2119 in
424 2055 643 2117 saecula
664 2052 1046 2115 saeculorum.
1082 2052 1304 2111 Amen.

427 2335 523 2397 15.
558 2334 624 2396 In
655 2327 935 2392 cordibus
988 2323 1229 2398 nostris,
1261 2320 1535 2401 Domine,
1571 2320 1980 2399 incorruptum

330 2422 544 2485 divinae
573 2431 687 2483 tua:
716 2416 1072 2499 cognitionis
1103 2413 1303 2475 lumen
1330 2410 1629 2490 benignus
1660 2408 1928 2470 accende
1961 2430 1976 2487 ;

333 2522 392 2578 et
422 2515 586 2597 aperi
620 2518 832 2574 mentis
863 2518 1078 2571 nostrae
1108 2506 1310 2567 oculos
1333 2504 1405 2566 ad
1434 2501 1975 2565 considerationem

332 2595 769 2692 praedicationis
792 2596 1475 2678 evaugelicm.Timorem
1504 2595 1816 2692 beatorum
1843 2601 1975 2653 tuo-

337 2682 467 2761 rum
492 2702 903 2759 mandatorum
941 2689 1114 2751 nobis
1142 2686 1420 2766 immitte,
1457 2693 1519 2747 ut
1542 2682 1818 2744 omnibus
1840 2700 1975 2743 car-

333 2788 568 2852 nalibus
585 2780 1091 2864 concupiscentiis
1102 2773 1817 2854 conculcatis,spiritalem
1837 2790 1977 2834 con-

332 2879 728 2943 versationem
750 2862 1365 2951 sectemur,sapiendo
1395 2863 1743 2927 etfaciendo
1778 2862 1983 2923 omnia

332 2990 462 3053 quae
484 2979 597 3031 tute
619 2966 837 3047 placita
860 2973 997 3025 sunt
1019 2957 1334 3021 voluntati.
1363 2954 1598 3053 Quiatu
1630 2971 1694 3014 es
1716 2952 1983 3013 sanctiﬁ-

333 3043 486 3123 catio
522 3043 953 3121 etilluminatio
996 3059 1233 3122 nostra;
1271 3056 1328 3107 et
1359 3044 1462 3105 tibi
1488 3043 1733 3123 gloriam
1758 3060 1979 3121 repen-

2068 1984 2160 2018 σου
2217 1962 2408 2043 ὄνομα,
2496 1967 2581 2021 καὶ
2656 1966 2961 2032 δεδόξασται
3038 1986 3131 2021 σου
3187 1967 3221 2033 ἡ
3281 1962 3543 2042 βασιλέία,
3618 1969 3713 2019 τοῦ

2069 2053 2297 2132 Πατρὸς,
2348 2055 2436 2111 καὶ
2488 2061 2579 2111 τοῦ
2635 2057 2777 2135 rio-‘5,
2839 2060 3052 2112 καὶτοῦ
3080 2055 3229 2132 ἀγίοῠ
3260 2054 3589 2127 Πνεύματος,
3625 2061 3713 2111 νῦν

2068 2146 2156 2201 καὶ
2186 2147 2287 2222 ἀεὶ,
2322 2148 2409 2203 καὶ
2439 2149 2512 2211 εἰς
2542 2150 2662 2213 τοὺς
2692 2150 2885 2213 αἰῶνας
2915 2152 3021 2204 τῶν
3044 2149 3269 2207 αἰώνων.
3306 2145 3502 2221 Ἀμήν.

2734 2246 2914 2296 arm
2960 2236 3046 2301 θ’.

2150 2342 2399 2422 Λάμψον,
2461 2342 2701 2400 Δέσποτα
2764 2341 3122 2421 φιλάνθρωπε,
3189 2341 3243 2397 ἐν
3305 2353 3426 2405 ταῖς
3470 2339 3713 2418 καρδίαις

2062 2434 2217 2507 ἡμῶν
2247 2433 2309 2487 τὸ
2335 2434 2433 2498 τῆς
2465 2437 2563 2499 σῆς
2622 2433 2936 2499 θεογνωσίας
2970 2432 3080 2511 φῶς
3115 2430 3410 2507 ἀκήρατον,
3470 2430 3557 2485 καὶ
3588 2429 3715 2494 τοὺς

2062 2528 2159 2589 τῆς
2218 2520 2449 2585 διανοίας
2500 2526 2654 2597 ἡμῶν
2713 2521 3015 2603 ὀφθαλμοὺς
3063 2519 3321 2585 διάνοιξον
3370 2521 3442 2583 εἷς
3476 2520 3577 2586 τὴν
3609 2527 3715 2576 τῶν

2061 2611 2427 2691 εὖαγγελικῶν
2510 2636 2602 2669 σου
2674 2612 3035 2690 κηρυγμάτων
3119 2611 3443 2677 κατανόησιν
3480 2627 3495 2644 ·
3571 2609 3715 2673 ἔνθες

2059 2706 2197 2777 ἡμῖν
2247 2704 2333 2759 καὶ
2364 2709 2468 2759 τῶν
2528 2704 2800 2780 μακαρίων
2856 2723 2949 2757 σου
2975 2699 3203 2758 ἓντολῶν
3232 2698 3416 2780 φόϐον,
3449 2701 3564 2781 ἵνα,
3609 2702 3715 2757 πά-

2063 2815 2157 2856 σας
2215 2795 2311 2856 τὰς
2366 2794 2616 2870 σαρκικὰς
2664 2792 2939 2865 ἐπιθυμίας
2995 2793 3497 2867 καταπατήσαντες,
3551 2812 3716 2848 πνευ-

2063 2883 2295 2959 ματικὴν
2354 2880 2622 2939 πολιτείαν
2682 2882 3045 2956 μετέλθωμεν,
3102 2881 3274 2937 πάντα
3324 2882 3390 2942 τὰ
3440 2883 3571 2960 πρὸς
3624 2882 3716 2937 εὖ-

2064 2972 2347 3051 αρέστησιν
2395 2972 2492 3038 τὴν
2553 2972 2653 3039 σὴν
2712 2974 2797 3028 καὶ
2849 2980 3159 3051 φρονοῦντες
3220 2972 3307 3028 καὶ
3366 2972 3708 3049 πράττοντες,

2065 3062 2201 3120 "Ott
2237 3063 2298 3118 σὺ
2330 3062 2385 3118 εἴ
2422 3065 2449 3118 6
2480 3064 2743 3141 ἁγιασμὸς
2777 3064 2863 3119 καὶ
2908 3065 2934 3118 6
2994 3064 3263 3141 φωτισμὸς
3298 3061 3480 3138 ἡμῶν,
3520 3064 3604 3119 καὶ
3636 3062 3718 3120 σοὶ

334 3152 553 3224 dimus,
576 3148 756 3227 Patri,
791 3152 849 3206 et
892 3140 1062 3221 Filio,
1091 3148 1148 3201 et
1179 3134 1425 3232 Spiritui
1476 3140 1705 3232 sancto,
1732 3150 1893 3194 nunc
1927 3140 1980 3193 et

2074 3154 2165 3220 τὴν
2198 3150 2348 3219 δόξαν
2377 3134 2783 3229 ἂναπέμπόμεν,
2833 3154 2909 3227 τῷ
2975 3134 3175 3232 ῐΪατρὶ,
3210 3154 3294 3208 καὶ
3456 3134 3583 3225 Ῠὶᾠ,
3631 3152 3719 3209 καὶ

335 3257 597 3320 semper,
639 3224 781 3299 etin
814 3232 1030 3296 sweula
1057 3227 1436 3292 saeculorum.
1469 3224 1689 3287 Amen.

955 3410 1241 3480 ORATIO
1282 3412 1363 3475 Χ.

424 3517 558 3583 153.
585 3515 835 3579 Domine
859 3516 1016 3577 Deus
1037 3518 1263 3579 noster,
1297 3504 1400 3588 qui
1433 3522 1537 3585 per
1565 3502 1979 3584 paenitentiam

337 3608 684 3673 hominibus
735 3601 1151 3666 remissionem
1187 3595 1469 3663 tribuisti,
1496 3602 1555 3657 et
1586 3592 1757 3655 nobis
1786 3592 1981 3654 locum

336 3700 653 3784 agnitionis
667 3704 1042 3777 peccatorum
1059 3699 1235 3771 atque
1249 3685 1647 3784 confessionis
1661 3688 1719 3744 in
1740 3682 1987 3783 prophe-

338 3772 411 3855 tae
443 3772 681 3855 Davidis
711 3785 1061 3869 pmnitentia
1091 3779 1162 3841 ad
1196 3776 1430 3840 veniam
1465 3772 1981 3869 commonstrasti;

337 3885 495 3963 ipse,
521 3861 977 3950 Domine,nobis
1009 3874 1067 3933 in
1096 3869 1278 3932 multa
1304 3886 1371 3963 ac
1403 3861 1843 3963 graviaidelicta
1867 3861 1983 3921 mi-

2063 3245 2140 3307 τῷ
2187 3242 2320 3320 ἁγίῳ
2375 3244 2664 3322 Πνεύματι,
2728 3250 2814 3299 νῦν
2864 3242 2953 3299 καὶ
3008 3241 3110 3322 ἀεὶ,
3142 3243 3230 3298 καὶ
3259 3244 3332 3305 εἰς
3362 3243 3485 3306 τοὺς
3517 3242 3712 3305 αἰῶνας

2065 3334 2171 3391 τῶν
2202 3333 2429 3393 αἰώνων.
2466 3332 2669 3409 Ἀμήν,

2747 3430 2929 3481 ΕΥΧΗ
2977 3421 3041 3484 1³.

2150 3515 2305 3591 Κύριε
2362 3517 2388 3570 6
2444 3515 2574 3577 Θεὸς
2623 3516 2803 3589 ἡμῶν,
2857 3517 2884 3569 6
2934 3514 3031 3582 τὴν
3080 3512 3164 3569 διὰ
3208 3514 3494 3587 μετανοίας
3526 3511 3711 3593 ἄφεσιν

2066 3619 2182 3671 τοῖς
2242 3604 2531 3684 ἀνθρώποις
2579 3601 2981 3685 δωρησάμενος,
3037 3604 3126 3661 καὶ
3179 3605 3339 3660 τόπον
3391 3606 3528 3679 ἡμῖν
3585 3602 3716 3659 ἐπι-

2068 3696 2316 3773 γνώσεως
2377 3694 2778 3771 ἁμαρτημάτων
2837 3697 2923 3751 καὶ
2982 3692 3420 3773 ἐξομολογήσεως
3478 3695 3575 3761 τὴν
3625 3700 3720 3752 τοῦ

2067 3786 2340 3864 προφήτου
2402 3782 2561 3841 Δαϐὶδ
2592 3785 2874 3858 μετάνοιαν
2905 3788 3033 3863 πρὸς
3091 3785 3441 3866 συγχώρησιν
3494 3784 3714 3843 ὑποδεί-

2070 3873 2157 3940 ξας
2194 3890 2208 3905 ⁸
2252 3876 2431 3947 αὸτὸς,
2473 3874 2746 3948 Δέσποτα,
2778 3874 3001 3939 πολλοῖς
3037 3878 3181 3951 ἡμᾶς
3211 3876 3298 3932 καὶ
3331 3873 3587 3955 μεγάλοις
3625 3898 3723 3932 πε-

339 3953 570 4047 serere,
606 3966 933 4031 secundum
968 3979 1243 4040 magnam
1271 3953 1743 4047 misericordiam
1778 3959 1937 4011 tuam
1965 3968 1980 4025 ;

2074 3963 2467 4041 ριπεπτωκότας
2500 3962 2965 4041 πλημμελήμασιν
3008 3965 3252 4046 ἐλέησον,
3302 3953 3437 4022 κατᾶ
3467 3967 3530 4021 τὸ
3575 3965 3717 4044 μὲγα

340 4070 401 4127 et
423 4045 753 4125 secundum
778 4052 1219 4117 multitudinem
1248 4045 1695 4135 miserationum
1725 4050 1980 4135 tuarum,

2074 4074 2161 4108 σου
2218 4051 2364 4116 ἕλεος
2403 4053 2491 4109 καὶ
2545 4054 2680 4109 κατὰ
2736 4057 2797 4111 τὸ
2856 4054 3055 4124 πλῆθος
3089 4059 3194 4112 τῶν
3240 4045 3542 4135 οἰκτιρμῶν
3593 4077 3714 4120 σου,

340 4150 832 4232 deleiniquitates
862 4153 1118 4222 nostras,
1141 4145 1281 4232 quia
1313 4126 1980 4232 tibi__pe_ccavimus,Do-

2074 4140 2380 4217 Ἐξάλειψον
2435 4144 2499 4199 τὰ
2556 4143 2878 4232 ἀνομήματα
2908 4148 3085 4227 ἡμῶν,
3119 4146 3199 4203 ὅτι
3244 4147 3328 4202 σοὶ
3375 4126 3714 4227 ἦμάρτομεν,

342 4245 530 4317 mine,
552 4224 648 4321 qui
682 4240 909 4299 incerta
938 4242 999 4297 et
1028 4230 1258 4292 occulta
1288 4225 1489 4289 cordis
1519 4224 1832 4318 hominum
1858 4235 1980 4321 per:

2076 4232 2249 4321 lidpts,
2282 4237 2359 4303 τῷ
2388 4232 2475 4288 καὶ
2504 4232 2568 4288 τὰ
2600 4231 2769 4300 ἄδηλα
2826 4236 2914 4291 καὶ
2965 4224 3157 4316 κρύιρια
3206 4234 3303 4302 τῆς
3335 4231 3551 4312 καρδίας
3615 4224 3723 4290 τῶν

342 4298 797 4410 ἧκόνὶείίῖζιίιυί
831 4325 994 4387 solus
1022 4320 1210 4383 habes
1245 4322 1592 4410 potestatem
1644 4306 1980 4407 remittendi

2074 4319 2360 4398 ἀνθρώπων
2429 4321 2763 4403 γινώσκοντι,
2830 4326 2918 4381 καὶ
2985 4324 3134 4399 μόνῳ
3224 4323 3408 4404 ἔχοντι
3488 4322 3722 4389 ἐξουσίαν

341 4403 605 4507 peccata.
639 4403 752 4481 Cor
779 4413 1065 4476 mundum
1110 4427 1247 4471 crea
1304 4406 1382 4507 inn
1415 4403 1621 4507 nobis,
1650 4408 1743 4507 θοι.
1786 4403 1980 4499 spiritu

2075 4410 2281 4491 ἀφιέναι
2341 4413 2623 4491 ἁμαρτίας.
2685 4412 2909 4495 Καρδίαν
2983 4413 3036 4470 δὲ
3120 4403 3353 4491 καθαρὰν
3432 4415 3613 4478 κτίσας
3665 4415 3719 4470 ἐν

343 4488 1169 4599 principalicouﬁrmanos,et
1190 4495 1504 4599 manifesta
1518 4495 1699 4597 nobis
1727 4488 1980 4599 laetitiam

2076 4488 2221 4599 ἡμῖν.
2264 4508 2355 4599 καί
2429 4488 2684 4580 πνεύματι
2749 4488 3060 4584 ἦγε-μονικῴ
3103 4488 3350 4584 στηριξὰς
3403 4505 3573 4584 ἡμᾶς,
3632 4504 3719 4559 καὶ

341 4582 616 4670 salutaris
638 4599 721 4661 tui
751 4616 764 4661 :
794 4614 868 4658 ne
897 4593 1177 4677 projicias
1220 4606 1328 4650 nos
1357 4605 1391 4648 a
1422 4586 1571 4648 facie
1594 4593 1692 4677 tua
1726 4585 1814 4665 (a)
1844 4605 1859 4656 ;
1888 4582 1980 4644 sed

2075 4592 2173 4659 τὴν
2199 4592 2509 4670 ἀγαλλίασιν
2552 4602 2646 4653 τοῦ
2698 4582 2957 4673 σωτηρίου
3015 4616 3108 4651 σου
3138 4582 3398 4673 γνωρίσας
3432 4582 3591 4672 ἡμῖν,
3641 4592 3720 4667 μὴ

345 4699 573 4779 placeat
602 4675 988 4766 tibi,bonoiet
1008 4682 1296 4779 benigno,
1321 4686 1385 4779 ut
1408 4694 1596 4779 usque
1607 4675 1695 4779 had.
1722 4683 1980 4776 nostrum

2076 4681 2375 4779 ἀπορῤίψγδς
2417 4687 2560 4779 ἡμᾶς
2614 4686 2719 4743 ἀπὸ
2773 4688 2866 4742 τοῦ
2923 4686 3209 4763 προσώπου
3241 4707 3335 4741 σου
3367 4700 3381 4716 ·
3419 4681 3537 4740 ἀλλ’
3570 4679 3723 4739 £666-

342 4764 673 4851 extremum
695 4764 943 4842 halitum
975 4773 1295 4834 offeramus
1318 4767 1423 4831 tibi
1443 4766 1803 4829 sacriﬁcium
1822 4764 1980 4844 justi-

2078 4794 2265 4846 κησον,
2300 4777 2374 4838 ὡς
2419 4774 2612 4853 ἀγαθὸς
2635 4777 2722 4831 καὶ
2763 4774 3153 4856 φιλάνθρωπος,
3189 4775 3350 4855 μέχρι
3401 4775 3496 4842 τῆς
3546 4772 3722 4853 ἐσχά-

344 4878 530 4950 tite,et
552 4871 911 4937 oblationem
938 4881 1120 4946 super
1144 4869 1349 4952 sancta
1372 4866 1469 4952 tua
1490 4856 1719 4937 altaria;
1756 4853 1980 4952 miseri-

2077 4882 2175 4927 της
2231 4864 2386 4938 ἡμῶν
2434 4864 2732 4945 ἀναπνοῆς,
2777 4853 3099 4946 ’προσφέρειν
3130 4853 3212 4921 σοι
3243 4853 3422 4924 θυσίαν
3450 4862 3728 4920 δικαιοσύ-

346 4945 571 5040 cordia,
597 4945 1177 5029 miserationibus,et
1210 4946 1583 5028 benignitate
1608 4945 1893 5040 unigeniti
1917 4950 1976 5003 tu

2092 4972 2200 5040 me,
2246 4955 2334 5008 καὶ
2385 4953 2650 5036 ἀναφορὰν
2689 4957 2743 5011 ἒν
2800 4945 2944 5021 τοῖς
2976 4956 3147 5033 ἁγίοις
3182 4977 3275 5012 σου
3306 4952 3727 5031 θυσιαστηρίοις,

343 5056 508 5136 Filii,
539 5034 799 5132 quocum
834 5045 1190 5110 benedictus
1222 5058 1310 5115 es,
1345 5056 1482 5101 cum
1533 5034 1909 5099 sanctissimo
1938 5049 1975 5133 ο

2083 5039 2242 5113 ἐλέει,
2276 5034 2596 5136 ,οῖκτιρμοϊς
2672 5046 2760 5103 καὶ
2834 5045 3200 5125 φιλανθρωπίᾳ
3271 5050 3366 5102 τοῦ
3410 5051 3730 5122 μονογενοῦς

344 5121 508 5208 bono
532 5121 592 5205 εἰ
622 5140 853 5201 viviﬁco
885 5146 983 5198 tuo
1011 5132 1233 5215 Spiritu
1266 5146 1426 5191 nunc
1450 5134 1508 5188 et
1551 5143 1815 5207 semper,
1843 5131 1904 5186 et
1935 5121 1980 5183 it

2084 5153 2177 5188 σου
2233 5134 2377 5213 Υἶοῦ,
2437 5121 2550 5210 μεθ’
2583 5140 2642 5195 οὗ
2683 5121 2969 5217 εὐλογητὸς
3013 5121 3094 5209 έϊ,
3122 5136 3214 5194 σὺν
3248 5141 3324 5213 τῷ
3356 5133 3599 5212 παναγίῳ
3642 5133 3733 5189 καὶ

349 5231 567 5298 saecula
593 5229 972 5292 saeculorum.
1007 5229 1226 5287 Amen.

2081 5221 2262 5299 ἀγαθῷ
2290 5225 2379 5280 καὶ
2427 5231 2673 5302 ζωοποιῷ
2727 5250 2819 5285 σου
2863 5228 3158 5304 Πνεύμιιτι,
3207 5225 3294 5283 νῦν
3328 5226 3415 5283 καὶ
3470 5224 3577 5300 ἀεὶ,
3641 5222 3732 5279 καὶ

1348 5337 1383 5368 ρ
2082 5312 2156 5376 εἷς
2186 5313 2305 5375 τοὺς
2334 5313 2527 5380 αἱώνας
2556 5321 2663 5371 τῶν
2692 5316 2920 5380 αἰώνων,
2956 5316 3155 5391 Ἀμήν.

949 5402 1229 5471 ORATIO
1273 5403 1379 5466 XI.
2738 5414 2918 5466 srxn
2953 5403 3061 5469 ω’.

433 5509 569 5574 154.
602 5506 784 5580 Deus,
816 5502 974 5566 Deus
1025 5506 1255 5579 noster,
1290 5496 1391 5579 qui
1426 5492 1775 5555 intellectus
1806 5496 1980 5580 etpra-

2169 5487 2229 5549 Ὀ
2262 5495 2413 5567 Θεὸς,
2452 5496 2479 5551 6
2512 5497 2641 5560 Θεὸς
2671 5499 2850 5575 ἡμῶν,
2903 5502 2926 5555 δ
2979 5499 3072 5559 τὰς
3132 5496 3314 5575 νοερᾶς
3364 5494 3454 5550 καὶ
3508 5489 3735 5569 λογικὰς

346 5602 524 5666 tionis
553 5578 878 5683 participes
900 5590 1166 5683 Virtutes
1207 5584 1637 5683 tuavoluntate
1652 5578 1978 5645 condidisti

2087 5582 2522 5661 ὑποστησάμενος
2560 5589 2817 5664 Δυνάμεις
2842 5595 2914 5662 τῷ
2952 5595 3029 5663 σῷ
3058 5585 3322 5661 θελήματι
3364 5600 3379 5616 ’
3413 5604 3509 5641 σου
3545 5580 3739 5655 δεόμε-

348 5672 690 5776 quaesumus
724 5672 790 5749 te.
820 5694 998 5766 atque
1048 5681 1434 5754 obtestamur,
1462 5675 1701 5756 suscipe
1736 5678 1980 5736 nostran

2087 5674 2174 5745 θα,
2228 5674 2313 5730 καὶ
2389 5675 2448 5730 σὶ
2522 5678 2846 5755 ἱκετεύομεν,
2920 5674 3195 5757 πρόσδεξαι
3259 5678 3415 5753 ἡμῶν
3479 5672 3567 5730 καὶ
3624 5674 3734 5727 τῶν

429 5871 511 5952 (a)
544 5867 703 5935 Psal.
742 5885 804 5949 ι,
838 5862 1068 5947 42,13.
