4140 6458
1313 346 1755 413 ACOLUTHIA
1798 346 2182 412 TRIPLICIS
2223 345 2469 410 FESTI.

3487 365 3653 415 GCXJLI

270 489 544 568 κισμάτων
598 509 692 545 σου
742 484 956 544 πάντων
1011 506 1113 555 την
1174 484 1310 544 κατᾶ
1339 484 1555 561 δύναμιν
1585 483 1912 566 δοξολογίαν,

2006 486 2390 568 omniumque
2422 493 2657 549 tuarum
2679 493 3090 551 creaturarum
3112 486 3509 568 gloriﬁcation
3520 506 3642 566 em,

271 582 358 640 καὶ
416 592 540 644 ταῖς
591 576 844 643 πλουσίας
901 579 998 645 τῆς
1056 583 1157 655 σῇς
1205 576 1535 657 ἆγαθότητος
1591 575 1920 654 ἀντάμειψαι

271 671 519 753 δωρεαῖς.
558 666 635 726 ἔτι
681 668 760 726 σοὶ
802 667 1044 744 κάμπτει
1100 675 1205 726 πᾶν
1262 666 1411 747 γόνυ,
1457 665 1801 746 ἐπουρανίων,
1833 660 1920 724 καὶ

269 761 544 841 Ξπιγείων,
576 759 665 817 καὶ
712 757 1101 838 καταχθονίων·
1139 759 1226 815 καὶ
1280 764 1425 815 πᾶσα
1471 757 1605 824 πνοή
1637 758 1725 814 καὶ
1750 758 1917 823 κτίσις

267 852 427 929 ὒμνεϊ
453 850 554 918 τὴν
584 846 964 915 ὰιατᾶληπτόν
997 870 1088 905 σου
1145 845 1319 913 δόξαν·
1376 847 1537 925 μόνος
1569 846 1669 926 γὰρ
1699 848 1754 905 εἴ
1787 850 1916 913 Θεὸς

266 940 515 1010 ἀληθινὸς
587 938 676 995 καὶ
730 936 1040 1001 πολυέλεος.
1098 934 1231 996 ’Ὅτι
1285 938 1344 993 σε
1395 940 1593 995 αἱνοῦσι
1644 943 1809 995 πᾶσαι
1868 941 1918 994 αἱ

269 1031 527 1107 Δυνάμεις
576 1032 683 1086 τῶν
736 1032 992 1107 οὒρανῶν,
1040 1028 1127 1085 καὶ
1181 1029 1263 1084 σοὶ
1320 1024 1472 1093 δόξαν
1502 1025 1911 1103 ἀναπέμπομεν,

263 1129 340 1197 τῷ
370 1121 557 1200 Πατρῖ,
592 1118 677 1176 καὶ
705 1125 783 1181 τῷ
813 1119 940 1195 Υίῷ,
974 1120 1062 1175 καὶ
1092 1125 1169 1193 τῷ
1200 1117 1334 1197 ἁγίῳ
1367 1118 1654 1193 Πνεύματι²
1689 1124 1775 1173 νῦν
1829 1119 1917 1175 καὶ

264 1212 345 1269 ἀεὶ
373 1214 461 1269 καὶ
498 1211 571 1274 εἷς
598 1208 721 1273 τοὺς
753 1209 948 1271 αἰῶνας
978 1214 1084 1264 τῶν
1119 1207 1347 1269 αἶώνων,
1379 1206 1556 1282 Ἀμήν

950 1307 1129 1357 EI‘XH
1159 1300 1267 1364 ω’.

347 1402 623 1476 Αἶνοῦμεν,
674 1397 961 1473 ὑμνοῧμὲν,
1018 1396 1339 1475 εὐλογοῦμεν
1393 1397 1478 1452 καὶ
1558 1395 1914 1475 εὐχαριστοῦ-

264 1492 363 1570 μέν
412 1513 519 1568 σοι,
580 1490 608 1545 ὀ
658 1488 785 1552 Θεὸς
835 1492 942 1543 τῶν
986 1486 1230 1566 πατέρων
1258 1488 1437 1562 ημῶν,
1487 1484 1575 1543 ὅτι
1603 1487 1913 1565 παρήγαγες

267 1582 362 1652 τὴν
393 1580 545 1638 σκιὰν
569 1583 668 1646 τῆς
701 1578 912 1652 νυκτὸς,
946 1579 1037 1633 καὶ
1066 1574 1264 1643 ἔδειξας
1313 1579 1453 1652 ἡμῖν
1506 1575 1668 1633 πάλιν
1710 1577 1772 1632 τὸ
1801 1581 1912 1654 φῶς

262 1676 364 1739 τῆς
418 1669 642 1747 ἡμέρας.
688 1664 836 1724 Ἀλλ’
895 1667 1200 1743 ἱκετεύομεν
1256 1666 1351 1734 τὴν
1426 1667 1525 1734 σὴν
1581 1664 1911 1744 άγαθότητα,

262 1760 505 1827 ἱλάσθητι
561 1769 681 1839 τρῖς
749 1756 1030 1835 ἁμαρτίαις
1101 1759 1279 1833 ἡμῶν,
1329 1757 1418 1813 καὶ
1474 1753 1753 1833 πρόσδεξαι
1816 1755 1913 1823 τὴν

2004 575 2478 659 uniuscujusque
2508 576 2732 641 viribus
2759 586 3219 659 congruentem,
3254 585 3315 639 et
3343 578 3646 642 aﬂluentia

2004 664 2286 730 bonitatis
2317 676 2432 731 tua:
2461 668 2619 730 dona
2646 670 2934 750 repende;
2972 668 3110 751 quia
3138 668 3245 730 tibi
3276 686 3455 730 omne
3483 686 3642 748 genu

2002 756 2284 832 ﬂectitur,
2319 757 2677 839 caelestium,
2724 759 3094 821 terrestrium
3143 768 3202 820 et
3248 758 3645 833 infernarum;

2002 847 2316 929 omnisque
2344 848 2585 928 spiritus
2615 866 2684 910 ac
2715 858 2981 912 createra
3010 849 3276 912 celebrat
3304 847 3644 930 incompte.

2001 935 2360 1000 hensibilem
2393 937 2640 1017 gloriam
2673 945 2856 1001 tuam.
2893 939 3045 1012 Quia
3074 948 3130 1000 te
3159 937 3405 1000 laudant
3437 956 3649 1001 omnes

2000 1024 2268 1088 Virtutes
2315 1028 2627 1108 caelorum,
2658 1037 2854 1109 etlnos
2886 1027 2992 1090 tibi
3026 1028 3273 1108 gloriam
3305 1026 3642 1102 reddimus,

2000 1115 2185 1197 Patri,
2219 1124 2276 1181 et
2293 1116 2469 1193 Filio,
2504 1125 2563 1179 et
2592 1117 2841 1198 Spiritui
2871 1128 3275 1192 sancto,nunc
3306 1126 3640 1200 etsemper,

2000 1212 2059 1266 et
2090 1204 2151 1266 in
2183 1207 2399 1269 saecula
2427 1208 2806 1270 saculorum.
2840 1212 3064 1273 Amen.

2588 1302 2879 1367 ORATIO
2924 1303 3049 1367 XII.

2081 1392 2219 1456 155.
2283 1394 2641 1471 Laudamus,
2702 1396 3097 1473 celebramus,
3136 1395 3554 1459 benedicimus
3585 1403 3643 1457 et

1998 1484 2214 1562 gratias
2243 1485 2472 1564 agimus
2505 1484 2633 1567 tibi,
2668 1486 2827 1549 Deus
2853 1496 3086 1568 patrum
3106 1485 3642 1566 nostrorum,quod

1998 1571 2381 1654 dissipaveris
2411 1574 2686 1637 umbram
2720 1578 2933 1651 noctis,
2969 1584 3030 1639 et
3060 1576 3234 1639 nobis
3267 1575 3387 1638 diei
3439 1576 3645 1637 lumen

1998 1661 2212 1725 iterum
2236 1665 2594 1729 ostenderis.
2633 1668 2851 1728 Verum
2885 1666 3211 1728 bonitatem
3258 1676 3416 1728 tuam
3462 1664 3644 1728 obse-

1997 1770 2256 1829 cramus,
2289 1755 2583 1837 propitius
2613 1765 2740 1819 esto
2768 1756 3023 1838 peccatis
3049 1756 3361 1834 nostris,et
3380 1774 3486 1835 pro
3512 1773 3641 1816 ma-

262 1849 443 1919 δέησιν
476 1851 630 1925 ἡμῶν
690 1848 744 1903 ἐν
788 1852 856 1923 τῇ
886 1846 1098 1924 μεγάλῃ
1130 1869 1224 1903 σου
1256 1844 1650 1925 εὖσπλαγχνίᾳο
1678 1847 1810 1923 πρὸς
1856 1842 1912 1900 σέ

2006 1861 2109 1921 gna
2140 1843 2552 1908 misericordia
2583 1854 2680 1908 tua
2714 1855 2946 1909 nostras
2980 1864 3191 1926 preces
3212 1845 3482 1908 admitte:
3503 1845 3642 1926 quia

258 1940 687 2018 καταφεύγομεν,
741 1937 833 1993 τὸν
890 1936 1158 2012 ἐλεήμονα
1212 1937 1299 1993 καὶ
1327 1933 1727 2010 παντοδύναμον
1760 1935 1912 2003 Θεό-ο,

253 2030 486 2105 Λάμψον
544 2027 597 2084 ἐν
656 2039 779 2091 ταῖς
838 2025 1075 2103 καρδίαις
1127 2026 1282 2103 ἡμῶν
1339 2028 1403 2083 τὸ
1461 2024 1715 2093 ἀληθινὸν
1757 2024 1915 2093 ἥλιον

250 2125 353 2186 τῆς
421 2116 757 2184 δικαιοσύνης
828 2139 921 2174 σου
954 2165 970 2197 ,
1037 2116 1264 2197 φώτισω
1349 2117 1441 2173 τὸν
1518 2123 1633 2173 νοῦν
1703 2114 1859 2190 ἡμῶν
1892 2162 1910 2188 ,

250 2211 343 2269 καὶ
399 2208 492 2272 τὰς
536 2207 805 2277 αἰσθήσεις
836 2205 964 2271 ὅλας
1009 2206 1357 2287 διατήρησον,
1390 2204 1505 2280 ἵνα,
1541 2207 1612 2271 ὡς
1641 2208 1695 2261 ἒν
1738 2204 1913 2285 ἡμέρᾳ

250 2298 613 2380 εὐσχημόνως
647 2305 1054 2377 περιπατοῦντες
1096 2297 1196 2365 τὴν
1239 2293 1355 2353 ὁδὸν
1397 2301 1503 2352 τῶν
1537 2292 1761 2351 ἐντολῶν
1793 2316 1910 2371 σου,

256 2389 685 2464 καταντήσωμεν
738 2387 810 2449 εἷς
869 2387 970 2454 τὴν
1010 2388 1153 2458 ζωὴν
1203 2386 1303 2453 τὴν
1366 2385 1597 2460 αἰώνιον,
1661 2381 1740 2439 ὅτι
1771 2385 1911 2462 παρὰ

254 2479 345 2538 σοί
371 2478 511 2536 ἔστιν
543 2480 576 2546 ἡ
607 2477 761 2556 πηγὴ
790 2481 891 2545 τῆς
934 2482 1104 2549 ζωῆς·
1141 2477 1229 2533 καὶ
1286 2474 1340 2531 ὲν
1398 2473 1686 2531 ἀπολαύσει
1717 2474 1908 2551 γενέσ-

251 2573 342 2627 θαι
401 2566 810 2643 καταξιωθῶμεν
858 2574 951 2624 τοῦ
998 2567 1283 2645 ἀπροσίτου
1326 2566 1526 2645 φωτὸς,
1563 2562 1642 2619 ὅτι
1700 2564 1761 2620 σὺ
1794 2564 1849 2620 εἴ
1883 2565 1910 2620 6

253 2660 390 2724 Θεὸς
443 2660 622 2735 ἡμῶν,
681 2659 768 2714 καὶ
830 2658 910 2715 σοὶ
980 2658 1079 2723 την
1136 2653 1288 2721 δόξαν
1343 2653 1752 2729 ἀναπέμπωμεν,
1833 2660 1910 2728 τῷ

254 2748 447 2828 Πατρῖ³
478 2749 568 2804 καὶ
597 2754 672 2822 τῷ
716 2748 842 2828 Υίῷ,
898 2748 986 2803 καὶ
1054 2750 1133 2819 τῷ
1183 2744 1317 2824 ἅγίῳ
1377 2745 1666 2819 Πνεύματι,
1702 2750 1787 2802 νῦν
1820 2744 1907 2801 καὶ

250 2842 359 2913 αεὶ,
396 2838 485 2895 καὶ
515 2839 586 2903 εὶς
617 2837 703 2901 οὺς
738 2838 934 2900 αἰῶνας
959 2839 1065 2893 τῶν
1099 2836 1306 2892 αἰώνων
1334 2832 1538 2909 Ἀμήν.

339 2929 477 2986 Εἶτα
526 2927 670 3007 λέγει
713 2927 811 2995 τὴν
861 2925 1105 3005 μεγάλην
1162 2923 1481 2991 συνναπτήν,
1522 2923 1669 2979 Μετὰ
1721 2920 1902 2992 δὲτὴν

2001 1932 2073 1995 ad
2099 1942 2155 1996 te
2176 1934 2575 2017 confugimus,
2603 1936 3049 1999 misericordem
3078 1945 3140 1998 et
3166 1935 3639 2014 omnipotentem

2001 2025 2216 2086 Deum.
2252 2023 2317 2085 In
2342 2024 2622 2087 cordibus
2650 2028 2873 2088 nostris
2918 2027 3104 2089 solem
3120 2025 3366 2106 justitiae
3397 2033 3512 2087 tuae
3535 2042 3640 2089 ac-

1996 2113 2477 2188 cende,mentem
2490 2123 2752 2178 nostram
2775 2117 3412 2197 illumina,omnesque
3428 2133 3641 2178 sensus

1997 2214 2375 2286 conserva,ut
2406 2214 2685 2287 tanquam
2714 2207 2775 2267 in
2791 2206 2888 2268 die
2904 2224 3010 2286 per
3030 2211 3180 2268 viam
3228 2205 3641 2267 mandatorum

1998 2300 2231 2356 tuorum
2256 2295 2504 2377 pulchre
2517 2295 2914 2373 ambulantes,
2940 2296 3013 2358 ad
3028 2295 3207 2358 vitam
3222 2293 3641 2376 perveniamus

1964 2392 2304 2465 aeternam,
2338 2385 2482 2466 quia
2524 2386 2657 2448 fons
2686 2385 2818 2447 vitae
2847 2386 3003 2469 apud
3048 2393 3104 2448 te
3135 2392 3246 2459 est,
3296 2392 3354 2446 et
3412 2383 3641 2445 lumine

1992 2473 2299 2536 inaccesso
2329 2473 2553 2555 perfrui
2606 2493 2965 2556 mereamur,
2993 2481 3127 2555 quia
3157 2482 3220 2537 tu
3251 2472 3411 2537 Deus
3441 2482 3645 2536 noster

1996 2572 2149 2636 es,et
2172 2563 2274 2625 tibi
2303 2564 2611 2628 reddimus
2634 2565 2905 2643 gloriam,
2945 2564 3129 2637 Patri,
3148 2571 3205 2625 et
3235 2563 3407 2639 Filio,
3423 2572 3479 2625 et
3502 2582 3644 2625 san-

1993 2662 2088 2716 cto
2118 2653 2387 2735 Spiritui,
2432 2672 2591 2716 nunc
2620 2662 2679 2715 et
2707 2672 2969 2734 semper,
3003 2662 3065 2716 et
3097 2653 3159 2715 in
3196 2655 3414 2716 saecula
3445 2672 3638 2715 scaeu-

1992 2744 2211 2809 lorum.
2245 2744 2462 2807 Amen.

2073 2918 2488 2984 156.«Deinde
2512 2919 2723 2982 recitat
2755 2937 3027 2999 magnam
3060 2918 3397 2983 collectam.
3418 2919 3640 3001 Etpost

248 3017 579 3098 ἐπιφώνησιν,
628 3015 912 3092 ψάλλεται’
946 3014 1119 3081 ’³Οεὸς
1167 3015 1377 3093 Κύριος.

2006 3010 2486 3074 exclamationem
2515 3009 2677 3071 canit
2714 3030 2726 3071 :
2768 3011 2926 3073 Deus
2959 3008 3271 3073 Dominus.

336 3114 529 3176 Coum.
566 3111 773 3191 Magna
800 3111 902 3173 illa
929 3110 1180 3174 collecta
1208 3118 1269 3172 et
1298 3106 1646 3172 exclamatio
1675 3108 1881 3191 eadem
1916 3114 2025 3182 est,
2067 3123 2241 3186 quam
2277 3104 2551 3191 dedimus
2582 3121 2764 3191 supra
2819 3121 2985 3191 num.
3019 3102 3145 3191 _72,
3185 3102 3247 3164 in
3308 3103 3644 3191 majoribus

242 3194 556 3274 Vesperis,
582 3183 853 3274 adéoque
884 3209 1391 3274 supervacaneum
1448 3198 1617 3274 esset
1648 3206 1778 3274 eam
1798 3187 1898 3274 hic
1931 3183 2110 3274 totam
2133 3194 2443 3274 repetere._
2468 3185 2554 3247 Ad
2587 3183 2670 3274 rb,
2704 3185 2763 3274 ’ρ
2794 3188 2925 3274 Θεὸς
2960 3185 3168 3274 Κύριος,
3205 3183 3369 3274 quod
3398 3183 3635 3274 attinet,

238 3264 401 3361 for_te
429 3273 518 3337 illi
540 3264 1024 3361 'subneétendu'm
1060 3281 1160 3361 es_t_
1179 3291 1247 3333 ex
1284 3271 1646 3361 Horologiq:
1670 3273 1769 3361 ,καὶ
1797 3270 1912 3360 ὲπέιε

2006 3291 2054 3325 εν
2081 3264 2219 3358 ἡμῖν
2248 3266 2611 3361 εὐλογρίμενος
2645 3270 2672 3322 6
2717 3266 3013 3361 ἐρχόμενος
3046 3264 3369 3361 ἔνδιόνόματι⁹
3406 3264 3631 3361 ςυρίρυξ

250 3378 277 3413 α
315 3354 389 3437 Et
415 3354 686 3437 apparuit
715 3354 913 3437 nobis,
944 3353 1301 3437 benedictus
1335 3352 1437 3430 qui
1470 3343 1629 3412 venit
1669 3350 1732 3411 in
1762 3343 2007 3437 nomine
2039 3345 2299 3437 Domini.
2339 3370 2365 3401 η
2389 3343 2693 3437 Τγρίοοηι
2725 3343 2924 3408 autem
2978 3343 3040 3408 S.
3094 3343 3264 3408 Saba;
3313 3344 3457 3407 dicit
3484 3343 3636 3409 illud

239 3436 403 3509 caui,
434 3428 555 3499 non
574 3453 609 3497 a
637 3428 981 3506 sacerdote,
1016 3435 1121 3496 sed
1150 3453 1185 3495 a
1215 3428 1521 3512 designato
1555 3431 1848 3494 monacho
1887 3452 1901 3489 :
1939 3428 2125 3492 verba
2154 3429 2281 3490 hac
2309 3435 2448 3489 sunt
2481 3447 2493 3490 :

328 3530 447 3590 Εἶθ’
495 3530 659 3596 οὕτως
717 3534 745 3589 6
794 3532 1013 3612 ταχθεὶς
1084 3531 1327 3609 μοναχδς
1385 3527 1475 3609 ἀφ’
1538 3526 1764 3604 ἑσπέρας
1824 3528 1897 3591 εἰς

2072 3519 2571 3612 157.mAbsoluta
2642 3520 3123 3612 exclamatio-ne,
3164 3527 3458 3612 _statutus
3510 3524 3636 3603 jam

236 3626 305 3682 τὸ
364 3625 709 3705 προκείμενον
778 3608 905 3689 τῆς⁷
933 3620 1137 3701 ἡμέρας
1164 3667 1181 3700 ,
1230 3608 1470 3688 ποιήσας
1522 3618 1622 3684 τὴν
1695 3617 1894 3686 συνήθη

2006 3612 2122 3675 nde
2150 3632 2184 3674 a
2213 3610 2495 3705 Vesperis
2528 3611 2880 3705 monachus,
2930 3608 3029 3705 ad_
3058 3608 3633 3705 diei_propositum,

237 3697 529 3793 μετάνοιαν
597 3720 675 3787 τῷ
768 3697 1054 3791 ἡγουμένω
1084 3758 1100 3785 ,
1166 3697 1365 3785 illaille}
1423 3708 1484 3764 τὸ
1518 3755 1535 3781 ,
1591 3707 1720 3772 Θεὸς
1786 3705 1893 3764 Κό-

2006 3712 2133 3765 acta
2186 3699 2386 3764 abbati
2448 3700 2789 3762 reverentia
2821 3748 2837 3781 ,
2901 3697 3106 3760 canit:
3183 3699 3347 3762 Deus
3420 3700 3634 3763 Domi-

276 3828 358 3870 ιος
373 3854 388 3869 .
1976 3810 2118 3855 nus.

240 3829 523 3963 ρωῖιὸιω,
556 3899 697 3977 Post
723 3895 1069 3977 στιχολογίαν
1099 3900 1431 3977 sequuntur
1460 3891 1723 3977 stichera
1753 3895 2119 3977 sanctorum,
2149 3903 2403 3968 quorum
2453 3885 2603 3948 festa
2628 3883 2727 3947 lux
2755 3883 2968 3977 agitur.
3006 3883 3116 3977 Est
3157 3892 3355 3948 autem
3388 3887 3485 3977 hic
3517 3907 3633 3951 ηο-

236 3980 514 4056 ιαῐιάιιιη,
540 3976 698 4059 quod
728 3995 799 4040 ea
815 3966 1093 4059 't'roparia
1120 3966 1256 4059 qua}
1276 3974 1339 4036 in
1373 3973 1923 4059 Menmiszocantur
1946 3966 2267 4059 xaﬁiapzcz‘,
2302 3985 2421 4059 non
2449 3985 2519 4028 eo
2551 3984 2729 4059 sensu
2774 3966 2871 4027 hic
2902 3973 3216 4059 vocentur,
3255 3986 3373 4059 quo
3401 3968 3500 4031 illa
3525 3988 3630 4034 ac-

241 4045 521 4141 cepimus
552 4045 732 4141 supra
752 4045 1060 4141 _num.:85,
1094 4045 1202 4141 sed
1234 4056 1410 4141 longe
1441 4054 1581 4141 alio.
1617 4051 2071 4141 Hocpimirnm,
2095 4045 2410 4141 quodsint
2438 4047 2692 4141 cantica,
2722 4064 2858 4141 qua:
2879 4045 3624 4141 sedendo'persplvuntur,

238 4127 683 4206 nt'cantoribus
712 4139 942 4220 aliquid
975 4127 1287 4201 levaminis
1315 4127 1705 4200 cbncedatur.
1740 4132 1939 4195 Potest
1967 4127 2163 4213 itaque
2192 4131 2422 4206 αάθισμα
2444 4128 2649 4192 Latine
2683 4127 2854 4191 reddi
2884 4130 3089 4190 sessio.
3123 4127 3289 4191 Habe
3320 4130 3497 4208 igitur
3521 4133 3629 4195 hu-

234 4223 342 4305 jus
370 4221 554 4285 ofﬁcii
585 4219 969 4283 catbismata.

326 4318 477 4376 Μετὰ
504 4318 602 4384 τὴν
650 4314 701 4373 α’
731 4316 1078 4397 στιχολογίαν
1107 4313 1363 4388 κάθισμα.

2056 4309 2196 4370 Post
2240 4305 2492 4385 primam
2525 4302 2937 4384 stichologiam
2977 4305 3189 4370 sessio.

320 4403 497 4489 Ἦχος
527 4405 596 4482 δ’,
632 4407 787 4484 πρὸς,
823 4394 987 4486 Ἵῒαχῦ
1016 4399 1340 4484 προκάλαϐε.
2052 4399 2257 4489 Tenus
2280 4395 2337 4489 4,
2380 4394 2533 4489 sicut
2560 4396 2711 4475 Ταχὺ
2744 4395 3149 4489 προκαταλαϐεῗ

320 4484 610 4575 Φωστῆρες
667 4484 1032 4576 ὑπέρλαμπροι
1080 4496 1179 4560 τῆς
1230 4490 1555 4560 Ἐκκλησίας
1596 4495 1912 4576 -Χριστοῦκ

2048 4484 2483 4551 158.Ecclesiae
2509 4502 2757 4547 corusca
2770 4484 3401 4558 luminaria,doctrinis
3418 4490 3635 4552 vestris

234 4590 329 4647 τὸν
382 4561 584 4663 κόσμον
657 4561 962 4667 ἐφιυΙτίσοτε
1006 4596 1126 4647 ταῖς
1172 4580 1428 4664 διδαχαῖς
1459 4583 1607 4658 ὑμῶν
1654 4561 1912 4660 άατέρεξῖ

2006 4574 2375 4639 .ollustrastis
2407 4574 2639 4652 orbem;
2676 4574 2922 4636 conﬁxis
2954 4576 3235 4639 omnibus
3268 4596 3447 4658 prave
3482 4597 3631 4641 sen-

232 4677 508 4759 θεόσοφοι,
560 4664 821 4746 πήξαντες
863 4676 958 4740 τὰς
1015 4672 1240 4755 αἱρέσεις
1298 4673 1509 4731 πάντων
1557 4674 1664 4728 τῶν
1720 4693 1891 4727 κακο-

2006 4666 2243 4727 ientium
2267 4664 2619 4744 baeresibus,
2652 4665 2956 4727 ﬂammeas
2987 4666 3478 4730 conturbationes
3508 4668 3629 4731 im-

234 4754 426 4849 Sdiwv,
457 4764 740 4830 σϐέσαντες
793 4765 888 4829 τὰς
935 4761 1226 4846 φλογώδεις
1270 4767 1376 4821 τῶν
1424 4763 1759 4842 βλασφήμων
1791 4783 1890 4818 συ-

2006 4755 2210 4818 ιίθιαιίε
2231 4754 2855 4849 exstinxi-stiskPatres
2876 4754 3213 4849 divinorum
3250 4757 3460 4849 periti.
3495 4760 3629 4832 Qua

233 4844 451 4939 χόσεις,
486 4857 604 4934 Διὸ,
659 4857 732 4920 ὡς
761 4844 1009 4936 ἱεράρχ-αι
1072 4860 1322 4934 Χοιστοῦ,
1366 4850 1721 4933 πρεσϐεύσατε
1771 4873 1886 4908 σω-

2006 4864 2049 4907 .e
2079 4863 2276 4926 causa,
2318 4845 2487 4908 veluti
2512 4845 2728 4907 Christi
2751 4845 3104 4925 hierarchae,
3143 4855 3412 4907 nostram
3444 4847 3621 4910 inco-

1971 4933 2301 4998 lumitatem
2334 4934 2661 5016 exposcite.

2051 5024 2274 5089 Gloria.
2305 5024 2469 5088 Idem
2491 5026 2794 5088 sticheron
2827 5029 3140 5107 repetitur.
3163 5026 3233 5087 Et
3264 5043 3446 5090 nunc.

2051 5113 2298 5178 Mariale
2327 5114 2548 5197 simile,
2582 5117 2709 5178 sive
2752 5113 2951 5177 eidem
3003 5122 3142 5177 tono
3191 5123 3624 5198 attemperan-

1971 5203 2111 5267 dum
2124 5255 2139 5270 .

315 5292 544 5373 Παρθένι
596 5295 904 5372 πανύμνητε
932 5343 951 5377 ,
1018 5298 1199 5375 Μῆτερ
1267 5302 1494 5375 Χριστοῦ
1570 5317 1664 5354 του
1725 5298 1879 5373 Θεοῦ,

2047 5295 2229 5375 Virgo
2269 5312 2501 5359 summe
2552 5293 2885 5370 laudabilis,
2951 5296 3138 5359 Mater
3192 5296 3415 5359 Christi
3484 5297 3619 5377 Dei,

234 5383 494 5465 θεόνυμφε
528 5387 617 5443 καὶ
660 5385 1017 5466 ἀπειρόγαμε,
1079 5388 1283 5444 πιστῶν
1341 5386 1377 5456 τι,
1434 5386 1739 5467 ἀντίληψις,
1786 5386 1882 5464 ‘55-

2008 5383 2165 5448 ivina
2186 5403 2407 5463 sponsa
2428 5393 2485 5448 et
2507 5385 2836 5466 conjugalis
2857 5384 3064 5466 ignara
3087 5386 3619 5465 commercii,ﬁde-

234 5494 323 5531 σαι
356 5476 555 5540 παντὸς
613 5473 848 5534 κινδύνου
888 5477 978 5534 καὶ
1018 5477 1269 5542 παντοίας
1320 5476 1578 5558 ἀιάγχης,
1630 5475 1881 5535 δέσποινα

2012 5492 2113 5536 um
2144 5474 2519 5557 defensio,ab
2540 5478 2705 5538 omni
2726 5474 3077 5540 discrimine
3110 5484 3169 5539 et
3200 5477 3365 5539 omni
3388 5496 3615 5553 genere

235 5562 485 5638 Θεοτόκε,
521 5564 645 5631 τοὺς
686 5566 743 5622 iv
773 5568 946 5624 πίστει
988 5566 1136 5641 πόθῳ
1174 5574 1244 5645 τῇ
1273 5567 1447 5645 σκέπῃ
1478 5589 1573 5626 σου
1615 5569 1877 5649 προσφεύ·

2008 5565 2337 5628 ecessitatis
2384 5565 2624 5648 expedi,
2664 5565 2907 5629 domina
2950 5567 3232 5650 Deipera,
3267 5568 3476 5631 ﬁdeles
3508 5570 3612 5650 qui

231 5653 446 5731 γοντάς,
481 5675 621 5731 μονη
651 5655 934 5736 θεόνυμφε.

2006 5654 2243 5718 rdenter
2264 5655 2328 5717 in
2349 5656 2693 5720 clientelam
2724 5674 2791 5720 se
2828 5664 2988 5721 tuam
3018 5658 3355 5735 conferunt,
3384 5667 3444 5719 tu
3474 5677 3614 5740 quas

1960 5745 2087 5809 sola
2116 5744 2223 5809 Dei
2254 5764 2473 5826 sponsa
2495 5765 2584 5810 es.

2039 5838 2178 5902 Post
2206 5836 2246 5900 2
2272 5838 2683 5921 stichologiam
2713 5837 2927 5905 sessio.

235 4946 393 5015 θῆναι
423 4946 591 5022 ἡμᾶς.

320 5024 483 5093 Δόξα.
528 5027 601 5085 Τὸ
628 5024 779 5085 αὐτό.
809 5025 906 5084 Καὶ
938 5030 1050 5089 νῦν,

320 5117 603 5174 Θεοτόκιον
629 5112 829 5179 δυοιον.

310 5834 457 5892 Μετὰ
485 5833 585 5909 τὴν
614 5833 669 5914 β’
704 5832 1061 5916 στυχολογίαν
1090 5835 1352 5917 κάθισμα.
