4140 6408
481 323 686 372 απηλν

483 533 677 604 Salva,
706 530 888 610 Deus,
921 530 1204 610 populum
1237 540 1400 592 tuum
1429 541 1489 594 et
1510 532 1764 597 benedic
1787 530 2126 597 haereditati

484 631 612 683 tuae.
647 620 925 697 Domine,
961 620 1269 696 miserere,
1324 621 1671 687 duodecies.
1706 624 1774 684 Et
1825 623 2122 685 exclama-

483 712 560 772 tio
591 731 604 771 :
637 709 1049 774 Misericordia
1099 718 1156 769 et
1183 710 1662 774 miserationibus
1681 723 1738 775 et
1763 711 2126 792 benignitate

482 799 772 880 unigeniti
796 799 879 860 tui
903 799 1320 879 Filii,quorum
1347 800 1699 864 benedictus
1731 822 1958 884 es,cum
1981 820 2121 863 san-

479 890 744 952 ctissimo
797 897 856 951 et
911 887 1065 950 bono
1129 889 1358 951 vivifico
1414 900 1512 953 tuo
1572 891 1822 974 Spiritu,
1857 909 2016 955 nunc
2064 898 2127 953 et

480 987 813 1060 semper,et
842 979 902 1039 in
935 979 1150 1041 saecula
1170 982 1856 1046 saaculorum.Amen.Et
1885 981 2123 1044 inchoa-

479 1088 922 1131 ῐηυεοθηοηθδ.

1893 307 2485 371 PROLEGOMENA.

565 443 701 505 166.
760 444 899 503 Post
958 440 1230 501 osculum
1282 443 1568 522 evangelii
1626 443 1767 507 dicit
1798 443 2079 507 sacerdos
2116 448 2194 503 :A

2298 442 2444 497 Μετὰ
2474 442 2563 498 τὸν
2594 441 2878 519 ἀσπασμὸν
2923 451 3016 502 τοῦ
3045 441 3393 523 Εύαγγελίου,
3425 442 3569 520 λέγει
3603 445 3629 499 ὁ
3661 445 3855 523 ἱερεύςο

2211 535 2416 610 Σῶσον,
2479 534 2504 586 ὁ
2565 534 2715 606 Θεὸς,
2783 535 2867 590 τὸν
2919 533 3046 591 λαόν
3105 556 3218 606 σου,
3267 533 3353 590 καὶ
3409 531 3700 612 εὒλᾶγησον
3755 536 3854 604 τὴν

2207 619 2563 698 κληρονομίαν
2623 645 2736 680 σου.
2797 625 2975 703 Κύριε,
3020 622 3266 696 ὶλέησον,
3317 623 3410 699 ιβ’.
3461 624 3560 681 Καὶ
3604 624 3854 703 ὲκφώνη-

2209 733 2290 774 σις
2321 731 2334 743 ’
2415 709 2582 768 Ἐλέει
2657 715 2744 771 καὶ
2834 715 3129 793 οἰκτιρμοτς
3195 714 3279 769 καὶ
3337 711 3700 791 φιλανθρωπίᾳ
3759 723 3853 772 τοῦ

2209 808 2528 878 μονογενοῦς
2587 823 2680 858 σου
2734 806 2876 878 Υἱοῦ,
2925 802 3040 878 μεθ’
3097 802 3156 858 οὗ
3209 801 3499 880 εὐλογητὸς
3554 805 3596 858 εἰ
3641 805 3733 858 σὺν
3775 813 3852 879 τῷ

2208 892 2474 970 παναγίῳ,
2507 893 2595 946 καὶ
2627 891 2830 969 ἀγαθῷ⁸
2870 894 2957 949 καὶ
3012 898 3259 965 ζωοποιῷ
3303 915 3394 949 σου
3441 892 3730 968 Πνεύματι,
3763 901 3853 951 νῦν

2209 981 2294 1036 καὶ
2354 982 2455 1057 ἀεὶ,
2521 983 2607 1037 καὶ
2666 984 2737 1044 εἰς
2801 984 2923 1046 τοὺς
2974 986 3165 1046 αίῶνας
3226 988 3332 1038 τῶν
3367 983 3591 1042 αἰώνων.
3651 981 3848 1058 Ἀμήν,

2214 1072 2309 1127 Καὶ
2340 1071 2617 1149 ἀρχόμεθα
2648 1074 2751 1128 τῶν
2792 1073 3051 1134 κανόνων,

562 1163 699 1248 167.
736 1165 920 1225 Comm.
956 1163 1175 1248 verum
1208 1171 1526 1248 antequam
1552 1165 1741 1248 trium_
1749 1165 2062 1227 doctorum
2096 1161 2672 1248 canone_s,a_J_oanne
2693 1163 2978 1248 Euchaita
3004 1164 3428 1248 concinnatus,
3459 1165 3848 1248 subjiciamus

477 1242 587 1304 sub
609 1253 938 1328 aspectum,
975 1241 1408 1328 observandum
1459 1255 1572 1320 est,
1605 1249 1677 1328 S.
1705 1245 2062 1308 Germanum
2129 1262 2248 1304 non
2295 1241 2631 1328 significare
2675 1244 3011 1328 dicendum
3040 1245 3382 1328 duodecies.
3414 1241 3692 1328 Domine,
3729 1250 3844 1309 mi-

479 1339 718 1400 serere;
753 1324 856 1384 sed
889 1323 1082 1384 verbis
1140 1326 1447 1404 Εὒλόγησον
1492 1327 1590 1394 τὴν
1632 1327 1992 1407 κληρονομίαν
2052 1350 2113 1382 σο

2227 1323 2544 1386 confestim
2598 1325 2897 1388 subnectit
2949 1329 3263 1407 sequentia
3315 1327 3572 1390 dicenda
3623 1323 3847 1392 a'dia-

475 1423 648 1467 εοηο.

559 1495 814 1574 Respice
844 1493 1049 1555 orbem
1080 1502 1242 1556 tuum
1271 1494 1332 1554 in
1382 1494 1791 1559 misericordia
1841 1505 1898 1558 et
1930 1496 2114 1558 mise-
2143 1495 2180 1542 Β

478 1584 831 1646 rationibus.
869 1584 1076 1646 Exalta
1106 1601 1293 1646 cornu
1326 1586 1797 1648 Christianorum
1825 1587 2116 1650 orthodo-

472 1692 705 1747 xorum,
741 1689 803 1734 et
833 1673 1076 1734 demitte
1107 1691 1287 1754 super
1309 1693 1415 1735 nos
1441 1685 1567 1736 tuas
1597 1676 1911 1738 afﬂuentes
1934 1678 2114 1737 mise-

471 1762 1340 1826 ricordias.Precibusillibataa
1365 1767 1628 1828 Dominae
1656 1781 1897 1847 nostra},
1930 1766 2114 1827 Geni-

473 1854 638 1917 tricis
672 1853 778 1915 Dei
807 1872 1167 1934 semperque
1189 1854 1434 1933 virginis
1458 1855 1679 1933 Mariae;
1705 1858 1919 1917 virtute
1944 1874 2119 1918 vene-

470 1945 670 2005 randae
690 1954 746 2006 et
780 1945 1020 2005 vivificaa
1042 1944 1257 2018 crucis,
1285 1945 1631 2024 patrociniis
1653 1946 1988 2007 caalestium
2024 1947 2118 2006 in-

469 2052 1014 2114 corporearumque
1041 2037 1421 2108 Potestatum;
1457 2035 1807 2111 venerandi,
1835 2036 2116 2114 gloriosi-

469 2143 586 2201 que
622 2125 947 2204 prophetae,
985 2123 1369 2203 praecursoris
1400 2132 1458 2184 et
1510 2123 1791 2203 Baptistae
1826 2124 2115 2202 Joannis;

467 2225 809 2275 sanctorum
833 2212 1226 2290 gloriosorum
1249 2220 1307 2273 et
1330 2211 1856 2276 celeberrimorum
1874 2227 2115 2296 aposto-

471 2300 691 2379 lorum;
717 2300 1480 2381 sauctorum,gloriosorum
1502 2311 1560 2363 et
1579 2302 1839 2364 victoriis
1868 2303 2114 2384 inclytu-

472 2408 604 2453 rum
638 2399 988 2472 martyrum,
1014 2400 1072 2452 et
1092 2389 1324 2470 reliqua
1353 2392 1504 2452 sicut
1527 2392 1746 2455 litanias
1766 2393 2110 2456 inscribun-

463 2491 578 2544 tur.

2287 1494 2602 1572 Ἐπίσδιεψαι
2663 1498 2752 1554 τὸν
2813 1500 3013 1573 κόσμον
3060 1520 3152 1554 σου
3199 1498 3252 1554 ἒν
3321 1498 3455 1555 ἐλέει
3510 1501 3596 1556 καὶ
3645 1503 3847 1581 οἰκτιρ-

2201 1600 2351 1662 μοϊς,
2413 1587 2678 1662 ’Ύψωσον
2754 1589 2912 1665 κέρας
3001 1589 3334 1645 Χσιστιανῶν
3397 1588 3704 1668 ὄρϐοδόξων,
3761 1595 3850 1649 καὶ

2200 1678 2554 1752 κατάπεμψον
2586 1676 2666 1757 ἔφ’
2713 1680 2861 1752 ἡμᾶς
2923 1679 2985 1733 τὰ
3032 1676 3155 1744 ὲλέη
3187 1701 3279 1734 σου
3309 1680 3373 1734 τὰ
3403 1679 3632 1737 πλούσια
3664 1697 3678 1712 ⁶
3714 1704 3849 1761 πρε-

2201 1765 2395 1828 σϐείαις
2458 1771 2554 1834 τῆς
2600 1769 2975 1847 παναχράντου
3019 1765 3301 1834 δεσποίνης
3374 1772 3532 1836 ἡμῶν
3588 1773 3849 1828 Θεοτόχου

2202 1857 2290 1912 καὶ
2361 1856 2702 1934 ἆειπαρθένου
2773 1862 3015 1935 Μαρίας·
3091 1856 3306 1931 δυνάμει
3385 1862 3479 1914 τού
3543 1862 3719 1935 τιμίου
3763 1864 3849 1919 καὶ

2202 1947 2464 2017 ζωοποιοῦ
2507 1949 2730 2025 σταυροῦ
2763 1967 2777 1980 ⁶
2811 1947 3154 2024 προστασίαις
3204 1955 3312 2004 τῶν
3362 1948 3688 2028 ἐπουρανίων
3737 1963 3844 2009 Δυ-

2201 2035 2412 2110 νάμεων
2481 2036 2802 2111 ἀσωμάτων,
2882 2044 2975 2092 τοῦ
3037 2038 3210 2110 τιμίου
3286 2035 3492 2103 ἐνδόξου
3543 2043 3839 2122 προφήτου,

2199 2124 2496 2204 προδρόμου
2529 2128 2616 2181 καὶ
2649 2135 2946 2182 Βαπτιστοῦ
2976 2124 3243 2207 Ἰωάννου,
3280 2135 3388 2186 τῶν
3424 2129 3586 2206 ἁγίων
3623 2130 3843 2197 ἐνδόξων

2197 2217 2282 2272 καὶ
2314 2215 2630 2273 καλλινίκων
2663 2219 2936 2296 μαρτύρων
2975 2237 2988 2250 ⁶
3024 2219 3110 2272 καὶ
3139 2219 3202 2274 τὰ
3232 2216 3394 2274 λοιπὰ
3428 2221 3654 2296 τούτων,
3687 2224 3756 2285 ὡς
3785 2223 3839 2278 ἐν

2198 2307 2264 2382 τῇ
2288 2305 2410 2383 λιτῇ
2441 2307 2753 2386 γέγραπται.

3637 2270 3654 2302 ν

559 2577 696 2641 168.
729 2576 924 2659 Coum.
977 2573 1364 2659 Haecpmnia
1406 2574 1487 2659 a_it
1531 2573 1593 2636 S.
1647 2575 1981 2659 Germanus
2027 2579 2144 2643 dici
2189 2601 2225 2643 a
2278 2580 2556 2655 diacono,
2609 2578 2704 2640 cui
2752 2580 2992 2642 tandem
3055 2581 3324 2642 succinat
3377 2587 3680 2659 sacerdos,
3735 2605 3839 2648 ex-

467 2657 784 2745 elamando
816 2667 878 2717 ut
903 2674 1100 2737 supra.
1136 2657 1268 2719 Non
1299 2656 1499 2745 fuerit,
1535 2673 1744 2745 porro_
1776 2657 2168 2745 injucundum
2230 2662 2328 2745 hic
2359 2667 2646 2745 annotare
2678 2669 2736 2745 et
2767 2661 2943 2745 ritum
2979 2670 3036 2745 et
3091 2671 3355 2745 tempus,
3405 2684 3522 2745 quo
3573 2684 3605 2726 a
3639 2656 3841 2728 fratri-

470 2739 584 2802 bus
615 2738 883 2824 osculum
918 2746 1121 2799 sancto
1149 2737 1456 2814 evangelio
1488 2737 1872 2818 imprimitur.
1899 2742 1994 2803 Sic
2023 2759 2165 2824 ergo
2191 2743 2400 2806 scribit
2429 2741 2766 2822 patriarcha
2797 2742 3148 2805 Philotheus
3179 2737 3239 2804 in
3275 2737 3515 2808 Oi'dine
3535 2754 3694 2810 sacri
3719 2751 3843 2812 mi—

462 2823 709 2884 nisterii
736 2839 751 2879 :

547 2913 862 2988 Sacerdos,
896 2912 1160 2973 demissa
1190 2911 1414 2986 casula.
1441 2921 1709 2975 sanctum
1746 2915 2113 2994 evangelium
2136 2937 2176 2987 c

464 3013 602 3068 ante
627 3013 834 3085 pectus
864 3002 1634 3081 deferens,egreditur,etin
1666 3004 1862 3066 medio
1887 3006 2108 3086 templo

464 3103 600 3157 stat.
635 3097 844 3154 Lector
871 3099 1094 3171 autem,
1125 3090 1216 3151 vel
1248 3089 1349 3170 qui
1380 3107 1412 3150 a
1444 3090 1819 3153 caeremoniis
1849 3101 1963 3167 est,
1998 3103 2112 3158 stat

462 3183 577 3265 ipsi
610 3201 643 3243 a
665 3180 918 3262 dextris,
945 3189 1156 3241 tenens
1188 3179 1611 3241 candelabrum
1641 3199 1775 3241 cum
1810 3201 1986 3244 cereo
2007 3203 2107 3245 ac-

465 3292 688 3348 censo;
726 3280 784 3333 ot
808 3269 1078 3332 osculum
1131 3277 1335 3333 sancto
1368 3270 1678 3350 evangelio
1724 3271 1798 3334 de
1833 3291 2001 3335 more
2031 3275 2107 3336 ﬁ-

464 3364 622 3443 gitur
650 3379 683 3422 a
706 3358 1009 3422 fratribus.

2282 2917 2344 2975 Ὀ
2389 2918 2580 2996 ἱερεὺς,
2647 2916 2894 2995 χαλάσας
2964 2918 3026 2973 τὸ
3088 2916 3380 2996 φαιλόνιον,
3441 2924 3527 2978 καὶ
3569 2924 3840 2999 βαστάζων

2193 3011 2253 3066 τὸ
2303 3007 2456 3085 ἅγιον
2489 3006 2794 3084 εὒαγγὲλιον
2854 3005 3149 3085 ἔμπροσθεν
3201 3017 3296 3065 τοῦ
3339 3011 3584 3086 στήθους,
3619 3011 3836 3092 ἐξέρχε-

2192 3121 2276 3154 ται
2307 3098 2394 3154 καὶ
2426 3095 2644 3152 ’ίσταται
2677 3097 2751 3152 εἷς
2797 3097 2895 3162 τὴν
2926 3097 3100 3171 μέσην
3137 3106 3224 3156 τοῦ
3256 3101 3380 3156 ναοῦ
3410 3118 3426 3135 ·
3475 3104 3559 3158 καὶ
3593 3103 3838 3180 ἀναγνώ-

2193 3209 2324 3254 στης
2383 3187 2418 3254 ἢ
2470 3187 2498 3241 ὀ
2552 3183 2784 3250 εὐταξίας
2829 3185 3045 3242 ’ίσταται
3099 3185 3324 3252 δεξιὸθεν
3374 3193 3553 3264 αὐτοῦ,
3586 3191 3835 3272 κατέχων

2195 3274 2515 3351 μανουάλιον
2577 3276 2713 3350 μετὰ
2761 3273 3038 3350 λαμπάδος
3090 3278 3340 3353 ἡμμένης
3371 3295 3385 3309 ⁸
3445 3282 3531 3335 καὶ
3580 3281 3837 3358 γίνεταιὸ

2195 3367 2479 3442 ἀσπασμὸς
2541 3373 2631 3422 τοῦ
2689 3365 2838 3443 ἁγίου
2898 3365 3204 3444 εὒαγγελίου
3259 3369 3399 3448 παρὰ
3444 3371 3546 3425 τῶν
3595 3368 3838 3450 ἀδελφῶν

2197 3459 2457 3526 συνήθως.

546 3542 1012 3635 1_69.Comu.lll_is
1043 3549 1247 3635 autem
1275 3541 1707 3635 osculantibus,
1741 3545 1976 3635 canitur
2015 3548 2115 3635 Trc_

2213 3550 2365 3635 rium
2417 3547 2577 3635 quod
2608 3547 2839 3635 incipit,
2873 3548 3192 3635 Ἀνάστασιν
3226 3558 3457 3635 Χριστου
3486 3554 3830 3635 θεασάμενοι,

462 3632 504 3686 εἰ
562 3628 673 3685 ἔστι
744 3627 980 3705 Κυριακὴ
1039 3623 1311 3703 δηλονότι,
1375 3627 1460 3680 καὶ
1511 3626 1538 3680 ό
1583 3632 1946 3694 πεντηκοστὸς
2003 3633 2115 3705 μετέ

2213 3630 2412 3712 ιέλους,
2435 3623 2530 3690 ’ἱό
2594 3640 2705 3701 est.
2735 3623 3284 3694 'Resurrectionem
3309 3630 3533 3712 Christi
3563 3623 3832 3696 contem;

462 3709 627 3804 ptati,
666 3707 962 3804 videlicet,
1003 3705 1052 3765 si
1067 3704 1212 3804 Idies
1243 3705 1555 3804 Dominica
1582 3707 1809 3804 fuerit}.
1837 3704 2075 3789 quando
2108 3711 2287 3804 etiam
2322 3704 2543 3804 canunt
2597 3711 3489 3804 psalmumquinquag‘esnimum
3530 3735 3543 3777 :
3561 3732 3740 3804 nam,
3774 3723 3838 3804 ut

459 3786 633 3872 idem,
663 3786 1185 3872 Philotheus__dic_it
1217 3799 1451 3872 postea,
1485 3786 2180 3872 exosculatio'evangelii
2214 3792 2378 3853 festis
2410 3791 2542 3853 aliis
2593 3786 3242 3872 praetermittitur,'nis'i
3289 3792 3439 3856 forte
3469 3795 3530 3856 in
3561 3786 3832 3857 Domini-

459 3891 585 3933 eam
622 3868 974 3954 inciderint.
1011 3865 1209 3954 Yerba
1233 3867 1374 3954 ejus
1411 3869 1615 3954 Graeca
1670 3869 1796 3930 haec
1847 3879 1982 3954 sunt
2019 3865 2115 3933 :"E

2213 3872 2330 3948 ίλλῃ
2364 3873 2418 3928 δὲ
2442 3865 2610 3949 ἑορτῇ·
2631 3877 2689 3930 οὐ
2733 3879 2930 3952 γίνεται
2965 3877 2991 3930 ὁ
3035 3865 3342 3954 ἀσπασμὸς,
3371 3879 3414 3932 εἰ
3459 3877 3538 3952 μὴ
3585 3877 3746 3952 μόνον
3777 3877 3831 3932 ἐν

459 3959 718 4035 ξυριακῇ.
756 3951 962 4030 lgitur,
995 3947 1114 4008 nisi
1157 3947 1484 4035 hoctrium
1547 3950 1861 4012 doctorum
1896 3953 2112 4035 festum

2213 3947 2369 4035 dicat
2416 3952 2476 4035 in
2511 3947 2904 4034 Deminicam,
2939 3953 3142 4035 statim
3163 3947 3344 4035 _post,
3382 3947 3595 4030 Σῶσον,
3624 3962 3650 4014 ὁ
3677 3958 3828 4020 Θεός,

453 4028 746 4114 Dicuntur
777 4028 1037 4114 eanones
1070 4047 1207 4114 cum
1244 4028 1483 4114 birmis,
1507 4047 1769 4091 canones
1799 4041 1995 4114 autem
2031 4033 2089 4114 in
2133 4034 2244 4095 hoc
2275 4033 2472 4095 ofﬁcio
2504 4041 2625 4094 trcs
2656 4044 2811 4106 sunt,
2859 4028 3010 4096 unus
3053 4034 3128 4095 de
3161 4028 3429 4114 Deipara.
3472 4028 3585 4099 alii
3621 4037 3737 4100 duo
3762 4037 3835 4099 de

457 4113 699 4189 sanctis,
733 4129 942 4193 omnes
971 4110 1242 4193 ejusdem
1275 4110 1518 4170 Joannis
1571 4111 1963 4193 metropolitze
2001 4113 2443 4193 Euchaitorum
2504 4131 2656 4193 opus
2689 4137 2702 4179 :
2739 4115 2844 4177 sed
2881 4115 3114 4178 medius
3144 4110 3307 4177 solus
3338 4118 3769 4182 acrostichicus
3815 4135 3829 4181 :

459 4196 620 4257 unde
652 4191 824 4255 facile
852 4198 943 4252 est
972 4190 1341 4268 singulorum
1377 4199 1573 4269 partes
1607 4209 1638 4252 a
1669 4190 1936 4273 partibus
1959 4192 2210 4256 aliorum
2236 4190 2607 4258 discernere.

945 4283 1192 4348 CANON
1236 4282 1616 4347 DEIPARIE.
2123 4311 2167 4363 υ

849 4380 1016 4459 Opus
1072 4375 1319 4439 Joannis
1377 4376 1704 4439 Euchaitaa.

790 4467 941 4532 ODE
1000 4469 1056 4531 1.
1131 4466 1332 4529 Tonus
1383 4466 1443 4532 2.
1497 4467 1764 4530 Hirmus.

540 4560 674 4625 170.
705 4562 826 4622 Huc
857 4561 995 4635 huc,
1032 4557 1252 4639 populi,
1290 4576 1569 4620 canamus
1599 4577 1841 4622 carmen
1865 4560 2099 4623 Christo

456 4649 900 4734 Deo,dividenti
935 4655 1186 4723 mare,et
1215 4648 1456 4709 ducenti
1489 4649 1775 4730 populum
1808 4669 1988 4732 quem
2022 4649 2096 4712 li-

455 4743 681 4807 beravit
709 4761 744 4804 a
764 4739 1046 4804 servitute
1078 4737 1515 4820 Egyptioruln,
1539 4740 1818 4820 quoniam
1865 4741 2097 4820 gloriﬁ-

451 4846 616 4899 catus
646 4843 757 4900 est.

532 4928 588 4989 A
609 4923 884 5006 gravibus
907 4931 1024 4984 tam
1062 4919 1331 5001 corporis
1369 4937 1545 5000 quam
1568 4922 1784 4983 animae
1814 4920 2099 5003 periculis

455 5024 514 5080 et
545 5015 751 5078 mortis
781 5023 840 5078 et
871 5010 1162 5094 lapsibus,
1197 5029 1230 5072 a
1258 5010 1749 5095 incontaminata,
1784 5012 1952 5094 eripe
1975 5031 2092 5089 me,

455 5112 554 5188 qui
587 5106 682 5186 pie
714 5106 1002 5168 confiteor
1032 5121 1166 5167 esse
1186 5111 1242 5166 te
1267 5103 1510 5184 proprie
1532 5121 1744 5184 puram
1771 5102 1878 5167 Dei
1911 5102 2098 5166 Geni-

451 5195 686 5259 tricem.

535 5283 830 5362 Integram
863 5283 1181 5362 gratiarum
1215 5285 1488 5365 abyssum
1542 5283 1604 5345 in
1637 5290 1695 5345 te
1726 5283 2095 5346 reconditam

453 5394 589 5438 esse
608 5379 1003 5454 agnoscimus.
1037 5376 1390 5454 Pr0pterea,
1424 5392 1457 5434 o
1489 5373 1772 5454 Deipara,
1803 5373 1904 5455 qui
1935 5374 2010 5435 ad
2041 5382 2097 5436 te

453 5477 728 5550 prompto
753 5473 809 5527 et
840 5473 1035 5527 erecto
1067 5465 1266 5528 animo
1297 5464 1701 5546 confugimus,
1738 5464 1940 5526 divino
1972 5474 2094 5541 tuo,

452 5557 783 5640 patrocinio
817 5573 1142 5616 servamur.

536 5655 644 5710 t’ro
672 5647 846 5709 nobis
878 5644 1320 5708 celebrantibus
1347 5652 1428 5722 te,
1463 5645 1820 5723 castissima,
1856 5664 1961 5711 ora
1995 5647 2096 5707 ln-

452 5751 758 5806 carnatum
813 5760 882 5804 ex
923 5741 1236 5824 impolluta
1268 5747 1370 5803 tuo
1403 5748 1462 5803 et
1491 5741 1750 5824 pretioso
1782 5741 2093 5822 sanguine,

452 5844 516 5898 ut
546 5837 736 5901 simus
759 5853 793 5900 a
825 5833 1060 5898 delictis
1109 5842 1167 5898 et
1216 5831 1437 5896 amaris
1464 5831 1950 5914 aegrotationibus
1979 5831 2098 5893 im-

451 5944 685 5997 ιηυηοε.

2547 4301 2586 4349 Ο
2634 4301 2857 4351 ΚΑΝΟΝ
2903 4299 3036 4350 ΤΗΣ
3085 4300 3465 4354 ΘΕΟΤΟΚΟΥ.

2607 4384 2821 4458 Ποίημα
2842 4382 3088 4439 Ἰωάννου
3114 4383 3414 4461 Εὒχαίτων,

2494 4479 2634 4554 ῼΔΗ
2696 4473 2770 4532 α’.
2826 4467 3001 4553 Ἦχος
3050 4473 3122 4548 β’.
3188 4472 3249 4531 Ὀ
3313 4474 3517 4551 εἱρμός.

2268 4571 2449 4640 Δεῦτε,
2513 4563 2654 4637 λαοὶ,
2712 4563 2926 4638 ᾃσωμεν
2984 4563 3129 4638 ᾆσμα
3175 4568 3382 4640 Χριστῷ
3434 4571 3508 4639 τῷ
3557 4570 3696 4639 Θεῷ,
3751 4571 3834 4640 τῷ

2181 4652 2405 4711 διελόντι
2437 4653 2726 4724 θάλασσαν,
2761 4655 2848 4709 καὶ
2897 4651 3221 4731 ὁδηγήσαντι
3253 4656 3342 4710 τὸν
3374 4653 3526 4730 λαὸν,
3562 4654 3619 4709 ὃν
3661 4657 3834 4723 ἀνῆκα

2179 4743 2413 4808 δουλείας
2450 4744 2770 4822 Αἰγυπτίων,
2805 4742 2885 4799 ὅτι
2917 4741 3256 4808 δεδόξασται,

2261 4927 2361 4984 Τὸν
2421 4921 2650 4989 εὐσεϐῶς
2709 4944 2768 4979 σε
2826 4923 3089 4980 Θεοτόκον
3152 4925 3344 5002 κυρίως
3395 4924 3562 5004 ἁγνὴν
3630 4926 3830 5002 ὁμολο.

2181 5023 2399 5097 γοῦντα,
2463 5012 2769 5095 ”Αχραντε,
2835 5014 3018 5093 ψυχῆς
3063 5013 3152 5070 καὶ
3198 5014 3445 5090 σώματος
3477 5013 3740 5094 χαλεπῶν
3772 5015 3833 5072 ἐκ

2181 5105 2430 5164 κινδύνων
2485 5109 2573 5161 καὶ
2632 5104 2824 5180 νόσων,
2899 5103 2988 5158 καὶ
3041 5103 3392 5178 πταισμάτων
3452 5105 3516 5160 σύ
3565 5125 3632 5180 με
3707 5102 3834 5162 διά-

2181 5220 2378 5260 σωσον,
2419 5219 2443 5252 ll

2264 5285 2448 5353 ’Ὅλην
2507 5284 2562 5340 ἓν
2605 5286 2685 5341 σοὶ
2742 5287 2848 5341 τῶν
2903 5284 3255 5364 χαρισμάτων
3287 5281 3515 5341 ἄϐυσσον
3545 5285 3837 5362 ἀποκειμέ-

2181 5401 2278 5446 νην
2309 5376 2572 5456 ἔγνωμεν.
2609 5378 2702 5432 Διὸ
2759 5376 3205 5455 προσφεύγοντες,
3261 5375 3512 5451 Θεοτόκε,
3545 5378 3832 5455 προθύμως

2181 5474 2250 5545 τῇ
2280 5467 2454 5543 σκέπῃ
2485 5488 2577 5526 σου
2606 5472 2674 5544 τῇ
2695 5466 2804 5538 θείᾳ
2833 5464 3220 5541 ὃιασωζόμεθα,
3254 5503 3286 5546 ,λ

2265 5647 2427 5726 ’Υπὲρ
2476 5643 2630 5720 ἡμῶν
2688 5645 2794 5697 τῶν
2864 5664 2922 5698 σε
2990 5644 3291 5718 ὑμνούντων
3355 5642 3671 5712 δυσώπησον
3741 5647 3835 5702 τὸν

2183 5737 2542 5819 σαρκωθὲντα,
2601 5733 2859 5810 πάναγνε,
2907 5732 2967 5790 lx
3013 5736 3121 5789 τῶν
3170 5737 3453 5815 ὰχράντων
3504 5755 3598 5791 σου
3630 5737 3715 5791 καὶ
3743 5757 3832 5791 τι-

2185 5830 2319 5907 μίων
2349 5829 2613 5904 αἱμάτων,
2643 5822 2891 5900 possim
2920 5823 2979 5879 ἐκ
3010 5825 3362 5902 πταισμάτων
3389 5825 3478 5883 καὶ
3506 5826 3830 5902 νοσημάτων

2185 5918 2412 6002 πικρῶν.
