4140 6404
1394 291 1840 356 ACOLUTHIA
1886 292 2272 356 TRIPLICIS
2316 292 2559 359 FESTI.

3500 316 3732 367 CCCLVII

341 429 541 487 τούτων
573 431 708 505 ὁμοῦ
747 428 844 497 τῆς
876 430 1132 510 χάριτοςο
1185 429 1276 484 τὸν
1333 428 1495 507 σοφόν
1556 426 1967 506 Χρυσοῤῥήμονα

2080 423 2747 507 fruimurzsapientem
2779 426 3099 509 Joannem,
3155 429 3501 494 fundentem
3554 454 3735 500 aurea

340 522 427 576 καὶ
461 521 550 575 τὸν
584 519 750 597 μέγαν
785 517 1080 590 Βασίλειον,
1117 519 1206 574 σὺν
1253 540 1329 589 τῳ
1386 518 1659 596 Γρηγορίῳ
1716 524 1793 591 τῷ
1851 516 1997 591 λαμ-

340 615 463 688 πρῷ
493 608 751 686 θεολόγῳ.
779 610 910 687 πρὸς
946 609 1031 670 οῦς
1091 608 1375 684 βοήσωμεν
1436 605 1496 662 ἐκ
1555 606 1773 684 καρδίας
1830 628 1996 687 κραδ-

335 699 609 775 γάζοντεςο
670 697 940 777 Ἰεράρχαι
1002 697 1385 777 τρισμὲγιστοι,
1448 694 1804 774 πρεσϐεύσατε
1866 704 1997 774 Χριο

333 788 443 862 στῷ
506 789 577 862 τῷ
636 793 724 860 Θῷ
816 793 922 843 τῶν
995 788 1347 862 πταισμάτων
1402 784 1591 867 ἄφεσιν
1654 784 1993 865 δωρήσασθαι

330 890 448 939 τοῖς
496 878 796 956 ἐορτὰζουσι
818 877 965 952 πόθῳ
995 878 1093 944 τὴν
1126 878 1279 955 ἁγίαν
1313 878 1535 951 μνήμην
1566 878 1735 973 ἡμῶν.

498 966 665 1032 Δόξα.
1559 965 1800 1041 ’⁷ομοιον
1815 1013 1829 1027 ,

414 1056 521 1123 Τὴν
588 1057 776 1136 σοφίαν
836 1053 1087 1117 λαϐόντες
1150 1055 1292 1130 παρὰ
1356 1061 1509 1134 Θεοῦ,
1572 1055 1645 1119 ὡς
1703 1051 1995 1110 ἀπόστολοι

332 1142 485 1202 ἄλλοι
517 1160 662 1222 τρεῖς
706 1155 800 1203 τοῦ
824 1152 1073 1224 Χριστοῦ,
1108 1148 1184 1217 τῷ
1233 1142 1378 1221 λόγῳ
1408 1149 1508 1209 τῆς
1562 1143 1815 1221 γνώσεως
1865 1164 1994 1201 συν-

333 1240 512 1290 ιστᾶτε
543 1236 607 1290 τὰ
646 1232 910 1313 δόγματα,
944 1235 977 1290 ἃ
1005 1237 1065 1289 τὸ
1096 1235 1213 1309 πρὶν
1250 1232 1304 1289 ἐν
1368 1232 1548 1310 λὸγοὶς
1599 1231 1800 1297 ἁπλοῖς
1858 1254 1993 1289 κατ-

364 1320 613 1356 ΕΔἸἸΑιι-Α
649 1323 819 1356 Ζιῖ.-τ-
882 1324 932 1356 2..
963 1324 1150 1356 -....'\_nn
1180 1324 1262 1356 ‘1‘}
1303 1320 1512 1356 ἓιιιιληιρι
1591 1325 1683 1356 ,ΛΠ

364 1320 392 1341 Ω
410 1325 421 1342 Ι
657 1326 669 1339 1
739 1346 759 1356 ⁸
883 1324 897 1342 ς
1050 1324 1061 1344 1
1400 1323 1413 1341 \
1656 1325 1683 1336 ν

327 1323 616 1384 υαλλοντο
647 1323 844 1402 αλιεῒς,
880 1347 932 1380 εν
963 1345 1155 1402 γνωσει
1180 1324 1265 1379 καὶ
1302 1320 1517 1398 δυναμει
1591 1344 1686 1379 του
1750 1323 1998 1397 Πνεὺμα-

328 1435 442 1477 τος·
479 1414 582 1470 ἔδει
628 1416 728 1494 γάρ
784 1416 869 1471 καὶ
913 1413 1077 1478 οὕτως
1135 1416 1197 1470 τὸ
1257 1412 1461 1470 ἁπλοῦν
1508 1414 1663 1488 ἡμῶν
1711 1412 1865 1476 σέϐας
1896 1413 1992 1480 τὴν

2080 514 2329 604 flumina
2352 516 2745 600 eloquentiae;
2781 525 2841 579 et
2900 535 3175 597 magnum
3229 520 3537 604 Basilium,
3595 545 3729 588 cum

2080 601 2368 683 Gregorio
2393 608 2693 686 praestanti
2730 608 3030 688 theologo;
3066 606 3283 688 quibus
3314 618 3431 673 toto
3490 601 3732 692 pectore

2081 692 2409 756 clamemus
2470 715 2485 755 :
2541 695 2883 760 Hierarcbaa
2940 707 3033 760 ter
3086 698 3351 777 maximi,
3402 704 3730 781 precamini

2078 784 2377 844 Christum
2443 786 2652 867 Deum,
2715 795 2780 849 ut
2819 796 3086 849 sanctam
3141 790 3323 850 vestri
3380 793 3729 855 memoriam

2080 873 2486 935 recalentibus
2518 882 2714 937 errata
2731 878 3051 940 condonet.

2242 963 2463 1027 Gloria.
3328 966 3560 1034 Simile.

2161 1053 2300 1115 177.
2331 1054 2591 1135 Accepta
2622 1055 2910 1118 divinitus
2961 1058 3273 1138 sapientia,
3329 1061 3725 1141 quemadmo-

2079 1140 2219 1231 dum
2251 1142 2346 1203 alii
2371 1151 2491 1205 tres
2523 1143 2740 1206 Christi
2773 1145 3049 1228 apostoli,
3106 1149 3442 1229 explicastis
3476 1153 3724 1231 pulchro

2080 1230 2452 1312 elegantique
2481 1252 2760 1296 sermone
2779 1236 3079 1317 dogmata,
3106 1256 3237 1318 quae
3257 1248 3429 1301 anter
3446 1230 3725 1305 sermone

2081 1322 2212 1381 rudi
2246 1330 2303 1382 et
2331 1322 2586 1401 simplici
2628 1323 2953 1403 piscatores
3010 1334 3287 1407 tanquam
3342 1330 3724 1393 fundamenta

2083 1410 2401 1487 ponebam,
2439 1412 2499 1472 in
2535 1413 2785 1475 scientia
2814 1422 2870 1474 et
2898 1420 3112 1477 virtute
3152 1417 3450 1498 Spiritus:
3502 1422 3722 1483 etenim

327 1501 580 1561 σῦστασιν
608 1506 926 1573 κτήσασθαι·
974 1503 1088 1560 ὅθεν
1147 1504 1339 1565 πάντες
1397 1504 1607 1579 βοώμεν
1666 1504 1796 1578 ὑμῖν
1846 1509 1974 1581 Πρε-

2076 1500 2422 1579 religionem
2464 1512 2725 1564 nostram
2757 1504 3120 1585 simplicem,
3149 1505 3259 1569 hac
3284 1507 3461 1570 etiam
3490 1512 3722 1575 ratione

325 1589 581 1649 σϐεύσατε
612 1600 822 1671 Χριστῷ
870 1601 946 1668 τῷ
1005 1601 1119 1667 Θεῷ
1181 1600 1285 1649 τῶν
1342 1594 1691 1669 πταισμάτων
1759 1592 1974 1667 ἄφεσιν-

2076 1590 2346 1653 constitui
2379 1592 2718 1671 oportebat.
2774 1594 2943 1656 Unde
2995 1612 3208 1658 omnes
3263 1598 3591 1663 clamamus
3647 1603 3719 1663 ad

324 1679 657 1761 δωρήσασθαι
688 1697 806 1747 τοῖς
834 1684 1135 1760 ἑορτάζουσι
1168 1684 1314 1755 πόθῳ
1358 1683 1457 1749 τὴν
1544 1683 1697 1762 ἁγίαν
1754 1684 1974 1758 μνήμην

2076 1697 2186 1751 vos,
2216 1679 2545 1741 Precamini
2580 1683 2877 1745 Christum
2903 1683 3117 1759 Deum,
3152 1694 3215 1746 ut
3245 1698 3507 1750 sanctam
3544 1692 3720 1752 vestri

322 1773 493 1847 ὑμῶν,
2003 1804 2035 1852 ε.
2065 1770 2414 1831 memoriam
2446 1773 2855 1835 recalentibus
2877 1782 3072 1835 errata
3104 1776 3430 1841 condonet.
3466 1794 3478 1803 ‘

487 1863 585 1919 Καὶ
608 1870 717 1933 νῦν,
1281 1861 1558 1917 Θεοτόκιον
1603 1858 1810 1936 ὅμοιον,

2218 1856 2288 1920 Et
2320 1878 2507 1923 nunc.
3073 1862 3313 1928 Mariale
3338 1865 3556 1930 simile.

400 1949 509 2016 Τὴν
565 1952 752 2029 ψυχήν
825 1972 947 2027 μου,
1037 1949 1287 2029 Παρθένε,
1376 1950 1475 2017 τὴν
1536 1951 1817 2017 ταπεινὴν,
1874 1950 1974 2017 τὴν

2098 2035 2110 2040 _
2148 1948 2591 2040 l78.Animam
2639 1968 2845 2040 meam,
2867 1951 3184 2033 humilem,
3215 1953 3419 2035 Virgo,
3451 1958 3507 2017 in
3541 1959 3719 2040 hujus

318 2060 374 2095 εν
416 2038 553 2114 ζάλῃ
594 2050 685 2098 τοῦ
714 2040 828 2115 βίου
862 2041 966 2094 τῶν
1011 2046 1344 2115 πειρασμῶν,
1383 2050 1471 2097 νῦν
1525 2042 1601 2103 ὠς
1671 2035 1969 2112 ἀκυϐέρνη-

2076 2035 2189 2128 ᾀιω
2243 2038 2591 2101 discrimine
2646 2039 3162 2122 tentationumque
3231 2044 3493 2127 turbine,
3551 2035 3720 2128 quasi

316 2150 431 2203 τον,
484 2127 852 2204 ποντουμὲνην
901 2135 977 2202 τῷ
1019 2126 1273 2204 κλύδωνι,
1322 2131 1593 2205 ἁμαρτιῶν
1665 2136 1741 2203 τῷ
1796 2128 1973 2210 φόρτῳ

319 2218 575 2296 ὀφθεῖσαν
634 2218 957 2295 ὑπέραντλον
987 2262 1002 2289 ,
1054 2218 1141 2275 καὶ
1199 2216 1253 2272 ἐν
1320 2218 1541 2293 πυθμένι
1615 2218 1737 2291 ᾅδου
1796 2217 1972 2276 ἐλθεῖν

311 2305 741 2381 κινδυνεύουσαν,
771 2308 989 2387 φθάσον,
1018 2308 1269 2388 Θεοτόκε,
1339 2306 1633 2385 πρεσϐειῶν
1681 2331 1776 2365 σου
1809 2308 1969 2385 ἐλέει,

310 2394 553 2474 γαλὴνην
645 2397 984 2477 παρέχουσα,
1048 2399 1135 2454 καὶ
1204 2395 1455 2453 κινδύνων
1529 2398 1827 2476 ἐξαίρουσα.
1912 2399 1973 2454 σὺ

309 2485 479 2563 λιμὴν
510 2486 611 2565 γὰρ
642 2486 996 2566 ἀχείμαστος·
1052 2486 1408 2567 πρεσϐεύουσα
1476 2494 1553 2563 τῷ
1607 2496 1823 2565 Σωτηρι
1886 2488 1975 2545 καὶ

311 2575 417 2651 Υίῷ
454 2579 571 2649 Θεῴ
599 2582 707 2633 τῶν
738 2578 1089 2650 πταισμάτων
1116 2576 1300 2658 ἄφεσιν
1360 2575 1574 2645 δοθῆναί
1606 2594 1721 2652 μοι’
1757 2581 1815 2634 σὲ
1878 2579 1978 2657 γὰρ

312 2664 430 2746 ἔχω
455 2665 641 2725 ἐλπίδα
672 2668 699 2723 ὁ
730 2666 939 2732 ἀνάξιος
969 2665 1153 2731 δοῦλός
1187 2689 1302 2730 σου,

839 2932 979 3005 ῼΔΠ
1012 2913 1081 2987 δ’,
1119 2924 1176 2983 Ὀ
1230 2925 1435 3005 εἱρμὸς,

392 3017 715 3087 Εἱσακήκοα,
771 3017 951 3093 Κύριε.
988 3016 1087 3082 τὴν
1119 3016 1286 3082 ἀκοὴν
1357 3022 1455 3083 τῆς
1514 3018 1613 3083 σῆς
1659 3017 1960 3092 οἱκονομίας

306 3107 397 3163 καὶ
426 3104 644 3171 ἓδόξασά
674 3127 755 3181 σε,
792 3106 922 3180 μὸνε
954 3103 1312 3185 φιλάνθρωπε,

2056 2126 2189 2187 sine
2212 2128 2636 2205 gubernatore,
2671 2129 3056 2191 ﬂuctuantem
3081 2132 3207 2211 jam
3242 2150 3309 2195 ac
3366 2126 3523 2213 pene
3567 2126 3715 2199 sub-

2060 2218 2768 2310 mersam-,ejiciendoque
2797 2228 3177 2310 peccatorum
3206 2224 3376 2285 oneri
3397 2225 3718 2310 imparem,

2058 2314 2117 2367 et
2138 2307 2517 2372 constitutam
2544 2307 2605 2369 in
2628 2307 2901 2388 periculo
2920 2308 3235 2373 decideudi
3257 2307 3711 2393 inimatartara,

2059 2416 2229 2458 serva
2259 2398 2362 2460 Dei
2399 2396 2699 2478 Cenitrix,
2733 2398 3216 2463 clementissimis
3250 2404 3365 2465 tuis
3412 2406 3712 2484 precibus,

2060 2486 2208 2548 al‘fer
2242 2488 2749 2568 tranquillitatem,
2780 2496 2841 2549 et
2870 2490 3200 2568 periculum
3256 2495 3537 2574 propulsa
3572 2516 3587 2560 :
3648 2506 3714 2559 tu

2062 2593 2127 2666 es
2171 2580 2332 2666 enim
2370 2585 2574 2657 portus
2633 2594 2847 2666 expers
2909 2580 3301 2658 tempestatis.
3360 2581 3523 2663 Roga
3572 2604 3714 2666 ergo

2060 2663 2521 2745 Redemptorem
2547 2676 2608 2729 et
2636 2665 2853 2727 Filium
2914 2668 3127 2743 Deum,
3162 2677 3228 2730 ut
3259 2671 3409 2732 mihi
3438 2663 3711 2753 lapsuum

2059 2757 2291 2817 veniam
2328 2754 2644 2832 concedat,
2670 2755 2808 2837 quia
2844 2755 2902 2816 in
2938 2764 2995 2819 te
3028 2774 3197 2837 spem
3236 2778 3477 2823 omnem
3528 2783 3706 2843 pono,

2051 2844 2335 2924 indignus
2364 2844 2630 2924 famulus,
2657 2854 2815 2907 tuus.

2602 2923 2753 2989 ODE
2784 2928 2841 2988 4.
2868 2924 3135 2991 Hirmus.

2132 3006 2264 3069 179.
2298 3004 2575 3086 Obediui,
2606 3005 2878 3077 Domine,
2909 3007 3286 3070 sermonibus
3311 3011 3694 3091 providentia;

2047 3106 2159 3157 tua;
2192 3117 2205 3159 :
2235 3106 2291 3157 et
2308 3105 2384 3170 te,
2418 3097 2517 3177 qui
2548 3098 2712 3157 solus
2754 3096 3048 3175 benignus
3081 3116 3141 3159 es
3175 3100 3521 3177 gloriﬁcavi.

397 3202 513 3252 Τῶν
567 3196 882 3273 τραυμάτων
941 3216 1066 3271 μου,
1125 3194 1411 3272 Δέσποινα,
1470 3196 1576 3252 τῶν
1625 3198 1721 3264 τῆς
1775 3201 1958 3277 ψυχῆς

2124 3184 2171 3248 Ο
2202 3172 2454 3248 Domina
2506 3188 2611 3249 Dei
2646 3172 2922 3277 Parens;
2960 3205 3055 3248 me
3104 3172 3322 3252 animae
3378 3194 3698 3273 carnisque

305 3285 499 3363 σαρκός
520 3305 578 3341 τε
622 3285 978 3361 νοσήματων,
1023 3286 1060 3354 τί
1120 3286 1251 3340 Θεὸν
1300 3294 1526 3344 τεκοῦσα
1584 3283 1733 3342 λύσιν
1783 3287 1963 3366 παρά-

2080 3276 2389 3339 ulnerihus
2418 3296 2487 3339 ac
2521 3276 2750 3339 morbis
2774 3275 2993 3339 libera.

306 3396 448 3455 σχον)
491 3397 610 3455 μοι,

386 3465 401 3489 ⁷
410 3473 483 3522 Εκ
532 3464 893 3544 περιστάσεως
979 3463 1129 3542 ῥῦσαί
1207 3485 1299 3539 με,
1394 3466 1587 3543 Μήτηρ
1647 3467 1800 3544 Θεοῦ,
1872 3467 1960 3523 καὶ

2126 3456 2209 3517 Ex
2239 3455 2615 3537 necessitate,
2650 3455 2927 3537 procellis
2955 3464 3015 3518 et
3040 3458 3329 3539 periculis
3386 3465 3556 3542 eripe
3603 3483 3699 3528 me

306 3552 469 3629 ξάλης
498 3556 587 3612 καὶ
619 3551 873 3611 κινδύνων
926 3566 1049 3617 ταῖς
1107 3574 1225 3618 σαις
1295 3553 1551 3635 ἱκέσιαις,
1626 3554 1766 3630 μόνη
1816 3577 1959 3612 παν-

2076 3554 2310 3635 lertuas
2341 3563 2570 3625 preces,
2606 3549 2795 3609 Mater
2841 3544 2974 3622 Dei,
3037 3563 3170 3626 quae
3221 3548 3351 3610 sola
3411 3568 3477 3611 es
3534 3554 3698 3615 omni

305 3646 532 3705 ὕμνητε.

380 3670 403 3701 ν
450 3666 532 3705 τε.

338 3667 791 3809 μέειμαζόμενον
898 3729 1123 3790 κλύδωνι
1235 3733 1501 3809 βιωτικῶν
1600 3731 1893 3812 ἒξάρπασον

312 3823 559 3903 Παρθένε,
593 3824 725 3902 πρὸς
758 3822 850 3877 τὸν
878 3823 970 3879 σόν
1000 3820 1190 3897 λιμένα
1221 3822 1593 3902 καθοδηγοῦσά
1632 3824 1720 3897 με.

2049 3634 2219 3695 laude
2252 3634 2620 3713 dignissima.

2128 3725 2412 3787 lactatum
2437 3722 2614 3803 hnjus
2643 3724 2775 3785 vitae
2806 3722 3083 3785 ﬂuctibus
3111 3743 3304 3802 serva,
3341 3745 3460 3801 me,
3489 3728 3694 3812 Virgo,

2050 3815 2124 3877 ad
2147 3822 2379 3896 portum
2413 3821 2579 3875 tuum
2602 3812 2934 3876 deducens.

388 3948 579 4015 Con.
612 3947 764 4011 Hinc
795 3947 1012 4011 iterum
1045 3947 1274 4010 reditur
1298 3946 1374 4009 ad
1404 3950 1652 4011 canonis
1682 3945 2070 4012 acroatichici
2097 3956 2349 4009 metrum
2378 3946 2893 4026 prosequendum.

387 4110 621 4173 ”Αλλος.
659 4116 797 4188 Προς
819 4109 1112 4182 Ἐλήλυθας
1142 4112 1205 4167 εκ
1230 4110 1513 4188 Παρθένον),

407 4202 700 4277 Ζοήμονες
738 4200 800 4259 ἐκ
827 4206 923 4268 τῆς
974 4200 1122 4257 κάτω
1151 4201 1337 4278 σοφίας
1397 4202 1701 4278 γενόμενοι,
1768 4199 1961 4279 κυϐέρ-

2128 4109 2320 4179 Alius,
2355 4105 2510 4170 sicut
2535 4106 2832 4179 Ἐλήλυθας
2862 4109 2922 4164 ὲκ
2967 4106 3249 4185 Παρθένου.

2141 4201 2474 4280 mapientes
2495 4197 2629 4259 facti
2654 4216 2725 4259 ex
2783 4197 3048 4259 inferiori
3095 4197 3412 4278 sapientia,
3469 4199 3693 4278 guber-

303 4314 463 4361 νησιν
506 4289 719 4369 λὲνδοξοι
780 4292 925 4371 παρὰ
978 4294 1077 4357 τῆς
1138 4292 1280 4353 θείας
1331 4289 1642 4359 ἐκτήσασθε
1704 4289 1819 4347 ὅθεν
1889 4292 1961 4355 ὡς

2076 4290 2230 4353 nandi
2265 4291 2554 4351 rationem
2578 4310 2609 4348 ει
2634 4288 2831 4350 divina
2858 4287 3150 4369 sapientia
3170 4288 3432 4369 gloriose
3482 4283 3696 4353 conse:

301 4381 622 4462 θεράπαιναν
650 4382 850 4449 ταύτην
880 4381 1055 4457 ἐκείνῃ
1100 4381 1386 4461 πανσόφως
1408 4379 1721 4446 ὑπετάξατε.

408 4559 743 4639 ιθιιλὸσοφοι,
774 4561 891 4626 νοὺς
923 4560 1116 4640 σοφοὺς
1141 4562 1185 4616 εἱ
1236 4557 1467 4638 φιλεῖτε,
1527 4559 1831 4636 σοφίσθητε,
1878 4559 1966 4615 καὶ

326 4653 506 4731 λέγειν
559 4650 869 4732 διδάχθητε,
931 4651 1126 4708 πάντες
1198 4652 1246 4707 οἱ
1302 4646 1493 4730 λόγους
1583 4650 1961 4729 θαυμάζοντες,

314 4741 561 4822 πράξεως
613 4741 882 4821 ἀκρίϐειαν
956 4740 1043 4796 καὶ
1118 4739 1336 4819 θεωρίας
1404 4739 1637 4795 ἐντεῦθεν
1711 4737 1963 4803 ἐξασκού-

309 4854 493 4911 μενοι.
1667 4828 1965 4890 Θεοτόκων.

415 4943 499 4986 ης
532 4919 721 4997 ὅψιιιος
767 4920 916 4985 ὑετὸς
962 4917 1049 4976 ἐπ’
1100 4919 1350 4999 ἔσχάτων
1407 4922 1434 4976 ὁ
1500 4918 1777 4999 πρώῖμος,
1835 4916 1965 4977 ὑδά-

311 5020 425 5073 τὼν
514 5011 721 5069 αἰώνων
805 5031 864 5067 τε
922 5008 1252 5088 δημιουργὸς
1322 5011 1395 5073 εἷς
1456 5010 1554 5078 τὴν
1612 5011 1821 5087 μήτραν
1876 5029 1968 5065 σου

304 5103 523 5177 ἔσταξε,
557 5102 891 5178 Πανάμωμε,
946 5098 1082 5156 κατᾶ
1110 5100 1294 5178 καιρὸν
1352 5099 1648 5181 ἀναψύχων
1696 5098 1818 5162 τοὺς
1870 5096 1965 5154 ἰκ-

312 5193 618 5254 λείποντας,

393 5279 632 5344 ”Αλλος.
670 5281 743 5336 Σύ
772 5280 895 5355 μου,
930 5279 1147 5357 Χριστὲ,
1186 5278 1397 5359 Κύριος.

397 5460 596 5525 Στῦλος
680 5460 841 5539 πυρὸς
933 5456 1064 5515 λαοῦ
1138 5465 1331 5516 πιστοῦ
1389 5477 1789 5537 προηγουμενος
1876 5478 1974 5513 κα.-

318 5551 585 5634 φλογίζων
622 5550 743 5614 to};
801 5549 1023 5629 ἐχθροὺς
1079 5552 1179 5611 ἐἱ-ς
1242 5552 1498 5623 πίστεως,
1560 5550 1653 5605 τὰ)
1710 5543 1766 5601 δὲ
1814 5553 1977 5634 φυλὰς

1987 4368 2171 4442 Dcuti
2196 4380 2337 4441 estis
2371 4397 2384 4441 :
2419 4377 2578 4439 unde
2609 4376 2769 4439 illam
2827 4368 2985 4453 huic,
3038 4378 3209 4458 quasi
3252 4378 3557 4456 famulam,
3606 4399 3697 4444 sa-

2052 4468 2426 4550 pientissime
2458 4466 2825 4546 subjecistis.

2148 4578 2384 4622 r-emen
2408 4557 2718 4638 sapientiae
2748 4556 3015 4637 quaerite,
3072 4556 3434 4638 philosophi,
3487 4558 3538 4620 si
3595 4578 3696 4622 sa-

2049 4650 2281 4731 pientes
2331 4648 2616 4727 diligitis;
2651 4654 2711 4707 et
2748 4645 3053 4707 docemini
3085 4644 3249 4727 loqui
3300 4665 3534 4728 omnes,
3591 4649 3695 4730 qui

2049 4747 2235 4802 artem
2286 4738 2567 4819 loquendi
2625 4734 3029 4809 admiramini,
3084 4734 3225 4799 hinc
3281 4736 3589 4799 exercitati
3633 4738 3695 4799 in

2048 4829 2264 4909 agendi
2292 4824 2854 4908 contemplandique
2884 4824 3102 4887 studio.

3419 4825 3693 4888 Mariale.

2146 4928 2233 4985 ct
2254 4919 2449 5001 pluvia
2495 4918 2759 4980 serotina
2788 4914 2957 4976 valde
3016 4933 3086 4978 ac
3154 4921 3561 4995 temporanea,
3603 4915 3695 4978 sic

2049 5028 2332 5091 aquarum
2363 5009 2835 5090 saeculorumque
2864 5004 3071 5068 artifex
3103 5005 3162 5065 in
3196 5013 3384 5080 tuum,
3420 5022 3456 5066 a
3486 5004 3692 5085 Virgo,

2050 5107 2306 5162 uterum.
2341 5098 2473 5160 sine
2501 5096 2663 5159 omni
2692 5096 2849 5177 labe,
2886 5101 3327 5177 peropportune
3356 5092 3691 5174 descendit,

2049 5189 2123 5250 ad
2156 5188 2501 5251 deﬁcientes
2531 5184 2987 5249 refocillandos.

2132 5278 2286 5343 180.
2352 5278 2560 5352 Alius,
2632 5276 2837 5349 sicut,
2894 5278 2967 5331 Σύ

2052 5371 2184 5450 ρίος.

2140 5459 2427 5523 Columna
2475 5456 2631 5536 ignis
2686 5456 2923 5519 ﬁdelem
2985 5456 3337 5536 praecedens
3395 5454 3702 5536 populum,

2065 5568 2248 5611 urens
2275 5548 2551 5610 inimicos
2580 5546 2744 5628 ﬁdei,
2778 5554 2839 5608 et
2886 5552 3204 5626 sequentes
3260 5543 3449 5605 tribus
3495 5560 3709 5605 secura

3062 5297 3161 5350 μου
3196 5324 3211 5355 ,
3311 5277 3500 5349 Χριστὲ
3588 5285 3698 5335 Κυ-

320 5630 510 5713 σώζων
583 5638 837 5720 ἀσφαλῶς
908 5640 1004 5703 τὰς
1103 5638 1463 5715 ὲπεπομένας,
1526 5643 1553 5696 ὁ
1611 5652 1779 5720 μέγας
1830 5630 1974 5725 ὤφθη

2076 5656 2314 5700 servans
2338 5636 2886 5715 custodia,magnus
2910 5635 3133 5696 exstitit
3149 5633 3418 5696 Basilius.
3440 5630 3712 5694 Conﬁdat

664 5803 909 5865 Parnm.
980 5799 1096 5864 Gn.
1140 5796 1367 5862 XXIX.

3031 5814 3078 5854 α)
