4140 6394
457 358 709 412 CCCLVIH

1802 343 2400 408 PROLEGOMENA.

458 493 517 546 et
542 484 736 546 vincat
757 482 977 547 Christi
1008 482 1298 559 Ecclesia,
1330 488 1503 546 tanto
1549 483 1714 545 dives
1760 498 2094 564 propugna-

2202 479 2485 546 Βασίλειος,
2521 484 2787 561 Θαρσείτω
2830 490 2916 545 καὶ
2968 489 3166 549 νικάτω
3229 487 3259 556 ά
3314 495 3540 567 Χριστοῦ
3594 483 3839 557 Ἐκκλη-

460 582 610 634 tore.

483 592 779 745 0rlfingua:
801 662 1081 725 delicium
1108 672 1166 726 et
1195 664 1454 744 cujusvis
1485 663 1720 725 auditus
1764 663 2108 741 jucundttas

461 755 570 817 fuit
598 754 787 817 oratio
812 762 932 835 tua,
964 753 1212 833 Gregori
1242 776 1267 827 ;
1319 772 1537 815 manna
1589 755 1747 831 vitae,
1809 772 1909 814 ros
1968 752 2107 813 dul-

458 845 713 919 cedinis,
751 846 869 905 mel
905 844 979 905 de
1007 854 1196 924 petra,
1226 844 1393 923 panis
1423 843 1680 905 caelestis
1731 842 2104 921 angelorum,

462 934 753 998 lectorum
785 933 1059 996 alliciens
1100 940 1351 1010 animos,
1387 942 1449 993 ut
1480 941 1579 994 tua
1637 933 1924 995 suavitate
1979 950 2112 993 sese

457 1024 874 1086 insatiabiliter
899 1023 1285 1103 ingurgitent;
1317 1040 1541 1103 eosque
1585 1023 1888 1102 voluptate
1936 1040 2108 1083 com-

453 1114 646 1195 plens.

537 1205 778 1267 Fluvius
799 1203 1220 1266 charismatum
1232 1202 1509 1283 Spiritus,
1531 1198 1817 1281 Joannes,
1844 1201 2107 1281 repletus

456 1302 547 1354 est
573 1312 761 1375 usque
791 1294 863 1355 ad
895 1292 1242 1355 edusionem
1282 1311 1299 1368 ;
1345 1300 1403 1353 et
1454 1291 1762 1372 pulchram
1810 1298 1986 1353 terrae
2014 1290 2105 1350 fa-

455 1382 610 1443 ciem
634 1381 799 1463 quasi
821 1392 1083 1443 torrente
1104 1380 1420 1462 voluptatis
1443 1399 1515 1441 ex
1535 1399 1641 1442 ore
1662 1380 1871 1460 irrigat
1886 1399 2102 1453 aureo;

458 1472 793 1535 exhilaratus
825 1470 1045 1535 Christi
1096 1480 1275 1533 totam
1320 1470 1616 1531 civitatem
1673 1481 1731 1530 et
1786 1470 2099 1551 pinguefa-

458 1563 626 1624 ciens
650 1562 880 1642 impetu
921 1560 1254 1623 divinarum
1285 1558 1603 1623 undarum.
1831 1560 2095 1622 Mariale.

535 1742 818 1802 Naturam
861 1739 1220 1821 simplicem,
1253 1750 1557 1817 expertem
1610 1739 2099 1820 compositionis,

2193 570 2302 645 σία,
2339 569 2653 637 τηλικοῦτον
2685 573 3031 647 πλουτήσασα
3061 578 3373 659 πρόμαχον.

2278 658 2552 728 Γλώσσης
2586 665 2777 745 τρυφὴ,
2836 670 2923 724 καὶ
2956 670 3123 736 ἀκοῆς
3175 671 3354 735 πάσης
3408 665 3620 743 ἥδυσμα
3670 670 3698 724 ὃ
3756 670 3851 735 σὸς

2192 748 2351 827 λόγος
2412 752 2633 829 πέγυκε,
2696 757 2974 837 Γρηγόριε·
3050 760 3221 834 μάννα
3277 761 3417 829 ζωῆς
3472 754 3657 835 δρόσος
3713 756 3843 836 γλυ-

2192 848 2420 915 κασμοῦ,
2451 841 2572 916 μέλι
2606 845 2666 899 τὸ
2689 843 2748 901 ἐκ
2771 846 2989 925 πέτρας,
3046 847 3290 927 ἀγγέλων
3344 845 3498 925 ἄρτος
3582 846 3842 925 οὐράνιος,

2192 928 2483 999 ἀπλήστως
2536 931 2879 1013 ἐμφορεῖσθαι
2963 944 3059 1005 τῆς
3148 935 3407 1009 ἡδότητος
3479 935 3696 1017 πείθων,
3752 937 3840 993 καὶ

2191 1017 2412 1097 πληρῶν
2439 1018 2627 1089 ῖίδονῆς
2653 1025 2773 1088 τοὺς
2806 1026 3163 1108 μετὲχοντας.

2274 1198 2332 1257 Ὀ
2411 1204 2651 1277 ποταμὸς
2729 1210 2834 1261 τῶν
2926 1206 3285 1285 χαρισμάτων
3358 1218 3450 1268 τοῦ
3537 1205 3842 1282 Πνεύματος

2189 1285 2499 1368 ἐπληρώθη,
2562 1295 2589 1348 ὁ
2648 1291 2930 1369 Ἰωάννης,
2978 1296 3142 1377 μέχρι
3196 1298 3283 1353 καὶ
3337 1300 3675 1379 προχύσεωςθ
3756 1300 3845 1358 καὶ

2188 1380 2445 1473 τὸλκαλὸν
2477 1382 2765 1473 πρόσωπόν
2812 1391 2909 1452 τῆς
2943 1391 3069 1464 γῆς,
3103 1389 3175 1451 ὡς
3236 1393 3436 1468 τρυφῆς
3491 1393 3842 1473 χειμάρρους,

2192 1467 2295 1524 ἀπὸ
2338 1478 2539 1549 χροσοῦ
2599 1470 2740 1549 ἄρδει
2783 1476 3077 1550 στόματος,
3142 1467 3427 1558 εὖφραὶνων
3472 1467 3560 1539 καὶ
3588 1467 3840 1541 τπιάὶνων

2189 1565 2279 1615 τοῦ
2311 1566 2540 1637 Χριστοῦ
2584 1567 2758 1620 πᾶσαν
2792 1563 2952 1621 πόλιν
3022 1579 3138 1632 τοῖς
3196 1572 3301 1625 τῶν
3349 1571 3504 1626 θείων
3588 1571 3843 1647 κυμάτων

2187 1648 2463 1726 ὀρμήμασι
2474 1702 2488 1724 ,
3525 1662 3784 1719 Θεατόκιο
3800 1684 3838 1720 1.

2266 1739 2432 1796 Φύσιν
2488 1740 2689 1817 ἁπλῆν,
2747 1743 3134 1824 ἀνασχομένην
3195 1746 3486 1812 συνθέσεως
3572 1756 3660 1808 καὶ
3730 1773 3841 1827 φαο

454 1840 513 1893 et
536 1830 951 1912 perfectiorem
981 1847 1160 1918 quam
1191 1835 1251 1918 ut
1276 1827 1705 1918 confundatur,
1738 1827 1800 1918 lin
1834 1837 1959 1902 tuo,
1980 1832 2094 1893 Do-

2202 1828 2369 1885 νεῖσαν
2400 1831 2670 1909 κρείντονα
2701 1834 3045 1915 συγχύσεως,
3101 1835 3187 1893 ἐπὶ
3220 1844 3308 1894 τοῦ
3369 1846 3485 1918 σοῦ,
3553 1842 3840 1913 Δέσποινα,

448 1921 631 1996 mina,
664 1919 814 1983 Filio
844 1926 967 1980 tres
992 1918 1077 1978 illi
1106 1917 1291 1979 divini
1314 1917 1594 1979 doctores
1624 1917 1879 1979 confessi
1913 1928 2096 1995 sunt;

448 2011 511 2073 in
553 2010 789 2073 duabus
847 2006 1249 2069 voluntatibus
1309 2016 1370 2068 et
1437 2006 1661 2088 duplici
1717 2008 2093 2088 operatione,

444 2100 743 2182 duplicem
776 2098 949 2161 illum
973 2096 1304 2160 secundum
1352 2106 1621 2158 naturam
1678 2107 2093 2177 agnoscentes.

446 2188 778 2253 Catabasia.

525 2282 729 2344 Virtus
760 2289 880 2357 tua,
929 2279 1185 2359 Christe,
1219 2277 1466 2340 obduxit
1493 2278 1677 2340 caelos
1708 2298 1723 2340 :
1762 2278 2093 2359 procedens

450 2372 609 2434 enim
645 2390 717 2434 ex
763 2388 902 2432 arca
932 2368 1420 2432 sanctiﬁcationis
1451 2376 1567 2431 tnta
1593 2371 1955 2448 incorrupta;
1974 2371 2094 2431 Ma-

446 2461 651 2537 tris,in
678 2459 1137 2540 templogloriaa
1149 2466 1268 2522 tua;
1299 2458 1459 2520 visus
1479 2478 1544 2521 es
1604 2468 1670 2519 ut
1693 2458 1885 2519 infans
1906 2469 2093 2538 gesta-

444 2560 543 2614 tus
571 2550 753 2627 ulnis,
788 2557 851 2612 et
868 2548 1071 2612 omnia
1107 2549 1349 2631 impleta
1376 2558 1512 2612 sunt
1541 2548 1715 2612 laude
1743 2557 1861 2612 tua.

1004 2729 1156 2794 ODE
1182 2734 1240 2794 5.
1273 2727 1538 2793 Hirmns.

523 2823 662 2887 181.
716 2822 988 2886 Luminis
1041 2821 1286 2902 largitor
1341 2830 1400 2883 et
1466 2830 1803 2901 temporum
1863 2820 2086 2901 opifex,

449 2911 730 2987 Domine,
763 2912 825 2974 in
847 2911 1074 2973 lumine
1126 2910 1543 2973 mandatorum
1610 2922 1845 2971 tuorum
1905 2911 2095 2991 dirige

443 3020 553 3064 nos
586 3023 605 3065 :
637 3011 803 3065 extra
828 3011 885 3063 te
931 2999 1093 3062 enim
1124 3000 1306 3062 alium
1365 3000 1554 3062 Deum
1613 3018 1733 3061 non
1778 3000 2095 3078 cognosci~

440 3107 592 3153 111118.

520 3178 824 3279 Habentes
852 3185 1238 3279 _armaturam
1288 3176 1809 3279 inexpugnabilem
1886 3184 2153 3279 contrac

2184 1921 2309 2009 γίοῦ
2345 1921 2390 2009 οἱ
2448 1934 2593 1997 τρεῖς
2642 1923 2887 2002 θεοφόροι
2948 1922 3297 2002 δογματισταὶ
3348 1927 3731 2009 ὡμολόγησαν,
3783 1930 3846 1986 ἐκ

2183 2005 2271 2064 δύο
2292 2007 2611 2085 θελημάτων
2640 2014 2727 2068 καὶ
2756 2010 2951 2081 διπλῆ)
2982 2013 3246 2094 ἕνεργείας
3306 2017 3397 2073 τὸν
3456 2005 3675 2078 διπλοῦν
3716 2005 3842 2077 -κα-

2179 2098 2244 2155 τὰ
2270 2099 2421 2178 φύσιν
2453 2104 2831 2180 γνωρίσαντες,
3508 2108 3839 2168 Καταϐασία.

2259 2276 2556 2354 Ἐκάλυψεν
2623 2281 2870 2359 οὗρανοὺς
2944 2287 2979 2354 ἡ
3034 2283 3198 2362 ἀρετή
3262 2308 3381 2359 σου,
3438 2287 3649 2366 Χριστέ’
3740 2294 3840 2355 τῆς

2177 2365 2406 2425 κιϐωτοῦ
2461 2368 2561 2449 γὰρ
2607 2370 2912 2450 προσελθὼν
3003 2380 3095 2431 τοῦ
3152 2365 3492 2453 ἀγιάσματὸς
3572 2400 3666 2435 σου
3741 2380 3842 2448 τῆς

2178 2454 2405 2537 ἀφθόροδ
2436 2460 2674 2547 Μητρὸς,
2711 2459 2766 2515 ἐν
2798 2467 2875 2535 τῷ
2906 2467 3016 2535 ναῷ
3046 2461 3143 2530 τῆς
3194 2461 3349 2531 δόξης
3383 2487 3475 2523 σου
3535 2464 3714 2547 ὤφθης
3765 2471 3842 2533 ὡς

2179 2547 2372 2628 βρέφος
2420 2546 2977 2629 ἀγκαλοφορούμενος,
3043 2553 3130 2609 καὶ
3202 2552 3491 2633 ἐπληρώθη
3544 2546 3608 2613 τᾶ
3666 2557 3840 2616 πάντα

2178 2658 2276 2705 της
2304 2660 2404 2705 σης
2451 2659 2725 2704 αινισεως.

2722 2736 2862 2809 ῼΔΗ
2894 2729 2969 2794 ε’,
3018 2729 3078 2789 Ὀ
3103 2732 3288 2809 εἱρμός

2261 2818 2320 2876 Ὀ
2378 2825 2471 2875 τοῦ
2541 2820 2718 2899 φωτὸς
2778 2823 3045 2900 χορηγὸς,
3107 2824 3193 2880 καὶ
3250 2823 3356 2880 τῶν
3421 2826 3635 2882 αἰωνων
3706 2852 3838 2888 ποι-

2177 2908 2342 3001 ητης,
2378 2906 2553 3001 Κύριε,
2616 2907 2670 2964 ἐν
2742 2915 2817 3001 τῷ
2874 2912 3007 2990 φωτὶ
3057 2918 3162 2969 τῶν
3233 2920 3339 2971 σῶν
3411 2924 3837 3001 προσταγμάτων

2176 2995 2447 3075 ὁδιίγησον
2475 2998 2633 3065 ἣκᾶς·
2667 3000 2820 3065 ἒκτὸς
2853 3008 2950 3057 σοῦ
2980 3002 3085 3081 γάρ
3147 3001 3305 3061 ἄλλον
3354 3006 3487 3062 Θεὸν
3561 2995 3827 3091 οὖνγινώ-

2180 3109 2407 3164 σκομεν.

2257 3176 2771 3270 ’Ὄπλονᾼάήττητον
2799 3181 2937 3241 κατὰ
2990 3182 3247 3240 ποικίλων
3299 3196 3616 3266 πειρασμῶν
3665 3191 3835 3270 ἔχον-

442 3268 803 3330 tentationes
834 3268 1049 3331 diversi
1107 3267 1369 3346 generis,
1402 3267 1567 3329 omni
1616 3266 2091 3358 adversariorum

2202 3289 2261 3358 rs;
2318 3274 2425 3325 τῶν
2484 3266 2753 3345 δυσμένῶν
2804 3270 2979 3338 πάσης
3034 3272 3287 3354 ἐπηρείας
3343 3274 3667 3357 λυτροῦμεθα
3695 3266 3831 3358 "tisi,

441 3356 825 3437 improbitate
848 3375 1089 3438 semper
1117 3357 1493 3439 expedimur,
1520 3357 1623 3439 qui
1656 3365 1712 3419 te
1743 3354 1850 3419 Dei
1901 3356 2087 3422 Geni-

442 3446 653 3508 tricem
685 3448 1207 3509 incontaminatam
1241 3446 1565 3510 credimus.

520 3538 1054 3619 Appropinquante
1103 3538 1252 3619 legis
1309 3538 1716 3619 plenitudinef,
1774 3537 2094 3605 sublimior

439 3627 810 3709 cherubinis,
834 3628 1121 3710 peperisti
1150 3630 1521 3692 incarnatum
1553 3647 1622 3690 ex
1653 3637 1711 3691 te
1739 3628 1955 3692 Filium
1984 3634 2093 3696 Dei

443 3718 842 3799 unigenitum,
876 3722 1075 3801 quemf
1113 3720 1298 3783 servis
1366 3719 1479 3781 tuis
1527 3719 1871 3782 reconcilia.

513 3806 793 3872 Omnium
820 3809 1193 3873 conditorem
1211 3828 1394 3891 quem
1414 3811 1531 3872 tuis
1552 3809 1734 3884 ulnis,
1765 3811 2090 3884 Intemera.

438 3906 518 3971 ta,
553 3899 817 3979 portasti,
849 3900 1034 3963 redde
1056 3900 1335 3982 precibus
1365 3907 1479 3967 tuis
1512 3904 1685 3967 nobis
1734 3897 2082 3986 prepitium,

438 3988 579 4069 quia
604 3989 679 4050 ad
712 3998 769 4052 te
799 4007 870 4052 ex
899 3988 1100 4052 animo
1129 3992 1523 4072 confugimus.

518 4171 658 4234 182.
695 4174 886 4245 Alius,
922 4174 1079 4238 sicut
1108 4176 1167 4233 ’θ
1198 4183 1502 4257 φωτισμός.

528 4262 981 4327 charismatum
1013 4273 1249 4328 tuorum
1280 4267 1500 4331 fontem
1525 4271 1873 4351 propinasti,
1913 4294 1946 4333 o
1982 4273 2087 4334 ho-

436 4353 663 4413 minum
721 4370 925 4415 amans
983 4353 1160 4435 Deus,
1217 4364 1435 4419 sanctis
1491 4359 1819 4423 bibendum
1902 4381 1917 4424 :
1979 4368 2081 4438 qui

434 4451 963 4533 quantumcunque
1007 4443 1253 4521 bibitur,
1290 4446 1674 4511 imminuitur
1726 4469 2028 4533 nunquam
2063 4473 2078 4533 ;

432 4530 539 4593 sed
572 4531 787 4594 divinis
816 4533 1045 4615 rivulis,
1069 4552 1136 4595 ex
1159 4536 1294 4597 sinu
1321 4536 1586 4619 ipsorum
1611 4530 2077 4621 profluentibus,
2103 4598 2149 4649 Β

432 4624 711 4649 _--..J___..
746 4624 996 4649 ξ--,ι...;-ι
1022 4625 1257 4649 --..2..-..-
1281 4647 1292 4649 -
1310 4646 1355 4649 κ--

428 4624 713 4686 mundum
746 4624 999 4688 inebriat
1022 4625 1384 4688 universum.

525 4713 767 4797 cacquid
792 4713 940 4775 mihi
959 4732 1168 4777 aurum
1194 4724 1220 4778 ν
1243 4717 1387 4797 quid
1406 4719 1549 4780 mihi
1584 4737 1729 4799 opes
1751 4720 2070 4802 gloriaque

425 4812 485 4867 et
530 4804 853 4889 potentia?
906 4805 1051 4868 fumi
1104 4805 1396 4869 abeuntes
1451 4809 1511 4870 in
1564 4825 1795 4874 aerem.
1852 4809 2065 4874 Omnia

2176 3357 2232 3415 οἵ
2262 3380 2319 3415 σε
2351 3367 2630 3441 Θεοτόκον,
2674 3360 2835 3441 ἁγνὴ,
2879 3361 3257 3440 ἐπιστάμενοι.

2259 3540 2440 3618 Νόμου
2468 3563 2529 3599 το
2572 3540 2897 3624 πλήρρωμα,
2929 3545 2964 3612 ἣ
3013 3544 3253 3626 ηνωτερα
3305 3547 3587 3630 χεροοϐὶμ,
3655 3554 3831 3610 τέτο-

2178 3654 2274 3697 κας
2295 3634 2387 3689 τὸν
2412 3640 2507 3690 τοῦ
2536 3632 2669 3689 Θεοῦ
2718 3634 2777 3690 ὲκ
2803 3641 2898 3690 σοῦ
2950 3636 3308 3715 σαρκωθέντα.
3378 3642 3496 3696 Υἱὸν
3541 3649 3807 3723 μονογενῆ

2176 3724 2235 3781 ὃν
2261 3722 2391 3801 ὑπὲρ
2426 3725 2531 3779 τῶν
2575 3722 2774 3781 δούλων
2803 3729 2911 3781 τῶν
2932 3702 3038 3782 σῶν
3082 3724 3393 3791 ἐξιλὲωσιι.
3541 3702 3552 3718 ι
3688 3702 3699 3723 ⁸
3816 3702 3833 3734 ’

2256 3815 2358 3871 Τὸν
2414 3823 2507 3872 τοῦ
2567 3815 2764 3879 παντὸς
2818 3816 3052 3882 ποιητὴν
3107 3815 3160 3871 ἐν
3220 3830 3343 3881 ταῖς
3396 3817 3656 3899 ἀγκάλαις
3714 3844 3827 3901 σου,

2176 3903 2367 3983 Ἀγνὴ,
2430 3903 2682 3983 φέρουσα,
2743 3910 2929 3961 τοῦτον
2982 3910 3119 3980 ἡμῖν
3170 3919 3296 3971 σαῖς
3346 3910 3569 3975 ἱκοσίαις
3643 3910 3829 3968 εὖίλα-

2170 4015 2261 4051 τον
2288 3991 2446 4068 δίδου,
2496 3993 2617 4057 τοῖς
2691 3991 2776 4049 νύν
2849 3993 2911 4050 ἐκ
2967 3993 3179 4074 καρδίας
3247 3998 3380 4062 παὺς
3441 4000 3501 4056 σέ
3547 4021 3825 4081 παταφευ-

2169 4105 2344 4162 γουσι.

2252 4171 2486 4240 ”Αλλος.
2516 4172 2575 4231 Ὀ
2620 4173 2917 4253 φωτισμός.

2273 4265 2361 4324 Ma
2392 4268 2491 4331 τὴν
2537 4263 2719 4341 πηγὴν
2749 4265 2855 4321 τῶν
2910 4285 3131 4322 σεαυτοῦ
3183 4268 3538 4347 χαρισμάτων
3596 4269 3833 4352 ἐκπιεῖν,

2170 4355 2310 4420 ὅλως
2340 4353 2696 4435 φιλάνθρωπε,
2723 4352 2954 4421 δέδωκας
3003 4368 3118 4422 τοῖς
3189 4356 3383 4435 ἁγίοις,
3476 4358 3813 4417 ἑλαττωθεῖ-

2166 4467 2263 4503 σαν
2294 4444 2623 4520 οὖδαμῶςτῇ
2664 4445 2902 4519 κενώσει,
2972 4445 3065 4501 τὸν
3114 4442 3177 4501 δὰ
3234 4447 3435 4524 κόσμον
3489 4449 3657 4506 πάντα
3716 4472 3827 4524 με-

2165 4538 2394 4595 θύσασαν
2425 4549 2542 4596 τοῖς
2587 4536 2647 4592 ἐκ
2675 4541 2771 4601 τῆς
2799 4534 3001 4600 κοιλίας
3032 4536 3204 4594 αὒτῶν
3233 4539 3399 4603 θείοις
3432 4538 3704 4617 ῥεύμασιν,

2255 4718 2333 4779 ei
2363 4740 2454 4795 μοι
2486 4716 2686 4796 χρυσός
2722 4734 2739 4794 ;
2773 4714 2823 4770 τί
2852 4736 2941 4789 μοι
2966 4712 3192 4781 πλοῦτος
3265 4720 3348 4774 καὶ
3396 4716 3516 4784 δόξα
3586 4719 3673 4775 καὶ
3724 4716 3823 4776 δυ-

2158 4808 2373 4864 ναστεία
2417 4806 2659 4883 ,καπνοὶ
2710 4802 3031 4882 διαρῤέοντες
3066 4805 3138 4867 εἰς
3207 4804 3354 4885 ἀέρα.
3418 4809 3597 4866 Ηάντα
3660 4808 3819 4889 οἰχέ-

423 4896 739 4960 facessanti
775 4905 984 4959 ventus
1041 4896 1195 4959 ferat
1252 4897 1476 4959 omnia.
1530 4899 1679 4962 Mihi
1731 4920 1876 4982 opes
1936 4920 2070 4964 una;

2202 4901 2285 4969 δω,
2333 4893 2462 4974 αὖρα
2493 4894 2665 4951 πάντα
2693 4893 2915 4975 φερέτω.
2952 4893 3073 4969 ἐμοί
3101 4892 3331 4961 πλοῦτος
3392 4901 3474 4963 εἷς
3548 4896 3818 4977 πολυέρα-

426 4987 674 5050 multum
728 4986 1038 5063 amabiles,
1107 4987 1399 5066 eloquens
1426 5038 1440 5062 ,
1495 4988 1810 5053 doctorum
1873 4991 2073 5054 trini-

520 5163 713 5225 ,τίνος
742 5166 1054 5229 ambrosiae
1076 5166 1204 5228 ﬂuit
1234 5174 1294 5228 et
1333 5172 1596 5231 nectaris
1643 5190 1659 5251 ;
1719 5169 1850 5232 ﬂuit
1895 5170 2068 5233 cibus

423 5250 777 5316 immortalis
802 5255 1229 5337 esurientibus,
1281 5264 1339 5319 et
1396 5257 1741 5320 sitientibus
1792 5261 2069 5321 incorru-

422 5350 558 5423 ptus
579 5352 773 5423 potus,
807 5363 957 5425 aqua
983 5346 1186 5406 vivens
1216 5347 1274 5407 in
1298 5347 1540 5423 saecula,
1578 5358 1637 5409 et
1682 5348 1957 5411 bibentes
2010 5351 2071 5412 in

417 5431 564 5494 vivis
593 5449 972 5495 conservans.
1021 5431 1243 5495 Omnes
1292 5435 1407 5496 vita
1442 5438 1786 5500 exundante
1845 5439 2069 5519 imple-

420 5522 588 5585 mini.
1803 5530 2068 5594 Mariale.

514 5710 909 5776 suxsuperans
936 5696 1162 5759 malitia
1190 5667 1386 5762 in‘nos
1412 5700 1618 5763 habuit
1660 5710 2015 5764 notestatem
2045 5719 2061 5763 :

2161 5008 2284 5052 στος
2329 4985 2496 5053 ἡτῶν
2539 4982 2867 5041 διδασκάλων
2909 4984 3057 5061 τριὰς
3082 4985 3457 5063 ῥητορεύουσι.

2264 5180 2379 5229 τεῖ
2405 5165 2647 5241 ποταμὸς
2678 5161 2967 5244 ἀμϐροσίαν
3013 5165 3101 5220 καὶ
3155 5166 3434 5246 νεκταῤῥεῖ
3484 5182 3605 5235 τσῖς
3685 5191 3815 5227 πει-

2156 5267 2317 5319 νῶσιν
2376 5257 2631 5318 ἀθάνατος
2675 5256 2893 5332 βρῶσις,
2954 5258 3041 5311 καὶ
3096 5257 3217 5322 τοῖς
3273 5255 3498 5333 διψῶσιν
3552 5259 3817 5339 ἄφθαρτος

2156 5351 2334 5426 πόσις,
2384 5346 2520 5425 ὕδωρ
2551 5352 2656 5416 ζῶν
2682 5346 2756 5408 εἰς
2800 5346 2992 5408 αἰῶνας
3025 5346 3111 5401 καὶ
3141 5346 3368 5427 συνέχον
3427 5354 3628 5420 ζῶντας
3689 5351 3811 5415 τοὺς

2154 5444 2427 5503 πίνοντας*
2464 5435 2658 5498 πάντες
2734 5431 3163 5513 πλημμυρούσης
3221 5442 3366 5507 ζωῆς
3442 5437 3810 5519 ἐμφορῆθητε,

3499 5529 3812 5589 Θεοτόκιον.

2255 5724 2450 5785 τησχεν
2481 5700 2637 5781 ἰσχὺν
2666 5697 2785 5757 καθ’
2840 5699 2993 5774 ἡμῶν
3051 5698 3087 5764 in
3159 5702 3340 5759 κακία⁶
3363 5698 3485 5756 αλλ’
3558 5704 3653 5761 οὒκ
3722 5713 3810 5767 εῖς
