4140 6398
1605 319 2046 386 AGOLUTHIA
2092 324 2480 391 TRIPLICIS
2523 331 2768 396 FESTI.

3700 368 3909 421 036M!

527 453 681 518 τέλος
712 468 726 483 ⁸
767 454 1019 523 ἠσθένησε
1072 455 1172 534 γὰρ
1223 454 1361 516 κατὰ
1393 454 1490 524 τὴν
1524 456 1782 534 Παρθένον
1811 460 1901 515 τὸν
1930 458 1985 516 ἐν
2015 460 2197 541 ἰσχύϊ.

534 543 746 570 βωμκὶκ.
778 567 927 570 ---γη
967 558 1024 570 ..μ
1050 568 1055 570 ,
1086 547 1104 570 ε.
1127 543 1272 570 ,_\n!
1296 567 1367 570 .-η
1427 549 1571 570 _,,,,,\,
1602 568 1611 570 -
1655 547 1766 570 1-1”
2037 551 2050 570 ε
2119 552 2133 569 ς

2270 468 2314 523 ιι
2345 464 2553 570 non‘i'n
2583 467 2763 531 tinem
2794 490 3005 570 usque.
3039 473 3143 538 Est
3163 478 3324 570 enim
3358 480 3685 564 debilitata,
3739 499 3905 570 post-

530 543 747 602 δυνατὸν
775 558 1056 604 τετοκυῖαν
1082 543 1369 603 ὑπελθόντα
1419 549 1613 626 σαρκὸς
1646 547 1934 624 ἀσθένειαν,
1969 551 2053 607 καὶ
2085 552 2176 607 τὸν

530 633 743 692 δυνατὸν
786 633 838 691 ἐν
883 635 1041 709 κακίᾳ
1070 634 1429 712 νεκρώσαντα.

2259 570 2435 653 quam
2465 553 2646 653 Yirgo
2679 565 2911 653 peperit
2935 571 3238 644 potentem
3268 569 3506 647 virtute,
3547 577 3648 653 qui
3668 553 3683 564 ’
3708 553 3909 645 αξη-οἱς

2257 639 2662 790 infirmitatem
2686 639 2902 730 subiit,
2935 639 2996 715 et
3021 663 3322 734 potentem
3369 639 3593 725 malitia
3641 639 3908 746 prostra;

2258 747 2310 789 vi
2346 781 2358 790 .

2258 747 2358 794 νιι.

1440 882 1669 947 Exhinc
1702 885 2085 949 continuatur
2113 889 2414 951 secundus
2441 892 2516 957 de
2549 899 2769 961 sanctis
2796 918 3011 968 canon.

609 1052 845 1120 ’⁹Αλλος,
881 1054 1039 1113 ἰνατί
1070 1077 1137 1132 με
1169 1056 1393 1116 ἀπώσω.

607 1145 740 1210 Τοὺς
800 1152 907 1201 τῶν
959 1146 1110 1202 θείων
1161 1147 1492 1225 πραγμάτων
1536 1148 1624 1203 καὶ
1677 1150 1783 1204 τῶν
1837 1148 2174 1228 ἀνθρωπίνων

526 1240 702 1314 σοφῶς
753 1235 1142 1310 ἐπιστήμονας,
1202 1237 1294 1301 τὰς
1359 1243 1466 1293 τῶν
1496 1235 1661 1294 ὄντων
1707 1238 1888 1317 φύσεις
1939 1237 2176 1319 φιλαλή-

524 1327 626 1388 θως
680 1326 816 1400 ἡμῖν
879 1327 1295 1407 σαφηνίσαντας,
1329 1328 1416 1384 καὶ
1446 1329 1539 1383 τὸν
1567 1328 1767 1384 τούτων
1811 1329 2032 1395 κτίστην
2062 1336 2173 1385 πᾶ-

524 1435 575 1470 σι
607 1416 988 1496 γνωρίσαντας,
1045 1418 1118 1480 ὡς
1169 1417 1338 1494 θέμις,
1395 1419 1728 1498 εὐχαρίστως
1763 1431 1970 1500 φωναῖς
2016 1419 2173 1495 ἄμει-

525 1503 772 1579 ψώμεθα.

606 1596 677 1651 Τὸ
757 1607 1037 1673 πικρατνον
1123 1597 1211 1652 καὶ
1278 1597 1469 1677 στόφον
1545 1604 1651 1653 τῶν
1723 1600 1852 1669 πρὸς
1911 1600 2176 1676 σωτηρίαν

524 1685 816 1763 φαρμάκων
867 1683 1162 1763 ἒγλύκαναν
1217 1700 1341 1749 ταῖς
1416 1688 1614 1762 σοφαῖς
1666 1689 1774 1746 τῶν
1844 1687 2022 1767 λόγων
2082 1689 2174 1745 ἐπα

523 1771 687 1845 ῳδαϊς
731 1794 787 1829 τε
845 1776 933 1830 καὶ
975 1775 1191 1853 τέχναις
1224 1778 1310 1832 καὶ
1356 1775 1539 1854 χάρισι
1582 1782 1689 1832 τῶν
1733 1782 1925 1856 ψνχῶν
1956 1780 2005 1835 οἱ
2034 1779 2174 1835 θεῖοι

520 1864 868 1940 θεραπευταί·
903 1861 1173 1940 θέλγεσθε,
1208 1865 1403 1927 πάντες
1431 1861 1691 1942 εὐσεϐεῖς,
1741 1868 1828 1921 καὶ
1859 1869 2174 1946 τερπόμενοι

521 1951 770 2021 σώζεσθε.

604 2046 796 2112 Σιωπᾷ
826 2039 982 2118 λόγος
1015 2039 1185 2122 ἅπας,
1218 2049 1323 2100 τῶν
1365 2045 1706 2122 θεοκηρύκων
1747 2044 2050 2103 λαλούντων
2109 2048 2173 2104 τὰ

521 2127 694 2209 ἔνθεα,
743 2132 832 2187 καὶ
889 2144 1079 2209 κρατεῐ
1121 2137 1217 2199 τῆς
1271 2132 1436 2190 πάλαι
1504 2135 1774 2205 Διαθήκης
1825 2139 1861 2203 ἡ
1897 2135 2003 2194 Νέα
2035 2160 2169 2215 προ-

517 2215 784 2279 ϐάλλουσα
835 2221 901 2276 τὰ
945 2222 1112 2278 σεπτὰ
1157 2221 1310 2288 πυξία
1339 2229 1446 2280 τῶν
1477 2223 1530 2279 ἐν
1562 2225 1694 2302 αὐτῇ
1726 2226 2167 2307 νομοθετούντων,

517 2307 604 2371 οἷς
638 2309 932 2388 ῥυθμίζεται
966 2317 1070 2377 πᾶς
1094 2313 1299 2369 πιστῶν
1327 2312 1612 2393 σύλλογος.
1863 2317 2165 2378 Θεοτόκιον.

604 2489 710 2556 Τὴν
741 2489 998 2546 ἀθάνατον
1031 2491 1181 2570 φύσιν
1244 2494 1274 2560 ἡ
1313 2493 1483 2561 θνητὴ
1529 2491 1860 2573 παρέδραμεν
1888 2497 1961 2560 εἶς
2014 2497 2167 2573 ἁγιό-

518 2597 682 2653 τητα,
741 2578 831 2634 καὶ
884 2579 1145 2658 Παρθένος
1204 2581 1340 2661 κόρη
1391 2582 1512 2646 τοὺς
1586 2582 1847 2660 ἀσάρκους
1910 2584 2168 2662 ἀγγέλους

519 2667 850 2747 παρήλασεν,
899 2669 970 2730 ὡς
1022 2672 1152 2727 Θεὸν
1211 2678 1436 2729 τεκοῦσα
1480 2673 1574 2728 τὸν
1617 2671 1836 2748 βασιλέα
1868 2680 1973 2730 τῶν
2000 2674 2168 2752 ἀγγέ-

517 2755 649 2837 λων,
681 2765 725 2834 ᾦ
756 2757 1107 2837 προσϐλέπειν
1141 2760 1360 2826 ἐκείνοις
1387 2763 1668 2826 ἁσύνατον,
1838 2761 2164 2823 Καταϐασία.

597 2846 693 2913 Ὠς
751 2846 896 2905 εἶδεν
948 2849 1177 2916 Ἠσαίας
1223 2847 1562 2928 συμϐολικῶς
1623 2852 1676 2908 ἐν
1725 2853 1892 2931 θρόνῳ
1921 2852 2166 2932 ἐπηρμέ-

521 2960 595 3012 νῳ
621 2939 751 3024 Θεὸν
779 2939 879 2995 ὑπὸ
911 2938 1159 3018 ἀγγέλων
1218 2938 1372 3007 δόξης
1423 2939 1893 3024 δορυφορούμενον,
1930 2941 2014 2998 ’νΩ
2066 2943 2166 2999 τάν

517 3024 637 3103 λας,
672 3023 819 3101 ἐϐόα,
854 3027 992 3106 ἐγώί
1052 3031 1154 3109 πρὸ
1198 3031 1298 3108 γὰρ
1350 3028 1494 3087 εἶδον
1541 3023 1957 3110 σωματούμενον
2013 3034 2169 3112 Θεὸν,

520 3117 692 3197 φωτός
724 3117 1015 3198 ἆνεσπέρου
1045 3121 1131 3176 καὶ
1161 3120 1374 3200 εἰρήνης
1400 3118 1745 3194 δεσπόζοντα.

1022 3305 1162 3378 ῼΔΗ
1210 3299 1312 3373 ς’,
1362 3298 1421 3357 Ὀ
1467 3300 1667 3381 είρμός,

2349 1054 2486 1144 ί83.
2519 1058 2708 1142 Alius,
2741 1064 2896 1126 sicut
2920 1062 3076 1124 ’[νατί
3105 1091 3172 1144 με
3200 1071 3402 1130 ἁπῶσω

2341 1142 2682 1211 Divinarum
2714 1142 3232 1239 humanarumque
3255 1178 3458 1224 rerum
3489 1167 3740 1230 scientia
3788 1168 3908 1231 im-

2261 1230 2460 1316 butos,
2487 1240 2583 1317 qui
2642 1242 2840 1304 studio
2873 1230 3150 1308 veritatis
3192 1259 3437 1314 naturas
3485 1273 3686 1316 rerum
3739 1230 3912 1321 nobis

2261 1324 2611 1404 enodarunt,
2650 1333 2996 1427 cunctisque
3028 1338 3424 1402 ostenderunt
3453 1342 3690 1406 illarum
3741 1349 3913 1427 opiﬁ-

2260 1429 2913 1513 cemiremuneremur
2943 1423 3029 1504 (ut
3058 1445 3292 1508 aequum
3324 1432 3436 1513 est)
3468 1423 3797 1512 gratiarum
3818 1456 3912 1506 ac-

2262 1502 2546 1569 tionibus.

2340 1592 2676 1659 Salubrium
2751 1601 3207 1681 pharmacorum
3275 1610 3608 1674 amaritiem
3674 1614 3907 1679 dulcem

2259 1683 2653 1780 reddiderunt
2681 1689 2872 1780 doctis
2902 1711 3244 1758 sermonum
3287 1698 3607 1780 illecebris,
3640 1705 3908 1767 artibus-

2259 1791 2375 1852 que
2406 1783 2468 1836 et
2499 1775 2800 1856 leporibus
2832 1783 3016 1846 divini
3052 1786 3272 1849 medici
3311 1775 3675 1855 animarum.
3716 1796 3911 1858 Laeta-

2260 1863 2429 1964 mini,
2466 1865 2801 2015 omnes,
2854 1881 2910 1934 ct
2939 1893 3074 1936 cum
3121 1876 3501 1957 jucunditate
3531 1883 3603 1944 ad
3656 1885 3909 1949 salutem

2260 1971 2462 2015 incum
2514 1964 2618 2015 ite.

2260 1964 2618 2017 incumbite.

2339 2045 2719 2109 Praeconibus
2744 2049 2962 2114 divinis
3003 2054 3201 2117 divina
3231 2059 3644 2137 tractantibus,
3711 2064 3907 2127 omnis

2256 2150 2454 2194 sermo
2489 2142 2644 2198 tacet
2678 2158 2694 2214 ;
2728 2146 2786 2199 et
2812 2138 2951 2202 Test
2967 2153 3202 2206 amento
3234 2144 3469 2221 {Vetere
3499 2158 3736 2230 praestat
3785 2155 3913 2215 Νο-

2256 2240 2414 2324 vum,
2445 2242 2786 2324 proponens
2807 2233 3101 2310 pretiosas
3130 2233 3360 2298 tabulas
3381 2255 3630 2302 suarum
3673 2241 3903 2324 legum,

2255 2311 2472 2391 quibus
2505 2322 2624 2376 tota
2653 2316 2922 2384 ﬁdelium
2969 2322 3306 2403 respublica
3353 2327 3582 2407 regitur
3630 2347 3698 2391 ac
3736 2311 3907 2393 vtem-'-

2257 2412 2519 2480 peratur.
3635 2418 3900 2485 Mariale.

2335 2490 2613 2554 Naturam
2643 2493 3043 2561 immortalem
3067 2502 3334 2564 mortalis
3363 2510 3750 2583 precucurrit
3774 2528 3907 2572 san-

2255 2579 2480 2662 ctitate,
2515 2590 2576 2679 et
2612 2584 2807 2663 puella
2837 2585 3015 2679 Virgo
3070 2579 3377 2670 superavit
3418 2595 3620 2658 carnis
3677 2616 3902 2679 exper-

2255 2677 2343 2730 tes
2401 2672 2667 2753 angelos,
2715 2677 2968 2764 quando
3021 2681 3228 2755 genuit
3288 2699 3492 2761 regem
3552 2672 3905 2764 angelorum

2253 2759 2464 2852 Deum,
2481 2851 2487 2852 γ
2506 2781 2682 2842 quem
2706 2763 2793 2825 illi
2819 2766 3053 2830 obtueri
3083 2770 3241 2832 haud
3269 2759 3540 2852 possunt.
3574 2759 3910 2845 catabasia.

2339 2851 2414 2945 Ut
2441 2851 2583 2914 vidit
2605 2852 2788 2945 Isaias
2811 2856 3141 2936 symbolice
3157 2859 3220 2921 in
3251 2851 3489 2924 excelso
3513 2864 3663 2926 solio
3685 2866 3904 2945 Deum,

2254 2939 2442 3036 gloria
2472 2942 2831 3036 angelorum,
2881 2958 3162 3029 tanquam
3230 2950 3508 3014 satellitio
3570 2939 3900 3036 stipatumi

2254 3031 2436 3093 Miser
2488 3033 2638 3112 ego!
2702 3035 3113 3104 exclamabat:
3158 3058 3356 3102 coram
3411 3043 3569 3104 enim
3596 3031 3713 3108 vidi
3769 3065 3909 3109 cor-

2256 3139 2401 3212 pore
2431 3121 2706 3212 indutum
2738 3125 2952 3202 Deum,
2986 3126 3103 3191 luci
3134 3145 3451 3212 vesperum
3485 3150 3607 3195 non
3669 3133 3908 3199 habenti

2255 3211 2509 3293 pacique
2546 3211 2955 3278 dominantem
2994 3217 3108 3299 (a).

2717 3305 2858 3366 184.
2893 3303 3044 3370 ODE
3073 3308 3135 3374 6.
3165 3307 3432 3373 Hirmus.

600 3385 692 3444 Ἐν
748 3384 961 3462 ἆϐόσσῳ
1012 3390 1364 3466 πταισμάτων
1433 3390 1791 3468 κυκλούμενος
1835 3393 1933 3460 τὴν
1992 3386 2197 3459 ἀνεξι-⁴

2339 3391 2463 3469 Ego
2494 3394 2592 3474 qui
2618 3393 2934 3475 in‘ahysso
2965 3406 3345 3476 peccatorum
3379 3400 3635 3479 volutor,
3699 3405 3906 3467 inves-

521 3475 778 3556 χνίαστον
808 3480 905 3546 τῆς
938 3477 1338 3561 εὐσπλαγχνίας
1382 3504 1474 3539 σου
1517 3480 1868 3559 ἐπικαλοῦμαι
1900 3481 2124 3540 ἄϐυσσον
2151 3503 2164 3516 ’

524 3565 584 3622 ἐκ
614 3570 831 3646 φθορᾶς,
864 3569 892 3624 ό
924 3569 1076 3643 Θεὸς,
1113 3570 1182 3645 μὲ
1214 3569 1472 3650 ἀνάγαγε.

606 3658 882 3736 Σωτηρίας
931 3657 1121 3735 λιμένα
1180 3660 1458 3738 γινώσκων
1518 3683 1603 3738 σε,
1649 3659 1829 3719 πλέων
1867 3661 2169 3743 πολυφρόν-

521 3744 659 3810 τιδος
705 3747 823 3823 βίου
849 3749 911 3804 τὸ
941 3749 1177 3829 πέλαγος
1224 3749 1605 3833 ἐπικαλοῦμαι,
1655 3752 2169 3834 Δέσποιναλκυϐερ-

521 3836 689 3906 νήτην
722 3840 910 3917 ψυχῆς
940 3861 1043 3914 μου
1069 3840 1311 3920 γενέσθαι
1345 3862 1423 3901 σε.

603 3925 769 4005 Ἰερᾶς
829 3927 1098 3994 πολιτείας
1142 3929 1467 3988 ἐκπέπτωκα
1517 3931 1761 4009 ῥᾳθυμῶν
1817 3934 1844 3989 ὁ
1887 3931 2115 3998 δείλαιος
2149 3949 2163 3963 ⁸

521 4013 643 4073 ἀλλ’
674 4016 1001 4097 ἐπανάγαγε,
1033 4018 1374 4098 εὐλογημένη
1405 4022 1666 4102 πάναγνε,
1713 4027 2047 4104 προπαγαῖς
2076 4031 2169 4081 τοῦ

519 4105 642 4162 Υἱοῦ
670 4128 764 4165 σου
793 4105 1127 4185 ρυθμίζουσα.

599 4282 847 4351 ³Ἀλλος.
895 4287 1178 4355 ’Ἅϐυσσος
1211 4289 1639 4368 ἁμαρτημάτων.

617 4454 765 4513 ο-ιδια
833 4458 890 4516 ἐν
943 4465 1013 4536 τῇ
1067 4458 1250 4538 Τριάδι
1310 4462 1492 4538 τριττὰ
1560 4460 1957 4541 συνθεολογεττε
1991 4479 2007 4495 ⁶
2069 4465 2170 4532 ττὶν

519 4548 838 4626 ἆγεννησίαν
883 4554 976 4607 τοῦ
1007 4551 1229 4629 πατρὸς,
1264 4550 1355 4608 τοῦ
1396 4553 1572 4631 Λόγου
1620 4551 1721 4621 τὴν
1760 4551 2033 4632 γέννησιν,
2082 4556 2169 4610 καὶ

519 4638 822 4715 Πνεόματος
854 4639 951 4707 τὴν
982 4638 1290 4720 ἐκπόρευσιν
1316 4641 1500 4718 μόνου.

623 4818 884 4897 Μήμερον
917 4819 995 4894 τῷ
1044 4817 1183 4894 ὀῖκῳ
1227 4821 1402 4896 τούτῳ
1431 4822 1722 4902 περιφανὴς
1754 4823 1992 4901 σωτηρία
2015 4838 2030 4854 ⁸
2079 4821 2171 4881 δύο

521 4908 624 4990 γὰρ
668 4909 760 4966 καὶ
791 4920 938 4987 τρεῖς
966 4909 1326 4990 συνηγμένους
1369 4913 1592 4991 Χριστὸς
1623 4911 1698 4978 είς
1727 4912 1788 4968 τὸ
1813 4912 1982 4989 ὄνομα
2014 4913 2174 4971 αὐτοῦ

521 4999 725 5075 τιμῶν,
774 4997 944 5072 μέσος
964 4999 1183 5078 πάρεστι
1212 5001 1436 5062 τούτων.

623 5199 864 5261 >πειρον
893 5187 993 5251 τῆς
1026 5187 1127 5262 γῆς
1158 5184 1221 5241 τὸ
1277 5182 1437 5261 βάθος
1483 5185 1615 5263 πρὸς
1645 5186 1708 5242 τὸ
1741 5184 1980 5266 οὗράνιον
2011 5186 2169 5264 ὕψος,

523 5267 644 5328 ἀλλ’
677 5271 784 5329 ἀπὸ
804 5276 905 5340 τῆς
953 5272 1054 5351 γῆς
1086 5275 1206 5338 τοὺς
1250 5273 1427 5354 ἁγίους
1459 5272 1638 5354 ἐξῆρεν
1670 5273 1913 5332 ἐπέκεινα
1941 5282 2047 5332 τῶν
2081 5277 2171 5335 οὖν

524 5363 697 5440 ρανιῦν
725 5363 754 5418 ὁ
785 5363 1022 5443 οὐράνιος
1055 5362 1210 5442 ἔρως.
1868 5367 2168 5430 Θεοτόκιον,

625 5451 776 5516 Ζέὰν
837 5473 894 5509 σε
946 5454 1155 5535 πηγὴν,
1217 5453 1468 5535 Παρθένε,
1514 5455 1604 5512 καὶ
1658 5454 1901 5536 ἀφορμὴν
1962 5477 2172 5531 μυστη-

622 5666 710 5747 (σ)
739 5668 856 5734 lsa.
890 5667 975 5748 vi,
1016 5669 1066 5729 1.

2256 3479 2563 3573 tigabilem
2591 3482 3029 3573 misericordis
3060 3494 3177 3551 tum
3203 3489 3454 3572 imploro
3491 3491 3791 3573 abyssum.
3823 3493 3906 3557 Ex

2257 3568 2504 3633 interitu
2535 3571 2687 3636 educ
2718 3591 2814 3635 me
2847 3576 3026 3637 Deus.

2335 3659 2555 3723 Salutis
2589 3669 2822 3742 portum
2853 3680 3134 3742 agnosco,
3171 3673 3253 3749 te,
3306 3667 3581 3745 Domina,
3620 3679 3679 3733 et
3739 3672 3906 3733 navi-

2256 3767 2400 3841 gans
2432 3750 2703 3841 sollicitae
2731 3750 2869 3814 vitae
2902 3754 3171 3834 pelagus,
3219 3757 3490 3840 obsecro,
3521 3768 3586 3822 ut
3613 3761 3908 3841 guberna-

2256 3838 2366 3900 trix
2402 3840 2618 3903 animaa
2648 3841 2731 3903 sis
2763 3860 2938 3903 mea.

2335 3930 2644 4023 Sanctiore
2670 3939 2828 4023 statu
2866 3933 3083 4023 excidi,
3146 3936 3288 4014 quia
3347 3938 3530 4002 miser
3587 3940 3903 4023 torpebam

2253 4020 2398 4082 otio.
2447 4019 2566 4111 Sed
2599 4040 2696 4083 me
2725 4022 2932 4097 reduc,
2967 4022 3286 4089 benedicta
3318 4035 3379 4088 et
3397 4029 3584 4106 [omni
3615 4019 3703 4092 ex.
3734 4041 3904 4111 parte

2255 4109 2590 4261 castiissima
2649 4129 2863 4193 meque
2924 4112 3011 4176 tui
3070 4114 3202 4178 Filii
3282 4117 3578 4181 mandatis
3632 4109 3840 4183 acc—om
3877 4150 3908 4171 ο

2256 4217 2353 4261 mo
2399 4219 2454 4261 a.

2256 4217 2454 4264 moaa.

2336 4291 2474 4354 184.
2515 4289 2706 4368 Alius,
2741 4291 2893 4355 sicut
2923 4292 3200 4361 ’Ἀϐυσσες
3231 4299 3658 4378 αμαρτημάτων.

2349 4459 2687 4552 eriplicem
2720 4470 3142 4544 proprietatem
3173 4465 3234 4528 in
3264 4466 3483 4532 Triade
3529 4470 3840 4552 explicatis
3881 4495 3894 4532 :

2254 4550 2474 4642 quippe
2506 4551 2834 4632 theologica
2867 4557 3372 4620 commentatione
3400 4550 3694 4625 disseritis
3749 4582 3903 4642 quo-

2253 4641 2432 4729 modo
2466 4659 2588 4720 npn
2621 4648 2685 4702 ut
2726 4643 2960 4720 genitus
3019 4644 3212 4721 Pater,
3276 4649 3575 4728 quomodo
3637 4641 3902 4729 genitum

2192 4728 2542 4811 DVerbum,
2576 4738 2633 4793 et
2665 4729 2930 4812 Spiritus
2959 4736 3257 4815 quomodo
3290 4737 3453 4798 solus
3485 4728 3788 4819 procedat.

2353 4830 2630 4902 wepente
2662 4821 2800 4883 huic
2827 4822 3034 4885 domui
3071 4825 3304 4886 refulsit
3341 4826 3519 4889 hodie
3547 4828 3709 4890 salus
3766 4848 3898 4892 ma-

2256 4911 2470 4975 nifesta
2504 4929 2518 4974 :
2552 4929 2689 4973 nam
2738 4909 3031 4989 Christus,
3074 4913 3378 4977 honorans
3417 4915 3569 4978 duos
3627 4919 3716 4980 vel
3778 4927 3900 4982 tres

2257 5007 2645 5081 congregatos
2676 5000 2739 5064 in
2785 5003 3029 5065 nomine
3083 5021 3215 5083 suo,
3277 5013 3370 5067 est
3427 5004 3490 5066 in
3545 5006 3744 5072 medio
3802 5028 3903 5072 eo-

2257 5109 2390 5154 rum
2422 5098 2439 5159 (
2453 5090 2514 5168 b)

2355 5182 2494 5243 sitsi
2527 5180 2895 5262 profunditas
2927 5189 3107 5246 terrae
3143 5183 3441 5248 immenso
3471 5184 3780 5252 intervallo
3796 5206 3899 5251 re-

2257 5279 2417 5333 mota
2447 5278 2538 5332 est
2566 5289 2599 5333 a
2630 5271 2765 5334 cmli
2803 5272 3139 5347 altitudine,
3173 5283 3412 5338 sanctos
3473 5285 3672 5340 tamen
3735 5278 3898 5340 ultra

2255 5360 2440 5424 caalos
2468 5360 2728 5424 caelestis
2757 5379 2926 5425 amor
2953 5363 3184 5426 extulit.
3633 5368 3897 5432 Mariale.

2351 5460 2594 5514 mancta
2612 5451 2818 5532 Virgo,
2853 5471 2988 5515 cum
3017 5461 3073 5517 te
3105 5452 3400 5519 haberent
3430 5474 3642 5518 novum
3675 5457 3899 5519 fontem

2351 5673 2434 5754 (ὸ)
2469 5667 2667 5733 Matth.
2695 5683 2858 5746 xvm,
2892 5667 2994 5730 20.
