4176 6448
225 373 466 424 CCCLX]!

1625 353 2036 417 PBOLEGOM
2047 355 2198 418 ENA
2208 402 2223 417 .

241 494 600 584 relinquere,
637 495 805 571 cujus
835 500 952 554 tam
976 493 1205 569 insigne
1230 490 1572 631 martfqrinm
1598 486 1936 580 inveniebat
1959 487 2018 578 in
2047 489 2326 566 praedicta
2350 487 2628 580 Historia
2674 487 2970 552 miscella.
2995 487 3197 628 Atque
3209 484 3341 577 haec
3389 479 3465 542 de
3495 479 3615 541 hu-

244 575 334 631 ius
362 573 480 631 diei
497 572 739 631 sanctis.
764 578 1221 631 commemorari
1244 590 1358 631 anu
1416 570 1650 631 Grazcos
1671 570 1882 631 SOllllS.
1910 567 2103 628 obiter
2126 571 2390 631 attigisse
2413 571 2554 631 satis
2580 577 2660 631 Sll
2687 591 2700 631 :
2725 571 2838 631 hoc
2867 577 3063 631 tamen
3129 584 3161 627 e
3184 584 3255 626 us
3271 561 3615 626 addendum

235 575 334 654 jus
362 572 480 633 diei
497 572 740 654 sanctis,
764 578 1221 654 commemorari
1244 590 1358 654 ap_u

1416 570 1650 634 Grazcos
1671 569 1882 649 solitis,
1910 561 2103 628 obiter
2126 571 2390 649 attigisse
2413 571 2554 632 satis
2580 570 2660 631 sit
2687 591 2700 633 :
2725 571 2838 632 hoc
2867 577 3063 631 tamen
3086 561 3161 628 de
3184 566 3255 649 iis
3271 561 3615 649 addendum

243 641 450 733 restat,
475 641 781 734 quodbaic
798 671 932 732 pars
951 652 1246 732 Matutini,
1271 641 1429 734 idem
1458 659 1743 734 praestans
1766 641 2008 727 Graecis,
2034 651 2190 728 quod
2215 641 2441 715 Eatiuis
2464 659 2698 731 praestat
2739 651 2921 734 lectio
2942 644 3346 734 Martyrologii
3369 642 3441 704 ad
3482 641 3614 734 Pri-

243 729 571 808 mam,'hoc
601 732 674 792 ab
697 752 766 794 eo
792 729 1046 814 differat,
1082 729 1242 813 quod
1275 729 1624 813 plerumque
1651 731 1729 791 sit
1753 740 2358 814 commemoratorum
2391 729 2746 814 sanctorum
2764 730 3035 814 longiora
3062 729 3280 814 elogia,
3314 742 3422 785 seu
3481 729 3619 814 vitae

245 803 635 891 actoremque
665 803 1298 894 compendia'le'genda
1334 803 1649 894 proponat.
1689 820 2005 894 prmeunte-
2027 809 2108 894 ad
2149 811 2378 891 singula
2406 803 2896 894 quale_diximu_s
2937 803 3239 883 disticho;
3283 803 3626 894 consentiat

246 902 444 956 autem
476 884 608 956 cum
642 884 878 968 eodem,
915 896 1070 975 quod
1103 884 1428 974 sicutapud
1449 884 1704 976 Latinos
1732 891 2217 976 Martyrologium
2244 884 2562 954 'concl'udit
2595 891 2805 976 lector,
2833 891 3066 976 dicens,
3103 914 3127 945 α
3160 897 3227 976 et
3246 884 3624 976 alibipluri-

252 992 482 1056 morum
514 967 873 1056 sanctorum
894 967 1219 1056 martyrum
1254 967 1755 1056 et'conl‘essorum
1790 967 1967 1050 atque
1997 967 2293 1056 virginum
2321 972 2795 1056 atrespondetur
2824 990 2859 1033 a
2891 967 3101 1056 choro,
3138 967 3277 1056 Deo
3292 967 3511 1056 gratias
3544 983 3557 1026 :
3592 987 3619 1020 ι

250 1055 336 1116 sic
352 1045 1264 1144 etCraaci,absolutasanctorum
1297 1045 2544 1144 commemorationepraedictaﬁlausulam
2558 1053 2869 1144 adhibent,
2900 1049 3219 1144 quovisdie
3259 1045 3625 1144 iterandam,

250 1147 381 1201 Ταῖς
415 1137 582 1192 αὐτῶν
614 1137 788 1213 ἁγίαις
822 1137 1148 1215 πρεσὸειαις.
1183 1141 1209 1193 ὸ
1255 1139 1406 1208 Θεὸς,
1444 1135 1666 1201 ἐλέησον
1700 1135 1784 1189 καὶ
1809 1140 1914 1204 ζῶσ

2023 1125 2245 1206 huic}
2281 1134 2507 1197 Horum
2530 1135 2751 1195 sanctis
2785 1125 3401 1215 precibusmiserere
3431 1125 3630 1205 nobis,

251 1214 431 1294 Deus,
464 1223 523 1278 et
548 1211 706 1277 salva
736 1211 874 1280 nos.
908 1241 931 1273 »
969 1220 1052 1278 Ex
1085 1216 1222 1278 hinc
1255 1215 1580 1295 resumitur
1610 1213 2026 1295 cantusqtrium
2066 1232 2362 1276 canonum
2396 1215 2608 1276 eodem
2642 1234 2758 1295 quo
2786 1211 2968 1295 supra
2992 1211 3228 1278 ordine.
3279 1213 3381 1295 Est
3429 1215 3628 1295 autem

249 1296 312 1356 in
345 1288 685 1382 biijusmodi
718 1297 1323 1382 poematisperquam
1357 1294 1663 1382 usitatum,
1693 1305 1754 1382 u_t
1772 1293 2128 1382 ultimarum
2152 1296 2330 1382 trium
2365 1296 2616 1382 odarum
2658 1288 2920 1382 stropha;
2951 1313 3062 1382 seu
3087 1290 3362 1382 troparia
3399 1288 3632 1382 singula

250 1374 464 1439 eodem
496 1375 621 1438 fere
651 1374 827 1439 modo
861 1374 1282 1451 terminentur;
1318 1386 1380 1439 ut
1410 1375 1467 1436 in
1499 1375 1614 1436 ode
1645 1374 1886 1454 quidem

2023 1375 2205 1453 ptima
2234 1377 2502 1438 clausula
2528 1376 2603 1436 sit
2637 1395 2650 1438 :
2687 1374 3013 1455 Ἐυλογητὸς
3045 1377 3072 1430 ὁ
3134 1376 3263 1436 Θεὸς
3296 1378 3401 1455 τῷν
3460 1374 3632 1455 πατέ-

253 1480 357 1537 ρων
395 1456 568 1532 ἡμῶν.
605 1477 631 1516 ›
669 1455 1030 1519 Benedictus
1062 1457 1222 1519 Deus
1246 1448 1483 1537 patrum
1520 1448 1893 1537 nostrorum;

2023 1448 2053 1514 it
2100 1464 2327 1520 octava.
2395 1458 2681 1533 Εὐλογεττε
2713 1459 2799 1513 καὶ
2825 1448 3148 1537 ὑπεροψούτε
3180 1455 3253 1519 εἷς
3286 1453 3484 1537 πάντας
3515 1448 3634 1511 τοὺς

251 1531 445 1601 etiam
485 1538 891 1619 «,‘Benedicite
919 1547 988 1619 et
1006 1531 1447 1619 supereialtate
1487 1537 1548 1596 in
1584 1535 1846 1619 saecula;
1886 1555 1913 1592 δ

2059 1554 2217 1619 nona
2241 1539 2503 1619 denique
2532 1531 2947 1615 frequentetur
2974 1531 3223 1619 verbum
3280 1531 3632 1619 Μεγαλὺγειν,

254 1637 281 1676 ‹
319 1617 746 1706 magnificare_:
789 1643 809 1674 ι
849 1627 908 1706 ut
942 1609 1255 1706 videantur
1283 1618 1556 1706 quaedam
1595 1617 1761 1697 quasi
1793 1609 2110 1706 dispositio
2141 1617 2214 1679 ad
2245 1609 2477 1696 laudes,
2513 1609 2813 1700 quae—sunt
2844 1627 3113 1680 extrema
3142 1612 3411 1679 Matutini
3457 1609 3639 1672 ofﬁcii

256 1714 392 1777 pars
421 1715 488 1758 ac
519 1715 656 1759 vere
677 1698 990 1775 Matutina,
1027 1700 1109 1760 uti
1141 1699 1372 1761 dicetur
1393 1698 1589 1777 capite
1625 1698 1934 1775 sequenti.

815 1786 963 1851 ODE
994 1788 1028 1848 7
1081 1789 1345 1852 Hirmus.
1923 1795 1957 1841 Α

337 1866 473 1931 192.
522 1866 665 1930 Cum
719 1868 1071 1930 adoraretur
1117 1877 1307 1931 statua
1347 1886 1534 1933 aurea
1581 1870 1644 1932 in
1693 1887 1901 1948 campo

2527 1799 2668 1849 ΩΔΗ
2698 1791 2776 1863 ζ’.
2805 1790 2866 1850 Ὀ
2900 1790 3100 1866 ιὶρμός.

2072 1884 2284 1950 Εἱκόνος
2315 1892 2523 1964 γρυσῆς
2569 1887 2623 1944 ἐν
2684 1884 2847 1959 πεδίῳ
2892 1888 3066 1963 Διῃρᾶ
3115 1877 3527 1958 λατρευομένῆς,
3595 1885 3646 1941 οἱ

254 1959 434 2048 Dura,
469 1967 593 2021 tres
643 1958 812 2048 pueri
863 1959 948 2048 tui
1005 1959 1428 2048 proculcaruut
1481 1959 1901 2040 impiissimum

2023 1985 2133 2048 ρετς
2205 1995 2299 2034 σου
2319 1958 2332 1964 ν
2356 1958 2544 2041 παῖδες
2603 1958 3014 2043 mund-tumv-
3048 1972 3347 2029 ἆθεωτάτου
3406 1966 3640 2042 προστά-

255 2044 596 2109 mandatum
627 2066 641 2106 :
678 2047 938 2126 conjecti
968 2055 1163 2110 autem
1211 2047 1274 2109 in
1311 2048 1576 2110 medium
1636 2054 1898 2124 igneum,

2023 2044 2214 2136 ματος
2273 2065 2436 2140 μέσον
2513 2066 2567 2122 δὲ
2625 2068 2786 2145 πυρὸς
2856 2063 3232 2140 έμόληθέντες,
3283 2058 3643 2132 δροσιζόμενοι

257 2137 425 2236 quasi
480 2153 618 2197 rore
677 2135 898 2216 perfusi
951 2136 1330 2218 psallebant:
1405 2136 1763 2200 Benedictus
1815 2153 1900 2214 es,

2023 2135 2612 2236 [anow‘Eblo‘mto’g
2661 2135 2739 2231 ei,
2825 2158 2854 2213 6
2885 2135 3066 2233 ‘GSDC,
3120 2155 3148 2208 6
3212 2155 3321 2207 τῶν
3402 2147 3642 2226 πατέρων

255 2227 416 2289 Deus
448 2233 680 2305 patrum
713 2233 1074 2289 nostrorum.

341 2315 404 2375 ln
436 2330 676 2377 crucem
737 2313 978 2376 suﬂixus
1025 2315 1128 2396 qui
1187 2333 1254 2377 ex
1316 2323 1397 2396 te,
1457 2315 1560 2379 Dei
1615 2314 1906 2394 Genitrix,

259 2421 474 2484 corpus
534 2403 885 2484 assumpsit.
947 2404 1160 2467 Adami
1221 2404 1545 2486 discerpsit
1603 2406 1904 2483 chirogra-

261 2495 465 2576 phum.
499 2491 670 2555 lllum
704 2513 860 2557 nunc
895 2514 1167 2576 precare,
1221 2496 1417 2558 omnis
1462 2497 1610 2557 πιαινὶ
1670 2513 1906 2576 expers,

259 2591 323 2644 ut
353 2603 383 2643 a
416 2582 645 2644 cunctis
676 2583 957 2664 periculis
994 2585 1211 2649 liberet
1261 2585 1468 2647 ﬁdeles
1529 2585 1856 2648 clamantes
1893 2606 1906 2648 :

256 2672 613 2736 Benedictus
643 2690 731 2754 es,
765 2672 921 2736 Deus
952 2683 1184 2756 patrum
1219 2684 1584 2740 nostrorum.

339 2760 487 2844 Spes
517 2763 673 2826 bona
704 2767 1185 2846 exspectatioque
1214 2765 1479 2828 ﬁdelium
1511 2784 1599 2845 es,
1625 2784 1658 2825 o
1700 2763 1908 2827 Domi-

259 2870 356 2932 na,
398 2860 454 2912 et
469 2851 590 2930 jam
619 2851 1019 2933 deprecamur
1048 2863 1130 2932 te,
1169 2865 1231 2916 ut
1266 2855 1535 2917 eﬂundas
1583 2854 1908 2916 commise-

256 2940 501 3003 rationis
533 2940 776 3020 pelagus
814 2961 998 3022 super
1023 2961 1260 3017 omnes,
1296 2945 1358 3004 in
1397 2951 1456 3004 te
1515 2943 1909 3015 confidentes,

260 3039 318 3092 et
360 3030 432 3091 ad
490 3030 699 3092 Filium
761 3037 926 3092 tuum
987 3036 1354 3096 clamantes:
1413 3033 1766 3094 Benedictus
1823 3048 1909 3105 es,

261 3121 420 3182 Deus
445 3125 673 3198 patrum
701 3129 1062 3184 nostrorum.

341 3206 685 3288 Speciosam
719 3209 1050 3273 salubrium
1083 3211 1496 3273 mandatorum
1519 3218 1772 3290 vestem,
1800 3227 1916 3290 qua

261 3304 513 3359 amictus
533 3295 616 3357 fui
647 3295 710 3357 in
740 3296 1119 3379 baptismate,
1159 3300 1394 3382 perdidi
1427 3319 1548 3382 pra;
1577 3299 1833 3371 incuria,
1881 3318 1914 3360 ο

263 3385 487 3447 miser!
527 3386 699 3450 Nunc
729 3387 805 3448 ad
837 3396 917 3466 te,
953 3391 1159 3470 Virgo,
1196 3390 1496 3472 confugio,
1533 3400 1592 3453 et
1624 3397 1754 3471 peto
1820 3399 1915 3451 tu-

264 3475 400 3538 nica
425 3477 839 3555 temperantiae
857 3497 965 3558 per
991 3488 1045 3543 te
1073 3481 1291 3543 iterum
1314 3480 1508 3542 indui.

345 3654 486 3720 193.
517 3655 710 3737 Alius,
752 3657 906 3720 sicut
937 3659 1206 3721 Ἀντίθεον
1250 3662 1589 3740 πρόσταγμα,

341 3765 404 3805 ω
425 3751 731 3824 uperatur,
767 3765 800 3807 ο
825 3746 1003 3823 beati,
1039 3758 1096 3810 et
1127 3749 1272 3829 fugit
1303 3768 1436 3831 quae
1479 3758 1606 3811 erat
1654 3758 1789 3810 ante
1819 3753 1913 3810 in-

267 3831 589 3898 tolerabilis
619 3835 865 3898 audacia
894 3838 1214 3902 haeresum.
1248 3841 1322 3902 Et
1351 3857 1493 3900 cera
1514 3838 1856 3920 liquescens
1880 3855 1914 3898 a

264 3924 414 3987 [acie
435 3923 588 4000 ignis
637 3927 969 3989 ostenditur
1013 3947 1144 3990 esse
1195 3929 1449 4008 quodvis
1506 3928 1914 3991 adulterinum

264 4015 497 4094 dogma,
532 4015 688 4095 quod
721 4018 1042 4096 opponitur
1064 4019 1281 4080 vestris
1299 4017 1518 4093 verbis,
1553 4024 1752 4096 ignem
1784 4016 1914 4095 spi-

268 4105 558 4167 tantibus.

366 4193 692 4256 obsoletas
752 4211 939 4274 nugas
995 4195 1306 4272 gentilium
1372 4197 1748 4258 declinarunt
1794 4205 1914 4258 tres

268 4281 409 4355 illis;
443 4301 694 4364 eamque
724 4284 910 4346 solam
945 4285 1254 4364 elegerunt
1285 4285 1615 4368 suadelam,
1648 4305 1780 4368 quae
1812 4287 1913 4349 h0-

269 4371 502 4434 minum
527 4371 832 4435 mentibus
851 4373 1146 4436 dominari
1176 4375 1411 4452 idonea,
1451 4376 1916 4439 corroborandaa

269 4461 520 4525 serviret
547 4461 805 4534 veritati;
838 4461 1037 4543 itaque
1084 4482 1323 4528 omnem
1369 4465 1635 4529 ﬁdelium
1696 4474 1914 4528 ccetnm

272 4549 637 4632 subegerunt
663 4549 861 4614 verbis
899 4551 974 4614 ad
1035 4554 1515 4634 persuadendum
1577 4573 1922 4619 accommo-

277 4641 391 4707 dis.

960 4737 1234 4802 Mariale.

370 4833 730 4902 raudabilis
756 4843 817 4898 et
839 4853 988 4917 pura
1013 4835 1221 4918 Virgo,
1251 4838 1313 4899 in
1345 4843 1403 4899 te
1435 4837 1632 4899 omnis
1656 4836 1930 4917 prophe-

269 4923 354 4986 tia
383 4926 727 5007 conquievit
758 4935 818 4991 et
843 4927 1025 4990 tinem
1057 4927 1266 4990 habuit
1302 4945 1316 4990 :
1345 4927 1407 4987 in
1462 4925 1922 4988 admirationem

271 5013 511 5092 rapiens
539 5032 642 5078 eos
672 5017 777 5094 qui
802 5016 1048 5081 dicunt:
1077 5018 1162 5080 Ex
1186 5024 1260 5086 te.
1316 5036 1351 5078 ο
1383 5024 1560 5096 casta,
1597 5019 1927 5079 scaturiunt

267 5101 592 5164 illustriora
620 5123 796 5184 quam
819 5125 956 5186 quae
980 5107 1258 5188 praedicta
1297 5106 1540 5170 fuerunt
1600 5106 1922 5187 miracula,

277 5208 414 5270 quae
433 5191 783 5270 sapientiam
814 5195 1202 5277 interpretum
1232 5194 1561 5258 declarant.

359 5279 498 5346 194.
532 5278 700 5344 Alius
728 5283 882 5346 sicut
907 5295 1044 5347 Θεοῦ
1069 5285 1490 5366 συγκατάϐασιν,

360 5370 644 5433 'l'acentia
675 5381 735 5434 et
763 5372 1101 5443 claniantia,
1129 5377 1371 5458 visaque
1402 5384 1462 5438 et
1483 5374 1681 5437 audita
1703 5375 1938 5438 virtutis

277 5480 347 5526 ac
379 5461 689 5543 sapientiae
717 5461 1035 5527 simulacra
1086 5466 1326 5528 fuerunt
1358 5466 1444 5527 illi
1496 5466 1780 5540 theologi,
1835 5472 1935 5547 qui

280 5571 390 5616 nos
418 5570 602 5634 opere
629 5561 688 5614 et
715 5571 996 5617 sermone
1026 5555 1322 5618 adhortati
1346 5566 1482 5618 sunt
1519 5556 1592 5618 ad
1655 5557 1926 5618 claman-

278 5641 418 5705 dum
458 5664 472 5706 :
509 5641 870 5706 Benedictus
899 5643 1058 5707 Deus
1085 5654 1315 5726 patrum
1351 5655 1723 5709 nostrorum.

359 5730 435 5796 Ut
463 5731 571 5795 Dei
595 5752 790 5807 voces,
825 5733 1189 5798 horrendum
1250 5754 1321 5796 ex
1381 5737 1501 5798 alto
1564 5739 1924 5815 intonantes,

281 5819 716 5902 fulminumque
748 5825 950 5905 jacula
1005 5824 1335 5905 excipimus
1384 5826 1566 5888 verba
1616 5836 1834 5902 vestra,
1893 5843 1928 5887 ο

281 5911 723 5991 sapientissimi,
761 5933 877 5978 una
894 5914 1200 5979 vobiscum
1258 5915 1670 5996 concinentes,
1730 5915 1931 5982 Bene-

281 5997 483 6064 dictus
511 6000 672 6068 Deus
701 6012 940 6086 patrum
969 6014 1344 6075 nostrorum.

1990 2245 2169 2317 ἡμῶν,

2073 2340 2291 2412 Σταυρῷ
2340 2338 2670 2414 προσπαγεὶς
2751 2339 2778 2394 6
2839 2337 2902 2394 hi.
2945 2341 3038 2391 σοῦ
3091 2330 3454 2409 σωματωθεὶς,
3520 2331 3646 2384 θεοο

1995 2423 2308 2504 γεννήτρια,
2368 2424 2543 2501 ’Λδὰμ
2574 2425 2812 2506 διὲῥρηξι
2855 2427 2917 2482 τὸ
2971 2424 3352 2505 χειρόγραφον.
3406 2416 3517 2476 ”Ον
3560 2425 3648 2474 νῦν

1995 2511 2250 2594 δυσώπει,
2339 2517 2671 2597 πανᾶμωμε,
2758 2515 2994 2578 ἅπαντας
3065 2511 3315 2569 κινδύνων
3399 2511 3651 2588 ῥδσθῆναι

1994 2606 2112 2671 τοὺς
2138 2603 2193 2659 ἐν
2226 2605 2408 2684 ,πίστει
2451 2608 2868 2686 κραυγάζονταςο
2931 2604 3233 2682 Εὐλογητὸς
3281 2601 3359 2674 εἴ,
3418 2603 3447 2658 ὸ
3493 2598 3648 2678 Θεός,

1995 2703 2022 2757 6
2063 2705 2171 2757 τῶν
2200 2697 2447 2778 πατέρων
2476 2699 2658 2772 ἡμῶν,

2073 2787 2258 2853 Ἐλπὶς
2319 2787 2485 2865 ὲγαθὴ
2571 2784 2856 2864 προσδοκία
2959 2804 3016 2839 τε
3086 2787 3289 2839 πιστῶν
3361 2782 3647 2859 ὑπάρχεις,

1998 2877 2279 2936 Δέσποινα·
2336 2878 2424 2934 καὶ
2483 2875 2571 2933 νῦν
2627 2875 2852 2951 δεόμεθά
2908 2896 3000 2931 σοο
3029 2871 3364 2952 δωρήσασθαι
3388 2876 3487 2937 τῆς
3519 2890 3651 2944 συμ-

1995 2970 2210 3032 παθείας
2267 2968 2330 3024 τὸ
2368 2964 2607 3043 πέλαγος
2662 2972 2793 3021 πᾶσι
2856 2976 2976 3027 τοῖς
3038 2963 3112 3026 εἷς
3183 2958 3486 3033 πεποιθόσι,
3564 2955 3650 3014 καὶ

1996 3065 2073 3132 τῷ
2126 3058 2231 3131 Υἱῷ
2302 3078 2396 3112 σου
2453 3056 2859 3134 κραυγάζουσινο
2911 3051 3211 3130 Εὐλογητὸς
3273 3050 3352 3125 εἴ,
3413 3052 3440 3106 6
3497 3050 3651 3127 Θεὸς,

1941 3162 1974 3210 Β
1999 3151 2024 3203 ὸ
2055 3147 2161 3203 τῶν
2185 3145 2422 3225 ποτέρων
2450 3146 2633 3220 ἡμῶν.

2080 3234 2297 3315 Ὠραίαν
2377 3233 2570 3301 στολὴν
2651 3235 2927 3312 σωτηρίων
3006 3231 3234 3290 ἔντολῶν
3315 3227 3400 3286 διὰ
3457 3231 3653 3306 βαπτὶ-

2000 3349 2200 3403 σματος
2271 3325 2695 3407 ἀπφιασάμενος,
2734 3324 3114 3403 ἀπημαύρωσα
3176 3319 3243 3377 δι’
3314 3318 3563 3395 ἀμελείας
3625 3321 3652 3374 6

2000 3417 2225 3481 δείλαιος
2261 3413 2274 3477 l
2306 3423 2408 3473 Νῦν
2443 3413 2498 3472 δέ
2527 3437 2609 3472 σοι
2641 3415 2987 3494 προστρέχω,
3029 3412 3280 3491 Παρθένε,
3325 3411 3415 3467 τὸν
3446 3416 3653 3490 χιτῶνα

2002 3510 2306 3584 αἰτούμενος
2352 3511 2451 3573 τῆς
2500 3505 2874 3586 σωφρουσὺνης
2929 3502 3015 3560 διὰ
3072 3513 3166 3563 σοῦ
3222 3499 3385 3559 πάλιν
3465 3498 3656 3556 ἐδύσακ

2003 3603 2143 3661 σθαι.

2081 3686 2317 3752 ”Αλλος.
2354 3685 2628 3743 ’Λντίθεον
2671 3688 3015 3763 πρόσταγμα.

2103 3783 2346 3841 πιττᾶται
2379 3825 2394 3851 ,
2483 3774 2782 3856 μακάριοι,
2865 3776 2954 3832 καὶ
3038 3773 3340 3854 δραπετεύει
3411 3775 3446 3841 ἦ
3539 3773 3658 3847 πρὶν

1998 3867 2359 3929 ἀνυπόστατος
2414 3865 2676 3944 θρασύτης
2748 3865 2853 3922 ιῶν
2901 3865 3175 3944 αἱρέσεων,
3199 3861 3382 3940 Κηρὸν
3453 3860 3507 3918 δὲ
3551 3883 3658 3935 τῃ·-

1996 3959 2219 4034 κόμενος
2293 3957 2397 4012 ἀπὸ
2457 3954 2758 4031 προσώπου
2809 3957 2993 4030 πυρὸς,
3067 3955 3218 4011 νόθον
3275 3953 3416 4009 ἅπαν
3486 3950 3658 4030 δόγμα

1996 4059 2116 4111 τοϊς
2167 4047 2318 4122 ὑμῶν
2373 4042 2715 4123 προσϐάλλον
2781 4045 3030 4125 φθόγγοις
3109 4043 3396 4122 πυρπνόοις
3455 4040 3660 4098 δείκνυ-

1996 4161 2106 4198 ται.

2097 4223 2327 4293 εευδετς
2415 4223 2511 4300 μὲν
2569 4222 2839 4290 ἐξέκλιναν
2897 4223 3176 4294 Ἐλλήνων
3233 4220 3441 4286 ὕθλους·
3498 4222 3664 4278 πειθὼ

1995 4316 2049 4374 δὲ
2104 4322 2204 4386 τὴν
2263 4313 2510 4394 τύραννον
2546 4315 2857 4394 ἀνθρώποις
2887 4315 3060 4391 μόνην
3084 4313 3320 4387 εἵλοντο,
3355 4310 3440 4392 ὑφ’
3467 4313 3534 4378 ἧς
3566 4313 3661 4380 τὴν

1996 4407 2249 4479 ἀλήθειαν
2299 4407 2345 4462 οἱ
2387 4417 2534 4484 τρεῖς
2574 4404 2928 4485 τονώσαντες,
2977 4403 3145 4468 οὕτως
3210 4401 3353 4459 ἕπαν
3415 4402 3666 4479 σύστημα

2007 4501 2208 4557 πιστῶν
2235 4506 2538 4579 χειροῦνται
2587 4494 2770 4576 λόγοις
2816 4497 2904 4552 καὶ
2937 4495 3333 4555 καταπείθουσι.

2684 4665 2992 4727 Θεοτόκιον,

2118 4863 2204 4902 ων
2236 4864 2325 4900 σον
2395 4862 2542 4899 πασα
2585 4838 2876 4919 προῤῥησις
2936 4837 3298 4914 έπανιπαύθη,
3355 4840 3442 4895 καὶ
3503 4838 3666 4917 πέρας

2009 4929 2240 5004 ἐδέξατο,
2285 4929 2550 5004 ξενίζουσα
2577 4937 2700 4996 τοὺς
2746 4928 3023 5009 λέγοντας·
3060 4928 3157 4986 Ἐκ
3185 4936 3278 4987 ,σοῦ
3307 4927 3363 4985 δὲ
3422 4929 3665 5008 Λακπρό-

2008 5043 2132 5099 τερα
2187 5023 2274 5077 καὶ
2330 5027 2436 5077 τῶν
2467 5018 2813 5100 προῤῥήσσων
2863 5019 3106 5095 θαύματα
3134 5020 3465 5098 πηγᾶζουσι,
3525 5019 3663 5097 ἁγνὴ

2009 5109 2269 5179 δηλοῦντα
2292 5112 2411 5173 τοὺς
2445 5109 2863 5189 ἐρμηνεύοντας.

2103 5287 2338 5355 ’Ἀλλος·
2368 5289 2499 5346 Θεοὺ
2531 5286 2946 5366 συγκατάϐασιν.

2102 5385 2339 5458 Σιγῶσαι
2400 5379 2487 5435 καὶ
2540 5378 2846 5456 κράζουσαι,
2893 5377 3158 5456 ὅρώμεναί
3211 5399 3268 5434 τε
3329 5379 3418 5434 καὶ
3473 5379 3670 5438 ἀκουό-

2019 5491 2198 5552 μεναι,
2233 5469 2426 5547 ἀρετῆς
2489 5471 2580 5526 καὶ
2641 5470 2827 5548 σοφίας
2887 5470 2934 5524 οἱ
2976 5467 3221 5545 θεηγόροι
3280 5467 3474 5535 στῆλαι
3517 5471 3674 5551 γεγό-

2016 5583 2191 5633 νασιν,
2228 5560 2367 5638 ἔργῳ
2399 5561 2487 5616 καὶ
2529 5557 2676 5637 λόγῳ
2723 5560 2852 5635 βοᾷν
2909 5559 3348 5636 προτρεπόμενοι·
3429 5558 3678 5636 Εὐλογη-

2007 5650 2097 5715 τὸς
2131 5652 2158 5706 ὁ
2190 5651 2340 5730 Θεὸς,
2369 5651 2395 5706 6
2439 5655 2544 5705 τῶν
2576 5647 2819 5725 πατέρων
2852 5650 3030 5722 ἡμῶν.

2094 5747 2226 5796 Θεοῦ
2272 5740 2448 5819 φωνὰς
2508 5736 2704 5793 ἄνωθεν
2780 5734 3172 5815 ἐπιϐροντώσας
3226 5740 3362 5813 ἡμῖν
3426 5737 3676 5803 ἐξαίσιον,

2013 5829 2293 5909 ἀστραπῶν
2324 5850 2380 5884 τε
2432 5826 2642 5905 βολίδας
2678 5827 2803 5892 τοὺς
2863 5827 3007 5902 δμῶν
3059 5827 3316 5907 φθόγγους
3363 5826 3685 5908 δεχόμενοιὸ

2011 5920 2302 6000 πάνσοφοι,
2341 5915 2796 5994 συμμελῳδοῦμεν
2827 5918 2981 5994 ὑμῖν
3017 5915 3322 5997 Εὐλογητὸς
3374 5919 3403 5976 6
3437 5920 3590 5993 Θεὸς,

2036 6011 2143 6069 τῶν
2172 6006 2418 6090 πατέρων
2450 6009 2628 6085 ἡμῶν.
