4176 6402
1544 294 1985 362 ACOLUTHIA
2032 296 2427 363 TBIPLIGIS
2463 296 2682 363 FESTI
2697 345 2711 360 .

3544 312 3802 365 mnu

501 435 828 508 Ῥιπὶζοντὰι
862 433 1096 514 χάλαζαι
1131 434 1189 490 ἐκ
1248 430 1553 513 πυροϐόλων
1598 432 1878 512 γλωσσῶν,
1930 458 2057 493 συν-

2228 434 2312 495 Ex
2347 432 2567 511 linguis
2594 431 2909 511 ignivomis
2936 434 3241 511 jactantur
3281 431 3636 511 grandines,
3669 453 3806 511 quae

419 524 696 607 τρίϐουσαι
726 526 793 581 τὰ
824 524 985 602 σαθρά
1016 530 1119 579 τῶν
1151 520 1455 601 δογμάτων,
1490 524 1541 577 εἴ
1596 545 1674 586 τις
1721 521 1884 597 μέσον
1926 524 2069 604 παῤ-

418 617 743 694 ῥησιάσηται
803 619 909 670 τῶν
968 612 1296 691 κενολόγων,
1356 614 1481 690 ὀρθὰ
1525 613 1601 680 μὴ
1656 615 2015 692 φθεγγόμενος
2052 630 2066 645 '

420 705 723 784 Εὐλογητὸς
758 706 784 760 ὁ
819 704 973 778 Θεὸς,
1012 705 1035 758 6
1068 709 1171 757 τῶν
1199 701 1439 781 πατέρων
1470 704 1648 776 ἡμῶν.
1685 703 1987 767 Θεοτόκιον,

514 882 769 961 Παρθένον
831 880 1050 949 οἰκήσας
1109 903 1193 958 σε,
1254 882 1341 938 καὶ
1401 881 1539 957 μετὰ
1604 882 1760 938 τόκον
1818 882 2073 959 παρθένον

420 975 626 1048 ἔλιπεν,
658 976 685 1029 ὁ
729 969 961 1048 ἀμείϐων
1019 984 1297 1052 στοιχεῖα,
1363 970 1647 1048 θεοκυῆτορ
1698 971 1873 1051 Μαρία
1929 995 2072 1029 παν-

424 1067 682 1146 άχραντε,
714 1064 845 1142 πρὸς
877 1062 934 1119 ὃν
986 1061 1201 1139 βοῶμεν
1244 1062 1336 1117 σὺν
1379 1062 1484 1136 σοὶ,
1532 1061 1926 1136 παναμώμητε·
1964 1061 2073 1119 Εὖ-

423 1154 653 1234 λογητὸς
686 1156 713 1209 6
748 1154 899 1222 Θεὸς,
938 1154 964 1207 6
995 1150 1100 1208 τῶν
1133 1150 1379 1230 πατέρων
1405 1152 1583 1227 ἡμῶν.
1620 1150 1950 1215 Καταϐασία,

512 1333 581 1389 Σὲ
611 1334 701 1389 τὸν
732 1332 789 1388 ἐν
845 1330 966 1409 πυρὶ
1008 1328 1319 1408 δροσίσαντα
1376 1329 1574 1395 παῖδας
1618 1329 2070 1408 θεολογήσαντας,

432 1425 518 1485 καὶ
577 1422 821 1502 Παρθένῳ
890 1420 1141 1497 ἁκηράτῳ
1230 1419 1607 1491 ἔνοικήσαντα.
1698 1422 1829 1477 Θεὸν
1904 1421 2073 1498 Λόγον

429 1516 717 1589 ὒμνοῦμεν,
784 1508 1012 1573 εὐσεϐῶς
1058 1508 1439 1584 ιιελῳδοῦντες’
1493 1509 1795 1589 Εὒλογητὸς
1842 1512 1869 1567 6
1919 1513 2070 1586 Θεὸς,

432 1606 460 1661 6
488 1609 593 1660 τῶν
625 1602 866 1681 πατέρων
896 1603 1075 1676 ἡμῶν,

973 1698 1113 1773 ῼΔΗ
1144 1690 1232 1759 η’.
1268 1694 1326 1751 Ὀ
1352 1693 1553 1770 εὶρμὸς,

2156 531 2471 584 conterunt
2528 522 2771 585 frivolas
2802 521 3158 602 opiniones;
3185 521 3235 582 si
3278 521 3413 603 quis
3442 523 3804 600 vaniloquo-

2152 630 2285 672 rum
2320 612 2536 673 audeat
2562 612 2624 672 in
2657 610 2923 673 medium
2956 610 3460 692 prosilire,neque
3478 617 3543 672 ut
3559 629 3664 691 par
3688 620 3801 689 est,

2154 700 2332 776 dicat,
2366 700 2732 764 Benedictus
2766 704 2928 765 Deus
2979 710 3214 782 patrum
3279 710 3643 764 nostrorum.
3678 700 3805 765 Ma-

2153 790 2323 851 riale.

2241 879 2543 959 Virginem
2578 888 2635 943 te
2664 879 3041 952 inhabitavit,
3075 886 3134 940 et
3183 886 3315 959 post
3344 885 3576 958 partum
3608 878 3809 958 Virgi-

2156 987 2293 1030 nem
2315 968 2583 1050 reliquit,
2623 978 2857 1032 mutans
2886 981 3125 1031 naturae
3157 968 3496 1045 ordinem,o
3520 966 3645 1029 Deo
3677 986 3808 1047 gra-

2159 1058 2292 1119 vida
2326 1058 2508 1120 Maria
2539 1067 2596 1120 et
2628 1059 2825 1121 omnis
2852 1075 3064 1139 expers
3092 1056 3443 1133 maculaa,ad
3476 1071 3654 1139 quem
3682 1060 3807 1120 cla-

2162 1166 2315 1209 mam
2326 1168 2393 1210 us
2406 1157 2601 1211 tecum
2614 1147 3382 1227 ,intemerata,Benedictus
3397 1146 3557 1211 Deus
3577 1156 3809 1229 patrum

2160 1247 2503 1301 nostrorum
2517 1289 2530 1302 .
3470 1236 3807 1302 Catabasia.

2240 1326 2324 1389 Te
2355 1329 2453 1409 qui
2487 1329 2547 1390 in
2571 1328 2709 1408 igne
2727 1328 2997 1391 irroresti
3022 1346 3243 1410 pueros
3280 1328 3358 1390 de
3380 1326 3564 1391 rebus
3595 1326 3809 1390 divinis

2160 1416 2551 1493 disserentes,
2587 1427 2646 1481 et
2677 1418 3081 1498 incorruptam
3102 1418 3412 1497 Virginem
3436 1416 3810 1498 inbabitasti,

2158 1505 2347 1568 Deum
2380 1506 2644 1571 Verbum
2668 1510 3086 1590 praadicamus,
3113 1508 3210 1589 pie
3230 1508 3619 1571 concinentes
3651 1524 3667 1569 :
3704 1511 3812 1569 Be-

2159 1597 2433 1659 nedictus
2462 1597 2617 1660 Deus
2650 1608 2883 1680 patrum
2916 1604 3281 1662 nostrorum.

2630 1689 2771 1753 495.
2807 1687 2958 1752 ODE
2988 1690 3049 1749 8.
3076 1685 3343 1749 Hirmus.

512 1787 613 1841 Τὸν
668 1781 721 1837 ἐν
767 1781 972 1855 καμίνῳ
1029 1788 1121 1838 τοῦ
1152 1783 1312 1860 πυρὸς
1359 1787 1464 1837 τῶν
1512 1778 1767 1859 Ἐϐραίων
1798 1792 1915 1847 τοῖς
1942 1802 2073 1838 παι-

2240 1776 2440 1856 Opera
2468 1780 2685 1860 Deum,
2723 1780 2821 1859 qui
2879 1797 3017 1841 cum
3074 1776 3462 1841 Hebraeorum
3515 1776 3721 1857 pueris
3750 1778 3812 1839 in

428 1875 479 1929 σὶ
531 1869 956 1949 συγκαταϐάντα,
1020 1874 1108 1926 καὶ
1149 1872 1250 1938 τὴν
1294 1870 1467 1949 φλόγα
1523 1871 1597 1934 εἰς
1654 1868 1841 1948 δρόσον
1898 1890 2072 1946 μετα-

426 1959 655 2017 ϐαλόντα
688 1961 842 2038 Θεὸν,
874 1961 1118 2039 ὑμνεῖτε,
1179 1974 1245 2016 τα
1275 1960 1404 2038 ἔργα
1434 1961 1507 2023 ὡς
1543 1959 1751 2037 Κύριον,
1786 1960 1875 2016 καὶ
1909 1961 2072 2040 ὑπερ-

424 2054 620 2126 υψοῦτε
644 2050 717 2113 εἰς
751 2049 953 2111 πάντας
983 2050 1105 2113 τοὺς
1140 2051 1357 2115 αἰῶνας.

513 2140 714 2218 Πύργον
771 2140 962 2219 ἰσχύος
1015 2139 1252 2221 ἀσφαλῆ,
1315 2141 1403 2197 καὶ
1452 2137 1716 2219 κρηπῖδα,
1774 2139 1862 2196 καὶ
1904 2162 2070 2219 φρου-

428 2230 543 2310 ράν,
603 2230 687 2285 καὶ
719 2231 1042 2308 προστασίαν
1096 2229 1418 2306 κεκτημένοι
1465 2248 1546 2309 ac;
1596 2229 1767 2286 πίστει
1812 2227 2073 2302 διασωζό-

430 2322 562 2396 μεθα
619 2325 707 2376 νῦν
735 2337 751 2353 ·
813 2318 1077 2393 ὕμνοῦμεν
1137 2320 1228 2375 τὸν
1285 2320 1441 2375 τόκον
1493 2340 1608 2398 σου,
1666 2318 1929 2398 Παναγνε,
1985 2320 2073 2377 καὶ

429 2410 797 2487 ὑπερυψοῦμεν
827 2410 901 2472 εἰς
931 2408 1135 2474 πάντας
1166 2410 1287 2475 τοὺς
1320 2411 1540 2471 αἰῶνας.

510 2586 824 2652 Ἀθανασίας
888 2586 1073 2666 διαυγῆ
1122 2587 1451 2664 ἐπιστάμεθα
1502 2588 1689 2666 πηγήν
1743 2608 1825 2661 σε,
1875 2587 2075 2644 Θεοτό-

428 2698 512 2756 κε,
547 2679 619 2737 ὡς
651 2683 912 2733 τεκοῦσαν
942 2678 1034 2733 τὸν
1067 2678 1237 2756 Λόγον
1268 2684 1361 2734 τοῦ
1403 2676 1665 2734 ἀθανάτου
1712 2676 1941 2754 Πατρὸς,
1987 2677 2077 2732 τὸν

428 2766 630 2827 πάντας
661 2767 887 2826 θανάτου
917 2765 1268 2846 λυτρούμενον
1297 2768 1418 2832 τοὺς
1470 2765 1863 2845 ὑπερυψοῦντας
1921 2766 2078 2825 αὒτὸν

429 2858 500 2920 εἰς
530 2858 651 2921 τοὺς
685 2858 882 2919 αἰῶνας
893 2899 909 2916 .

508 2946 747 3023 Ῥετθρον
776 2945 970 3004 ἱάσεων
999 2949 1135 3022 ἡμῖν
1183 2945 1415 3012 ἀεννάως
1474 2958 1591 3009 τοϊς
1644 2958 1884 3020 πιστοῖς,
1915 2945 2080 3026 ἀγνὴ,

425 3036 707 3115 πηγάζεις,
770 3036 830 3094 οὗ
884 3038 985 3101 τὴν
1033 3035 1258 3103 ἄφθονον
1303 3034 1465 3116 χάριν
1510 3033 1919 3115 ἀποῤῥυόμενοι,
1976 3036 2082 3111 ὑμ-

427 3129 616 3201 νοῦμεν
676 3128 768 3183 τὸν
822 3126 982 3184 τόκον
1037 3147 1153 3207 σω,
1205 3122 1518 3206 ”Αχραντε,
1579 3126 1665 3181 καὶ
1713 3126 2082 3203 ὑπερυψοῦμεν

429 3220 502 3280 εἱς
535 3217 734 3282 πάντας
765 3220 890 3283 τοὺς
921 3219 1141 3280 αἰῶνας,

512 3304 749 3370 ”Αλλος,
784 3306 1157 3383 Ἰνδάλματος.

528 3404 781 3471 Ζοοῦμεν
839 3394 1092 3477 εὐσεϐῶς,
1154 3399 1243 3456 καὶ
1285 3392 1574 3468 δοξάζομεν
1650 3394 1911 3471 ὁμότιμον
1961 3396 2085 3473 μίαν

433 3488 611 3569 φύσιν,
662 3485 1082 3567 ἀπειροδύναμον
1145 3484 1353 3545 Μονάδα
1436 3507 1493 3542 τε
1559 3488 1644 3542 καὶ
1698 3484 1913 3566 Τριάδα,
1986 3485 2084 3551 τὴν

429 3579 601 3635 πάντα
659 3584 826 3635 ταῦτα
895 3576 1077 3655 λόγοις
1161 3576 1493 3656 κυϐερνῶσαν
1547 3576 1840 3654 κρείττοσιν
1874 3591 1888 3605 ’

430 3669 532 3747 γὰρ
575 3665 807 3740 δοξάζειν
837 3672 884 3724 οἱ
917 3681 1063 3747 τρεῖς
1097 3668 1340 3746 θεοφόροι
1372 3672 1765 3745 παρεγγυῶσιν,
1821 3665 1910 3729 οἷς
1942 3687 2085 3740 συμ-

429 3765 829 3838 προσκυνοῦμεν
860 3760 1026 3827 αὐτὴν
1056 3760 1129 3824 εἰς
1161 3759 1283 3823 τοὺς
1318 3758 1538 3822 αἰῶνας,

533 3848 842 3915 ωνώθησαν
902 3851 949 3905 οἱ
1019 3862 1169 3927 τρεῖς
1241 3847 1560 3925 θεοκήρυκες
1629 3845 1920 3910 ἑνώσαντες
1988 3845 2084 3913 τὴν

431 3937 649 4017 Τριάδα,
712 3940 801 3995 καὶ
852 3939 913 3996 τὸ
974 3939 1259 4015 αμέριστον
1318 3936 1372 3993 ἐν
1434 3942 1563 3992 πᾶσι
1614 3935 1972 4015 τετηρηκότις
2015 3940 2084 4011 τῇ

428 4027 542 4100 θείᾳ
589 4028 760 4107 φύσει,
823 4031 947 4103 μίαν
1021 4027 1145 4105 παρ’
1210 4029 1375 4094 αὐτῆς
1442 4023 1731 4083 ἀντέλαϐον
1801 4024 2086 4102 ἀμέριστον

430 4113 612 4197 δόξαν,
674 4119 749 4182 εἷς
820 4117 1037 4178 ἔπαινον
1089 4116 1179 4173 ἕνα
1248 4114 1684 4195 στγκαλουμένην
1743 4116 1862 4177 τοὺς
1921 4115 2083 4191 ὑπερ-

428 4210 689 4282 υψοῦντας
723 4209 887 4277 αὐτὴν
920 4210 994 4273 εἰς
1025 4209 1145 4274 τοῖος
1185 4208 1407 4269 αἰῶνας.
1776 4204 2078 4264 Θεοτόκιον.

529 4384 732 4447 >αϐὼν
782 4387 842 4443 τὸ
901 4383 1018 4442 καθ’
1079 4387 1225 4462 ἡμᾶς
1286 4383 1525 4447 ἁντιδούς
1571 4405 1629 4439 τε
1691 4385 1753 4440 τὸ
1796 4385 1994 4440 οἰκεῖον
2057 4385 2084 4439 6

429 4477 740 4557 εὖεργέτης,
787 4474 970 4555 ἔδρασε
1034 4475 1219 4550 μόνον,
1279 4478 1374 4532 οὒκ
1441 4473 1601 4530 ἔπαθε
1660 4469 1738 4552 δὲ,
1800 4472 2030 4551 Παρθένε
2065 4490 2076 4503 ·

2157 1866 2459 1927 caminum
2495 1867 2655 1946 ignis
2682 1866 3023 1944 descendit,
3050 1874 3109 1929 et
3142 1865 3441 1929 ﬂammam
3477 1865 3726 1928 mutavit
3749 1865 3813 1927 in

2156 1972 2382 2036 rorem,
2423 1955 2753 2030 laudate,ut
2774 1959 3186 2033 Dominum,et
3214 1954 3652 2036 superexaltate
3670 1972 3809 2017 eum

2157 2042 2219 2106 in
2250 2044 2452 2107 omnia
2482 2046 2719 2107 saacula.

2235 2131 2475 2196 Turrim
2507 2134 2876 2196 fortitudinis
2913 2152 3215 2210 securam,
3252 2143 3314 2197 et
3344 2132 3822 2215 crepidinem,et

2157 2223 2488 2287 custodiam
2515 2231 2574 2286 et
2592 2224 3006 2287 defensionem
3026 2223 3402 2305 possidentes
3428 2232 3622 2303 te,per
3636 2223 3819 2285 ﬁdem

2158 2331 2318 2375 nunc
2342 2330 2675 2377 servamur.
2719 2314 3054 2376 Laudamus
3078 2322 3277 2376 autem
3301 2320 3534 2395 partum
3561 2320 3748 2387 tuum,
3783 2331 3819 2374 ο

2157 2419 2373 2482 expers
2414 2402 2685 2484 maculae,
2719 2413 2779 2467 et
2813 2404 3326 2485 superexaltamus
3376 2402 3440 2463 in
3471 2404 3675 2465 omnia
3706 2420 3821 2464 sae-

2160 2492 2312 2553 cula.

2241 2583 2709 2645 lmmortalitatis
2729 2583 2952 2646 fontem
2988 2582 3359 2663 pellucidum
3393 2581 3669 2645 novimus
3688 2599 3821 2643 esse

2161 2672 2359 2745 te,Dei
2394 2670 2757 2755 Genitrix,ut
2787 2692 2923 2755 quae
2961 2673 3221 2753 genuisti
3244 2670 3438 2735 Patris
3460 2671 3819 2733 immortalis

2164 2760 2450 2837 Verbum,
2485 2762 2643 2845 quod
2676 2771 2867 2825 morte
2887 2764 3103 2827 liberat
3125 2780 3337 2824 omnes
3360 2761 3468 2841 qui
3497 2762 3695 2843 ipsum
3721 2778 3821 2823 su-

2166 2853 2536 2933 perexaltant
2566 2852 2627 2913 in
2656 2852 2896 2915 satcula.

2246 2942 2435 3005 Nobis
2467 2942 2769 3023 ﬁdelibus,
2802 2943 2963 3005 velut
2992 2962 3067 3004 ex
3101 2949 3391 3026 perpetuo
3415 2940 3600 3016 fonte,
3625 2939 3819 3002 eﬁ'un-

2165 3032 2257 3094 dis
2291 3031 2541 3093 medelte
2573 3032 2825 3111 ﬂumen;
2849 3036 3019 3113 cujus
3048 3032 3363 3114 impolluta
3391 3039 3575 3112 gratia
3603 3027 3815 3111 abluti,

2166 3140 2199 3183 ο
2231 3121 3046 3197 incontaminata,laudemus
3066 3130 3299 3204 partum
3324 3128 3585 3196 tuum,et
3603 3137 3818 3202 super-

2167 3211 2496 3275 exaltamus
2526 3211 2588 3271 in
2624 3212 2825 3273 omnia
2851 3213 3092 3274 saecula.

2250 3301 2385 3363 196.
2412 3301 2600 3377 Alius,
2628 3303 2802 3376 sicut,
2836 3300 3203 3379 Ἰνδάλματος.

2266 3398 2351 3455 rat
2381 3388 2762 3468 agnoscimus
2788 3391 2905 3469 pie,
2934 3400 2993 3452 et
3023 3390 3426 3469 gloriﬁcamus
3456 3408 3637 3453 unam
3661 3391 3821 3471 ejus-

2170 3478 2305 3541 dem
2335 3481 2579 3541 honoris
2603 3486 2903 3555 naturam,
2941 3479 3191 3543 inﬁnitae
3214 3481 3493 3561 potentiae
3524 3481 3820 3544 unitatem

1949 3574 2088 3632 οὕτω
2171 3577 2229 3631 et
2252 3568 2631 3639 Trinitatem;
2669 3587 2798 3649 quae
2828 3570 2956 3630 haec
2998 3571 3199 3631 omnia
3227 3571 3547 3651 gubernat,
3579 3589 3648 3633 ac
3674 3578 3821 3632 nutu

2171 3667 2405 3740 torquet
2435 3657 2673 3720 suo.Sic
2705 3659 2867 3719 enim
2901 3659 3118 3721 docent
3142 3669 3262 3721 tres
3288 3660 3378 3721 illi
3409 3660 3647 3737 deiferi,
3681 3660 3817 3741 qui-

2170 3748 2422 3811 buscum
2456 3767 2586 3810 eam
2620 3749 2944 3811 adoramus
2973 3749 3036 3811 in
3067 3749 3306 3811 saecula.

2268 3847 2440 3900 munt
2469 3838 2725 3901 maxime
2746 3838 2897 3900 uniti
2921 3839 3077 3901 inter
3105 3856 3170 3900 se
3193 3846 3314 3901 tres
3333 3837 3421 3901 illi
3452 3838 3637 3899 divini
3671 3855 3823 3919 prat-

2166 3946 2352 3992 cones
2373 3928 2475 4010 qui
2497 3928 2817 3990 univerunt
2839 3926 3279 4009 Trinitatem,et
3299 3930 3361 3990 in
3392 3927 3675 3991 omnibus
3696 3946 3822 3990 ser-

2165 4028 2451 4081 vaverunt
2481 4018 2700 4080 divinae
2723 4027 2951 4081 natura;
2965 4016 3337 4079 individuum
3358 4041 3376 4093 ;
3400 4017 3475 4079 ab
3500 4036 3689 4099 eaque
3719 4018 3818 4080 id-

2167 4110 2333 4173 circo
2364 4116 2726 4190 receperunt
2780 4126 2961 4169 unam
3008 4115 3068 4169 et
3097 4107 3415 4171 indivisam
3447 4108 3723 4191 gloriam,
3756 4108 3818 4170 in

2167 4219 2283 4283 qua
2303 4199 2376 4261 ad
2409 4216 2585 4260 uuam
2620 4198 2860 4260 laudem
2879 4206 3283 4260 convocantur
3310 4197 3820 4281 superexaltantes

2165 4290 2519 4354 Trinitatem
2553 4294 2613 4349 in
2649 4288 2885 4352 saecula.
3549 4287 3817 4350 Mariale.

2265 4380 2467 4443 anilius
2496 4378 2601 4442 Dei
2624 4396 2769 4455 erga
2798 4396 2906 4439 nos
2934 4377 3265 4453 beneﬁcus,
3288 4386 3565 4460 operatus
3596 4386 3686 4440 est
3708 4395 3811 4439 so-

2166 4473 2311 4547 lum,
2361 4488 2479 4533 non
2510 4480 2713 4531 autem
2748 4486 2960 4548 passus
2987 4467 3335 4551 quidquam,
3385 4488 3419 4529 o
3443 4472 3638 4548 virgo,
3673 4466 3817 4528 dum

428 4554 577 4623 notet
606 4567 734 4647 γὰρ,
790 4554 910 4622 ἀλλ’
973 4569 1067 4624 οὐκ
1126 4569 1201 4630 εἷς
1231 4566 1425 4645 φθορὰν
1482 4564 1813 4638 καθίσταται,
1879 4562 2074 4638 μᾶλλον

2172 4559 2485 4642 assumpsit
2530 4557 2691 4639 quod
2745 4567 3013 4620 nostrum
3065 4565 3126 4620 et
3165 4558 3427 4620 reddidit
3486 4556 3645 4647 quod
3690 4562 3822 4620 erat

435 4655 477 4675 ἢκ
586 4658 599 4677 \
705 4657 716 4677 ν
984 4656 997 4675 ε
1083 4655 1105 4674 ’ἱ
1136 4657 1147 4673 \
1274 4656 1285 4675 Ι
1398 4677 1416 4689 ρ
1499 4654 1513 4670 \
1605 4653 1617 4669 \
1780 4654 1793 4677 ι
1930 4655 1942 4673 ρ

431 4674 485 4712 οε
516 4678 603 4713 και
650 4678 879 4735 πασγων
909 4656 1047 4712 ἐκων
1078 4670 1163 4711 οια
1220 4658 1414 4717 παθουι.
1470 4675 1527 4709 τα
1557 4656 1699 4720 παθη
1735 4651 1871 4732 λυει,
1918 4675 1991 4715 ως
2036 4655 2082 4709 οἱ

433 4760 584 4826 τρεῖς
618 4752 846 4823 Πατὲρες
877 4749 1021 4821 ἡμᾶς
1052 4748 1516 4825 μυσταιίωγοῦσιν,

517 5026 766 5092 ”Αλλος.
804 5026 1193 5091 Επταπλασίως
1225 5027 1473 5101 κὰμινον,

520 5121 618 5184 Οὓς
649 5121 677 5175 6
710 5120 839 5181 Θεὸς
883 5119 1185 5188 συνήνωσεν
1219 5117 1292 5180 εἰς
1340 5115 1599 5191 ὁμότιμον
1642 5114 1857 5188 ἕνωσιν,
1905 5113 2083 5191 ἐγκω-

445 5209 676 5283 μιαστής
709 5210 787 5283 μὴ
823 5208 1101 5289 χωριζέτω
1132 5206 1401 5284 ἄνθρωπος
1430 5225 1441 5239 ·
1500 5204 1619 5261 ἀλλ’
1663 5205 1813 5267 ’ἰσους
1844 5204 2082 5281 ἡγούμε-

442 5320 525 5362 νος
576 5298 629 5354 ἐν
675 5314 792 5362 τοῖς
848 5301 1031 5362 αὐτοῖς
1086 5298 1435 5379 χαρίσμασιν,
1489 5295 1624 5353 ἴσων
1651 5298 1739 5352 καὶ
1770 5301 1875 5351 τῶν
1906 5293 2083 5367 ὕμνων

441 5388 694 5463 μελῳδῶν
717 5388 939 5454 ἀξιούτω
976 5406 988 5419 ⁸
1051 5392 1097 5443 οἱ
1157 5384 1368 5457 παῖδες,
1415 5386 1727 5463 εὐλογεῖτε’
1778 5388 1965 5461 ἱερεῖς,
1996 5382 2079 5437 ἀν-

438 5493 654 5553 υμνεϊτε
694 5481 886 5555 νλαοὶ,
918 5480 1242 5556 ὑπεροψοῦτε
1276 5478 1347 5539 εἰς
1376 5478 1578 5541 πάντας
1610 5479 1731 5538 τοὺς
1766 5476 1979 5537 αἰῶνας.

523 5657 583 5713 Οἱ
626 5654 831 5727 δυνατοὶ
883 5658 970 5713 καὶ
1017 5656 1221 5735 ἄμαχοι
1285 5656 1383 5725 τῆς
1442 5628 1707 5724 Θεότελτος
1764 5654 2073 5732 σύμμαχοι.

2165 4672 2361 4715 suum.
2386 4648 2747 4721 Facitenim,
2776 4648 2879 4709 sed
2909 4666 3028 4709 non
3050 4647 3307 4710 incurrit
3326 4646 3774 4727 corruptionem
3804 4667 3818 4707 :

2166 4743 2308 4826 quin
2346 4740 2541 4822 potius
2566 4738 2907 4819 passionem
2941 4737 3131 4801 libere
3181 4738 3506 4826 sustinens,
3545 4737 3656 4798 hac
3693 4735 3824 4826 ipsa

2166 4823 2474 4917 passiones
2497 4837 2731 4889 nostras
2752 4825 3570 4917 dissolvit,quemadmodumﬁ
3590 4834 3714 4886 tres
3736 4823 3821 4887 illi

2168 4926 2373 4987 Patres
2406 4938 2515 4981 nos
2543 4928 2750 4980 sancte
2777 4916 3019 4979 docent.
3559 4916 3571 4925 '

2250 5012 2442 5079 Alius,
2478 5009 2655 5081 sicut,
2688 5005 3100 5069 Ἐπταπλασίως
3132 5007 3385 5081 κάμινον.

2255 5103 2390 5166 197.
2414 5097 2581 5171 Quod
2620 5100 2774 5157 Deus
2804 5095 3117 5176 conjunxit
3167 5092 3474 5175 aequaliter
3512 5096 3820 5156 honoran-

2171 5197 2300 5273 dos,
2336 5194 2513 5252 homo
2546 5186 2815 5248 laudator
2846 5205 2965 5248 non
2998 5194 3238 5266 separet
3268 5205 3285 5261 ;
3320 5184 3428 5246 sed
3479 5185 3651 5248 donis
3693 5201 3822 5247 cce-

2168 5283 2421 5348 lestibus
2474 5295 2647 5355 pares
2696 5294 2799 5338 eos
2851 5276 3231 5355 existimans,
3288 5274 3533 5356 paribus
3585 5293 3823 5357 quoque

2169 5375 2446 5452 dignetur
2478 5365 2814 5447 praeconiis.
2851 5365 3053 5439 Pueri,
3096 5364 3484 5440 benedicite;
3535 5365 3822 5429 sacerdo-

2167 5475 2279 5540 tes,
2304 5459 2640 5532 celebrate;
2689 5454 3459 5536 populi,superexaltate,in
3483 5454 3686 5516 omnia
3714 5469 3823 5515 sa-

2167 5556 2521 5707 cul’aotentes
2577 5643 2638 5697 et
2686 5634 2893 5698 invicti
2942 5634 3276 5697 Divinitatis
3328 5632 3703 5711 defensores,
3758 5635 3821 5691 et
