4176 6394
374 340 625 391 GCCLXIV

1810 324 2399 394 PROLEGOMENA.

378 464 637 526 veritatis
665 462 888 523 sinceri
922 462 1179 543 patroni,
1238 461 1534 543 profunda
1567 460 1823 542 Spiritus
1853 469 2002 521 recte

2108 462 2188 517 καὶ
2247 467 2347 529 τῆς
2400 464 2652 533 ἀληθείας
2705 464 2957 541 ἀψευδεῖς
3004 469 3319 547 συνήγοροι,
3374 472 3441 526 τὰ
3493 471 3630 547 βάθη
3675 475 3768 531 τοῦ

377 559 639 625 scrutati,
664 552 996 614 sententias
1030 554 1150 616 Deo
1180 561 1618 613 consentaneas
1647 549 1932 642 astruitis,
1968 570 2000 642 ο

2109 554 2413 628 Πνεύματος
2489 556 2668 619 καλῶς
2754 557 3217 639 ἀνερευντσαντες,
3301 560 3397 624 τὰς
3449 565 3766 642 θεοπρεπεῖς

375 643 512 703 hinc
544 640 773 703 docetis
824 642 1125 722 psallere:
1189 641 1424 722 Populi,
1479 640 1914 719 superexaltate
1966 639 2021 699 in

376 731 575 794 omnia
605 731 848 793 smcula.

449 908 576 970 Duo
607 912 861 969 maxima
883 908 1226 982 luminaria,
1254 911 1509 990 positum
1544 908 1654 969 sub
1687 910 1809 968 sole
1846 928 2019 968 mun-

369 999 509 1059 dum
532 996 607 1058 de
626 996 780 1060 cmlo
808 997 1147 1059 illuminant
1168 995 1631 1060 alternatim.De
1653 1006 1806 1057 terra
1827 1005 2020 1057 autem

2107 644 2223 719 περὶ
2284 650 2416 702 Θεοῦ
2478 646 2778 721 ὑπολήψεις
2840 645 3044 703 ἐκεῖθεν
3105 656 3410 730 ωνιστῶσι,
3477 653 3567 708 καὶ
3625 651 3765 709 διδα-

2109 752 2290 787 σκουσι
2350 733 2576 809 ψάλλειν
2611 751 2625 767 ’
2676 737 2833 816 Λαοὶ,
2895 739 3223 815 ὑπεροψοῦτε
3275 742 3346 803 εἰς
3409 742 3611 806 πάντας
3642 748 3765 806 τοὺς

2106 820 2330 885 αἰῶνας.

2189 908 2276 975 Ἐξ
2323 913 2545 990 οὐρανοῦ
2600 911 2698 988 μὲν
2751 913 2994 992 μέγιστοι
3051 912 3139 971 δύο
3210 916 3403 997 λύχνοι
3454 921 3765 998 φωτίζουσιν

2109 999 2169 1054 ἐκ
2223 997 2487 1079 διαδοχῆς
2546 1001 2800 1072 ἀλλήλων
2861 1004 2960 1071 τὴν
2990 1003 3216 1085 ὑφήλιον
3244 1025 3257 1038 ⁸
3294 1008 3352 1064 ἐγ
3519 1007 3571 1065 δὲ
3604 1032 3763 1090 φανο-

368 1092 684 1149 coruscant
700 1087 813 1147 tria
833 1105 1013 1166 supra
1033 1088 1273 1152 modum
1299 1088 1595 1149 immensa
1618 1086 1863 1151 lumina.
1892 1087 2002 1148 col-

2108 1108 2255 1163 τερον
2334 1092 2432 1156 τὴν
2493 1090 2776 1166 σύμπασαν
2836 1094 3119 1171 αὖγάζουσι
3179 1109 3327 1173 τρεῖς
3382 1099 3517 1154 κατὰ
3573 1102 3762 1157 ταυτὸν

370 1176 635 1239 lucentia
657 1187 717 1236 et
738 1175 916 1237 simul
950 1176 1267 1256 psallentis
1301 1198 1314 1237 :
1349 1175 1825 1257 Superexaltate.
1853 1200 1885 1237 u
1911 1196 2002 1255 po-

2108 1178 2481 1255 ὑπερμεγέθεις
2540 1182 2841 1262 φωστῆρες,
2889 1182 3294 1259 συλλάμποντες
3340 1185 3619 1261 ἀλλήλοις,
3675 1193 3762 1247 καὶ

372 1266 516 1346 puli,
556 1262 855 1327 Christum
886 1266 949 1326 in
972 1266 1218 1328 smcula.
1755 1267 2015 1328 Mariale.

448 1446 701 1523 Propter
731 1461 838 1505 nos
878 1443 1211 1506 incarnatio
1260 1453 1372 1524 est,
1405 1453 1462 1506 et
1502 1447 1693 1524 passio
1729 1446 2007 1522 pretiosa.

366 1536 619 1614 Propter
643 1552 750 1594 nos
782 1552 918 1595 cum
952 1534 1208 1595 mortuis
1239 1533 1347 1595 fuit
1382 1536 1561 1606 Deus,
1591 1541 1840 1595 mortem
1873 1536 2013 1615 qni-

367 1622 502 1685 dem
522 1630 759 1702 gustare
790 1622 1217 1697 nescius,sicut
1242 1641 1351 1685 nec
1382 1622 1648 1685 dolorem
1672 1624 1875 1698 alium,
1908 1625 2013 1687 sed

366 1729 471 1792 per
484 1711 680 1773 carnis
699 1710 969 1774 mortalis
989 1713 1479 1774 communionem
1505 1712 1695 1773 factus
1714 1713 2014 1793 particeps

2105 1266 2511 1342 συμψάλλοντες
2577 1270 2690 1346 ἅμα
2726 1290 2742 1307 ⁸
2790 1273 2941 1347 Λαοὶ,
3013 1275 3342 1353 ὑπεροψοῦτε
3402 1279 3626 1355 Χριστὸν
3685 1281 3759 1343 εἷς

2100 1356 2224 1419 τοὺς
2270 1360 2462 1424 αἷῶνας
2474 1402 2488 1416 .
3452 1368 3753 1430 Θεοτόκιον,

2183 1442 2345 1521 ’Υπὲρ
2402 1448 2557 1520 ἡμῶν
2607 1450 2641 1516 ἡ
2694 1450 2957 1528 σάρκωσις
3014 1454 3102 1508 καὶ
3160 1453 3226 1508 τὰ
3269 1454 3412 1523 πάθη
3450 1456 3515 1512 τὰ
3559 1459 3755 1533 τίμια⁶

2098 1529 2167 1589 δι’
2210 1536 2353 1609 ἡμᾶς
2389 1538 2518 1599 Θεὸς
2550 1539 2684 1612 μετὰ
2716 1546 2913 1613 νεκρῶν
2945 1541 3179 1620 ἐγένετο,
3213 1543 3440 1601 θανάτου
3471 1546 3569 1620 μὲν
3600 1529 3752 1625 ἄγευ-

2096 1644 2242 1695 στος,
2298 1626 2395 1681 οἶα
2426 1630 2608 1683 παθῶν
2637 1626 2926 1707 ἐλεύθερος,
2980 1637 3049 1708 τῇ
3079 1630 3132 1686 δὲ
3162 1634 3293 1711 πρὸς
3324 1634 3423 1701 τὴν
3456 1636 3626 1713 σάρκα
3658 1638 3755 1705 τὴν

2095 1713 2298 1781 θνητὴν
2356 1718 2607 1789 κοινωνίᾳ
2690 1717 2980 1797 λεγόμενος
3041 1723 3127 1777 καὶ
3188 1723 3383 1786 πάθους
3455 1740 3755 1807 μετασχεῖν

362 1809 419 1863 et
450 1800 674 1863 doloris
697 1808 755 1862 et
777 1799 1225 1874 mortis.Quare
1256 1820 1393 1864 eum
1419 1803 1936 1883 superexallamus
1955 1804 2002 1862 in

2108 1803 2185 1857 ui.
2231 1806 2457 1861 θανάτου
2492 1821 2505 1836 ’
2556 1806 2674 1883 μεθ’
2728 1806 2791 1876 ἧς
2853 1811 3221 1889 ὑπεροψοῦμεν
3255 1815 3327 1874 εἷς
3370 1799 3573 1879 πάντας
3632 1799 3754 1882 τοὺς

360 1889 561 1953 omnia
590 1889 831 1952 smcula.
1682 1890 1989 1955 Catabasia

437 2066 503 2130 In
525 2067 722 2148 ignem
753 2067 1204 2131 intolerabilem
1234 2070 1490 2150 conjecti
1519 2073 1597 2150 pii
1641 2090 1781 2149 erga
1823 2071 2010 2134 Deum

349 2160 627 2238 juvenes,
652 2176 686 2219 a
717 2158 960 2220 ﬂamma
989 2178 1129 2221 vero
1153 2178 1274 2221 non
1310 2159 1733 2235 lmsi,divinum
1768 2181 2010 2224 carmen

354 2248 649 2309 canebant
674 2267 689 2308 :
713 2247 1090 2325 Benedicite,
1134 2248 1339 2311 omnia
1370 2268 1557 2329 opera
1591 2252 1851 2327 Domini,
1886 2253 2009 2314 Do-

358 2337 540 2401 mino.

882 2423 1032 2490 ODE
1076 2427 1136 2488 9.
1187 2427 1461 2493 Hirmus.

432 2514 570 2576 198.
596 2517 680 2578 Ex
711 2518 831 2579 Deo
865 2516 1052 2579 Deum
1090 2517 1374 2598 Verbum,
1409 2519 1572 2597 quod
1601 2521 2002 2602 inexplicabili

349 2602 642 2683 sapientia
658 2604 823 2665 venit
843 2605 916 2665 ad
932 2606 1338 2667 innovandum
1353 2606 1790 2690 Adamum,per
1805 2610 2001 2671 cibum

348 2694 752 2772 corruptionis
783 2695 1038 2771 graviter
1069 2694 1326 2777 lapsum,
1368 2698 1650 2778 quodque
1680 2719 1750 2761 ex
1803 2710 2007 2761 sancta

348 2780 585 2859 Virgine
611 2783 997 2846 inell'abiliter
1027 2784 1398 2851 incarnatum
1451 2797 1540 2848 est
1592 2796 1841 2869 propter
1871 2809 1997 2859 nos,

348 2872 608 2933 unanimi
633 2882 813 2935 cantu
847 2875 1298 2953 magniﬁcamus
1332 2874 1508 2937 fidele
1555 2925 1569 2939 .

423 2959 489 3022 In
521 2970 599 3037 te,
635 2961 811 3042 Virgo
840 2962 1208 3039 beatissima,
1236 2983 1403 3044 spem
1434 2984 1626 3027 meam
1662 2984 1903 3026 omnem
1930 2966 2002 3027 li-

345 3050 559 3112 benter
590 3052 846 3128 colloco;
867 3071 1038 3115 serva
1059 3058 1376 3127 me,Mater
1400 3072 1562 3116 verm
1583 3056 1740 3117 vitm:
1766 3067 1822 3116 et
1848 3065 2002 3133 pete,

344 3158 377 3201 o
410 3145 863 3221 casta,perenni
888 3142 1107 3220 gaudio
1133 3143 1371 3221 impleri
1400 3162 1504 3205 eos
1532 3147 1631 3225 qui
1655 3164 1789 3205 cum
1811 3146 1926 3205 ﬁde
1948 3158 2004 3207 et

350 3228 651 3292 desiderio
682 3235 745 3294 te
776 3231 1024 3293 canticis
1047 3232 1451 3312 magniﬁcam.

428 3406 604 3487 Virgo
632 3407 1059 3492 illustrissima,
1088 3413 1277 3493 janua
1313 3413 1499 3475 divini
1559 3414 1825 3494 luminis,
1860 3414 2004 3477 illu-

351 3496 510 3557 mina
534 3497 751 3561 animm
774 3518 945 3578 mem,
980 3503 1300 3582 caliginem
1323 3502 1691 3583 spiritalibus
1724 3503 1869 3565 lucis
1895 3514 2005 3565 tum

344 3586 555 3647 radiis.
590 3588 662 3650 Et
691 3596 853 3671 pete,
889 3611 923 3652 o
951 3594 1398 3672 casta,perenni
1432 3593 1570 3672 igne
1602 3593 1846 3655 liberari
1874 3613 1997 3674 eos,

342 3676 451 3753 qui
478 3696 612 3739 cum
644 3678 762 3742 ﬁde
793 3690 852 3743 et
881 3681 1187 3745 desiderio
1222 3690 1278 3743 te
1312 3683 1561 3745 canticis
1598 3685 1996 3761 magniﬁcam.

1732 3774 1993 3838 Mariale.

426 3856 619 3929 Quem
644 3855 818 3921 Pater
840 3857 1054 3922 Filium
1086 3880 1156 3923 ex
1184 3871 1355 3924 utero
1378 3870 1511 3924 ante
1536 3863 1750 3924 smcula
1766 3865 1991 3942 genuit,

342 3944 393 4006 is
424 3946 486 4006 in
513 3952 612 4008 tuo
643 3947 918 4009 habitans
946 3959 1115 4013 utero
1140 3952 1330 4014 lactus
1351 3963 1443 4014 est
1466 3952 1765 4033 perfectus
1790 3954 1988 4026 homo;

344 4040 399 4095 el
432 4042 511 4109 te,
540 4035 819 4117 Deipara,
875 4037 1098 4101 fontem
1130 4040 1456 4119 gratiarum
1502 4042 1765 4102 ostendit
1797 4042 1986 4111 nobis,

341 4123 446 4213 qui
496 4124 753 4188 ﬁdeliter
798 4126 1116 4190 adoramus
1153 4129 1513 4192 ineﬂ‘abilem
1565 4140 1725 4191 tuam
1777 4151 1989 4213 proge-

343 4230 529 4274 mem.

429 4303 565 4366 199.
601 4303 790 4369 Alius.
823 4304 983 4367 sicut
1009 4307 1281 4389 Ἀνάρχου
1310 4313 1647 4390 γεννήτορος,

423 4392 758 4471 Magniﬁca,
811 4394 1011 4457 anima
1064 4414 1222 4475 mea,
1256 4399 1373 4461 tria
1406 4418 1622 4479 magna
1654 4400 1806 4465 inter
1839 4404 1994 4465 anti-

342 4480 511 4544 stites
540 4481 885 4547 luminaria.

439 4587 670 4663 δέει-ωτι
698 4582 965 4663 vestrum
987 4580 1046 4635 et
1067 4573 1223 4636 ovile
1250 4577 1555 4657 respicite;
1588 4590 1833 4662 propter
1863 4601 1993 4663 qum
2015 4568 2060 4621 θ

340 4660 628 4724 maximos
655 4660 892 4725 labores
935 4663 1328 4730 sustinuistis.
1365 4670 1433 4730 In
1465 4688 1648 4730 unum
1681 4660 1989 4747 coeuntes,

338 4770 441 4813 vos
462 4757 585 4813 tres
605 4753 1031 4833 conjungimus
1052 4766 1112 4815 et
1134 4755 1546 4819 suavissimam
1571 4770 1819 4820 vestram
1842 4780 1991 4821 con—

329 4841 709 4920 junctionem
739 4861 843 4924 pro
862 4847 1167 4908 communi
1192 4844 1481 4909 habemus
1507 4848 1857 4911 laudationis
1876 4869 1997 4912 ma-

341 4936 514 4995 teria.

417 5019 755 5106 Magniﬁca,
787 5020 991 5084 anima
1035 5042 1190 5106 mea,
1227 5025 1338 5086 tria
1380 5027 1741 5089 candelabra
1778 5026 1986 5090 Eccle~

339 5105 443 5168 sim
469 5105 709 5169 Christi.

435 5194 694 5286 nhristi
727 5199 916 5286 gratia
970 5200 1244 5266 hostibus
1302 5205 1425 5267 suis
1476 5205 1683 5286 objicit
1724 5208 1981 5270 machm-

338 5300 630 5374 ramnon
681 5283 797 5362 bis,
863 5288 972 5350 sed
1032 5298 1121 5351 ter
1195 5302 1453 5374 acutam,
1517 5283 1695 5356 unum
1750 5298 1808 5357 in
1863 5316 1989 5360 cm-

336 5373 394 5467 l_o
438 5371 789 5467 fabricamm
844 5394 1075 5453 ensem,
1132 5380 1356 5462 triplici
1404 5371 1723 5463 fulgentem
1782 5388 1986 5467 cuspi-

336 5463 453 5536 de;
515 5480 621 5543 pro
678 5462 908 5526 Deitate
960 5484 1078 5529 una
1127 5478 1185 5531 et
1232 5470 1387 5536 trina
1418 5462 1659 5557 semper
1690 5462 1987 5537 dimican-

338 5559 482 5616 tem.

2100 1893 2297 1957 αἰῶνας
2309 1941 2323 1956 ,
3409 1901 3635 1964 Καταόα
3643 1908 3748 1966 σία.

2180 2069 2457 2145 Ἀστέκτῳ
2506 2075 2627 2152 πυρὶ
2687 2074 2964 2143 ἒνωθέντες
3016 2081 3063 2135 οἱ
3107 2078 3408 2147 θεοσεϐείας
3467 2090 3746 2160 προεστῶ-

2096 2182 2184 2223 τες
2218 2163 2443 2237 νεανίαι,
2476 2169 2543 2239 τῇ
2572 2162 2728 2243 φλογὶ
2765 2164 2819 2221 δὲ
2864 2172 2943 2242 μὴ
3004 2168 3336 2237 λωϐηθὲντες

2096 2247 2331 2323 ἔμελπον
2367 2271 2380 2284 ·

2099 2339 2308 2419 Κύριον.

3346 2220 3361 2252 ,
3407 2176 3554 2230 θεῖον
3585 2172 3719 2250 ὕμνο

3696 2265 3709 2282 \

2458 2251 2763 2333 Εὐλογεῖτε,
2827 2257 3000 2314 πάντα
3056 2260 3121 2315 τὰ
3192 2251 3587 2341 ἔργανΚυρίου,
3663 2265 3751 2320 τὸν

2620 2441 2762 2492 ΩΔΗ
2805 2436 2878 2499 θ’,
2920 2435 2982 2495 Ὀ
3029 2439 3233 2513 είρμός.

2174 2521 2277 2577 Τὸν
2308 2519 2367 2577 ἐκ
2413 2528 2545 2579 Θεοῦ
2605 2526 2735 2611 Θεὸν
2768 2524 2966 2605 Λόγον,
3023 2528 3114 2585 τὸν
3157 2529 3367 2607 ὰρῥήτῳ
3398 2533 3556 2611 σοφίᾳ
3583 2535 3751 2603 ἧκότα

2089 2611 2477 2699 ααινουργῆσαι
2537 2614 2628 2669 τὸν
2687 2610 2884 2691 Ἀδὰμ,
2940 2617 3136 2696 βρώσει
3187 2622 3378 2699 φθορᾶς
3433 2610 3749 2682 πεπτωκότα

2089 2695 2303 2779 δεινῶς,
2364 2700 2415 2766 ἐξ
2492 2702 2647 2779 ἁγίας
2721 2704 2983 2783 Παρθένου
3072 2695 3354 2788 ἀφράστως
3414 2716 3748 2789 σαρκωθὲντα

2089 2786 2157 2843 δι’
2215 2789 2386 2870 ἡμᾶς,
2449 2793 2496 2848 ot
2554 2794 2733 2850 πιστοὶ
2784 2795 3093 2875 ὁμοφρόνως
3123 2786 3204 2851 γὲν
3256 2797 3442 2872 ὕμνοις
3483 2786 3746 2881 μεγαλύ-

2096 2901 2283 2955 νομεν.

2176 2971 2573 3049 Θεομακάριστε
2666 2976 2835 3053 Κόρη,
2921 2978 3018 3046 τὴν
3103 2978 3289 3037 ἐλπίδα
3375 3006 3476 3056 μου
3568 2990 3739 3042 πᾶσαν

2090 3059 2375 3152 προθύμως
2433 3060 2719 3139 ἀνατίθημι
2770 3065 2824 3121 ἐν
2871 3069 2955 3123 σοί
2989 3083 3002 3097 ’
3056 3074 3228 3125 σῶσον
3280 3093 3369 3145 με,
3415 3078 3592 3152 Μῆτερ
3647 3081 3743 3142 τῆς

2092 3145 2257 3213 ὅντως
2298 3154 2443 3220 ζωῆς
2480 3169 2492 3182 ⁸
2529 3154 2617 3209 καὶ
2653 3161 2851 3233 τρυφῆς
2912 3157 3133 3215 ἀενναου
3186 3159 3478 3229 πλεσθῆναι
3525 3145 3741 3222 καθικέ-

2090 3258 2231 3317 τευε,
2266 3238 2431 3317 ἁγνὴ,
2465 3242 2587 3307 τοὺς
2618 3242 2671 3301 ἐν
2730 3247 2904 3303 πίστει
2949 3250 3035 3304 καὶ
3088 3251 3235 3323 πόθῳ
3277 3273 3335 3308 σε
3395 3252 3578 3329 ὕμνοις
3638 3278 3739 3330 με-

2091 3328 2439 3404 γαλύνοντας.

2172 3415 2532 3501 Ἐπιφανεῖσα
2597 3425 2847 3506 Παρθένε,
2909 3431 3006 3497 τῆς
3059 3433 3244 3511 ψυχῆς
3295 3454 3397 3507 μου
3439 3436 3528 3489 τὸν
3586 3436 3742 3515 ζόφον

2089 3510 2264 3586 φωτός
2328 3534 2421 3569 σου
2471 3526 2591 3579 ταῖς
2631 3515 2812 3581 ἀύλοις
2846 3510 3169 3598 ἆστραφαῖς
3193 3522 3447 3599 αύγασον,
3480 3524 3621 3591 πύλη
3654 3510 3743 3583 τοῦ

2084 3600 2223 3655 θείου
2279 3605 2479 3676 φωτός,
2542 3606 2639 3663 Καὶ
2699 3608 2861 3687 πυρὸς
2916 3610 3125 3665 αἰωνίου
3172 3611 3423 3689 ῥωσθῆναι
3474 3615 3741 3682 καταξιω-

2084 3708 2207 3759 σον,
2257 3690 2421 3768 ἁγνὴ,
2482 3695 2604 3758 τοὺς
2648 3694 2702 3753 ἐν
2749 3697 2923 3755 πίστει
2956 3700 3041 3755 καὶ
3088 3702 3237 3775 πόθῳ
3270 3723 3327 3758 σε
3357 3702 3541 3780 ὕμνοις
3575 3729 3741 3782 μεγα-

2082 3775 2362 3845 λύνοντας.
3434 3798 3736 3859 Θεοτόκιον,

2163 3865 2252 3964 ΤΕν
2306 3875 2375 3945 τῇ
2429 3876 2616 3951 γαστρί
2697 3897 2789 3932 σου
2850 3877 3156 3960 σκηνώσας,
3235 3880 3295 3937 ἐκ
3348 3887 3574 3963 γαστρὸς
3634 3889 3739 3964 πρὸ

2078 3957 2284 4053 αἰώνων
2346 3962 2524 4035 Πατὴρ
2557 3962 2716 4043 ὅνπερ
2762 3965 3044 4045 ἐγέννησεν
3097 3957 3230 4045 οἶνὸν,
3285 3957 3495 4036 τέλειος·
3518 3957 3740 4053 γέγονεν

2073 4044 2351 4144 effera-curro:
2428 4054 2514 4107 καὶ
2587 4056 2771 4132 πηγὴν
2829 4044 3219 4135 χαρισμάτων
3264 4082 3344 4133 σε,
3432 4044 3736 4144 Θεομῆτορ,

2076 4133 2267 4201 ἔδειξεν
2318 4138 2478 4220 ἡμῖν,
2533 4155 2650 4209 τοῖς
2703 4145 2903 4210 πιστῶς
2934 4148 3291 4227 προσκυνοῦσι
3331 4151 3427 4219 τὴν
3473 4151 3740 4232 ἄφραστον

2081 4246 2177 4281 σου
2209 4226 2483 4304 γέννησιν.

2159 4313 2396 4385 ”Αλλος.
2430 4321 2700 4404 Ἀνάρχου
2732 4329 3075 4407 γεννήτορος.

2161 4407 2493 4505 Μεγαλυνον,
2532 4415 2687 4494 ψυχή
2718 4439 2840 4491 μου,
2874 4419 2996 4480 τοὺς
3045 4418 3100 4475 ὲν
3137 4419 3413 4500 ἱεράρχαις
3445 4431 3735 4505 φωστῆρας

2077 4512 2223 4577 τρεῖς
2269 4502 2538 4581 μεγάλους
2550 4553 2564 4569 ,

2176 4586 2326 4646 -δοὺ
2376 4593 2437 4647 τὸ
2492 4594 2745 4674 ὗμέτερον
2809 4598 3067 4679 γεώργιον
3126 4600 3213 4655 καὶ
3269 4600 3543 4685 ποίμνιον,
3603 4608 3734 4689 ὑπὲρ

2076 4680 2136 4734 οὗ
2176 4680 2297 4744 τοὺς
2332 4682 2611 4759 μεγίστους
2658 4684 2851 4751 πόνους
2896 4688 3159 4756 ὑπέστητε
3194 4703 3208 4718 ⁸
3260 4690 3333 4752 εἷς
3366 4690 3420 4747 ἓν
3451 4680 3732 4753 συνελθόνξ

2074 4787 2162 4830 τες
2195 4772 2329 4844 ὁμοῦ
2390 4792 2469 4846 τε,
2527 4774 2649 4839 τοὺς
2698 4790 2846 4855 τρεῖς
2900 4778 3035 4853 ὑμᾶς
3066 4777 3576 4857 συμπαραλαϐόντες
3610 4809 3726 4843 κοι-

2077 4858 2170 4925 νὴν
2195 4857 2397 4939 ἔχομεν
2427 4861 2635 4920 α’ίνεσιν
2665 4866 2764 4934 τὴν
2793 4868 2939 4944 ὑμῶν
2970 4867 3192 4937 ἡξίστην
3225 4867 3436 4930 ἕνωσιν.

2156 5036 2679 5139 θυίεγᾷάλυνον,
2712 5066 2836 5121 μου,
2869 5046 2992 5111 τοὺς
3041 5055 3549 5139 τρισσολάμπτηρας
3594 5067 3726 5138 Χρι-

2071 5127 2198 5181 στοῦ
2228 5131 2327 5194 τῆς
2374 5125 2719 5197 Ἐκκλησίας.

2172 5218 2261 5319 ςύ
2310 5214 2568 5319 ⁸Ῐδίστομον
2602 5223 2900 5319 ,μάχαιραν
2942 5230 2976 5298 ἡ
3025 5231 3204 5310 χάρις,
3252 5233 3389 5293 ἀλλὰ
3440 5238 3721 5319 τρίστομον

2070 5305 2207 5409 κατᾶ
2263 5308 2370 5362 τῶν
2414 5308 2689 5386 πολεμίων
2746 5318 2910 5384 αὐτῆς
2955 5320 3368 5397 προσϐάλλεται·
3403 5305 3721 5409 ἓνιοῦρανο-

2070 5393 2370 5473 χάλκευτον
2419 5396 2560 5477 ξίφος
2638 5404 2805 5478 τρισὶν
2883 5406 3088 5483 ἀκμαῖς
3146 5393 3572 5495 κατεστωμένον;
3644 5420 3727 5474 ἀεὶ

2069 5486 2493 5564 προμαχόμενον
2522 5488 2853 5569 τριλαμπους
2878 5504 3005 5571 μιᾶς
3040 5501 3330 5571 Θεότητος,
