4176 6388
1499 365 1943 431 ACOLUTHIA
1988 363 2375 428 TBIPLICIS
2417 363 2656 426 FESTI.

3514 375 3746 427 CCCLXV

438 505 773 584 Μεγάλονον,
833 503 988 583 ψυχή
1042 527 1168 584 μου,
1231 506 1354 569 τοὺς
1414 503 1822 580 κεκοσμηκότας
1877 511 1982 581 Χριη

2180 499 2514 580 Magniﬁca,
2551 499 2748 562 anima
2789 517 2938 580 mea,
2970 517 3072 561 eos
3104 496 3205 578 qui
3235 497 3452 562 Christi
3486 513 3741 560 exorna-

359 618 484 654 στου
512 597 613 663 τὴν
647 593 969 659 Ἐκκλησίαν
985 641 999 656 ,

464 692 637 759 ν-ςμῶν
698 686 759 739 τὸ
804 682 1092 757 πολίτευμα
1147 683 1201 739 ἐν
1255 688 1500 763 οὐρανοῖς
1548 683 1635 761 ἦν,
1673 681 1889 756 ἔνδοξοι,
1924 683 2010 739 καὶ

355 775 453 843 τὴν
479 776 648 852 σάρκα
678 773 1008 852 φρονούντων
1034 775 1105 838 εἰς
1137 772 1214 829 ἔτι
1259 771 1484 830 ἄσπιλον
1522 793 1535 806 ·
1587 775 1676 835 οὒς
1707 772 2006 851 εἰλικρινῶς

355 871 443 922 νὸν
494 865 778 934 οἰκοῦντες,
826 861 948 926 τοὺς
1002 861 1086 918 ἐπὶ
1136 868 1239 939 γῆς
1296 864 1440 938 ἡμᾶς
1498 862 1880 941 στρεφομένους
1940 863 2005 917 τὰ

353 949 466 1010 ἄνω
519 950 836 1031 πρεσϐεὒετε
924 953 1010 1006 καὶ
1097 965 1310 1032 φρονεῖν
1366 952 1454 1008 καὶ
1513 954 1998 1029 πραγματεῦεσοαι,

360 1041 641 1098 Θεοτόκιον
655 1087 666 1099 .

437 1130 767 1210 Μεγάίλυνον,
805 1129 956 1210 ψυχή
992 1153 1113 1206 μου,
1151 1131 1248 1199 τὴν
1280 1131 1621 1209 τιμιωτέραν,

461 1234 667 1282 Μτενοϊ
699 1222 796 1296 μὲν
823 1221 883 1275 τὸ
928 1219 1130 1285 πλάτος
1158 1243 1274 1293 σου,
1309 1225 1415 1277 τῶν
1446 1220 1745 1298 μεγαλείων
1784 1221 2006 1278 Δέσποι-

351 1330 439 1384 να,
499 1311 828 1388 καταπνίγον
860 1311 952 1366 τὸν
986 1309 1148 1388 λογον
1193 1313 1292 1368 ὑπὸ
1353 1311 1708 1386 πυκνότητος,
1773 1317 1863 1367 καί
1915 1334 2004 1386 μοι

349 1398 656 1478 παραδόξως
700 1398 973 1474 συμϐαίνει
1025 1402 1086 1456 τὸ
1111 1401 1333 1479 ἀπορεῖν
1364 1402 1424 1456 ἐκ
1453 1406 1553 1466 τῆς
1587 1401 1834 1481 εὐπορίαις
1875 1418 1888 1431 '
1926 1400 2005 1458 διὸ

348 1491 439 1547 τὸν
471 1497 720 1547 τοσοῦτον
754 1510 812 1546 σε
843 1489 1212 1568 μεγαλύναντα
1243 1489 1552 1566 δοξάζομεν.

429 1667 668 1730 ”Αλλος.
693 1666 915 1734 Ἐξὲστη
956 1670 1044 1724 επὶ
1071 1676 1243 1744 τοῠτῳ
1265 1671 1292 1725 ὁ
1324 1669 1564 1748 οὖρανὸς,

428 1845 758 1925 Μεγάλυνον,
825 1847 978 1926 ψυχή
1035 1867 1158 1924 μου,
1201 1847 1320 1910 τοὺς
1351 1852 1448 1914 τῆς
1509 1848 1770 1925 παναγίας
1829 1848 1994 1926 Τριά-

343 1935 430 2000 δος
458 1949 606 2015 τρεῖς
641 1934 925 2010 ποιμένας,

425 2023 665 2102 Ἐπήρθη
727 2029 826 2090 τῆς
889 2021 1107 2100 Τριόίδος
1167 2026 1201 2094 ἡ
1260 2024 1446 2104 ἀρετὴ,
1478 2026 1664 2081 καὶτὰ
1690 2027 1862 2082 πάντα
1894 2032 1992 2093 τῆς

342 2112 496 2181 δόξης
525 2111 860 2193 ἒπλήρωσεν,
917 2111 1087 2180 ἄλλην
1131 2111 1176 2168 δ’
1235 2115 1368 2188 ὑμῖν
1399 2113 1598 2192 αἴγλην
1633 2115 1992 2190 ἀναλάμψασα

342 2202 617 2283 τριλαμπῆ
681 2205 753 2265 ὡς
811 2204 1003 2270 ἑαυτῆς
1065 2203 1414 2281 ἀπαύγασμα,
1468 2205 1590 2269 τοὺς
1652 2205 1988 2284 ἐπουρανίους

341 2293 750 2372 μυσταγωγοὺς,
785 2291 855 2347 δι’
883 2295 957 2347 ὧν
1017 2292 1102 2350 ἐπὶ
1150 2296 1247 2361 τὴν
1290 2295 1431 2351 θείαν
1461 2293 1667 2362 ἐκείνης
1697 2297 1915 2375 θεωρίαν
1946 2301 1991 2353 οἱ

340 2381 669 2449 εὐσεϐοῦντες
693 2378 1036 2462 ὃδηγοὺμεθα
1049 2428 1060 2440 .

417 2560 747 2642 Μεγάλυνον,
783 2563 938 2642 ψυχή
981 2584 1109 2638 μου,
1163 2565 1282 2629 τοὺς
1315 2562 1374 2620 ἐκ
1402 2564 1676 2642 τρισηλίου
1707 2571 1991 2646 φωστῆρας

338 2664 488 2730 τρεῖς
534 2651 820 2729 μεγάλους.

424 2745 536 2799 Οὔκ
597 2739 706 2796 ἔστι
760 2739 1056 2820 δευτερεῖον
1102 2744 1156 2797 ἓν
1188 2755 1306 2807 τοῖς
1369 2745 1552 2822 τρισί·

333 2832 432 2908 γὰρ
475 2831 698 2896 ἕκαστος
762 2831 1002 2911 φέρεται,
1056 2840 1265 2910 πρῶτος
1295 2837 1388 2892 οὐκ
1431 2835 1506 2891 ὢν
1529 2836 1616 2891 καὶ
1643 2837 1762 2901 τοὺς
1800 2838 1990 2910 ὁμοτίο

331 2943 462 2996 μους
512 2921 829 3000 ὑπερ-δικῶν.
879 2919 1258 2988 Ἐξοικειοῦται
1312 2921 1602 2998 μᾶλλονδὲ
1647 2927 1747 2994 τὴν
1804 2926 1986 2996 ἀλλην

332 3007 442 3066 λων
477 3010 630 3076 νίκην
655 3010 966 3089 περιχαρῶς
1001 3028 1018 3047 ⁶
1050 3013 1110 3068 οὐ
1139 3012 1298 3091 χώρα
1327 3015 1426 3091 γὰρ
1475 3013 1694 3070 ἐνταῦθα
1747 3022 1822 3090 τῷ
1854 3016 1983 3095 φθό-

334 3120 408 3174 νῳ
441 3098 759 3178 παρρησίας,
792 3099 1169 3176 λυμαινομένῳ
1197 3105 1297 3169 τὴν
1331 3102 1608 3176 ὁμόνοιαν,
1822 3106 1978 3172 Δόξα.

1613 2746 1678 2800 τὰ
1737 2742 1992 2822 πρεσϐεῖα

409 3277 740 3355 Μεγάλυνον,
818 3281 972 3359 ψυχή
1033 3301 1158 3354 μου,
1243 3283 1342 3346 τῆς
1403 3285 1823 3361 τρισυποστάτου
1896 3286 1983 3342 καὶ

327 3363 622 3442 ἀδιαιρέτου
654 3368 920 3435 Θεότητος
957 3370 1016 3425 τὸ
1048 3369 1264 3448 κράτος.

410 3457 640 3536 Πατέρες
687 3460 718 3526 ἡ
765 3457 1005 3514 εὐσέϐεια
1048 3460 1166 3524 τοὺς
1199 3459 1360 3528 αὖτῆς
1407 3461 1780 3538 προτοτόκους
1841 3465 1987 3530 υἱοὺς

326 3545 665 3620 ἀναδείξασα,
713 3547 876 3604 τέκνα
931 3550 1110 3628 φωτὸς
1161 3551 1357 3626 γνήσια
1401 3552 1488 3606 καὶ
1535 3550 1733 3625 ἄμωμα
1763 3550 1828 3607 δι’
1884 3553 1984 3609 αὖ-

324 3641 431 3693 τῶν
484 3635 831 3712 τελειούμενα
896 3639 1184 3714 ῐΙνεόματι,
1246 3645 1324 3714 τῷ
1380 3641 1522 3712 ζωὴν
1575 3639 1867 3710 λαλτςσαντι
1926 3644 1980 3698 ἐν

324 3727 530 3798 αὐτοῖς,
574 3730 662 3784 καὶ
706 3728 895 3798 σώζειν
950 3727 1242 3794 ἐξαιτεϊται
1301 3731 1372 3796 εἷς
1403 3729 1556 3796 τέλος
1588 3732 1683 3799 τὴν
1737 3732 1973 3810 εἰρήνη-ι,

325 3817 393 3886 ἣν
439 3815 532 3872 ἀπ’
578 3819 746 3873 αὐτῶν
788 3816 1246 3897 ἑκληρονὸμησεν,

531 3909 628 3964 Καὶ
658 3913 770 3964 νῦν.

409 3994 742 4076 Μεγάλυνον,
776 3998 930 4076 ψυχή
975 4019 1103 4071 μου,
1139 3999 1238 4066 τὴν
1264 4000 1607 4078 τιμιωτέραν.

407 4087 526 4141 Υἱὸν
586 4092 720 4142 Πεοῦ
776 4095 868 4144 τοῦ
925 4095 1120 4158 ζῶντος
1161 4091 1193 4157 ἡ
1249 4092 1353 4147 τῶν
1409 4099 1588 4170 σοφῶν
1647 4091 1974 4151 διδασκάλων

320 4174 554 4252 ἀκρότης
611 4174 832 4254 ἒκήρυξε
880 4178 970 4232 τὸν
1016 4180 1107 4233 σὸν
1141 4180 1275 4259 υἱὸν,
1326 4179 1376 4244 ἐξ
1426 4181 1818 4258 ἀποκαλύψεως
1861 4208 1971 4242 πα-

321 4265 530 4342 τρικῆς,
579 4264 672 4321 οὐκ
700 4267 762 4321 ὲκ
790 4269 985 4344 σαρκὸς
1047 4269 1135 4324 καὶ
1180 4268 1413 4342 α’ίματος
1467 4280 1618 4329 τοῦτο
1679 4279 1968 4349 μυηθεϊσα,

321 4358 502 4431 Μῆτερ
535 4357 686 4412 Θεοῦ.
746 4357 840 4412 Διὸ
887 4378 944 4412 σε
1002 4359 1090 4412 καὶ
1147 4359 1412 4435 Παρθένον
1447 4359 1709 4427 δοξάσασα
1757 4366 1976 4441 Μητέρα

319 4444 408 4500 καὶ
440 4445 699 4501 Θεοτόκον
729 4445 1080 4523 ἐμεγάλυνεν,
1647 4453 1974 4518 Καταϐασία.

403 4534 648 4606 Θεοτόκε,
700 4536 734 4604 ἡ
796 4535 946 4601 ἐλπὶς
1001 4539 1213 4593 πάντων
1265 4543 1368 4595 τῶν
1401 4548 1751 4620 Χριστιανῶν,
1787 4546 1974 4626 σκέπε,

323 4621 552 4702 φύλαττε
583 4625 704 4688 τοὺς
735 4623 1048 4698 ἐλπίζοντας
1081 4629 1155 4691 εἷς
1186 4629 1270 4692 σέ.

405 4710 494 4770 Ἐν
554 4715 726 4793 νόμῳ,
792 4722 918 4788 σκιᾷ
974 4719 1062 4774 καὶ
1114 4719 1391 4798 γράμματι
1437 4719 1601 4777 τόπον
1661 4722 1972 4799 κατείδομεν

316 4803 365 4858 οἱ
394 4805 594 4865 πιστοί.
662 4811 768 4860 [Ιᾶν
829 4803 986 4882 ἄρσεν
1039 4809 1100 4863 τὸ
1144 4810 1241 4876 τὴν
1271 4815 1479 4888 μῆτραν
1516 4809 1788 4890 διανο“γον
1820 4814 1971 4889 ἅγιον

319 4897 458 4964 Θεῷ.
527 4896 616 4950 Διὸ
667 4895 1012 4968 πρωτότοκον
1064 4897 1258 4976 Λόγον.
1319 4902 1520 4977 Πατρὸς
1554 4901 1791 4982 ἆνάρχου
1826 4907 1964 4985 Υἱὸν,

319 4984 826 5060 πρωτοτοκούμενον
858 4987 1050 5065 μητέρι
1084 4987 1441 5069 ἀπειρέινδρως
1491 4991 1882 5069 μεγαλύνομεν,

1466 3911 1767 3972 Θεοτόκιον.

401 5159 930 5245 Ἐξαποστειλαριον.
971 5163 1028 5224 Ὀ
1063 5166 1280 5246 οὐρανὸν
1311 5182 1427 5232 τοῖς
1459 5168 1690 5248 ἄστροις,

397 5348 470 5396 Ta
501 5349 594 5398 τοῦ
627 5344 802 5424 φωτὸς
849 5342 1065 5426 δοχεῖα,
1115 5348 1207 5410 τὰς
1258 5345 1619 5424 φεγγοὸὸλους
1670 5351 1959 5431 ἀστραπὰς,

315 5429 590 5489 Βασίλειον
639 5435 727 5488 νῦν
757 5437 849 5488 τὸν
882 5437 1084 5515 Μέγαν,
1120 5439 1413 5516 Γρηφὸριον
1474 5439 1758 5516 Θεολὲγον,
1823 5429 1961 5520 Χρυέ

312 5519 579 5595 σὸστομον
615 5523 870 5587 Ἰωᾶννην
903 5525 1373 5606 ἆνευφημήσωμεν
1404 5529 1618 5593 παντες,

911 5715 1144 5799 ’Ἕτερον
1168 5721 1375 5794 ὅμοιον,

389 5799 457 5858 Ἢ
502 5801 670 5859 ἐνιαία
704 5802 932 5886 Θεὸτης,
959 5811 1162 5889 Πατὴρ,
1199 5811 1342 5883 Υἱὸς,
1375 5813 1542 5869 καὶτὸ
1564 5811 1774 5885 Πνεῦμα
1806 5809 1957 5893 ἅγιον

2003 4587 2010 4608 τ
2143 4586 2248 4596 -ν-
2274 4586 2602 4610 υν-η--υ-,ν
2650 4586 2710 4597 νυ
2740 4586 2844 4600 κ...-
2865 4586 3208 4598 ..,......ν-....,
3240 4586 3328 4593 νη,

2003 4586 2212 4704 L)tvge,
2249 4625 2529 4706 defende,
2559 4586 2789 4687 cdstodi
2831 4635 3138 4706 sperantes
3171 4625 3231 4684 in
3266 4633 3339 4683 te.

2095 606 2236 652 vere
2268 590 2622 654 Ecclesium.

2174 707 2236 732 ι-ι
2260 699 2295 740 n
2328 681 2519 754 caelis,
2546 700 2577 742 ο
2611 679 2887 760 gloriosi,
2923 686 3048 740 erat
3105 689 3300 738 vestra
3351 695 3551 737 conve:
3573 676 3740 749 satio,

2091 786 2228 829 cum
2251 773 2450 836 adhuc
2475 789 2713 834 carnem
2743 768 3052 848 gestaretis
3071 767 3618 840 incontaminatam;
3642 764 3744 825 ubi

2091 876 2249 919 nunc
2281 880 2416 923 vere
2463 861 2756 922 habitatis.
2793 861 2947 937 Ergo
2999 869 3186 932 orate,
3221 865 3283 916 ut
3307 875 3412 918 nos
3443 864 3742 917 versantes

2088 945 2150 1008 iu
2182 952 2376 1026 terris,
2416 953 2712 1031 possimus
2742 967 2874 1029 qua:
2904 966 3136 1010 sursum
3180 955 3318 1008 sunt
3341 964 3574 1026 sapere,
3609 962 3741 1024 qua).

2087 1054 2323 1102 sursum
2358 1051 2495 1104 sunt
2525 1059 2827 1122 quaerere.
3471 1034 3731 1096 Mariale.

2166 1132 2505 1212 Magnifica,
2545 1133 2746 1194 anima
2779 1147 2934 1203 mea,
2970 1126 3394 1190 venerandam.

2200 1224 2468 1304 Cntringit
2529 1242 2622 1284 me
2674 1228 2774 1282 tua
2830 1218 3105 1290 latitudo,
3154 1212 3740 1294 magniﬁcentissima

2092 1321 2365 1387 Domina,
2402 1312 2927 1393 magnitudineque
2987 1309 3236 1370 suﬁ‘ocat
3289 1306 3644 1376 orationem,
3681 1309 3738 1363 et

2093 1411 2237 1474 mihi
2274 1405 2544 1468 mirabile
2585 1400 2800 1463 accidit
2859 1398 3119 1478 inopiam
3184 1397 3350 1458 nasci
3411 1411 3478 1456 θλ
3540 1393 3732 1472 copia.

2087 1501 2228 1563 Ideo
2260 1516 2394 1559 cum
2450 1494 2552 1572 qui
2585 1501 2638 1552 te
2674 1500 2984 1569 tantopere
3033 1488 3395 1567 magniﬁcat.
3434 1483 3736 1563 gloriﬁca-

2086 1609 2237 1652 mus.

2161 1680 2351 1758 Alius,
2383 1678 2554 1743 sicut,
2615 1671 2834 1737 Ἐξὲστη
2873 1670 2959 1725 ἐπὶ
3000 1670 3171 1741 τούτῳ
3231 1671 3257 1722 ὁ
3318 1665 3565 1744 οὖρανός.

2021 1880 2056 1928 3
2159 1853 2493 1932 Magniﬁca,
2527 1848 2725 1911 anima
2784 1863 2933 1924 mea,
2984 1845 3374 1905 sanctissima).
3427 1835 3733 1899 Trinitatis

2076 1949 2200 2005 tres
2231 1950 2523 2021 pastores.

2063 2033 2067 2036 ’
2160 2015 2620 2094 200.8υ1)1ἱῐηὶε
2678 2031 2769 2086 est
2814 2022 3121 2085 Trinitatis
3178 2019 3395 2091 virtus,
3431 2025 3490 2079 et
3537 2015 3734 2095 gloria

2075 2140 2182 2182 sua
2215 2119 2534 2200 complevit
2566 2115 2789 2178 omnia.
2825 2112 2942 2176 Sed
2989 2118 3048 2172 in
3091 2109 3261 2172 vobis
3311 2108 3486 2200 longe
3522 2105 3639 2200 alio
3673 2114 3730 2166 et

2075 2194 2370 2291 tripartito
2430 2209 2658 2285 fulgore
2692 2203 2930 2273 emicat,
2971 2208 3276 2291 tanquaan
3307 2198 3375 2291 in‘
3401 2194 3727 2291 majoribus

2079 2285 2268 2362 radiis
2311 2309 2368 2361 et
2427 2295 2772 2361 ccelestibus
2833 2309 3138 2352 sacrorum
3191 2285 3584 2366 principibus,
3618 2302 3725 2361 per

2085 2409 2238 2467 quos
2268 2388 2344 2450 ad
2375 2387 2636 2450 divinam
2673 2383 2832 2445 illius
2853 2377 3416 2459 contemplationem
3445 2374 3524 2455 pii
3545 2373 3728 2435 dedu-

2083 2496 2297 2539 cxmur.

2158 2566 2494 2647 Magniﬁca,
2526 2569 2722 2626 anima
2754 2579 2908 2640 mea,
2941 2576 3012 2621 ex
3043 2556 3263 2637 triplici
3297 2554 3424 2616 sole
3454 2552 3566 2614 tria
3596 2569 3723 2613 ma-

2077 2675 2194 2737 gna
2224 2655 2565 2717 luminaria.

2158 2745 2370 2808 Nullus
2394 2764 2461 2806 ex
2494 2745 2586 2806 his
2619 2742 2810 2803 tribus
2841 2747 3002 2801 tenet
3031 2734 3350 2808 secundas,
3376 2731 3482 2794 sed
3509 2732 3726 2811 primas

2083 2842 2290 2898 tenent
2314 2851 2561 2914 omnes;
2600 2851 2734 2894 cum
2764 2831 2988 2911 primus
3023 2845 3138 2888 non
3171 2825 3245 2885 sit
3275 2823 3377 2903 qui
3408 2839 3579 2914 pares
3609 2821 3722 2914 llo-

2078 2943 2226 2987 nore
2251 2911 2750 3004 exsuperet.Quin
2770 2920 2964 3000 potius
2987 2918 3139 2979 alter
3159 2914 3403 3004 alterius
3419 2911 3722 3004 victoriam

2077 3035 2208 3077 cum
2235 3001 2450 3094 gaudio
2472 3014 2611 3075 facit
2628 3029 2825 3074 suam:
2855 3027 3054 3088 neque
3075 3005 3235 3066 enim
3259 3003 3340 3065 ibi
3367 3003 3528 3064 locus
3548 3001 3724 3094 relin-

2073 3091 2276 3186 quitur
2303 3104 2516 3166 audaci
2579 3101 2840 3180 invidiae,
2874 3094 3258 3162 labefactanti
3312 3091 3717 3244 comoediam.

3573 3199 3717 3244 orta.

3573 3199 3718 3245 Ol‘la.

2153 3283 2486 3364 Magniﬁca,
2521 3283 2721 3344 anima
2769 3299 2925 3359 mea,
2961 3279 3134 3340 unius
3157 3272 3484 3336 individua;
3515 3271 3719 3333 Deita-

2074 3376 2146 3436 tis
2179 3373 2237 3434 in
2270 3372 2463 3434 tribus
2496 3376 2766 3454 personis
2807 3369 3152 3451 potentiam.

2161 3450 2701 3543 Postquam-pietas
2734 3450 2934 3540 patres
2979 3455 3406 3540 primogenitos
3435 3468 3577 3512 suos
3607 3450 3719 3543 (le-

2071 3551 2279 3626 clarat,
2314 3539 2526 3612 eorum
2551 3571 2663 3630 cpe
2697 3539 2854 3612 ﬁlios
2875 3539 3025 3610 lucis
3050 3554 3298 3626 generat
3330 3560 3497 3603 veros
3520 3539 3714 3630 incul-

2069 3649 2352 3721 patosque
2381 3660 2446 3702 ac
2468 3628 2762 3720 perfectos
2795 3637 3147 3718 Spiritu,qui
3181 3635 3357 3694 vitam
3385 3633 3443 3692 in
3472 3629 3614 3709 ipsis
3637 3628 3714 3690 lo—

2064 3731 2352 3809 quitur,et
2376 3731 2518 3808 petit
2542 3729 2601 3790 in
2629 3732 2806 3792 ﬁnem
2834 3746 3022 3808 uSque
3045 3725 3264 3787 servari
3291 3735 3712 3802 pacem,quum

2060 3819 2134 3880 ab
2167 3819 2310 3900 ipsis
2343 3829 2668 3882 consecuta
2701 3830 2811 3881 est.

2227 3907 2288 3968 Et
2321 3927 2500 3972 nunc.
3285 3898 3546 3964 Mariale.

2145 3998 2482 4076 Magniﬁca,
2514 3999 2711 4060 anima
2738 4017 2890 4073 mea,
2922 3995 3338 4059 venerandam.

2140 4087 2481 4148 FiliumDei
2513 4089 2644 4161 vivi,
2681 4108 2712 4148 ο
2746 4089 2950 4161 Mater,
2989 4105 3122 4149 esse
3153 4085 3333 4145 ﬁlium
3373 4089 3534 4140 tuum
3564 4096 3711 4156 prae-

2064 4176 2277 4236 dicavit
2300 4178 2654 4257 sapientium
2685 4179 2995 4238 doctorum
3021 4174 3317 4254 apex,hoc
3349 4190 3380 4230 a
3406 4174 3710 4229 revelrantc

2067 4269 2232 4328 Patre
2262 4267 2528 4341 edoctus,
2558 4287 2675 4328 non
2720 4287 2751 4327 a
2785 4286 2961 4328 carne
2981 4275 3035 4328 et
3058 4264 3365 4342 sanguine.
3402 4257 3593 4331 Quare
3627 4265 3706 4326 te,

2063 4355 2367 4436 Virginem
2392 4357 2635 4419 Matrem
2661 4366 2717 4418 et
2739 4353 3342 4438 Deiparam,gloriose
3368 4347 3708 4438 magniﬁca-

2061 4446 2167 4508 vit.
2858 4437 2864 4438 ί
3375 4437 3704 4502 Catubasia.

2073 4565 2076 4570 -
2143 4534 2248 4596 Dei
2272 4534 2711 4616 Genitrix,spes
2735 4537 3209 4600 Christianorum
3237 4530 3528 4601 omnium,
3567 4545 3707 4607 pro-

2139 4717 2200 4775 ln
2239 4715 2389 4793 lege,
2430 4714 2640 4776 umbra
2674 4730 2734 4775 et.
2761 4715 2954 4776 littera
2991 4725 3185 4796 typum
3221 4711 3430 4772 ﬁdeles
3459 4706 3703 4784 conspi-

2056 4803 2267 4864 cimus:
2301 4807 2493 4864 Omne
2512 4796 2913 4864 'masculinum
2936 4804 3288 4884 adaperiens
3307 4799 3536 4859 vlilvam
3561 4814 3702 4855 san-

2054 4901 2210 4952 ctum
2248 4895 2370 4954 Deo
2401 4893 2746 4954 estJdcirco
2781 4889 3556 4972 primogenitumVerbum,
3592 4884 3698 4944 Pa-

2055 4982 2161 5042 tris
2187 4983 2398 5044 wterni
2419 4982 3127 5062 Filium,primogenitum
3145 4989 3375 5044 amatre
3399 4977 3527 5037 sine
3553 4975 3698 5053 viro,

2059 5073 2526 5148 magniﬁcamus.

2131 5164 2654 5244 Exapostilarium,
2691 5166 2864 5239 sicut,
2896 5167 2955 5224 Ὀ
2987 5169 3201 5237 ουρανὺν
3238 5180 3351 5227 το’ς
3385 5161 3616 5237 ἄστροις.

2130 5261 2271 5322 ⁵201.
2306 5259 2570 5320 Luminis
2623 5262 3022 5339 receptacnia,
3062 5261 3292 5334 fulgura
3339 5259 3529 5318 lucem
3574 5255 3694 5316 evi-

2051 5349 2301 5423 brantin,
2359 5349 2645 5411 Basilium
2702 5353 2998 5431 Magnum,
3038 5351 3384 5428 Gregorizn-i
3438 5348 3696 5408 Theolo-

2047 5459 2206 5514 gum.
2250 5441 2733 5519 Chrysostomum
2791 5440 3107 5522 Joannem,
3139 5436 3692 5501 onmcs’collamle~

2053 5547 2205 5592 mus,

2617 5714 2794 5777 Aliud
2823 5717 3042 5778 simile.

2135 5803 2266 5868 Una
2318 5804 2545 5886 Deitas,
2595 5804 2790 5882 Pater,
2854 5809 2990 5889 Fili,
3043 5817 3099 5869 et
3155 5803 3410 5884 Spiritus
3461 5807 3684 5872 sancte.
