4176 6424
1292 357 1735 424 ACOLUTHIA
1779 355 2159 421 TRIPLIGIS
2199 356 2441 423 FESTI.

3329 378 3610 430 CCCLXV"

295 503 475 567 Ποίοις
524 500 804 580 ἑγκωμῖων
861 495 1091 577 ῥήμασιν
1148 493 1513 569 ἑπαινέσωμεν
1541 491 1661 557 τούς
1693 489 1836 570 ἱεράρ

2030 489 2258 564 Quibus
2292 490 2723 572 prmconiorum
2754 491 2957 554 verbis
2990 492 3362 556 laudabimus
3395 514 3601 560 sacro-

213 616 345 675 χας,
401 594 521 656 τούς
576 588 959 652 ἷσαποστόλους
1021 585 1075 643 ὲν
1131 585 1315 666 χάριτι
1352 630 1368 659 ,
1436 583 1523 640 καὶ
1575 584 1863 658 ὁμοτίμους

214 674 512 763 χαρίσμασι
592 680 711 744 τούς
772 684 872 745 τῆς
930 675 1173 742 ἀσεϐείας
1230 674 1527 738 καταὶυτὰς
1566 723 1580 748 ,
1619 678 1863 751 σωτῆρας

214 774 303 829 καὶ
362 771 586 850 ὁδηγοὺς
642 769 788 847 λόγῳ
845 768 933 824 καὶ
976 766 1274 845 πράγματι,
1307 764 1585 839 ποιμένας,
1638 784 1865 842 χριστο-

214 861 482 935 μιμήτους
542 857 626 914 διὰ
706 860 933 919 πίστεως
976 904 991 933 ,
1041 855 1161 919 τούς
1237 854 1498 931 ἐπιγείους
1556 851 1816 930 ἀγγέλους
1848 899 1863 930 ,

214 950 429 1028 βροτοὺς
477 948 772 1028 οὐρανίους,
819 949 907 1011 οὓς
970 946 1220 1022 ἐτίμησεν
1277 947 1305 1000 6
1350 942 1594 1023 Χριστὸς,
1640 946 1738 1009 τῆς
1772 941 1864 997 δό-

215 1037 309 1106 ξης
341 1040 368 1095 ὃ
406 1039 614 1117 Κύριος,
648 1040 676 1095 6
706 1038 852 1118 ἔχων
881 1038 943 1093 τὸ
980 1036 1119 1114 μέγα
1150 1034 1296 1102 ἔλεος
1332 1053 1349 1115 ;

296 1130 473 1193 Ποίοις
545 1127 822 1208 εὐφημιῶν
905 1125 1169 1202 στέμματι
1248 1122 1673 1199 καταστέψωμεν
1773 1122 1865 1177 τὸν

215 1217 567 1298 χρυσολόγον,
630 1216 741 1293 ἅμα
803 1214 1063 1290 Βασιλείῳ
1113 1216 1431 1294 Γρηγόριον,
1463 1215 1529 1270 τὰ
1572 1212 1742 1269 σεπτὰ
1771 1209 1862 1268 δο-

212 1322 347 1389 χετα
392 1316 483 1367 τοῦ
543 1308 845 1384 Πνεύματος
879 1353 896 1384 ,
957 1306 1077 1371 τούς
1157 1305 1398 1385 στερροὺς
1468 1308 1566 1370 τῆς
1636 1304 1863 1366 πίστεως

212 1398 549 1479 προμάχους,
597 1399 721 1459 τούς
798 1394 1016 1461 στύλους
1093 1396 1192 1462 τῆς
1253 1392 1599 1465 Ἐκκλησίας,
1660 1396 1863 1449 πιστῶν

210 1489 481 1565 στήριγμα
539 1488 807 1565 ἁπάντων,
868 1486 1280 1563 ἁμαρτανόντων
1330 1484 1684 1563 παραμύθιον,
1746 1505 1857 1549 πη-

208 1576 308 1655 γὰς
358 1575 645 1653 βλυζούσας
700 1577 761 1633 τύ
827 1582 989 1655 νᾶμα,
1025 1574 1076 1641 ἐξ
1129 1578 1188 1632 οὗ
1233 1574 1513 1654 αρυόμενοι
1565 1570 1861 1647 ἡδυνόμεθα

210 1678 332 1731 ταῖς
378 1671 610 1747 ψυχαῖς,
672 1668 937 1727 αἰτοῦντες
988 1665 1335 1746 συγχώρησιν
1393 1662 1719 1743 σφαλμάτων
1772 1665 1861 1719 καὶ

210 1755 350 1833 μέγα
378 1754 551 1831 ’ἐλεοςς
1699 1750 1856 1817 Δόξα.

291 1839 463 1925 Ἠχος
493 1848 520 1901 ὁ
553 1846 732 1926 αὐτὸς,
764 1846 896 1925 πρὸς
925 1846 1009 1919 τὸ,
1060 1842 1305 1922 Σήμερον
1338 1846 1365 1899 6
1413 1842 1656 1922 Χριστός.

291 1935 535 2012 Σήμερον
612 1935 666 1990 αἱ
724 1935 896 2013 ψυχαί
950 1937 1057 1990 τῶν
1121 1932 1367 2011 γηγενῶν
1450 1933 1725 2007 ὐψοὺνται,
1799 1931 1859 1988 ἐκ

207 2035 416 2103 γηΐνων
485 2024 717 2102 σήμερον
777 2022 1006 2094 οὐράνιοι
1066 2023 1300 2100 γίνονται
1348 2027 1453 2079 τῶν
1511 2021 1675 2099 ἁγίων
1707 2021 1761 2078 ἐν
1788 2028 1856 2095 τῇ

208 2113 424 2189 μνήμῃ’
458 2112 511 2169 αἱ
540 2113 641 2192 γὰρ
697 2111 861 2171 πύλαι
929 2119 1037 2170 τῶν
1092 2113 1325 2191 οὐρανῶν
1383 2112 1711 2191 ἐπαιρονται,
1770 2113 1858 2168 καὶ

206 2204 345 2279 ἡμῖν
384 2202 450 2259 τὰ
477 2209 571 2260 τοῦ
626 2203 894 2263 Δεσπότου
920 2204 1286 2283 γνωρίζονται·
1334 2205 1382 2260 οἱ
1425 2201 1577 2280 λόγοι
1607 2203 1727 2266 τούς
1760 2200 1854 2258 λόο

205 2315 333 2367 γους
389 2293 726 2370 κηρύττουσι,
794 2294 883 2350 καὶ
940 2295 990 2350 αὶ
1042 2291 1280 2371 γλῶσσαι
1325 2293 1393 2350 τὰ
1447 2293 1687 2366 θαύματα
1720 2290 1858 2367 μέλ-

206 2405 415 2444 πουσιν.
464 2380 660 2459 Ἠμετς
716 2380 771 2438 δὲ
830 2385 957 2460 πρὸς
1012 2385 1104 2439 τὸν
1162 2385 1390 2461 Σωτῆρα
1448 2383 1685 2459 βοῶμεν,
1725 2381 1860 2446 Δόξα

204 2495 287 2531 σοι
319 2479 527 2552 Χριστῷ
555 2480 634 2547 τῷ
677 2479 813 2549 Θεῷ’
861 2485 981 2538 τοϊς
1012 2474 1111 2552 γὰρ
1146 2484 1363 2536 πιστοῖς
1396 2472 1580 2551 εἰρήνη
1611 2469 1699 2528 διὰ
1728 2471 1857 2528 τού-

204 2585 313 2621 των
342 2562 599 2642 ἐγεγόνει,

372 2654 469 2712 Καὶ
512 2659 623 2714 νῦν.
1174 2652 1454 2710 Θεοτόκιον
1482 2651 1692 2728 ὅμοιον,

289 2743 534 2821 Σήμερον
595 2745 623 2799 6
694 2744 915 2822 Χριστὸς
972 2740 1026 2797 ἐι
1093 2746 1171 2815 τῷ
1224 2749 1331 2817 ναῷ
1374 2741 1722 2822 προσφέρεται
1781 2744 1853 2805 ὡς

205 2831 419 2913 βρέφος·
480 2833 713 2909 σήμερον
742 2833 842 2889 ὐπὸ
896 2832 1059 2907 νόμον
1120 2831 1311 2909 γίνεται
1343 2834 1370 2887 6
1418 2838 1637 2888 Μωῦσεϊ
1680 2828 1850 2896 διδοὺς

206 2923 298 2980 τὸν
358 2924 540 2999 νόμον*
600 2929 705 2980 τῶν
763 2920 1007 3001 ἀγγέλων
1067 2923 1119 2978 αἱ
1168 2925 1406 3000 στρατιαὶ
1466 2919 1848 2997 τεθάμϐηνται,

209 3012 263 3070 ἰν
299 3011 559 3091 ἀγκάλαις
590 3024 844 3092 γηραιατς
884 3010 1249 3091 κατεχόμενον
1278 3012 1371 3068 τὸν
1388 3012 1682 3091 συνέχοντα
1711 3012 1853 3068 πάν-

1950 598 2081 641 rum
2107 580 2431 660 principes,
2466 583 2660 660 gratia
2682 591 2739 643 et
2758 584 2984 643 honore
3005 584 3271 663 aequales
3291 588 3597 665 apostolis,

1949 688 2263 731 eversores
2285 672 2966 750 impietatis,sorvatores
2995 686 3055 734 et
3082 674 3193 735 viae
3216 675 3399 736 duces
3421 677 3600 738 verbo

1948 779 2019 821 ac
2066 760 2247 841 facto,
2285 774 2577 841 pastores,
2615 762 2833 824 Christi
2887 782 2994 842 per
3033 763 3210 826 (idem
3242 765 3596 843 imitatores,

1948 857 2269 913 terrestres
2299 852 2849 931 angelos,homines
2874 852 3326 935 coelestes,quos
3348 858 3601 918 honora-

1950 941 2034 1002 vit
2059 941 2571 1020 Cbristus,gloriae
2600 942 2911 1019 Dominus,
2936 942 3164 1005 habens
3186 963 3457 1024 magnam
3484 947 3599 1009 mi-

1950 1030 2344 1094 sericordiam
2370 1036 2398 1093 ?

2030 1119 2257 1193 Quibus
2301 1120 2706 1183 laudationum
2767 1124 3006 1184 coronis
3054 1124 3389 1205 cingemus,
3420 1126 3603 1189 verba

1950 1228 2138 1273 aurea
2179 1210 2660 1291 proloquentem,
2694 1220 2752 1272 et
2781 1231 2914 1274 cum
2969 1212 3187 1275 Basilio
3219 1214 3597 1296 Gregorium,

1945 1309 2190 1380 augusta
2210 1301 2595 1380 receptacula
2620 1300 2905 1381 Spiritus,
2930 1304 3173 1367 stabiles
3206 1305 3347 1367 ﬁdei
3372 1325 3599 1387 propu-

1944 1389 2561 1470 gnatores,columnas
2583 1390 3158 1467 Ecclesiaa,ﬁdelium
3184 1395 3457 1457 omnium
3490 1395 3606 1456 ful-

1947 1480 2684 1559 cimentum,peccantium
2710 1481 3013 1558 solatium,
3043 1482 3236 1546 fontes
3279 1485 3600 1547 effunden-

1947 1576 2034 1631 tes
2064 1570 2334 1641 laticem,
2364 1587 2541 1649 quem
2568 1568 2670 1650 qui
2701 1570 3031 1649 haurimus,
3056 1574 3350 1636 efﬁcimur
3377 1574 3600 1647 laetitia,

1946 1665 2217 1739 petentes
2249 1669 2581 1720 erratorum
2610 1660 2845 1721 veniam
2873 1668 2930 1722 et
2951 1681 3225 1742 magnam
3251 1664 3601 1725 misericor-

1944 1748 2102 1810 diam
2122 1753 2150 1810 ‘I
3367 1752 3590 1816 Gloria.

1885 1819 1921 1869 Β
2022 1836 2224 1900 Tonus
2254 1837 2411 1899 idem
2449 1838 2601 1901 sicut
2648 1840 2891 1919 Σάμερον
2923 1845 2950 1899 ὁ
2985 1844 3230 1920 Χριστός.

2015 1928 2160 1990 206.
2191 1926 2380 1989 Hodie
2413 1930 2628 1990 animai
2661 1932 3101 2009 terrigenarum
3133 1933 3488 2013 exaltantur,
3525 1950 3599 1995 ex

1943 2017 2336 2081 terrestribus
2356 2017 2534 2079 hodie
2557 2019 2832 2082 caelestes
2856 2022 3373 2094 ﬁunt,sanctorum
3390 2022 3454 2083 in
3479 2041 3601 2083 me-

1942 2108 2315 2171 moria.Nam
2342 2117 2525 2188 portae
2552 2110 2838 2171 cmlorum
2864 2110 3303 2192 attolluntur,et
3324 2131 3455 2193 quae
3476 2114 3598 2175 Do-

1945 2198 2092 2259 mini
2114 2206 2276 2279 sunt,
2305 2214 2375 2260 ea
2399 2196 2572 2260 nobis
2597 2197 3004 2275 innotescunt;
3031 2219 3343 2263 sermones
3365 2219 3601 2264 sermo-

1944 2287 2121 2350 nibus
2153 2286 2578 2367 praedicantur,
2608 2296 2665 2349 et
2720 2289 3007 2353 miracula
3052 2291 3453 2354 decantantur
3483 2292 3602 2352 lin-

1942 2378 2099 2457 guis.
2134 2379 2257 2441 Nos
2283 2395 2428 2438 vero
2461 2378 2533 2441 ad
2565 2380 2942 2441 Servatorem
2979 2382 3350 2444 clamamus:
3397 2380 3603 2447 Gloria

1943 2465 2324 2548 tibi,Christo
2348 2468 2511 2531 Deo:
2539 2486 2646 2549 pax
2672 2470 2832 2530 enim
2862 2469 3143 2532 ﬁdelibus
3174 2489 3281 2551 per
3303 2490 3407 2534 eos
3432 2480 3600 2553 parta

1942 2564 2058 2620 est.

2104 2644 2181 2708 Et
2212 2664 2395 2707 nunc.
2928 2647 3167 2712 Mariale
3208 2649 3429 2712 simile.

2023 2736 2210 2798 Hodie
2243 2733 2514 2797 Christus
2558 2734 2618 2796 in
2675 2734 2897 2816 templo
2951 2745 3220 2817 portatur
3252 2744 3317 2797 ut
3353 2738 3595 2813 infans;

1941 2825 2121 2887 hodie
2142 2824 2336 2887 (itsub
2360 2825 2491 2904 lege
2536 2825 2636 2906 qui
2670 2826 2855 2905 Moysi
2888 2825 3079 2905 legem
3113 2827 3301 2889 dedit.
3336 2828 3598 2906 Angelo-

1938 2934 2073 2978 rum
2092 2915 2389 2977 exercitus
2412 2914 3123 2996 obstupuerunt,quando
3145 2916 3311 2979 illum
3331 2916 3434 2996 qui
3456 2934 3599 2977 con-

1940 3006 2087 3068 tinet
2135 3004 2360 3081 omnia,
2394 3004 2675 3066 viderunt
2727 3005 2888 3066 inter
2939 3005 3154 3068 senilia
3196 3006 3461 3069 brachia.
3495 3004 3592 3068 Si-

212 3125 281 3160 τα
306 3103 592 3164 θεώμεναε.
646 3102 887 3178 Συμεὼν,
926 3098 1199 3165 εὐλαϐείας
1256 3099 1509 3167 πλησθεὶς
1541 3102 1629 3158 καὶ
1657 3103 1856 3183 χαρὰς,

1953 3114 2143 3169 meon,
2180 3095 2397 3176 pietate
2428 3095 2640 3175 plenus
2672 3103 2731 3156 et
2757 3095 3007 3177 gaudio,
3038 3096 3340 3160 clamabat
3374 3118 3387 3159 :
3422 3097 3596 3159 Nunc

214 3189 365 3249 ἐϐόα·
424 3197 527 3251 Νῦν
583 3189 834 3256 ἀπολύεις
907 3212 999 3264 με,
1062 3194 1264 3265 Σὼτερ,
1313 3190 1375 3246 ἐκ
1430 3189 1525 3258 τῆς
1598 3189 1860 3270 ἐπικήρου

210 3283 355 3354 ζωῆς
411 3283 541 3359 πρὸς
595 3282 692 3348 τὴν
750 3280 937 3359 ἀγήρω
979 3277 1128 3347 λῆξιν
1185 3276 1333 3336 εἶδον
1384 3278 1484 3358 γάρ
1530 3300 1609 3355 σε,
1648 3285 1734 3337 καὶ
1767 3283 1861 3337 εύ-

212 3371 446 3453 φράνθην
455 3418 468 3432 .

295 3458 585 3540 Δοξολοφία
643 3458 854 3538 μεγάλη
914 3459 1002 3516 καὶ
1069 3457 1352 3539 ἀπόλυσις,
1402 3457 1612 3516 Δίδοται
1666 3458 1720 3515 δὲ
1775 3455 1863 3517 καὶ

207 3549 359 3629 ἅγιον
390 3549 568 3607 ἔλαιον
597 3562 715 3630 τρῖς
738 3548 1019 3629 ἀδελφοῖς.

1945 3185 2197 3248 dimittis
2230 3203 2347 3259 me,
2373 3182 2680 3258 Servatur,
2711 3203 2781 3247 ex
2805 3186 2915 3248 hac
2939 3185 3130 3265 fragili
3152 3185 3292 3263 vita,
3325 3186 3397 3247 ad
3422 3186 3600 3267 quie-

1949 3285 2064 3339 tem
2097 3275 2203 3337 ubi
2232 3274 2398 3338 nulla
2429 3276 2683 3337 sentitur
2722 3285 3045 3353 senectus;
3077 3276 3199 3339 vidi
3230 3275 3390 3338 enim
3422 3283 3504 3351 te,
3539 3284 3601 3338 et

1947 3364 2261 3429 exsultavi.
3085 3419 3091 3425 .

2028 3455 2166 3518 207.
2199 3453 2482 3534 Sequitur
2526 3455 2881 3534 gloriﬁcatio
2942 3456 3131 3534 major
3188 3464 3246 3518 et
3300 3456 3597 3519 dimissio.

1947 3545 2130 3608 Datur
2160 3551 2359 3606 autem
2392 3551 2449 3605 et
2477 3552 2748 3606 sanctum
2782 3545 2980 3607 oleum
3011 3544 3318 3607 fratribus.

289 3695 476 3760 COMH.
510 3697 782 3778 Diximus
810 3695 1051 3778 quidem
1090 3713 1259 3758 num.
1295 3694 1395 3760 31.
1435 3696 1749 3775 Δοξολογίαν
1794 3721 1858 3763 με

1953 3712 2059 3771 ιην,
2095 3693 2221 3778 sive
2253 3693 2541 3778 majorem
2576 3691 3273 3778 glo_riﬁcationem,_esse
3305 3693 3593 3778 hymnum

207 3778 544 3857 angelicum
571 3798 587 3859 ;
623 3777 729 3840 sed
767 3772 905 3859 quia
934 3777 1022 3839 illi
1056 3778 1298 3859 hymno,
1326 3786 1509 3859 prout
1540 3772 1697 3840 bic'a
1730 3772 1955 3842 Graecis
1986 3776 2293 3859 recitatur,
2315 3772 2616 3859 adduntur
2632 3772 2826 3852 aliqua
2857 3791 2988 3851 quae
3021 3772 3081 3832 in
3117 3774 3324 3835 Latino
3346 3773 3593 3859 minime

209 3853 618 3940 reperiuntur,
650 3853 1349 3940 non'ingratum'lectori‘
1369 3857 1632 3940 futurum
1666 3858 2034 3937 existimo,si
2063 3857 2228 3940 illum
2265 3863 2448 3940 totum
2478 3853 2587 3914 sub
2619 3860 2924 3934 aspectum
2960 3870 3093 3914 cum
3121 3872 3227 3915 sua
3260 3853 3595 3936 appendice

210 3935 490 4021 posuero.
522 3935 684 4003 Talis
710 3935 908 4001 antem
944 3939 1118 4001 nobis
1149 3937 1210 3999 in
1234 3938 1601 4018 Hirmologio
1635 3935 1975 4014 exhibetur,
2012 3937 2206 4020 qualis
2239 3935 2540 4014 sequitur.

296 4086 433 4153 Δόξα
492 4085 546 4142 ἐν
602 4086 838 4163 ὐψῖστοις
901 4094 1039 4165 Θεῷ,
1099 4088 1186 4143 καὶ
1242 4086 1325 4144 ἐπὶ
1375 4092 1477 4166 γῆς
1538 4089 1746 4167 εἰρήνη,
1805 4088 1860 4143 ἐν

210 4177 507 4255 ἀνθρώποις
580 4173 807 4234 εὐδοκία.
872 4174 1169 4251 ’Υμνούμέν
1239 4199 1320 4255 σε,
1398 4176 1716 4256 εὐλογουμέν
1771 4199 1855 4256 σε,

210 4264 604 4346 προσκυνούμέν
660 4287 718 4321 σε
752 4314 767 4338 ,
821 4263 1200 4342 δοξολογοῦμεν
1266 4288 1349 4345 σε,
1438 4268 1858 4348 εὐχαριστούμέν

210 4378 318 4429 σοι,
354 4353 438 4412 διὰ
470 4357 563 4423 τὴν
620 4353 864 4431 μεγάλην
895 4376 989 4411 σου
1020 4352 1191 4419 δόξαι.
1239 4355 1392 4432 Κύριε
1435 4356 1653 4432 βασι.λεύ
1695 4357 1855 4413 ἐπου-

209 4447 376 4521 ράνιε.
412 4446 509 4502 Θεὲ
561 4445 732 4524 Πάτερ
777 4444 1164 4522 παντόκρατορ*
1231 4444 1383 4523 Κύριε
1436 4445 1517 4500 NE
1579 4451 1859 4524 μονογενὲς

209 4534 387 4603 Ἰησοῦ
446 4534 662 4614 Χριστὲ,
720 4534 807 4591 καὶ
853 4530 1001 4612 ἅγιον
1049 4538 1284 4607 Πνεῦμαο
1347 4534 1499 4612 Κύριε
1556 4537 1583 4590 6
1628 4535 1782 4610 θεὸς,
1830 4538 1856 4592 6

212 4623 409 4701 Ἀμνος
460 4631 554 4681 τοῦ
612 4625 764 4704 Θεού,
798 4624 827 4680 ὀ
879 4624 997 4687 Υἱὸς
1026 4622 1118 4679 τοῦ
1159 4623 1386 4702 Πατρός,
1445 4624 1473 4680 ὁ
1521 4625 1689 4701 α’ὶρων
1760 4624 1857 4691 τὴν

2023 4082 2227 4147 Gloria
2264 4082 2325 4143 in
2370 4081 2621 4143 excelsis
2656 4080 2799 4157 Deo,
2833 4090 2894 4143 et
2924 4082 2983 4142 in
3018 4090 3178 4144 terra
3208 4100 3341 4161 pax,
3380 4079 3441 4141 in
3476 4079 3589 4140 ho-

1945 4174 2207 4236 minibus
2223 4172 2380 4234 bona
2402 4172 2695 4233 voluntas.
2724 4171 3064 4234 Laudamus
3091 4170 3594 4249 te,benedicimus

1944 4273 2026 4344 te,
2056 4263 2371 4324 adoramus
2427 4271 2503 4335 te,
2535 4261 2939 4341 gloriﬁcamus
2997 4270 3079 4342 te,
3111 4261 3328 4340 gratias
3359 4260 3592 4337 agimus

1946 4352 2053 4414 tibi
2078 4360 2322 4432 propter
2353 4369 2624 4429 magnam
2658 4351 2907 4430 gloriam
2940 4359 3101 4412 tuam
3133 4371 3148 4432 ;
3185 4350 3437 4414 Domine
3466 4350 3593 4413 Rex

1946 4442 2226 4516 caelestis,
2250 4439 2408 4502 Deus
2436 4449 2603 4521 pater
2624 4441 3027 4521 omnipotens;
3047 4439 3300 4501 Domine
3322 4439 3432 4502 Fili
3459 4438 3596 4499 uni-

1945 4532 2146 4611 genite
2200 4533 2343 4595 Jesu
2399 4530 2656 4611 Christe,
2691 4540 2749 4590 et
2780 4539 2985 4593 sancte
3019 4529 3297 4611 Spiritus.
3338 4528 3589 4590 Domine

1949 4621 2128 4700 Deus,
2154 4621 2358 4700 Agnus
2383 4619 2512 4694 Dei,
2538 4618 2725 4682 Filius
2745 4618 2957 4695 Patris,
2983 4619 3086 4700 qui
3106 4618 3265 4681 tollis
3284 4626 3592 4699 peccatum

205 4714 471 4791 ἀμαρτίαν
520 4720 613 4770 τοῦ
669 4713 897 4792 κόσμου,
945 4709 1222 4792 πρόσδεξαι
1282 4713 1380 4781 τὴν
1412 4711 1591 4781 δέησιν
1621 4715 1798 4788 ἡμῶν.
1829 4715 1857 4770 6

1953 4712 2176 4786 mundi,
2206 4712 2447 4792 suscipe
2475 4709 2956 4790 deprecationem
2982 4716 3269 4771 nostram:
3294 4706 3395 4788 qui
3418 4708 3593 4767 sedes

206 4804 508 4879 κατήμενος
565 4803 625 4859 ὲκ
667 4799 849 4869 δεξιῶν
887 4800 982 4857 τοῦ
1031 4804 1262 4880 Πατρὺς,
1309 4801 1532 4868 ἐλέησον
1575 4804 1744 4877 ἡμᾶς⁴
1777 4801 1855 4859 ὅτι

210 4893 272 4950 σὺ
302 4892 358 4951 εἶ
403 4893 566 4969 μόνος
596 4890 773 4972 ἅγιος,
805 4892 866 4949 σύ
911 4891 965 4947 εἶ
998 4890 1158 4965 μόνος
1185 4892 1371 4968 Κύριος
1401 4892 1607 4958 Ἰησοῦς
1636 4894 1856 4970 Χριστὸς

210 4984 284 5046 εἰς
329 4980 483 5049 δόξαν
539 4989 671 5040 Θεοῦ
706 4984 932 5054 Πατρός.
971 4978 1166 5055 Ἀμήν,
1222 4982 1350 5038 Καθ’
1395 4982 1624 5049 ἑκάστην
1655 4983 1858 5058 ἡμέραν

210 5070 492 5149 εὐλογήσω
520 5093 605 5153 σε,
637 5074 724 5127 καὶ
754 5070 947 5127 αἰνέσω
975 5073 1035 5127 τὸ
1064 5071 1237 5145 ὃνομα
1282 5092 1373 5130 σου
1430 5074 1502 5137 εἰς
1559 5074 1650 5129 τὸν
1692 5074 1859 5129 αἰῶνα

209 5162 301 5219 καὶ
329 5163 404 5225 εἷς
465 5162 556 5217 τὸν
599 5162 774 5218 αὐῶνα
830 5167 919 5218 τοῦ
961 5160 1176 5224 αἰῶνος.
1207 5161 1562 5236 Καταξίωσον,
1594 5162 1771 5242 Κύριε,
1804 5162 1858 5218 ἐν

208 5257 280 5328 τῇ
327 5251 496 5329 ἡμέρᾳ
552 5251 717 5328 ταύτῃ
804 5252 1206 5327 ἀναμαρτήτους
1287 5249 1623 5331 γυλαχθῆναι
1688 5255 1852 5328 ἡμᾶς.

212 5339 518 5417 Εὐλογητὸς
564 5339 646 5418 εἴ,
683 5340 856 5418 Κύριε,
894 5342 921 5396 ὁ
955 5342 1081 5405 Θεὸς
1112 5339 1355 5418 πατέρων
1403 5348 1576 5421 ημῶν,
1633 5342 1718 5397 καὶ
1770 5343 1857 5396 αἱ-

208 5430 362 5487 νετὸν
394 5430 479 5484 καὶ
509 5426 879 5504 δεδοξασμένον
937 5430 996 5485 τὸ
1038 5427 1209 5503 ὅνομᾶ
1240 5451 1332 5485 σου
1362 5432 1437 5493 εἷς
1468 5432 1588 5494 τοὶις
1635 5432 1854 5509 αἰῶνας,

210 5518 411 5595 Ἀμήν,
476 5517 710 5595 Γένοιτο,
768 5519 946 5596 Κύριε,
978 5520 1039 5574 τὸ
1091 5516 1239 5582 ἔλεός
1268 5539 1363 5575 σου
1391 5518 1477 5598 ἔφ’
1504 5521 1676 5593 ἡμᾶς,
1723 5523 1858 5576 καθ-

213 5608 351 5687 άπερ
375 5606 676 5679 ἠλπίσαμεν
731 5604 815 5660 ἐπὶ
841 5609 945 5666 σοί.
996 5604 1296 5685 Εὐλογητὸς
1328 5608 1409 5684 εἴ,
1450 5610 1627 5687 Κύριε,
1660 5606 1860 5673 δίδαξόν

215 5718 287 5775 με
329 5697 395 5754 τὰ
439 5692 772 5758 δικαιώματά
801 5714 918 5751 σου.
1558 5704 1630 5754 Ex
1660 5698 1856 5776 τρίτου.

1943 4800 2016 4863 ad
2052 4801 2359 4863 dexteram
2392 4800 2607 4879 Patris,
2632 4798 2923 4860 miserere
2976 4797 3150 4859 nobis
3176 4819 3189 4861 :
3215 4794 3496 4873 quoniam
3532 4803 3590 4854 tu

1944 4891 2106 4953 solus
2128 4898 2392 4967 sanctus,
2423 4897 2484 4951 tu
2525 4888 2688 4950 solus
2717 4887 3004 4949 Dominus
3026 4885 3201 4949 Jesus
3230 4885 3502 4947 Christus
3530 4884 3591 4943 in

1943 4981 2133 5060 gloria
2165 4979 2270 5043 Dei
2292 4978 2512 5042 Patris.
2546 4978 2759 5041 Amen.
2788 4975 2966 5039 Omni
2996 4976 3094 5038 die
3122 4973 3474 5037 benedicam
3509 4981 3586 5053 te,

1944 5080 2004 5132 et
2024 5069 2278 5133 laudabo
2302 5086 2522 5129 nomen
2549 5081 2711 5134 tuum
2738 5068 2797 5127 in
2840 5066 3122 5128 saeculum
3150 5072 3207 5126 et
3228 5067 3285 5124 in
3308 5062 3590 5125 saaculum

1943 5159 2168 5222 saeculi.
2202 5158 2481 5238 Dignare,
2515 5156 2790 5231 Domine,
2818 5156 2916 5218 die
2938 5156 3051 5217 isto
3073 5155 3199 5216 sine
3221 5160 3461 5235 peccato
3482 5172 3591 5215 nos

1941 5248 2267 5311 custodire.
2304 5245 2666 5311 Benedictus
2719 5265 2806 5321 es,
2842 5246 3093 5309 Domine
3145 5246 3303 5308 Deus
3357 5252 3586 5322 patrum

1944 5349 2311 5413 nostrorum,
2339 5344 2397 5398 et
2421 5334 2718 5397 laudabile
2742 5344 2800 5395 et
2828 5334 3152 5413 gloriosum
3178 5350 3398 5394 nomen
3422 5342 3587 5395 tuum

1944 5429 2003 5490 in
2043 5427 2281 5489 saecula.
2319 5426 2508 5487 Amen
2569 5426 2710 5495 Fiat,
2740 5423 3017 5502 Domine,
3045 5422 3458 5484 misericordia
3492 5432 3588 5483 tua

1943 5535 2122 5596 super
2144 5512 2785 5591 nos,quemadmodum
2805 5512 3175 5593 speravimus
3199 5510 3261 5572 in
3282 5521 3361 5571 te.
3395 5514 3588 5572 Bene-

1947 5606 2142 5668 dictus
2173 5622 2258 5679 es,
2291 5602 2568 5674 Domine,
2604 5603 2754 5662 doce
2788 5620 2883 5662 me
2929 5600 3386 5681 justiﬁcationes
3436 5608 3580 5658 tuas.

3295 5686 3581 5747 Tertium.
