4176 6394
1404 310 1845 380 ACOLUTHIA
1888 307 2271 375 TRIPLICIS
2315 311 2558 375 FESTI.

3449 320 3704 371 CCCLXXI

305 452 598 519 tremitati
645 450 829 513 medii
865 447 1258 525 accumbens,
1324 457 1384 511 et
1431 466 1565 511 cum
1621 463 1692 507 eo
1724 444 2460 507 crucemAmeminerint.
2486 445 2681 524 Atque
2708 460 2779 504 ea
2826 442 2889 502 in
2933 458 2999 502 re
3047 439 3464 503 doctissimum
3526 439 3701 502 Mori-

305 545 683 608 decussatam
715 541 986 603 referens
1017 544 1077 597 τὸ
1110 548 1151 596 x
1189 560 1204 621 ;
1233 537 1468 600 medius
1501 536 1741 598 tandem
1772 543 1832 597 et
1859 534 1960 595 in-
2046 553 2187 595 num
2221 533 2414 595 habeo
2446 526 2764 596 fautorem.

304 635 421 698 de:
448 638 509 693 τὸ
542 645 581 693 N
619 632 824 693 mafori
855 650 924 692 ex
954 639 1127 711 parte
1178 635 1642 709 repraesentant.
1705 626 1833 699 Quo
1885 642 1957 685 ex

2129 623 2270 686 221.
2304 623 2569 685 Tertium
2603 623 2887 704 denique,
2913 621 3156 684 bicereo
3190 622 3278 683 vel
3328 623 3585 685 tricereo
3626 619 3703 679 si.

305 725 471 786 fonte
504 722 738 787 Goarus
766 722 894 782 haec
930 707 1220 792 hauserit,
1254 707 1527 779 invenire
1556 715 1821 777 nondum
1852 730 1964 794 po-
2048 732 2230 795 gnare
2263 713 2545 794 populum
2578 732 2695 775 non
2720 731 2907 793 usque
2938 714 3087 773 adeo
3119 711 3425 791 proprium
3458 716 3547 771 est
3563 707 3707 770 solis

308 819 418 877 tui.

391 904 534 966 219.
570 901 686 965 Sed
714 902 822 963 hoc
846 901 979 961 loco
1010 896 1490 980 praetereundum
1526 912 1643 956 non
1676 900 1785 973 est,
1823 906 1970 970 prae-

315 994 544 1057 dictam
577 998 867 1055 rationem
904 987 1313 1068 complicandi
1367 984 1720 1064 digitorum,
1778 982 1972 1044 solere

322 1081 554 1147 servari
582 1083 759 1145 etiam
794 1101 828 1144 a
858 1078 1261 1162 pontiﬁcibus,
1292 1076 1433 1139 dum
1465 1093 1599 1136 cum
1645 1072 1865 1150 διιηρίῳ
1916 1076 1974 1133 et

318 1175 573 1253 τρικηρίῳ
603 1171 992 1235 benedicunt.
1057 1169 1165 1231 ES!
1223 1174 1419 1228 autem
1472 1163 1708 1242 δικήριον
1759 1178 1974 1224 cereus

320 1263 611 1340 bisulcus,
647 1263 819 1343 cujus
862 1277 1019 1323 unus
1052 1264 1144 1321 est
1173 1274 1398 1338 ramus,
1434 1256 1556 1317 sive
1587 1253 1833 1334 capulus
1878 1259 1976 1312 aut

2051 803 2400 886 patriarchis
2426 803 2780 882 cmterisque
2842 798 3243 883 pontiﬁcibus,
3296 808 3362 861 ut
3414 817 3545 862 eam
3594 796 3710 859 sibi

2056 892 2497 975 praerogativam
2523 911 2643 954 non
2672 892 2976 953 vindicent
2997 891 3174 953 etiam
3200 887 3708 970 imperatores,id-

2054 1002 2169 1064 que
2193 984 2450 1045 maxime
2474 991 2721 1063 propter
2734 984 3085 1043 unctionem
3105 978 3710 1057 cbrismatis.Duplex

2059 1082 2151 1135 est
2182 1072 2558 1135 Balsamonis
2590 1073 2780 1143 locus,
2812 1068 2914 1132 ubi
2936 1070 3097 1132 istud
3127 1077 3524 1131 asseveratur.
3549 1066 3715 1129 Alter

2056 1163 2129 1225 ad
2157 1180 2284 1224 can.
2317 1162 2391 1225 67
2427 1161 2636 1242 synodi
2667 1159 2996 1223 Trulllanaa
3030 1208 3043 1221 .
3105 1163 3165 1217 Οἱ
3214 1160 3314 1237 γὰρ
3378 1156 3713 1236 πατριάρχας

2056 1251 2477 1333 προϐαλλόμενοι
2510 1251 2768 1330 ὀρθόδοξοι
2822 1250 3064 1328 βασιλεῖς
3098 1248 3164 1305 δι’
3221 1248 3555 1318 ἐςικλήσεωσ
3614 1247 3714 1314 τῆς

324 1335 880 1433 ωδηιιδτίἰιίῐιξᾱιιο
903 1366 1042 1411 vero
1068 1366 1102 1409 e
1117 1365 1283 1409 ramo
1307 1346 1369 1407 in
1384 1335 1609 1406 lineam
1633 1348 1853 1405 rectam
1871 1358 1973 1402 ra-

2087 1347 2209 1421 ιγίας
2242 1342 2482 1423 Τριάδος,
2514 1344 2600 1398 καὶ
2658 1343 2871 1421 Χριστοὶ
2924 1339 3072 1402 ὄντες
3134 1341 3341 1418 Κυρίου,
3405 1335 3714 1400 ἀκωλύτως.

323 1444 577 1507 musculi
596 1428 907 1523 pullulant:
927 1457 1046 1521 qua
1065 1456 1136 1500 ex
1157 1437 1402 1498 notione
1421 1435 1600 1498 etiam
1623 1433 1764 1514 quid
1779 1431 1979 1512 εἱιτρι-

2087 1456 2149 1490 ιτε
2180 1436 2269 1491 καὶ
2293 1434 2594 1510 βούλονται,
2654 1434 2727 1495 εὶς
2799 1433 2861 1488 τὸ
2919 1430 3069 1509 ἅγιον
3131 1431 3501 1506 Θυσιαστήριον
3551 1428 3717 1506 εἰσέρ-

321 1537 509 1614 κήριον
540 1519 717 1596 facile
748 1519 1047 1608 intelligas
1073 1546 1087 1591 :
1123 1526 1400 1590 videlicet
1431 1524 1711 1587 trisulcus
1742 1540 1977 1600 cereus,

2087 1547 2281 1605 LOV‘Czt,
2331 1525 2416 1579 καὶ
2460 1526 2712 1603 θυμιῶσι,
2768 1522 2857 1577 καὶ
2932 1522 3271 1601 σφραγίζουσι
3332 1519 3467 1594 μετὰ
3525 1539 3719 1596 τρικησ-

325 1642 358 1686 e
386 1606 564 1704 cujus
607 1641 724 1684 uno
753 1606 964 1683 itidem
991 1638 1180 1699 ramo,
1219 1627 1341 1681 tres
1371 1615 1470 1678 alii
1531 1613 1854 1676 ramusculi
1911 1610 1982 1672 ad

2087 1618 2199 1677 ιίου.
2233 1617 2407 1677 καθὼς
2439 1617 2486 1670 οἱ
2515 1613 2816 1704 ἀρχιερεῖς.
2859 1635 2885 1667 α
2918 1614 3324 1691 Imperatores
3379 1606 3719 1685 orthodoxi,

327 1701 607 1776 eumdem
640 1711 880 1772 modum
919 1710 1324 1771 effunduntur.
1356 1707 1481 1769 Nec
1512 1722 1617 1765 suo
1644 1703 1748 1764 illa
1794 1702 1984 1763 desti-
2013 1706 2047 1755 Β
2070 1704 2175 1785 qui
2208 1703 2319 1765 sub
2346 1703 2725 1764 invocatione
2757 1712 2979 1763 sanctae
3029 1701 3332 1763 Trinitatis
3383 1703 3726 1778 proponunt

336 1812 584 1865 tuuntnr
618 1800 901 1881 mysterio
934 1821 946 1863 :
981 1804 1201 1882 quippe
1229 1798 1508 1875 Τρικήριον
1534 1794 1595 1854 in
1635 1811 1753 1854 una
1784 1790 1982 1852 divina
2066 1794 2459 1875 patriarchas,
2495 1801 2553 1854 et
2582 1801 2719 1854 suut
2750 1791 2971 1854 Christi
2997 1790 3259 1872 Domini,
3289 1789 3418 1851 sine
3449 1789 3572 1850 ullo
3598 1787 3718 1848 im-

332 1903 542 1954 natura
569 1877 697 1954 tres
721 1877 1033 1953 distinctas
1082 1877 1396 1952 Personas.
1463 1887 1713 1963 Δικήριον
1781 1890 1978 1943 autem
2067 1884 2409 1964 pedimento
2439 1883 2513 1943 ad
2538 1902 2772 1945 sacrum
2798 1882 2985 1943 altare
3004 1880 3323 1961 accedunt,
3353 1877 3591 1960 quando
3622 1895 3725 1938 vo—

335 1981 483 2043 duas
511 1983 571 2043 in
588 1981 926 2047 unaChristi
956 1996 1211 2060 persona
1244 1975 1558 2038 distinctas
1582 1984 1823 2034 naturas
1851 1988 1982 2033 csse
2068 1976 2307 2054 luerint,
2344 1982 2403 2035 et
2432 1975 2568 2037 thus
2598 1973 2862 2055 adolent,
2898 1986 2957 2035 et
3013 1973 3246 2051 signant
3274 1987 3405 2032 cum
3465 1967 3725 2050 tricipite

340 2057 1320 2153 commonstrat,quemadmodum
1345 2074 1432 2128 est
1461 2064 1983 2146 apudSymeouem
2073 2084 2249 2128 cereo
2282 2065 2789 2146 quemadmodum
2846 2063 3181 2145 pontiﬁces.
3218 2086 3245 2117 ι
3309 2060 3475 2121 Alter
3530 2068 3619 2121 est
3662 2057 3725 2119 in

340 2148 938 2225 Thessalonicensem
970 2161 1044 2223 de
1074 2158 1318 2239 templo,
1345 2155 1445 2219 ubi
1492 2156 1567 2216 de
1601 2153 1830 2235 lychnis
1891 2170 1990 2213 ec—
2074 2156 2310 2230 Melete,
2348 2154 2446 2216 ubi
2499 2172 2823 2216 recensens
2880 2171 3084 2233 opera,
3147 2169 3279 2232 quae
3336 2148 3726 2230 imperatores

342 2253 563 2316 clesiae.
597 2252 671 2315 Hi
701 2254 901 2333 itaque
921 2250 1081 2312 cerei
1111 2246 1551 2320 accenduntur;
1585 2252 1644 2305 et
1672 2243 1989 2323 episcopus

341 2345 516 2407 statis
539 2331 907 2425 temporibus
943 2338 1117 2401 modo
1167 2336 1421 2417 bisulco,
1482 2333 1658 2395 modo
1717 2331 1983 2402 trisulco,

344 2421 777 2516 nonnunquam
812 2431 990 2494 etiam
1025 2438 1277 2507 utroque
1305 2423 1586 2505 simul,nd
1619 2421 1987 2484 benedicen-

342 2526 481 2588 dum
513 2510 745 2599 utitur;
778 2523 866 2584 sic
906 2529 972 2583 ut
1022 2528 1166 2582 tunc
1199 2516 1377 2579 etiam
1438 2531 1684 2594 expassa
1745 2510 1990 2572 brachia

348 2616 581 2695 signum
616 2612 814 2676 crucis
841 2612 1299 2692 ropraesentent.

424 2690 566 2768 290.
601 2706 732 2766 Non
763 2720 902 2764 vero
918 2690 1184 2763 vvidebor
1212 2695 1356 2759 ferri
1385 2701 1548 2756 extra
1577 2691 1763 2767 oleas,
1800 2690 1848 2750 si
1880 2690 1992 2751 hac

344 2796 660 2860 occasione
681 2793 795 2855 tria
816 2797 1104 2873 praeterea
1130 2787 1203 2849 ad
1226 2785 1387 2848 hunc
1410 2780 1889 2848 benedicendum
1913 2781 1992 2842 ri-

250 2892 255 2897 ’
345 2897 469 2951 tum
495 2870 1047 2967 spectantia—paucis
1064 2876 1492 2961 perstrinxere.
1526 2875 1816 2944 Primum,
1852 2870 1992 2932 dum

346 2962 588 3045 Graecus
620 2962 955 3060 patriarcha
973 2973 1067 3033 νει
1104 2971 1420 3053 episcopus
1453 2986 1589 3031 cum
1641 2962 1995 3060 Stxqptcpvel

347 3073 601 3154 τρικηρίῳ
620 3055 1168 3148 benedicit,cruces
1184 3062 1457 3124 efl‘ormat
1480 3055 1999 3136 tres;convenien-

353 3146 444 3225 ter
457 3180 598 3224 sane
624 3146 1005 3242 pontiﬁcibus
1025 3151 1455 3227 nostris,etiam
1469 3160 1590 3213 tres
1614 3146 1997 3223 cruces,dum

354 3238 737 3324 benedicunt,
800 3249 1058 3312 formare
1114 3245 1327 3308 solitis.
1400 3239 1645 3306 Probari
1692 3238 1753 3300 id
1808 3242 2001 3318 potest

353 3361 425 3406 ex
451 3341 758 3407 Demetrio
792 3338 1058 3403 Gemisto
1090 3355 1203 3399 ms.
1232 3338 1317 3396 De
1358 3329 1844 3397 ordintiaonibus
1900 3324 2001 3405 qui

353 3433 508 3516 apud
537 3431 822 3510 Cangium
853 3429 935 3492 ait
965 3448 982 3491 :
1013 3428 1075 3485 Ὀ
1122 3426 1484 3516 παιτριάρχηςΓ
1526 3418 1701 3479 λαϐὼν
1766 3420 1827 3475 τὸ
1869 3439 1999 3516 ⁸λιτρια-

357 3509 568 3605 κλήρων²
590 3509 739 3581 ποιεῖ
771 3521 915 3585 αὖθις
960 3519 1210 3597 σταυροὺς
1244 3515 1392 3594 τρεῖς
1446 3511 1642 3570 ἄνωθεν
1672 3516 1764 3567 τοῦ
1823 3509 2001 3585 Εὐαγ-

355 3597 532 3695 γελίου
552 3597 582 3676 ’ς
615 3637 643 3669 α
667 3609 1032 3683 Patriarcha,
1067 3615 1309 3686 accepto
1335 3603 1848 3695 trisnlco_cereo,-
1867 3597 2007 3659 facit

358 3688 576 3768 iterum
590 3721 800 3767 cruces
814 3711 934 3765 tres
946 3690 1650 3781 superEvangelium.rEt
1669 3688 1892 3761 mox,’0
1908 3709 2007 3744 πα-

356 3799 644 3877 τριάρχης.
684 3794 897 3872 βλέπων
939 3780 1074 3870 προς
1142 3790 1236 3851 τὰς
1298 3786 1496 3860 δυσμὰς
1552 3782 1766 3860 εὔλογεϊ
1836 3780 2002 3855 μετὰ·

356 3868 626 3965 τοικῆξίου
657 3868 750 3941 τνδν
791 3883 920 3939 λαὸν
951 3868 1060 3960 τρίς
1103 3897 1116 3942 :
1153 3901 1176 3935 ‹‹
1214 3876 1558 3965 Patriarcha
1586 3871 1662 3934 ad
1720 3868 2007 3965 occiden-

360 3957 479 4037 tem
512 3957 860 4046 conversus,
886 3957 1186 4031 benedicit
1210 3964 1424 4046 populo
1442 3971 1535 4025 ter
1583 3977 1716 4023 cum
1766 3957 2010 4021 trisulco

359 4081 558 4127 cereo.
596 4086 619 4121 α
654 4061 884 4124 Deinde
900 4058 1125 4122 bicerei
1154 4064 1212 4119 et
1241 4046 1478 4117 tricerei
1508 4070 1654 4114 usus
1674 4068 1793 4113 non
1837 4047 2009 4110 vide-

358 4163 454 4218 tur
468 4153 789 4217 admodum
812 4146 1247 4230 antiquus.Hoc
1269 4164 1390 4207 non
1420 4163 1490 4206 ex
1514 4162 1584 4204 eo
1609 4140 1852 4223 quidem
1882 4137 2012 4199 col-

360 4245 503 4325 ligo,
535 4243 697 4324 quod
729 4241 793 4304 S.
828 4228 1000 4303 Sabae
1054 4236 1343 4319 Typicum
1403 4234 1769 4325 mentionem
1803 4228 2013 4325 ipsius

362 4319 683 4398 nenia-ciet
707 4333 851 4412 (hoc
881 4330 1043 4392 enim
1067 4327 1352 4407 Typicum
1385 4342 1490 4405 pro
1542 4319 1899 4405 patriarchis
1955 4324 2014 4380 et

362 4425 663 4509 episcopis
694 4421 933 4503 proprie
964 4418 1252 4499 scriptum
1283 4434 1405 4477 non
1438 4416 1575 4491 est),
1608 4430 1813 4474 verum
1840 4426 1912 4470 ex
1940 4426 2010 4470 eo

2073 2265 2207 2309 cum
2234 2244 2585 2327 patriarchis
2618 2244 2838 2305 habent
2868 2242 3231 2316 communia,
3268 2241 3353 2302 sic
3407 2239 3669 2320 loquitur
3704 2258 3719 2298 :

2074 2338 2343 2396 Ἐντεῦθεν
2401 2339 2447 2392 οἱ
2496 2337 2673 2392 πιστοὶ
2719 2332 2968 2390 δεσπόται
3029 2335 3117 2389 καὶ
3168 2331 3546 2411 αὗτοκράτορες
3618 2351 3726 2387 και-

2070 2428 2390 2507 τηχητιοιὼς
2422 2424 2667 2501 ὁμιλοῦσι
2703 2431 2779 2498 τῷ
2836 2422 3193 2502 Χριστωνύμῳ
3217 2421 3353 2496 λαῴ,
3400 2422 3488 2477 καὶ
3541 2420 3727 2496 θυμῶ-

2071 2506 2268 2581 σιννώς
2296 2518 2457 2594 ἱερεῖς
2502 2518 2594 2571 καὶ
2623 2515 2759 2588 μετὰ
2787 2514 3027 2590 τικηρίου
3081 2514 3445 2593 σφραγίζουσι.
3486 2532 3510 2565 α
3576 2506 3728 2570 Hinc

2076 2607 2348 2687 (propter
2372 2604 2709 2666 unctionem
2733 2602 3104 2677 Chrismatis)
3126 2600 3337 2662 ﬁdeles
3362 2597 3733 2687 Duminiim-

2076 2686 2382 2775 peratores
2406 2691 2691 2754 erudiunt
2715 2689 3115 2752 Christianum
3142 2690 3518 2770 populum,et
3543 2686 3729 2748 odore

2077 2784 2267 2846 thuris
2298 2780 2705 2861 suffumigant,
2741 2787 2799 2842 et
2831 2778 3071 2841 bicereo
3105 2775 3492 2840 benedicunt.
3538 2798 3562 2833 υ

2159 2874 2402 2936 2‘22.Ex
2430 2873 2522 2933 his
2535 2879 2720 2952 porro
2770 2870 3011 2949 planum
3035 2867 3268 2949 ﬁt,quid
3296 2867 3369 2927 sit
3389 2865 3546 2947 apud
3572 2865 3731 2928 Grie-

2079 2984 2185 3027 cos
2217 2964 2440 3043 δικηρίῳ
2468 2966 2565 3018 καὶ
2618 2962 2876 3041 τρικηρίω
2944 2962 3266 3039 σφραγίζειν·
3318 2974 3390 3019 ex
3447 2955 3619 3036 cujus
3640 2953 3732 3016 rei

2080 3060 2459 3136 iguoratioue
2505 3070 2638 3134 quae
2681 3051 3238 3131 interpretationum
3312 3055 3581 3109 monstra
3619 3044 3731 3107 ali-

2082 3132 2319 3226 quando
2352 3143 2509 3206 edita
2528 3132 2721 3204 sunt!
2775 3142 3075 3221 Interpres
3103 3138 3306 3200 nescio
3360 3137 3516 3219 quis,
3575 3132 3733 3216 apud

2083 3236 2434 3300 Gretserum
2463 3239 2731 3293 nostrum
2756 3229 2951 3292 Horto
2981 3227 3044 3291 S.
3068 3228 3274 3292 crucis
3304 3235 3455 3308 part.
3483 3242 3550 3306 v,
3600 3242 3731 3304 cap.

2082 3328 2187 3402 21,
2240 3325 2440 3386 locum
2499 3320 2667 3383 illum
2726 3318 3119 3393 Balsamonis,
3178 3320 3266 3374 καὶ
3318 3318 3453 3393 μετὰ
3501 3314 3737 3395 δικηρίου

2085 3416 2450 3497 σφραγίζουσι,
2495 3413 2576 3474 ita
2604 3418 2779 3472 vertit
2812 3432 2826 3473 :
2862 3436 2884 3467 »
2924 3410 3070 3473 Cum
3118 3425 3256 3470 cera
3289 3404 3511 3488 duplici
3566 3405 3737 3467 obsi-

2084 3512 2290 3586 gnant.
2330 3527 2353 3563 ι)
2388 3501 2785 3576 Quamobrem
2820 3501 2935 3562 iste
2967 3501 3286 3579 interpres,
3303 3497 3737 3559 nonimmerito

2086 3584 2123 3657 ἐι
2138 3595 2416 3657 Gretsero
2446 3589 2934 3671 reprehenditur.
2955 3589 3072 3652 Sed
3090 3606 3164 3648 an
3189 3605 3308 3647 non
3328 3584 3507 3647 etiam
3531 3602 3739 3664 repre-

2089 3682 2446 3747 hennendus
2469 3682 2544 3742 sit
2567 3682 2886 3757 Gretserus
2907 3675 3226 3759 ipse,quod
3251 3676 3465 3738 eodem
3484 3674 3587 3735 illo
3612 3673 3740 3735 Bal-

2089 3773 2355 3836 samonis
2385 3772 2539 3845 loco,
2577 3789 2683 3851 pro
2708 3769 2945 3847 δικηρίου
2975 3765 3295 3846 legendum
3329 3772 3572 3827 censeat
3616 3786 3736 3841 τρι-

2089 3866 2300 3940 κηρίου,
2327 3860 2620 3941 judicium
2655 3860 2731 3921 sit
2760 3858 3039 3921 aliorum.
3091 3854 3320 3917 Etenim
3381 3854 3473 3914 vir
3530 3859 3745 3915 caetera

2092 3953 2363 4018 eruditus
2394 3951 2629 4012 videtur
2664 3949 2952 4023 nescisse,
2987 3947 3222 4025 δικήριον
3254 3961 3492 4025 quoque
3519 3960 3623 4005 seu
3656 3942 3747 4004 bi-

2093 4044 2324 4106 sulcum
2349 4040 2516 4102 illum
2542 4056 2781 4101 cereum
2808 4033 3221 4118 impartiendis
3258 4036 3318 4096 in
3348 4050 3516 4096 sacro
3548 4031 3741 4094 ofﬁcio

2097 4131 2620 4196 benedictionibus
2649 4128 2831 4190 fuisse
2881 4146 2914 4188 a
2945 4125 3167 4190 Graecis
3224 4123 3576 4186 adhibitum.
3637 4119 3748 4183 Hic

2097 4235 2300 4288 nostro
2333 4222 2409 4283 de
2441 4219 2741 4282 Laudibus
2774 4221 3202 4281 commentario
3241 4215 3422 4277 ﬁnem
3483 4212 3745 4293 imponi-

2097 4332 2230 4377 mus
2264 4334 2277 4376 :
2308 4329 2446 4374 nam
2478 4312 2690 4372 fratres
2724 4327 2757 4369 e
2787 4307 3011 4388 templo
3035 4307 3325 4369 abeuntes
3366 4311 3582 4366 vocant
3614 4319 3746 4375 nos,

2094 4405 2167 4467 ad
2203 4420 2370 4465 suam
2400 4401 2653 4483 quisque
2686 4398 2992 4477 cellulam,
3022 4404 3088 4458 ut
3143 4412 3290 4476 quas
3350 4392 3434 4454 ibi
3489 4392 3753 4454 minores

364 4485 521 4597 quod
550 4485 664 4577 riec
782 4485 1107 4585 ﬂeximus;
1126 4525 1236 4569 nec
1266 4504 1329 4569 S.
1365 4485 1695 4569 Germanus
1744 4498 2014 4579 ejusdem
2040 4506 2081 4557 ο
2100 4494 2277 4556 horas
2305 4492 2578 4565 recitent,
2614 4488 2915 4571 dispicere
2942 4485 3266 4569 possimus.

1730 4616 1977 4684 CAPUT
2023 4613 2382 4689 QUINTUM.

617 4730 704 4794 De
731 4729 900 4792 horis
929 4723 1291 4804 minoribus,
1319 4720 1537 4784 mediis
1569 4717 1772 4796 horis;
1797 4724 1850 4777 et
1891 4714 2225 4804 apodtpno,
2262 4708 2426 4790 quod
2454 4706 2786 4804 respondet
2818 4711 3031 4804 nostro
3076 4700 3511 4804 Cant-pletorio.

452 4824 595 4891 2‘23.
619 4791 814 4887 firmi
845 4821 1095 4883 diurnas
1126 4791 1305 4901 horas
1334 4814 1560 4901 habent
1582 4791 1997 4901 totidem,_quc

2087 4802 2324 4901 [‘ifilini,_
2365 4820 2580 4885 nempe
2636 4802 2893 4901 πρώτην..
2934 4799 3162 4901 τρίτηνἲ
3203 4796 3388 4888 ἕκτην.
3455 4796 3547 4850 καὶ
3610 4791 3761 4850 ἐννά-

364 4878 495 4988 “cmi;
530 4878 1111 4985 EiiEié'mjéﬁiaﬁl',
1129 4878 1374 4961 sentam
1401 4905 1458 4958 et
1481 4897 1737 4958 Nonam.
1766 4878 1879 4953 Seil
1904 4878 1965 4949 in
1989 4906 2059 4950 eo
2083 4885 2459 4965 dissentiunt,
2506 4878 2664 4963 quod
2680 4878 2820 4962 post
2848 4879 3111 4988 singulas
3129 4878 3310 4939 horas
3332 4878 3475 4977 jam,
3494 4889 3757 4935 comme-

762 4985 771 4988 _
976 4983 985 4988 .
1122 4984 1130 4988 .
1242 4987 1245 4988 ,
1337 4979 1347 4988 .
1502 4975 1515 4987 ι
1731 4972 1771 4988 ιο
1864 4970 1879 4988 1
2065 4985 2076 4988 _
2108 4986 2133 4988 __
2184 4984 2342 4988 ,μμημ
2383 4981 2438 4988 ,η
2474 4981 2598 4988 ..μμ
2625 4982 2728 4988 Α--
2755 4962 3002 4988 ..-ε-...Μ
3104 4956 3279 4988 κλει-..α
3336 4977 3602 4988 ..-_..-.-..
3660 4960 3757 4988 ...ἴα

368 4955 627 5055 inbratas
651 4955 910 5050 recit’ent
942 4955 1174 5061 singdia
1200 4955 1591 5061 ﬁngente
1614 4972 1842 5061 medias
1863 4970 1997 5061 hora

2098 4984 2347 5061 quarum
2376 4955 2601 5056 φράξε
2624 4955 2731 5044 pos
2755 4955 3007 5061 primam
3062 4956 3299 5049 dicitur,
3336 4955 3602 5061 asceam
3655 4960 3757 5046 τῆς

364 5034 587 5159 πρώτης
612 5073 1010 5159 nuncupatur;
1036 5034 1167 5159 ξιιω
1192 5068 1324 5140 post
1338 5034 1623 5159 Tertiam,
1646 5054 1907 5134 μεσώριον
1934 5056 1997 5119 τῆ

2087 5034 2267 5129 ερῖτης,
2301 5046 2457 5109 etsic
2485 5034 2811 5124 deinceps.
2862 5046 2950 5106 De
2971 5038 3247 5103 mesoriis
3272 5044 3477 5100 autem
3502 5037 3626 5098 haec
3653 5034 3755 5096 in—

364 5137 554 5229 venio
568 5152 626 5212 in
648 5137 871 5231 Typico
909 5137 1019 5207 sub
1049 5137 1233 5206 finem
1265 5137 1539 5221 capitis?)
1571 5158 1585 5201 :

445 5261 522 5319 Τὰ
551 5258 605 5315 δὲ
637 5257 884 5337 Μεσώρια
914 5256 1012 5322 τῆς
1044 5250 1096 5333 γ’
1127 5251 1267 5332 ὥρας
1298 5252 1386 5306 καὶ
1429 5246 1506 5322 ς’
1560 5246 1791 5305 πάντοτε
1827 5243 1880 5299 ἐν
1944 5248 2011 5319 τῇ

364 5351 660 5423 Ἐκκλησῖᾳ
717 5346 1010 5425 ψάλλονται
1054 5343 1177 5403 ἄνευ
1238 5349 1344 5399 τῶν
1398 5340 1698 5419 ἆγρυπηῶν
1770 5358 1859 5392 και
1908 5337 2014 5388 τῶν

365 5443 559 5522 ἑορτῶν
611 5441 665 5497 ἐν
722 5424 812 5500 ut;
859 5438 1091 5517 γίνονται
1166 5430 1482 5522 δοξολογίοιι,
1518 5430 1590 5487 Τὸ
1636 5425 1721 5522 δὲ-
1750 5424 2018 5502 μεσῶριον

365 5540 464 5601 τῆς
496 5532 712 5611 πρώτης
740 5515 882 5607 ὥρπξ
911 5527 1048 5589 ἐστὶν
1078 5526 1269 5586 οὓτως,
1300 5521 1447 5579 Μετὰ
1475 5521 1536 5575 τὸ
1597 5515 1860 5573 ἀπολῦσαι
1927 5515 2021 5569 τὸν

2179 5236 2317 5301 2924.
2350 5234 2639 5299 «Mesoria
2662 5232 2879 5295 Tertiae
2903 5239 2961 5293 et
2980 5228 3171 5294 Sextaa
3192 5244 3434 5307 semper
3449 5226 3529 5304 lin
3550 5224 3761 5288 Eccle-

2100 5333 2189 5395 sia
2217 5329 2645 5392 concinuntur.
2683 5334 3084 5407 praeterquam
3116 5323 3177 5383 in
3208 5319 3420 5401 vigiliis
3453 5331 3511 5381 et
3570 5318 3763 5389 festis,

2105 5420 2347 5505 quando
2372 5418 2671 5480 habentur
2701 5411 3415 5494 gloriﬁcationesPrimaa
3437 5420 3629 5471 autem
3660 5411 3766 5470 ho-

2107 5501 2192 5574 ra;
2224 5508 2547 5571 mesorium
2582 5505 2698 5567 tale
2719 5514 2827 5566 est.
2860 5504 3009 5566 Cum
3034 5519 3244 5583 preces
3268 5501 3569 5561 matutinae
3584 5506 3760 5557 aivso-

369 5587 572 5703 ὄρθρον.
608 5587 953 5699 ἀπερχομεθα
995 5616 1049 5673 ἐν
1100 5628 1216 5677 τοῖς
1274 5610 1529 5684 κελλίοις,
1586 5609 1673 5665 καὶ
1721 5612 1996 5665 ποιοῦντες

2110 5600 2394 5703 lutaanjam
2428 5604 2590 5673 sunt,
2624 5598 2684 5657 in
2716 5594 2898 5657 cellas
2920 5591 3311 5703 discedimt‘irs,
3335 5598 3393 5691 et
3412 5589 3567 5649 dicto
3584 5587 3763 5703 Elym-

371 5714 667 5792 τρισάγιον,
741 5709 1010 5787 λέγομεν,
1112 5712 1266 5761 Δεῦτε
1357 5696 1814 5781 προσκυνήσωμεν
1845 5739 1863 5772 ,

1966 5695 2031 5749 ὲκ
2111 5711 2188 5755 no
2246 5688 2582 5769 Trisagion,

2670 5686 2928 5748 dicimus
2988 5687 3165 5745 tertio
3220 5677 3456 5751 Venite,
3544 5675 3765 5735 adore-

280 5858 285 5861 ι
639 5767 727 5858 ἐαὶ
802 5767 1076 5877 έιρᾷόμὲθα
1133 5793 1351 5884 ψαλμὸν
1394 5767 1512 5884 pst,
1539 5788 1624 5884 ’Ὀ

2115 5798 2271 5862 mus;
2304 5788 2362 5842 et
2388 5767 2770 5860 auspicamur
2798 5773 3096 5857 psalmum
3151 5786 3287 5847 XLV,
3344 5767 3503 5884 Dgus
3562 5768 3769 5823 noster

2197 5870 2219 5884 Α
2294 5869 2307 5880 υ
2488 5876 2499 5884 .
2572 5867 2584 5879 ο
2628 5872 2640 5884 ι
2792 5875 2828 5884 ,ι
2906 5862 3177 5884 ,__I_.____.
3209 5871 3303 5884 -.Αι-
3435 5870 3611 5884 Ann-um
3677 5857 3764 5884 nn}

386 5879 673 5972 κάταφυγὴ
730 5890 818 5946 καὶ
890 5885 1129 5962 δύναμις
1214 5882 1301 5939 καὶ
1381 5879 1596 5972 ψαλμὸν

375 5983 441 6045 τὸ
486 5963 927 6063 ἆξομολογιτσθαι
1005 5979 1085 6054 τῷ
1143 5973 1323 6054 Κυρίῳ
1349 5989 1364 6004 ⁸
1457 5971 1547 6031 καὶ
1604 5969 1697 6028 τδν
1755 5963 1858 6045 ⁶ιβ’
1893 6012 1910 6045 ν

1653 5875 1754 5935 μα’
1815 5854 1997 5955 ’Λγᾶθὶ

2122 5854 2415 5949 refugium
2447 5854 2518 5931 et'
2535 5867 2743 5950 virtus;
2776 5854 2838 5929 et
2888 5862 3181 5955 psalmum
3208 5871 3328 5955 xu},
3381 5854 3615 5916 Bonum
3676 5857 3766 5950 est

1977 5961 2040 6024 ’0
2123 5940 2399 6026 confiteri
2455 5940 2757 6035 Domino}
2817 5940 3048 6030 οἶκοι,
3112 5943 3406 6011 Dominus
3480 5940 3769 6021 regnavit.
