4176 6418
1798 384 2387 450 PROLEGOMENA.

383 525 777 606 persistimus;
805 532 863 584 et
896 531 1236 603 peccantes,
1272 530 1326 582 te
1351 521 1642 584 habemus
1666 517 2025 603 deprecatri-

2141 538 2294 581 ὀντες
2340 516 2567 595 ἄτρωτοι
2604 514 2932 588 διαμένομεν
3008 514 3095 570 καὶ
3142 512 3299 570 πάλιν
3360 515 3776 593 ἁμαρτάνοντες,

384 602 539 676 cem.
592 613 728 675 ldeo
766 602 1092 675 referimus
1142 611 1244 673 tibi
1297 612 1535 691 gratias,
1573 621 1631 673 et
1678 602 2025 683 clamamus;

2141 606 2312 685 χομέν
2363 628 2420 661 σε
2471 603 2899 684 πρεσϐεύουσαν·
2955 602 3033 660 διὸ
3082 606 3517 684 εἰχαριστοὺντες
3570 604 3781 682 βοῶμέν

382 707 527 775 Ave,
558 702 744 778 gratia
775 702 972 778 plena,
1007 700 1293 763 Dominus
1318 710 1516 763 tecum
1576 766 1581 769 ,

2145 717 2211 751 οι·
2255 703 2440 772 Χαῖρε,
2478 694 2939 773 Αεχαριτωμὲνη,
2971 696 2999 749 ὃ
3034 695 3216 771 Κύριος
3257 694 3393 767 μετὰ
3419 702 3533 756 σοῦ.

465 793 603 855 945.
649 792 922 871 Domine,
984 792 1314 869 miserere,
1373 792 1756 872 quadragies.
1803 791 2023 855 Gloria.

2193 788 2288 854 Τὸ,
2354 786 2526 859 Κύριε,
2593 782 2840 851 ἐλέησον,
2929 780 3017 844 μ’.
3097 782 3255 847 Δόξα.
3323 784 3419 840 Καὶ
3494 790 3605 845 νῦν,
3670 785 3779 850 Τὴν

384 884 459 945 Ει
488 899 668 944 nunc.
706 881 1110 943 Excelsiorem
1145 871 1468 944 Cherubitn
1522 880 1586 942 In
1631 882 1875 942 nomine
1910 880 2026 941 Do~

2141 873 2415 951 ,ιμωτέραν
2465 875 2573 931 τῶν
2622 871 2905 952 χεροδέιίμ.
2955 872 3048 929 Ἐν
3079 874 3300 945 ὀνόματι
3354 873 3559 949 Κυρίου,
3617 873 3776 932 εὖλό-

389 972 559 1045 mini,
587 970 864 1047 benedic,
899 972 1091 1033 Pater.
1126 970 1239 1032 Per
1270 988 1480 1051 preces
1530 980 1872 1032 sanctorum
1926 970 2029 1030 Pa-

2141 986 2309 1041 mam,
2348 964 2552 1042 Πάρερ,
2592 962 2671 1019 Δι’
2717 965 2892 1042 εὗχῶν
2950 969 3056 1017 τῶν
3124 961 3288 1037 ἁγίων
3349 963 3611 1040 πατέρων.
3671 964 3775 1025 Τὰς

391 1068 541 1123 trum
574 1059 723 1121 Tres
767 1078 1008 1139 magnas
1042 1060 1294 1121 facimus
1317 1063 1705 1130 reverentias,
1739 1061 2033 1121 dicimus-

2141 1067 2266 1131 ερεῒς
2314 1053 2554 1127 μεγάλας
2607 1054 2890 1127 μετανοίας
2958 1051 3094 1127 μετᾶ
3164 1052 3250 1106 καὶ
3304 1052 3396 1119 τῆς
3456 1054 3625 1133 εὒχῆς
3685 1059 3777 1109 τοῦ

390 1169 505 1231 que
529 1149 931 1229 precationem
964 1150 1025 1211 S.
1060 1150 1346 1231 Ephrem,
1388 1168 1462 1212 ac
1494 1148 1714 1212 deinde
1747 1151 1898 1211 hanc
1932 1150 2037 1211 Ba-

2141 1144 2267 1200 ›σίου
2318 1142 2584 1223 Ἐφρατμ’
2626 1146 2746 1201 εἶτα
2788 1143 2886 1210 τὴν
2920 1148 3189 1213 παροῦσαν
3220 1142 3388 1221 εὖχην
3418 1150 3511 1198 τοῦ
3541 1141 3777 1221 μεγάλου

388 1239 507 1301 silii
542 1242 733 1318 magni
772 1261 784 1299 :

2141 1240 2425 1297 Ξασιλείου⁹

473 1331 726 1392 Domine
759 1330 913 1391 Deus
946 1336 1168 1401 noster,
1206 1330 1306 1404 qui
1362 1347 1565 1408 pacem
1619 1338 1778 1389 tuam
1814 1327 2031 1390 dedisti

2198 1329 2359 1407 Κύριε
2424 1332 2452 1388 ὁ
2505 1331 2634 1394 Θεὸς
2698 1333 2876 1405 ἡμῶν,
2914 1332 3068 1398 ὁτὴν
3112 1332 3208 1399 σὴν
3266 1331 3481 1409 εἰρήνην
3535 1329 3772 1395 δεδωκὼς

390 1417 759 1492 hominibus,
788 1426 848 1479 et
876 1418 1234 1480 sanctissimi
1267 1418 1524 1497 Spiritus
1548 1418 1767 1480 donum
1800 1417 1870 1480 ad
1906 1426 2035 1479 tuos

2141 1435 2242 1485 τοῖς
2306 1421 2627 1497 ἀνθρώποις,
2692 1422 2781 1477 καὶ
2838 1421 2936 1487 τὴν
3011 1428 3102 1477 τοῦ
3158 1423 3415 1497 παναγίου
3471 1422 3773 1496 Πνεύματος

388 1507 718 1587 discipulos
746 1526 814 1568 ac
839 1507 1136 1588 apostolos
1181 1507 1495 1589 demisisti,
1529 1527 1857 1583 eorumque
1882 1507 2035 1569 labia

2141 1513 2327 1588 Ξωρεὰν
2354 1525 2472 1574 τοῖς
2524 1524 2641 1573 σοτς
2698 1514 2965 1585 μαθηταῖς
3015 1512 3101 1567 καὶ
3144 1509 3462 1575 ἀποστόλοις
3505 1510 3777 1587 καταπέμ-

390 1616 499 1677 per
527 1597 756 1677 linguas
786 1597 989 1677 igneas
1023 1607 1119 1658 tua
1147 1597 1437 1676 aperuisti
1472 1596 1762 1678 potentia,
1794 1598 1957 1679 aperi
1983 1606 2040 1658 et

2141 1608 2254 1681 ματ,
2288 1602 2375 1657 καὶ
2405 1602 2471 1659 τὰ
2502 1601 2701 1658 τούτων
2749 1600 2910 1680 χείλη
2946 1601 3007 1658 Ea
3035 1603 3263 1677 πυρίνων
3308 1600 3567 1679 γλωσσῶν
3623 1599 3776 1657 διαν-

395 1696 596 1748 nostra
626 1696 1000 1767 peccatorum
1032 1686 1208 1759 labia;
1244 1703 1312 1750 ac
1348 1687 1739 1767 quomodo,et
1770 1706 1877 1766 pro
1901 1687 2031 1768 qui-

2141 1692 2267 1758 ›ίξας
2298 1689 2513 1766 δυνάμει
2546 1707 2659 1747 σου·
2709 1688 2965 1757 διάνοιξον
3024 1692 3110 1747 καὶ
3167 1692 3323 1763 ἡμῶν
3379 1698 3482 1749 τῶν
3514 1691 3772 1769 ἀμαρτω-

393 1775 505 1839 bus
527 1794 699 1839 orare
728 1784 1019 1857 oporteat,
1055 1776 1240 1837 edoce
1275 1795 1405 1840 nos.
1454 1776 1656 1857 Dirige
1714 1779 1888 1837 vitam
1927 1796 2039 1836 no-

2141 1788 2232 1838 Κῶν
2275 1780 2340 1837 τὰ
2376 1780 2561 1860 χείλη,
2608 1783 2696 1837 καὶ
2740 1778 2936 1846 δίδαξον
2995 1782 3137 1855 ἡμᾶς
3186 1785 3297 1843 πῶς
3344 1779 3449 1853 δεῖ,
3502 1782 3591 1838 καὶ
3646 1780 3777 1859 ὑπὲρ

394 1874 599 1941 stram,
628 1875 711 1940 tu,
752 1866 853 1948 qui
896 1865 1251 1947 tranquillus
1284 1867 1696 1929 ﬂuctuantium
1722 1876 1923 1947 portus
1952 1884 2036 1940 es,

2141 1874 2199 1927 ὖδ
2255 1858 2833 1951 χρὴηπροσεύχεσθαι.
2907 1867 3244 1948 Κυϐέρνησον
3292 1873 3443 1945 ἡμῶν
3487 1871 3585 1938 τὴν
3620 1858 3772 1944 ζοὴν,

396 408 738 458 CCCLXXVIII

395 1965 453 2017 et
494 1955 672 2036 viam,
722 1962 779 2017 in
815 1974 935 2037 qua
963 1955 1342 2018 ambulemus
1387 1956 1560 2018 nobis
1612 1964 2033 2018 commonstra.

394 2042 679 2126 Spiritum
713 2054 945 2108 rectum
971 2045 1187 2107 innova
1233 2046 1293 2107 in
1324 2045 1657 2107 visceribus
1690 2044 1935 2117 nostris,
1984 2055 2039 2105 et

393 2132 617 2214 Spiritu
650 2134 962 2214 principali
996 2134 1280 2196 conﬁrma
1313 2136 1420 2214 la),
1457 2134 1750 2211 quidquid
1786 2136 1843 2194 in
1866 2154 2037 2196 men-

394 2223 553 2286 tibus
571 2224 790 2286 nostris
816 2223 1107 2285 lubricum
1146 2233 1256 2286 est.
1292 2241 1360 2284 ac
1393 2224 1763 2303 inconstans;
1801 2231 1861 2283 ut
1884 2243 2037 2304 quo-

393 2314 542 2375 tidie
570 2311 793 2392 Spiritu
821 2323 919 2375 tuo
952 2312 1108 2374 bono
1138 2312 1211 2375 ad
1244 2312 1493 2394 id,quod
1531 2313 1895 2374 conveniens
1925 2322 2035 2391 est,

394 2402 944 2479 deducti,mandata
975 2412 1073 2465 tua
1094 2402 1416 2464 observare
1442 2402 2038 2483 possimus,semper-

393 2512 513 2571 que
547 2493 888 2555 meminisse
921 2502 1035 2555 tum
1062 2492 1335 2572 gloriosae
1368 2493 1723 2573 praesentia,
1760 2503 2038 2555 scrutan-

396 2584 469 2645 tis
503 2582 723 2657 omnia,
776 2601 906 2663 quaa
935 2601 966 2644 a
1002 2581 1171 2643 nobis
1223 2582 1570 2644 hominibus
1622 2583 1791 2662 ﬁunt,
1825 2592 1884 2645 et
1927 2603 2039 2645 non

396 2673 588 2753 decipi
621 2673 791 2733 ﬂuxis
812 2672 988 2751 hujus
1012 2670 1217 2733 mundi
1240 2671 1667 2751 voluptatibus;
1694 2672 1796 2733 sed
1822 2673 2037 2754 cupidi-

394 2772 569 2826 tatem
621 2760 835 2823 futuris
884 2760 1123 2823 fruendi
1172 2760 1469 2823 thesauris
1514 2761 1859 2824 corrobora.
1893 2762 2041 2833 Quia

395 2851 749 2916 benedictus
802 2868 866 2913 es
895 2899 910 2927 ,
947 2859 1005 2911 et
1034 2848 1351 2911 laudabilis
1380 2850 1439 2910 in
1492 2852 1778 2913 omnibus
1826 2851 2045 2913 sanctis

395 2942 510 3005 tuis
534 2943 591 3005 in
624 2940 839 3003 saecula
858 2939 1241 3003 saeculorum.
1263 2938 1478 3002 Amen.

2126 1962 2154 2016 ὁ
2185 1959 2354 2023 εὔδιος
2401 1967 2506 2016 τῶν
2553 1959 2960 2040 χειμαζομένων
2993 1958 3183 2040 λιμὴν,
3221 1961 3305 2017 καὶ
3335 1960 3593 2039 γνώρισον
3637 1962 3771 2035 ἡμῖν

2126 2049 2267 2123 ὁδὸν,
2311 2050 2365 2107 ἓν
2414 2052 2451 2117 ἧ
2492 2051 2893 2129 πορευσώμεθα,
2955 2057 3163 2123 Πνεῦμα
3212 2050 3356 2115 dies;
3408 2050 3671 2127 ὲγκαίνιον
3719 2049 3775 2105 ὲν

2126 2153 2241 2201 τοῖς
2274 2139 2517 2217 ἰγκάτοις
2561 2141 2740 2218 ἡμῶν,
2779 2141 2866 2195 καὶ
2914 2143 3175 2214 πνεύματι
3227 2142 3539 2219 ἡγεμονικῷ
3582 2141 3645 2196 τὸ
3673 2139 3774 2207 τῆς

2126 2227 2350 2293 διανοίας
2380 2228 2532 2303 ἠμῶν
2568 2228 2811 2305 στήριξον
2866 2226 3157 2305 ὁλισθερόν·
3221 2226 3312 2284 ἴνα
3358 2227 3473 2285 καθ’
3538 2227 3773 2295 ἑκάστην

2124 2316 2351 2395 ἡμέραν,
2404 2324 2481 2391 τῷ
2539 2316 2812 2391 ῐῐνεύματί
2841 2338 2935 2375 σου
2960 2324 3036 2390 τῷ
3067 2318 3247 2395 ἀγαθῷ
3276 2319 3408 2394 πρὸς
3458 2318 3520 2373 τὸ
3567 2317 3774 2394 συμφέ-

2124 2429 2211 2484 ρον
2266 2403 2643 2484 ὁδηγούμενοι,
2709 2405 3132 2481 καταξισοιθῶμεν
3190 2420 3366 2463 ποιεῖν
3411 2407 3504 2470 τὰς
3560 2404 3776 2471 ἐντολάς

2126 2520 2239 2575 σου,
2263 2496 2351 2552 καὶ
2380 2499 2476 2564 τῆς
2509 2502 2607 2563 σῆς
2648 2496 2729 2553 ἀεὶ
2761 2497 3117 2571 μνημονεύειν
3189 2493 3395 2562 ἐνδόξου
3464 2497 3551 2552 καὶ
3624 2496 3774 2575 ἐρευ-

2128 2589 2350 2652 νητικῆς
2382 2587 2489 2643 τῶν
2526 2584 2907 2663 πεπραγμένων
2938 2587 3073 2660 ἡμῖν
3119 2599 3239 2650 τοῖς
3290 2585 3581 2661 ἀνθρώποις
3631 2608 3772 2664 παρ-

2128 2676 2329 2752 ουσίας,
2364 2676 2452 2731 καὶ
2484 2675 2561 2750 μὴ
2610 2687 2727 2738 τοῖς
2780 2674 3140 2752 φθειρομένοις
3187 2682 3279 2732 τοῦ
3336 2677 3537 2748 κόσμου
3591 2676 3776 2732 τούτου

2129 2767 2527 2821 ωναπατᾶσθαι
2600 2776 2873 2839 τερπνοῖς,
2938 2762 3076 2820 ἀλλὰ
3130 2766 3235 2820 τῶν
3291 2763 3595 2840 μελλόντων
3665 2764 3774 2839 ’ρὲ-

2127 2856 2311 2930 γεσθαι
2368 2858 2468 2919 τῆς
2524 2852 2869 2916 ἀπολαύσεως
2948 2853 3229 2909 ἑνίσΧυσον
3280 2855 3526 2930 θησαυρῶ
3543 2877 3582 2913 δ.
3648 2850 3777 2910 ’Ὅτι

2128 2941 2446 3020 εὐλογητὸς,
2494 2942 2582 2998 καὶ
2642 2943 2842 3007 αἱνετὸς
2897 2942 3158 3022 ὑπάρχεις
3191 2942 3245 2999 ἓν
3279 2948 3412 2999 πᾶσι
3445 2956 3564 3006 τοῖς
3608 2944 3775 3019 ἁγίοις

2129 3052 2249 3106 σου,
2287 3032 2359 3092 εἰς
2406 3031 2526 3095 τούς
2558 3033 2755 3096 αἰῶνας
2786 3034 2891 3088 τῶν
2922 3032 3148 3095 άὶώνων,
3178 3030 3372 3109 Ἀμὴν,

1933 3249 2211 3314 SEXTA.

478 3458 618 3520 246.
650 3455 1009 3535 Prepositus
1038 3454 1182 3517 dicit
1233 3464 1359 3518 ter:
1410 3455 1638 3530 Venite,
1686 3422 2087 3521 adoremuszll
2192 3456 2253 3517 ’0
2317 3457 2597 3535 προεστώς
2644 3478 2654 3489 ·

399 3547 550 3609 ﬁunt
579 3551 930 3609 reverentiae
951 3552 1163 3618 tres,et
1186 3545 1511 3626 incipimus
1539 3543 1761 3608 Horam
1786 3556 2035 3617 sextam,

400 3644 679 3700 canentes
728 3634 1051 3714 spsalmum
1084 3651 1212 3705 Lm,
1242 3637 1401 3699 Deus
1432 3636 1488 3697 in
1517 3637 1763 3699 nomine
1790 3647 1889 3700 tuo
1916 3640 2037 3701 sal-

398 3745 534 3789 vum
564 3744 658 3786 me
688 3725 776 3785 fac
811 3745 826 3787 :
862 3733 919 3786 et
946 3740 1112 3801 LXIII,
1174 3722 1421 3805 Exaudi,
1476 3727 1657 3806 Dens,
1708 3728 2037 3791 orationem

402 3832 615 3889 meam.
654 3820 806 3876 etne
835 3813 1178 3895 despexeris
1214 3833 1226 3878 :
1263 3824 1322 3877 et
1346 3829 1443 3897 xc,
1464 3813 1573 3888 Qui
1598 3816 1818 3879 habitat
1850 3824 1907 3880 in
1930 3819 2037 3880 ad-

390 3905 632 3987 jutorio.

480 3993 709 4061 Gloria.
770 3992 843 4054 Et
887 4012 1071 4056 nunc.
1104 3991 1381 4067 Alleluia,
1419 4002 1528 4054 ter.
1576 3993 1669 4069 Et,
1719 4002 1766 4056 si
1817 3997 2047 4059 canitur

398 4087 559 4149 Deus
600 4082 910 4163 Dominus,
943 4082 1198 4143 dicimus
1228 4083 1550 4162 troparium
1585 4082 1730 4164 diei;
1768 4085 1817 4145 si
1845 4096 2041 4149 autem

399 4173 673 4245 Alleluia,
700 4189 957 4252 sequens
985 4171 1332 4250 troparium.
1361 4170 1563 4233 Tonus
1594 4173 1652 4237 2.

481 4354 591 4427 Qui
626 4360 788 4415 sexta
819 4352 917 4413 die
950 4360 1006 4414 et
1037 4353 1210 4426 hora,
1234 4352 1476 4416 afﬁxisti
1508 4357 1669 4417 cruci
1717 4358 2043 4423 admissum

399 4446 461 4507 in
495 4441 766 4525 paradiso
797 4440 871 4503 ab
905 4441 1136 4503 Adamo
1167 4451 1500 4521 peccatum,
1531 4445 1707 4506 etiam
1768 4449 2040 4529 lapsuum

398 4541 737 4684 nostrlorum
761 4530 1220 4611 chirographum
1246 4531 1544 4614 discerpe,
1582 4534 1814 4599 Christe
1861 4540 2039 4616 Deus,

402 4632 460 4686 et
488 4641 552 4687 sa
581 4640 647 4683 va
680 4638 809 4683 nos.

951 4712 1413 4779 VERSICULUS
1461 4720 1518 4777 l.

482 4808 916 4888 Exaudi,Deus,
942 4810 1274 4873 orationem
1303 4818 1586 4887 meam,et
1610 4829 1684 4873 ne
1697 4811 2049 4893 dexpexeris
2075 4830 2110 4879 ἓ

399 4900 883 4984 deprecationem
923 4917 1117 4961 meam
1155 4898 1267 4978 (ὁ).

961 4990 1422 5057 VERSICULUS
1466 4995 1527 5056 2.

479 5088 599 5167 Ego
656 5089 731 5149 ad
770 5086 959 5149 Deum
1015 5085 1319 5157 clamavi,
1373 5094 1431 5147 et
1481 5088 1772 5150 Dominus
1828 5090 2054 5156 audivit

402 5195 501 5240 me
528 5177 637 5257 (ο).

562 5264 784 5329 Gloria.
818 5264 886 5325 Et
923 5283 1099 5326 nunc.
1621 5266 1880 5331 Mariale.

483 5357 635 5429 Quia
656 5373 773 5416 non
796 5352 1087 5416 habemus
1118 5352 1428 5429 ﬁduciam,
1458 5365 1703 5435 pr0pter
1726 5360 1912 5421 multa
1942 5360 2053 5423 de-

2728 3467 2888 3517 Δεῦτε
2923 3507 2937 3530 ,
3024 3462 3474 3536 προσκυνήσωμεν
3510 3508 3527 3540 ,
3604 3464 3663 3517 ὲκ
3734 3460 3788 3537 γ’

2126 3550 2398 3621 μετανοίαι
2456 3562 2627 3628 τρεῖς,
2680 3552 2767 3607 καὶ
2801 3550 3078 3628 ὒρχόειεθα
3107 3549 3203 3617 τῆς
3244 3548 3405 3615 ἕκτης
3437 3550 3601 3629 ὥρας,
3636 3552 3781 3624 ψάλ-

2124 3638 2306 3702 λοντες
2359 3638 2479 3713 τὸν,
2540 3632 2650 3718 νγ’,
2683 3637 2745 3697 Ὀ
2778 3641 2934 3712 Θεὸς,
2988 3637 3042 3695 ἐν
3072 3644 3148 3710 τῷ
3197 3640 3419 3715 ὀνοματί
3461 3662 3555 3696 σου
3612 3642 3785 3697 σῶσόν

2126 3751 2214 3802 με,
2268 3728 2364 3786 Καὶ
2424 3726 2527 3805 ξγ’,
2611 3728 2920 3808 Ἐνώτισαι,
2983 3730 3011 3785 ὁ
3069 3730 3222 3800 Θεὸς,
3309 3730 3408 3796 τὴν
3476 3731 3783 3809 προσευχὴν

2126 3818 2250 3891 μοὺ,
2309 3818 2396 3875 καὶ
2466 3820 2544 3892 μὴ
2603 3815 2874 3895 ὺπερίδης·
3071 3816 3130 3875 Ὀ
3188 3819 3450 3875 κανοικῶν
3509 3819 3562 3874 ὲν
3643 3820 3780 3895 βοη-

2123 3908 2257 3980 θείᾳ,

2212 3996 2368 4061 Δόξα.
2406 3996 2502 4053 Καὶ
2534 4007 2641 4055 νὺν.
2698 3996 3028 4075 Αλληλούτα,
3063 3997 3121 4053 ἐκ
3169 3995 3243 4074 γ’.
3287 3998 3383 4055 Καὶ
3428 4000 3471 4054 εἰ
3504 4000 3601 4073 μὶν
3632 3998 3781 4075 ψάλ-

2126 4084 2273 4142 λεται
2316 4087 2399 4163 τὸ,
2449 4087 2577 4150 Θεὸς
2624 4087 2829 4164 Κύριος,
2890 4087 3115 4165 λέγομεν
3169 4089 3227 4143 τὸ
3278 4092 3378 4150 τῆς
3412 4088 3613 4167 ἡμέρας
3648 4111 3779 4159 τρο-

2132 4179 2344 4251 παριον·
2382 4172 2512 4231 εἰδὲ
2560 4173 2915 4248 Ἀλληλούϊα,
2971 4178 3032 4233 τὸ
3086 4178 3254 4255 παρὸν
3324 4178 3631 4255 τροπάριον,
3683 4174 3777 4237 “H-

2131 4287 2235 4342 χοξ
2280 4265 2354 4342 β’.

2211 4353 2269 4411 Ὀ
2326 4354 2380 4411 ἂν
2435 4353 2565 4430 ἕκτῃ
2618 4354 2791 4434 ἡμέρᾳ
2847 4358 2935 4412 καὶ
2992 4355 3103 4433 ὥρᾳ
3186 4363 3262 4429 τῷ
3330 4364 3539 4436 σταυρῷ
3607 4380 3778 4436 προσ-

2130 4444 2346 4509 ηλώσας
2396 4445 2494 4511 τὴν
2552 4445 2606 4500 ὶν
2661 4444 2961 4523 παραδείσῳ
3014 4446 3381 4519 τολμηθεῒσαν
3470 4454 3543 4519 τῷ
3606 4446 3778 4521 ’Λδαμ

2127 4535 2404 4612 ἆμαρτίαν,
2451 4535 2543 4590 καὶ
2594 4540 2698 4589 τῶν
2756 4535 3105 4609 πταισμάτων
3163 4538 3317 4606 ἡμῶν
3372 4539 3432 4593 τὸ
3476 4538 3773 4616 χειρόγρα-

2124 4647 2220 4705 φον
2251 4622 2542 4703 διάῤῥηξον,
2578 4625 2765 4703 Χριστὲ
2797 4627 2825 4680 ὁ
2870 4624 2997 4689 Θεὸς
3020 4624 3106 4680 καὶ
3136 4630 3311 4683 σῶσον
3342 4628 3510 4701 ἡμᾶς’

2733 4733 2979 4784 ΣἹΊΧΟΣ
3015 4726 3091 4790 α’.

2212 4814 2491 4889 Ἐνώεισα,
2528 4817 2555 4871 ὁ
2583 4816 2734 4886 Θεὸς,
2770 4816 2868 4883 τὴν
2898 4815 3204 4897 προτευχήν
3246 4839 3370 4894 μου,
3419 4820 3505 4875 καὶ
3536 4818 3613 4894 μη
3644 4821 3781 4877 ὓπε-

2132 4904 2276 4983 ρέδης
2306 4906 2403 4973 την
2433 4903 2611 4972 δέησίν
2657 4926 2782 4979 μου,

2774 5010 3020 5062 zrixoz
3053 5003 3131 5081 β’.

2214 5090 2361 5171 Ἐγὼ
2412 5093 2542 5169 πρὸς
2585 5094 2672 5150 τὸν
2724 5094 2854 5150 Θεὸν
2909 5092 3180 5172 ἐκέκραξα,
3243 5098 3332 5153 καὶ
3361 5099 3387 5153 ὁ
3434 5095 3626 5177 Κύριος
3660 5101 3773 5155 εἱσ-

2134 5182 2329 5253 ήκυυσέ
2360 5206 2484 5257 μου.

2299 5271 2452 5337 Δόξα,
2500 5269 2601 5332 Καὶ
2632 5271 2742 5331 νῦν.
3321 5278 3627 5339 Θεοτὸκιον,

2214 5359 2327 5421 Ὀτι
2387 5363 2481 5418 οὒκ
2538 5360 2737 5440 ἔχομεν
2794 5360 3088 5440 παρρησίαν
3138 5363 3219 5422 δίᾶ
3260 5366 3327 5423 τὰ
3383 5366 3557 5425 πολλὰ
3622 5370 3781 5441 ἡμῶν

401 5446 539 5508 licta
597 5454 845 5518 nostra;
910 5442 1044 5505 ideo
1095 5439 1395 5533 tu,_Virgo
1456 5443 1723 5524 deipara,
1756 5445 2043 5512 obtestare

2141 5453 2511 5530 Ξιμαρτήματα,
2547 5439 2607 5508 ob
2663 5454 2752 5508 τὸν
2802 5439 3006 5509 haec
3065 5456 3382 5531 γεννηθέντα
3439 5439 3777 5533 δυσώπησον,

398 5534 592 5617 illum,
626 5535 723 5616 qui
756 5542 846 5595 est
875 5552 947 5595 ex
987 5539 1041 5591 te
1074 5531 1309 5609 genitus
1344 5549 1358 5594 :
1397 5536 1647 5596 multum
1676 5538 1833 5598 enim
1894 5541 2043 5621 apud

2141 5542 2356 5600 Θεοτὸκε
2412 5543 2657 5619 Παρθενε⁶
2720 5538 2896 5598 πολλὰ
2944 5543 3042 5621 γὰρ
3098 5545 3272 5624 ἰσχύει
3331 5545 3510 5613 δέησις
3566 5531 3779 5627 Μητρὸς

483 5757 567 5836 (a)
605 5755 758 5819 Psal.
787 5756 971 5836 9,11.

481 5835 559 5919 (bl
595 5837 745 5901 Psal.
780 5835 931 5899 Psal.
968 5852 1093 5917 LIV,
1122 5836 1180 5895 2.

2137 5764 2223 5845 (c)
2257 5761 2416 5825 Psal.
2449 5777 2565 5843 LIV,
2617 5762 2710 5825 18·
