4176 6414
1421 314 1862 378 ACOLUTHIA
1905 313 2286 375 TRIPLICIS
2332 315 2568 376 FESTI.

3476 333 3773 384 CCC-LXXIX

382 455 513 532 πρὸς
570 450 842 525 εὒμένειαν
910 451 1203 506 Δεσπὸτου.
1273 448 1357 514 Μὴ
1415 444 1639 523 παρίδῃς
1694 449 2024 521 ἁμαρτωλῶν

2114 449 2467 510 clementem
2497 450 2811 514 Dominum
2840 459 3029 535 potest
3052 455 3254 519 Matris
3280 453 3764 535 depreprecatio.

381 543 604 620 ἱκεσίας,
650 543 676 595 ὃ
708 541 1005 613 πάνσεμνος
1040 554 1054 568 ’
1119 537 1200 594 ὅτι
1253 537 1502 611 ἐλεήμων
1551 536 1660 592 ἐστὶ
1706 539 1791 593 καὶ
1845 538 2032 609 σώζειν

380 632 726 710 βουλόμενος,
776 631 802 683 ὁ
859 631 946 684 καὶ
996 631 1182 683 παθεῖν
1241 627 1371 705 ὑπὲρ
1439 627 1594 700 ἡμῶν
1666 626 2030 701 καταδέξαμε-

383 746 497 784 νος.

462 812 611 890 Ταχὺ
674 805 1222 888 προκαταλαϐέτωσαν
1271 809 1413 879 ἡμᾶς
1479 809 1523 861 οἱ
1585 807 1846 883 οἰκτιρμοί
1913 828 2030 885 σου,

384 902 535 979 Κύριε
574 917 588 934 ⁹
635 899 714 954 ὅτι
776 897 1198 976 ἐπτωχεύσαμεν
1251 893 1471 975 σφόδρα.
1534 897 1806 964 Βοήθησον
1867 898 2028 976 ἡμῖν,

379 993 406 1047 ὃ
458 992 587 1054 Θεὸς
645 992 672 1044 ὁ
717 989 906 1066 Σωτὴρ
942 993 1095 1061 ημῶν
1135 1007 1146 1020 ·
1203 985 1380 1042 ἕνεκεν
1413 991 1510 1052 τῆς
1554 982 1710 1051 δόξης
1770 993 1864 1042 τοῦ
1902 985 2028 1042 ὄνό-

381 1079 545 1154 ματός
601 1100 720 1152 σου,
774 1077 950 1154 Κύριε,
1002 1075 1151 1152 ῥῦσαι
1215 1077 1360 1147 ἡμᾶς
1399 1095 1410 1107 ·
1460 1075 1548 1130 καὶ
1609 1074 1855 1141 ἱλάστητι
1905 1088 2028 1137 ταῖς

378 1168 659 1246 ἧμαρτίαις
691 1167 844 1241 ἡμῶν
875 1165 1050 1222 ἕνεκεν
1079 1173 1170 1222 τοῦ
1200 1164 1462 1239 ὀνόματός
1496 1187 1614 1222 σου.

459 1260 761 1338 Τρισάγιον,
817 1256 1052 1333 Παναγία
1111 1256 1289 1332 Τριᾶς,
1365 1255 1536 1332 Πάτερ
1594 1256 1774 1334 ἡμῶν,
1821 1257 1908 1310 καὶ
1959 1257 2026 1312 τὰ

377 1352 634 1431 τροπάρια
662 1355 850 1419 ταῦτα,
889 1349 961 1410 εἷς
996 1349 1138 1426 ἦχον
1169 1342 1407 1421 δεύτερον
1445 1363 1459 1378 ο

457 1442 710 1518 Σωτήρια
765 1437 992 1514 εἰργάσω
1051 1435 1105 1490 ἒν
1178 1435 1326 1510 μέσῳ
1382 1438 1480 1503 τῆς
1555 1435 1680 1512 γῆς,
1750 1437 1939 1512 Χριστὲ,
2001 1437 2028 1490 ὁ

380 1532 507 1594 Θεός
542 1551 557 1564 “
595 1531 679 1586 ἐπὶ
724 1533 946 1604 σταυροῦ
995 1525 1088 1587 τὰς
1134 1523 1432 1603 ἀχρέντους
1467 1545 1558 1582 σου
1591 1537 1789 1603 χεῖρας
1825 1521 1964 1588 ἐξέτε
1979 1547 2028 1580 ι-

377 1644 494 1702 νας)
553 1617 883 1696 ἐπισυνάγων
939 1615 1110 1672 πάντ²
1172 1615 1238 1670 τὰ
1297 1612 1442 1684 ἔθνην
1509 1615 1794 1692 κράζων)
1848 1613 2026 1692 Κύριε⁹

379 1710 502 1777 δόξα
536 1732 645 1767 σοι.

439 1820 442 1825 ·
547 1799 702 1866 Δόξα.

461 1892 569 1957 Τὴν
641 1889 908 1967 ἄχραντον
970 1885 1145 1942 εἰκόνα
1199 1907 1293 1941 σου
1348 1891 1773 1962 προσκυνοῦμεν,
1840 1880 2023 1961 ἀγαθὲ,

379 1982 677 2053 αἰτούμενοι
708 1979 1055 2056 συγχώρησιν
1115 1981 1224 2030 τῶν
1273 1975 1624 2048 πταισμάτων
1665 1975 1843 2046 ἡμῶν,
1895 1979 2027 2051 Χρι-

377 2070 468 2126 στὲ
499 2072 527 2126 ὁ
561 2068 690 2129 Θεό(
729 2083 740 2096 ·
777 2066 1029 2143 βουλήσει
1060 2065 1158 2142 γὰρ
1217 2061 1510 2129 εὖδόκησας
1569 2061 1814 2118 ἀνελθεῖν
1868 2061 1920 2116 ἐν
1951 2064 2029 2135 τῷ

378 2167 606 2236 σταδρῴ,
655 2155 748 2212 ἵνα
799 2157 929 2233 ῥύσῃ
985 2161 1070 2216 οὓς
1132 2152 1366 2214 ἔπλασας
1420 2152 1478 2208 ἐκ
1531 2155 1625 2217 τῆς
1659 2150 1893 2214 δουλείας
1939 2159 2029 2208 τοῦ

377 2249 569 2328 ἐχθροί)
607 2269 616 2277 ·
682 2246 796 2303 ὅθεν
831 2247 1157 2324 εὔχαρίστως
1213 2242 1422 2319 βοῶμέν
1483 2263 1563 2297 σοι
1595 2257 1607 2270 ⁸
1645 2247 1819 2317 Χαρᾶς
1851 2240 2026 2308 ἐπλή-

381 2360 554 2417 ρωσας
588 2338 651 2394 τὰ
681 2337 877 2410 πάντα,
913 2337 939 2389 ὁ
973 2335 1160 2410 Σωτὴρ
1192 2333 1370 2411 ἡμῶν,
1403 2330 1833 2409 παραγενόμενος
1864 2333 1935 2391 εἷς
1967 2331 2028 2386 τὸ

383 2430 556 2484 σῶσαι
590 2430 679 2482 τὸν
711 2425 932 2501 κόσμον,

548 2518 642 2576 Καὶ
673 2524 781 2577 νῦν,
1557 2508 1836 2565 Θεοτόοιιον
1849 2555 1862 2568 .

465 2614 871 2694 Εὒσπλαγχνίας
969 2612 1285 2691 ὑπάρχουσα
1385 2610 1538 2684 πηγὴ
1567 2655 1582 2676 ,

381 2705 600 2770 ἀξίωσον
642 2707 806 2779 ἡμᾶς,
858 2703 1082 2758 Θεοτόκε
1118 2721 1133 2737 ο
1180 2700 1376 2778 βλέψον
1423 2701 1494 2762 εἰς
1553 2698 1681 2754 λαὸν
1721 2701 1812 2754 τὸν
1844 2697 2023 2776 ἀμαρ-

729 2791 898 2858 δεῒξον
949 2793 1020 2854 εἰς
1081 2791 1162 2847 ἀεὶ
1219 2792 1315 2857 τὴν
1360 2786 1662 2844 δυναστείαν
1710 2810 1822 2844 σου·
1862 2789 1936 2850 εἱς
1969 2785 2026 2842 σὲ

1701 2607 2024 2683 συμπαθείας

379 2796 615 2864 δεήσαντα
656 2812 667 2824 '

377 2887 476 2963 γὰρ
531 2884 854 2956 ἐλπίζοντες,
913 2883 996 2960 τὸ,
1061 2889 1252 2959 Χαῖρε,
1306 2877 1512 2957 βοῶμὲν
1558 2899 1663 2953 σοι,
1711 2879 1784 2940 ὡς
1827 2878 1953 2933 ποτὲ
1999 2878 2026 2932 ὁ

381 2973 612 3046 Γαϐριὴλ
640 2977 666 3030 ὁ
698 2980 802 3031 τῶν
830 2972 1126 3048 ἀσωμάτων
1158 2971 1615 3050 ἀρχιστράτηγος.

456 3067 631 3122 Ταῦτα
689 3063 937 3140 λέγονται
989 3067 1057 3137 τῇ
1132 3059 1369 3139 δευτέρᾳ,
1437 3065 1504 3136 τῇ
1559 3058 1737 3137 τρίτῃ,
1801 3058 1887 3113 καὶ
1957 3063 2024 3132 τῇ

379 3154 620 3230 πέμπτῃ,
654 3152 743 3209 ὅτε
774 3155 869 3209 οὒκ
897 3151 1015 3231 ἔχει
1046 3152 1081 3212 ἡ
1114 3150 1289 3229 ἡμέρα
1338 3151 1615 3206 κοντάκιον
1649 3167 1662 3180 ·
1712 3148 1772 3203 τὸ
1804 3145 1856 3202 δὲ
1886 3147 2022 3202 ὕπο-

377 3245 699 3322 τεταγμένον
744 3242 961 3320 λέγεται
1018 3241 1086 3316 τῇ
1132 3238 1362 3317 τετράδι,
1415 3240 1500 3294 καὶ
1557 3245 1626 3312 τῇ
1688 3241 2020 3314 παρασκευῇ,

375 3333 518 3414 ἦχος
548 3333 600 3410 β’
639 3334 1117 3409 σταυροθεοτόκιον.

457 3509 971 3590 ’Υπερδεδοξασμένη
1065 3507 1351 3586 ὑπάρχεις,
1439 3503 1664 3561 Θεοτόκε
1742 3502 1967 3580 Παρθένε
2003 3519 2014 3532 '

373 3604 636 3680 ὑμνοόμέν
684 3623 743 3657 σε
780 3616 794 3630 ⁸
861 3597 949 3654 διὰ
1005 3599 1104 3676 γὰρ
1173 3599 1264 3652 τοῦ
1317 3601 1541 3673 σταυροῦ
1599 3600 1691 3649 τοῦ
1755 3593 1871 3649 Υίεῦ
1929 3613 2021 3648 σου

373 3691 674 3761 κατεϐλήθη
733 3693 757 3744 ὃ
821 3687 978 3762 ᾅδης,
1041 3689 1126 3743 καὶ
1171 3689 1198 3742 ὁ
1257 3686 1474 3746 θάνατος
1507 3683 1745 3749 τέθνηκε,
1799 3693 2018 3759 Νεκρω-

373 3784 547 3848 θέντες
606 3780 928 3858 ἀνέστημεν,
987 3780 1075 3833 καὶ
1134 3781 1273 3847 ζωῆς
1324 3772 1625 3848 ἠξιώθημεν
1661 3788 1672 3801 ·
1710 3775 1798 3828 τὸν
1841 3771 2018 3848 παρά-

371 3873 542 3930 δεισον
575 3869 853 3944 ἐλάϐομεν,
916 3869 1015 3934 τὴν
1060 3866 1290 3946 ἀρχαίαν
1343 3864 1656 3924 ἀπόλαυσιν,
1726 3864 1817 3917 Διὸ
1849 3862 2014 3940 εὔχα-

372 3972 688 4040 ριστνιύντες,
751 3956 1132 4034 δτιξολογούμεν
1205 3957 1274 4018 ὡς
1327 3957 1579 4030 κραταιὸν
1637 3953 1860 4031 Χριστὸν
1929 3952 2018 4005 τὸν

373 4055 500 4110 Θεὸο
530 4055 706 4126 ἡμῶν,
738 4051 826 4106 καὶ
852 4048 1012 4122 μόνον
1043 4045 1359 4106 πολυέλεον,
1454 4102 1475 4115 ,

449 4234 544 4310 Τὸ,
596 4231 771 4307 Κύριε,
833 4225 1077 4297 ἐλέησον,
1127 4221 1208 4299 μ’.
1243 4225 1308 4279 Ἠ
1336 4224 1499 4302 εὒχὴ,
1533 4223 1592 4279 Ὀ
1625 4220 1679 4275 ἐν
1705 4219 1858 4310 παντὶ
1890 4239 2016 4310 παι-

370 4329 443 4401 ρῷ
472 4306 557 4376 καὶ
595 4306 738 4394 πάσῃ
769 4317 879 4394 ὥρᾳ
914 4333 928 4346 ·
961 4311 1074 4389 μεθ’
1105 4315 1193 4386 ἢν,
1250 4314 1425 4388 Κύριε,
1459 4311 1705 4379 ἐλέησον,
1742 4309 1817 4386 γ’.
1858 4306 2013 4372 Δόξα,

2117 540 2429 618 Supplices
2462 552 2803 620 peccatores
2863 560 2935 603 ne
2962 542 3281 622 despicias,
3317 565 3348 603 ο
3381 563 3618 624 semper
3650 563 3764 606 au-

2115 637 2306 706 gusta,
2344 629 2483 709 quia
2516 635 2614 706 qui
2669 631 2945 694 lubenter
2994 649 3102 712 pro
3155 633 3324 694 nobis
3369 651 3574 713 passus
3637 633 3762 708 fuit,

2119 727 2208 778 est
2236 730 2291 778 et
2333 719 2697 796 misericors,
2733 729 2792 782 et
2820 719 2944 782 vult
2987 738 3094 782 nos
3126 741 3384 784 servare.

2200 807 2326 868 Cito
2356 809 2685 889 anticipent
2715 829 2824 872 nos
2856 811 3283 874 misericordiae
3310 821 3452 894 tum,
3484 812 3759 884 Domine,

2115 897 2250 978 quia
2281 915 2569 977 pauperes
2603 898 2736 961 facti
2770 918 2975 962 sumus
3010 900 3446 981 nimisAdjuva
3469 904 3765 974 nos,Deus

2114 986 2388 1047 salutaris
2419 997 2656 1051 noster:
2700 998 2758 1050 et
2786 999 3035 1071 propter
3066 989 3310 1070 gloriam
3363 991 3620 1052 nominis
3654 990 3760 1065 tui,

2115 1074 2388 1149 Domine,
2414 1075 2602 1139 libera
2625 1098 2732 1140 nos
2759 1098 2774 1142 ε
2808 1089 2866 1142 et
2897 1080 3190 1161 propitius
3208 1088 3332 1142 esto
3358 1080 3614 1160 peccatis
3648 1099 3760 1139 no-

2109 1163 2269 1243 stris,
2297 1175 2535 1246 propter
2567 1186 2781 1230 nomen
2817 1179 2981 1230 tuum
3029 1167 3135 1250 (α).

2192 1251 2545 1334 Trisagium,
2581 1255 2973 1319 Sanctissima
3001 1257 3286 1333 Trinitas,
3324 1261 3494 1320 Pater
3527 1265 3756 1335 noster,

2113 1352 2171 1404 et
2202 1343 2328 1405 haec
2360 1345 2617 1424 troparia
2645 1355 2784 1408 tono
2815 1347 3080 1410 secundo
3113 1370 3126 1412 :

2193 1432 2334 1496 247.
2379 1434 2670 1496 Salutaria
2731 1446 3008 1517 operatus
3059 1456 3124 1500 es
3189 1439 3248 1500 in
3308 1437 3505 1500 medio
3559 1446 3756 1512 terrae,

2114 1520 2347 1585 Christe
2394 1522 2570 1586 Deus.
2613 1524 2678 1587 In
2735 1545 2912 1590 cruce
2960 1525 3280 1591 extendisti
3312 1528 3599 1590 innocuas
3632 1534 3762 1588 tuas

2115 1628 2346 1693 manus,
2407 1633 2775 1696 congregans
2825 1636 3033 1679 omnes
3090 1617 3362 1699 populos,
3411 1616 3757 1693 clamantes,

2112 1699 2312 1764 Gloria
2342 1703 2468 1784 tibi,
2505 1703 2781 1769 Domine.

2274 1790 2502 1856 Gloria.

2196 1882 2442 1943 Veniam
2477 1889 2860 1962 peccatorum
2893 1895 3236 1948 nostrorum
3265 1895 3558 1967 petentes,
3582 1885 3760 1951 Chri-

2112 1976 2200 2030 ste
2260 1973 2440 2048 Deus,
2482 1973 2800 2038 adoramus
2856 1976 3384 2039 incontaminatam
3439 1977 3757 2055 imaginem

2113 2069 2272 2122 tuam
2313 2088 2321 2118 :
2350 2062 2786 2144 lauderis,quia
2811 2065 2966 2125 ultro
2997 2083 3238 2128 crucem
3261 2066 3762 2140 conscendisti,ut

2113 2167 2265 2229 quos
2325 2152 2618 2225 formasti,
2651 2154 2727 2214 de
2784 2153 3010 2215 inimici
3064 2154 3401 2216 redimeres
3453 2163 3756 2219 servitute.

2111 2237 2282 2303 Unde
2314 2240 2373 2302 in
2408 2242 2590 2304 animi
2621 2243 2769 2321 grati
2800 2245 3034 2321 signum
3063 2242 3170 2305 tibi
3206 2245 3530 2306 clamamus
3557 2266 3570 2308 :
3599 2246 3759 2309 Gau-

2111 2328 2208 2391 dio
2237 2330 2484 2410 replesti
2515 2334 2814 2409 universa,
2846 2331 3124 2396 Servator
3156 2343 3378 2412 noster,
3406 2336 3507 2416 qui
3532 2336 3601 2398 ad
3638 2354 3762 2397 ser-

2109 2420 2365 2483 vandum
2403 2421 2686 2484 mundum
2721 2423 2956 2486 venisti.

2274 2510 2342 2573 Et
2377 2529 2558 2573 nunc.
3330 2516 3596 2580 Mariale.

2191 2598 2619 2663 Misericordia;
2675 2601 2830 2682 fons,
2864 2601 3132 2666 Genitrix
3188 2603 3319 2684 Dei,
3354 2605 3602 2684 dignare
3646 2625 3754 2668 nos

2109 2690 2635 2754 commiseratione
2666 2711 2680 2753 :
2706 2691 2940 2772 respice
2971 2710 3138 2753 reum
3164 2694 3474 2774 populum.
3511 2693 3758 2757 oslende

2110 2794 2456 2858 perpetuam
2496 2782 2816 2861 potentiam
2855 2781 3105 2856 tuam,in
3135 2790 3192 2845 te
3225 2785 3384 2846 enim
3417 2793 3750 2864 sperantes,

2109 2865 2228 2928 Ave
2289 2868 2616 2930 clamamus
2678 2869 2810 2951 tibi,
2843 2871 2998 2934 sicut
3059 2870 3201 2932 olim
3268 2874 3754 2954 incorporeorum

2110 2959 2388 3038 princeps
2419 2959 2685 3022 Gabriel.

2189 3047 2328 3109 (³248.
2363 3046 2497 3109 Haec
2525 3048 2807 3111 dicuntur
2827 3049 3093 3112 secunda
3115 3051 3279 3132 feria,
3307 3054 3475 3114 tertia
3498 3061 3557 3113 et
3577 3051 3753 3132 quin.

2046 3122 2084 3172 C
2112 3143 2183 3205 ta,
2226 3138 2622 3217 quandq’dies
2676 3140 3012 3202 contacium
3047 3159 3166 3201 non
3221 3122 3440 3217 habet;
3471 3142 3572 3204 sed
3596 3122 3757 3204 'feria

2108 3233 2320 3305 quarta
2352 3235 2408 3287 et
2459 3235 2624 3290 sexta
2658 3236 2797 3290 tono
2849 3229 3113 3292 secundo
3174 3230 3393 3292 dicitur
3422 3233 3757 3312 subjectum

2105 3318 2460 3394 troparium,
2499 3318 2653 3397 quod
2693 3317 2925 3380 Iaudem
2962 3319 3158 3382 crucis
3185 3319 3364 3381 simul
3393 3339 3463 3383 ac
3492 3320 3765 3402 Deiparae

2107 3406 2548 3483 complectitur.

2188 3495 2577 3558 Celebramus
2611 3505 2689 3578 te,
2727 3498 2905 3577 Virgo
2941 3497 3219 3580 Deipara,
3242 3517 3377 3580 quis
3401 3500 3593 3578 gloria
3623 3519 3759 3561 om-

2106 3602 2215 3645 nes
2248 3602 2569 3664 exsuperas
2600 3607 2615 3658 ;
2659 3589 2939 3667 quoniam
2973 3607 3078 3668 per
3113 3587 3246 3651 Filii
3283 3589 3365 3650 tui
3397 3608 3636 3653 crucem
3669 3589 3758 3651 vi-

2104 3683 2232 3734 ctus
2255 3681 2346 3734 est
2394 3674 2686 3756 infernus,
2713 3683 2770 3736 et
2801 3694 2960 3737 mors
2995 3687 3229 3740 mortua
3261 3685 3375 3739 est.
3408 3679 3756 3741 Resurrcxi-

2108 3781 2239 3824 mus
2264 3765 2364 3844 qui
2409 3782 2644 3825 eramus
2705 3766 2918 3827 mortui
2954 3788 2966 3825 :
3001 3767 3116 3829 vita
3175 3767 3334 3844 digni
3397 3769 3611 3830 redditi
3647 3787 3752 3830 su—

2109 3871 2280 3931 mus;
2319 3853 2681 3933 paradisum,
2717 3855 3074 3935 voluptatem
3109 3856 3358 3936 priscam
3390 3861 3754 3938 recepimus.

2106 3942 2332 4003 Idcirco
2385 3943 2600 4020 gratias
2649 3953 2914 4023 agentes,
2966 3945 3367 4024 gloriﬁcamus
3428 3945 3750 4021 Christum,

2105 4030 2206 4112 qui
2230 4030 2386 4092 Deus
2420 4039 2620 4092 noster
2653 4041 2986 4112 praepotens
3018 4043 3127 4114 est,
3159 4053 3226 4096 ac
3280 4034 3534 4097 multum
3570 4037 3748 4097 mise-

2106 4127 2316 4182 ricors.

2187 4213 2456 4282 Domine,
2536 4210 2844 4293 miserere,
2909 4213 3290 4294 quadragies.
3363 4213 3587 4295 Oratio,
3641 4214 3751 4288 Qui

2103 4300 2557 4379 omnitempore
2591 4308 2649 4360 et
2680 4304 2838 4364 omni
2875 4302 3018 4365 hora
3050 4325 3064 4384 ;
3101 4314 3228 4384 post
3249 4323 3450 4385 quam,
3477 4306 3751 4369 Domine.

373 4390 466 4468 Καὶ
501 4417 606 4470 νῦν,
643 4409 748 4474 Τὴν
809 4405 1151 4480 τιμιωτέραν,
1207 4402 1518 4472 Μετάνοιαι,
1578 4402 1650 4462 ὼς
1681 4396 1922 4472 εἴρηται,
1971 4398 2014 4451 εἰ

2114 4390 2412 4460 miserere,
2474 4397 2584 4449 ter.
2643 4390 2864 4457 Gloria.
2921 4393 2991 4454 Et
3052 4414 3230 4458 nunc.
3318 4394 3750 4458 Excelsiorem.

369 4499 478 4556 ἔστι
512 4496 922 4577 Τεσσαρακοστή
959 4509 974 4526 ·
1013 4495 1094 4548 καὶ
1129 4491 1406 4551 ἀπόλυσις,

2100 4479 2496 4553 Reverentia),
2532 4487 2593 4540 ut
2623 4479 2843 4542 dictum
2885 4491 2998 4564 est,
3028 4483 3078 4545 si
3127 4484 3202 4547 sit
3235 4485 3698 4564 Quadragesima
3735 4504 3749 4558 ;

2097 4579 2158 4632 et
2191 4570 2326 4631 ﬁnis

1647 4787 2036 4858 MESORIUM
2083 4781 2378 4848 SEXTZE.

445 5049 540 5126 Τὸ,
580 5053 758 5120 Δεῦτε,
821 5049 1297 5126 προσκυνήσωμεν,
1343 5045 1403 5098 ὲκ
1434 5042 1631 5118 τνοῖτου,
1663 5042 1750 5096 καὶ
1782 5040 1808 5093 ὂ
1853 5036 1996 5111 ψαλ-

2167 5028 2304 5088 249.
2348 5024 2554 5084 Venite
2586 5027 2928 5098 adoremus,
2965 5031 3076 5102 ter,
3112 5032 3168 5084 et
3205 5024 3415 5104 psalmi
3445 5041 3544 5105 ιν,
3569 5025 3742 5086 Mise-

364 5138 474 5216 μοὶ,
531 5140 558 5192 ὃ
602 5135 718 5213 νζ’,
770 5136 1026 5202 Ἐλέησόν
1085 5157 1176 5209 με,
1223 5137 1249 5189 ὁ
1302 5134 1455 5204 Θεὸς,
1511 5129 1730 5196 ἐλέησόν
1777 5149 1866 5200 με,
1921 5125 1999 5182 ὅτι

2114 5134 2221 5178 ere
2249 5115 2382 5184 mei,
2423 5115 2599 5188 Deus,
2631 5114 2912 5194 quoniam
2945 5111 3315 5176 conculcavit
3369 5133 3462 5176 me
3518 5116 3694 5176 homo
3725 5135 3740 5192 ;

363 5228 697 5293 κατεπάτησὲ
754 5249 817 5296 με
876 5226 1171 5304 ἅνθρωπος,
1239 5221 1341 5284 Καὶ
1388 5225 1413 5277 ὁ
1476 5221 1574 5300 Ξθ’,
1624 5221 1682 5276 Ὀ
1741 5219 1871 5280 Θεὸς
1929 5218 2000 5278 εἷς

2114 5225 2202 5285 .v1,
2237 5208 2522 5268 Miserere
2557 5206 2693 5266 mei.
2727 5206 2908 5286 Deus,
2945 5204 3234 5266 miserere
3269 5204 3406 5266 mei.
3462 5204 3529 5266 Et
3574 5223 3732 5280 an,

362 5317 606 5392 βοήθειάν
633 5341 754 5391 μου,

446 5406 601 5471 Δόξα.
655 5408 749 5464 Καὶ
799 5413 906 5461 νῦν.
963 5406 1237 5482 Γρισάγιον
1274 5421 1284 5432 ·

356 5499 511 5571 ἡμῶν
541 5514 553 5527 ⁸
588 5497 676 5551 καὶ
708 5497 772 5551 τὰ
799 5495 1032 5571 παρόντα
1063 5495 1340 5571 τροπάριχ,

441 5593 646 5658 Σὼσον,
700 5587 871 5661 Κύριε,
928 5585 1016 5638 τὸν
1062 5582 1187 5638 λαόν
1253 5605 1368 5658 σου,
1419 5582 1505 5636 καὶ
1557 5577 1846 5654 εὒλόγησον
1907 5577 2002 5639 τὴν

1348 5410 1385 5457 lI
1396 5403 1581 5480 αναγία
1612 5398 1766 5476 Τριοίς
1779 5448 1789 5458 ,
1832 5397 1998 5474 Πάτερ

432 5745 518 5825 (a)
558 5743 710 5805 Psal.
747 5757 984 5816 Lxxvm,
1016 5741 1074 5814 8,
1114 5742 1174 5803 9.

2094 5300 2272 5365 Deus,
2308 5299 2363 5354 in
2398 5293 2756 5374 adjutorium
2789 5312 3012 5356 meum.

2160 5385 2381 5448 Gloria.
2421 5383 2488 5444 Et
2516 5381 3048 5463 nunc.Trisagium
3083 5385 3514 5447 :Sanctissima
3537 5384 3738 5448 Trini-

2089 5481 2198 5537 tas.
2238 5477 2414 5535 l‘ater
2447 5479 2665 5543 noster,
2693 5479 2750 5532 et
2780 5473 3093 5552 sequentia
3125 5474 3409 5550 treparia.

2172 5562 2402 5626 Salvum
2437 5562 2527 5622 fac
2561 5560 2838 5640 populum
2874 5573 3061 5640 tuum,
3085 5562 3354 5641 Domine,
3388 5571 3450 5624 et
3482 5562 3736 5624 benedic
