4176 6416
387 333 668 387 οοοιιχι

1812 318 2222 382 PROLEGOM
2234 321 2384 382 ENA
2397 367 2412 384 .

395 459 863 522 haamditatitum
891 461 1007 537 (a),
1044 459 1326 522 victorias
1387 457 1847 540 imperatoribus
1894 475 2068 519 con-r

2154 457 2425 535 ιληρονομί
2432 481 2494 516 αν
2555 481 2672 537 σου,

2758 457 2906 520 νίκας
2962 455 3236 532 βασιλεῦσι
3293 458 3426 514 κατὰ
3501 455 3776 534 βαρϐάρων

399 561 494 611 tra
514 549 798 617 barbaros
828 547 1118 629 concede,
1151 559 1212 611 et
1241 558 1406 612 tuum
1434 548 1662 610 custodi
1732 566 1842 626 per
1883 554 2046 608 tuan.

2154 549 2481 628 ῐωρούμενος,
2528 550 2617 605 καὶ
2648 550 2709 604 τὸ
2740 549 2832 604 σὸν
2864 545 3140 626 φυλάττων
3171 545 3254 602 διὰ
3284 550 3376 604 τοῦ
3428 556 3651 624 σταυροῦ
3681 568 3775 606 σου

402 657 638 701 crucem
671 638 1020 718 imperium.

562 727 784 792 Gloria.

485 819 838 880 Sanctorum
871 817 1192 886 cruciatus,
1227 834 1377 898 quos
1421 833 1527 896 pro
1561 826 1620 877 te
1677 815 1830 896 psssi
1887 823 2049 886 sunt,

405 907 706 984 absterge.
734 909 1018 984 Domine;
1053 915 1113 970 et
1142 905 1373 970 cunctis
1396 905 1616 966 nostris
1659 904 1904 967 medere
1945 905 2052 964 do-

404 996 653 1071 loribus,
679 1015 1024 1077 quaesumus
1052 1005 1130 1072 te,
1165 1004 1402 1057 amator
1433 994 1766 1056 hominum.

566 1083 638 1149 Et
670 1105 851 1148 nunc.

487 1175 841 1238 Sanctorum
873 1176 1138 1237 omnium
1198 1192 1264 1235 ac
1296 1171 1566 1255 Deiparae
1599 1171 1907 1252 precibus,
1947 1191 2053 1252 pa-

2131 636 2445 712 πολίτευμα.

2299 727 2395 782 Adi

2299 750 2334 782 Ἀ
2375 750 2398 793 ς
2442 776 2456 790 .

2217 750 2682 894 Τὰςοὰίγηόόνας
2732 819 2837 872 τῶν
2894 815 3080 895 ἁγίων,
3144 815 3203 881 ἃς
3246 815 3374 893 ὑπὲρ
3433 836 3526 871 σου
3557 815 3776 896 ἔπαθον,

2138 907 2503 984 δυσωπήθητι,
2537 905 2723 986 Κύριε,
2778 908 2866 963 καὶ
2909 905 3081 970 πάσας
3128 907 3282 982 ἡμῶν
3313 906 3405 966 τὰς
3437 903 3621 969 ὀδύνας
3681 903 3776 961 ἴα-

2139 1020 2252 1071 σαι,
2287 996 2645 1077 φιλάνθρωπε,
2684 995 2934 1074 δεόμεθα.

2497 1110 2545 1142 ν.

2497 1110 2545 1142 ν.

2220 1084 2636 1254 ΤῇΚῗΞρζέϐείᾳ,
2683 1171 2868 1253 Κύριε,
2917 1175 3129 1231 πάντων
3160 1179 3266 1230 τῶν
3299 1174 3486 1252 ἁγίων,
3540 1176 3628 1229 καὶ
3681 1178 3781 1240 τῆς

409 1283 536 1326 cem
570 1272 728 1325 tuam
762 1262 935 1327 nobis
984 1262 1272 1343 concede,
1327 1261 1600 1334 Domine,
1637 1270 1697 1322 et
1761 1261 2052 1324 miserere

2154 1265 2422 1339 Ξεοτόκου,
2487 1265 2587 1332 τὴν
2645 1264 2744 1331 σὴν
2805 1264 3021 1341 εἰρήνην
3075 1261 3162 1328 δὸς
3209 1265 3369 1338 ἡμῖν,
3427 1263 3513 1318 καὶ
3563 1260 3784 1330 ἐλέησον

410 1353 618 1430 nostri,
651 1353 750 1436 qui
782 1353 944 1415 solus
975 1353 1322 1415 misericors
1357 1370 1445 1414 es.

490 1443 628 1506 250.
662 1443 938 1517 Domine,
973 1442 1285 1523 miserere,
1323 1441 1703 1523 quadragies.
1740 1439 2054 1504 Gloria.Et

2135 1357 2304 1431 ἡμᾶς,
2332 1357 2406 1419 ὡς
2437 1354 2598 1429 μόνος
2631 1355 2934 1430 οἰκτίρμων.
2976 1376 3000 1407 u

2221 1446 2315 1518 Τὸ,
2367 1444 2542 1521 Κύριε,
2602 1440 2824 1508 ὲλέησοι
2876 1438 2956 1516 μ’.
3019 1440 3178 1507 Δόξα.
3231 1439 3337 1501 Καὶ
3391 1443 3502 1504 νῦν,
3535 1441 3642 1510 Τὴν
3699 1463 3784 1498 τι-

415 1553 590 1594 nunc.
630 1531 1026 1594 Excelsiorem
1085 1534 1150 1593 In
1184 1531 1427 1593 nomine
1461 1531 1719 1594 Domini.
1775 1529 2049 1605 benedic,

2154 1533 2428 1611 ιιωτέραν.
2502 1532 2595 1588 Ἐν
2669 1531 2896 1605 ὀνόματι
2953 1528 3145 1609 Κυρίου
3209 1530 3524 1610 εὖλόγησον,
3588 1532 3781 1610 Πάτερ.

412 1621 607 1686 Pater.
650 1622 997 1685 Sacerdos:
1063 1625 1176 1683 l’er
1234 1637 1463 1700 preces.
1526 1618 1754 1681 Deinde
1810 1619 2059 1681 facimus

417 1720 538 1773 tres
599 1711 856 1791 majores
935 1711 1327 1790 reverentiae,
1407 1717 1468 1772 et
1528 1709 1930 1790 precationem
1992 1711 2054 1771 S.

2141 1621 2201 1682 Ὀ
2249 1623 2413 1698 ἱερεύς
2440 1637 2454 1652 ⁸

2141 1725 2288 1792 τρεῖς
2347 1711 2655 1790 μετανοίας,
2728 1711 2865 1786 μετᾶ
2926 1711 3015 1766 καὶ
3105 1716 3205 1777 τῆς
3265 1712 3435 1790 εὖχῆς
3505 1710 3596 1766 τοῦ
3643 1711 3787 1766 ὁσίου

2514 1620 2594 1677 Δι’
2644 1622 2846 1701 εὒχῶν.
2898 1621 3039 1678 Εἶτα
3099 1629 3349 1696 ποιοῦμεν
3405 1621 3498 1681 τὰς
3543 1620 3783 1698 μεγάλας

413 1798 670 1879 Ephrem
725 1798 1005 1872 dicimus,
1037 1817 1106 1860 ac
1137 1799 1423 1861 continuo
1452 1808 1802 1879 sequentem
1859 1799 2058 1860 Basilii

2154 1802 2410 1882 Ἐφρα“ιμ,
2445 1801 2534 1857 καὶ
2565 1801 2708 1862 ditiis;
2743 1800 2839 1866 τὴν
2891 1807 3154 1875 παροῦσαν
3205 1801 3374 1879 εὐχὴν
3417 1806 3510 1856 τοῦ
3553 1799 3789 1876 μεγάλου

413 1888 610 1967 magni
639 1887 966 1951 orationem
1001 1904 1017 1949 :

499 1979 655 2040 Deus
705 1985 1063 2058 potestatum
1121 1976 1399 2051 Domine,
1461 1983 1736 2058 omlsque
1793 1977 2065 2039 conditor

416 2066 834 2148 creaturas,qui
865 2063 1473 2147 perincomparabilis
1499 2064 1931 2126 misericordiae
1952 2075 2064 2127 tuae

414 2155 645 2218 viscera
671 2155 886 2218 Filium
921 2165 1083 2218 tuum
1119 2155 1512 2234 unigenitum,
1571 2155 1887 2217 Dominum
1950 2175 2049 2216 no.

418 2254 604 2307 strum
636 2245 837 2308 Iesum
870 2245 1173 2306 Christum
1210 2261 1312 2325 pro
1343 2244 1533 2304 salute
1579 2243 1762 2304 nostri
1825 2245 2065 2322 generis

422 2335 656 2409 misisti;
690 2347 750 2396 et
783 2351 889 2415 per
907 2333 1304 2397 venerandam
1337 2332 1527 2414 ipsius
1558 2349 1798 2394 crucem
1831 2333 2064 2395 discer-

421 2423 590 2504 psisti
621 2431 995 2504 peccatorum
1031 2422 2068 2504 nostrorumchirographum;deque

424 2512 794 2593 principibus
849 2531 917 2574 ac
976 2511 1363 2592 potestatibus
1424 2511 1802 2572 tenebrarum
1839 2512 1897 2572 in
1941 2513 2068 2593 ipso

422 2601 799 2682 triumphasti
835 2621 847 2662 :
886 2613 947 2663 tu
980 2601 1162 2674 idem,
1199 2601 1451 2665 Domine
1500 2599 1780 2681 benigne,
1831 2608 2066 2683 suscipe

419 2693 526 2753 has
549 2696 782 2754 nostras
800 2699 1177 2772 peccatorum
1203 2689 1680 2770 orationes,quas
1706 2690 1810 2750 tibi
1837 2701 1894 2753 et
1913 2693 2066 2771 grati

420 2789 480 2843 et
499 2780 802 2862 supplices
817 2781 1148 2861 offerimus;
1170 2789 1228 2842 et
1246 2778 1435 2841 libera
1457 2798 1564 2841 nos
1583 2779 1654 2841 ab
1681 2797 1776 2840 om
1791 2781 1852 2840 ni
1907 2783 2064 2861 gravi

420 2889 488 2933 ac
528 2869 901 2933 tenebricoso
935 2869 1126 2950 lapsu,
1161 2877 1221 2931 et
1250 2868 1323 2930 ab
1356 2868 1657 2948 omnibus,
1689 2869 1788 2949 qui
1821 2889 1929 2931 nos
1958 2871 2062 2932 la:-

423 2959 569 3022 dere
598 2958 982 3032 meditantur,
1019 2957 1279 3020 inimicis
1308 2957 1640 3019 visibilibus
1672 2967 1730 3018 et
1761 2957 2067 3022 invisibili-

425 3049 557 3122 bns,
593 3051 823 3128 conlige
855 3048 1070 3112 timore
1103 3057 1205 3110 tuo
1235 3065 1444 3109 carnes
1477 3057 1728 3118 nostras,
1766 3058 1822 3108 et
1855 3068 1928 3109 ne
1959 3050 2068 3111 de-

424 3138 580 3200 clina
610 3139 791 3199 corda
825 3145 1030 3200 nostra
1080 3138 1139 3198 in
1179 3155 1488 3199 sermones
1538 3137 1628 3199 vel
1685 3138 2070 3217 cogitationes

427 3226 686 3307 malitiae;
719 3226 823 3288 sed
858 3227 939 3288 tui
971 3245 1176 3288 amore
1229 3235 1462 3288 nostras
1511 3226 1744 3287 animas
1801 3228 2068 3302 vulnera,

425 3325 492 3378 ut
520 3315 594 3376 ad
626 3323 684 3377 te
714 3333 954 3397 semper
984 3316 1361 3394 anhelemus,
1396 3325 1454 3377 et
1484 3316 1600 3378 duo
1633 3316 1792 3377 ducti
1824 3317 2070 3398 lumine,

428 3414 508 3484 te,
540 3405 906 3467 inaccessam
937 3413 1343 3488 aeternamque
1373 3405 1593 3479 lucem,
1628 3405 1990 3482 intueamur;
2015 3417 2076 3469 et

423 3494 554 3573 jugi
609 3493 991 3557 confessione
1047 3513 1292 3575 agamus
1347 3495 1453 3557 tibi
1513 3496 1752 3573 gratias,
1809 3496 2072 3576 ingenito

429 3583 587 3647 Patri
618 3603 753 3645 cum
787 3591 887 3645 tuo
916 3586 1223 3665 unigenito
1255 3583 1427 3666 Filio,
1462 3595 1523 3648 et
1552 3594 1756 3647 sancto
1804 3586 2076 3670 bonoque

427 3690 496 3734 ac
518 3672 746 3735 viviﬁco
779 3683 874 3735 tuo
907 3674 1158 3756 Spiritu,
1196 3693 1355 3737 nunc
1387 3682 1444 3736 et
1473 3693 1733 3755 semper,
1770 3687 1827 3740 et
1865 3684 1922 3739 in
1957 3698 2070 3740 sm-

428 3761 563 3823 cula
591 3762 968 3826 saeculorum.
1003 3766 1220 3827 Amen.

510 3937 593 4016 Si,
656 3941 815 4004 Deus
875 3941 1183 4016 Dominus,
1243 3949 1543 4005 cantatum
1593 3943 1793 4015 fuerit,
1867 3949 2079 4008 recita-

428 4046 563 4180 gus
597 4029 826 4111 typica:
863 4031 954 4094 sin
987 4040 1184 4094 autem
1247 4031 1529 4111 Alleluia,
1592 4050 1661 4093 ea
1719 4033 1892 4095 dili‘er
1949 4045 2080 4114 post

482 4136 681 4180 oman.

2148 1889 2422 1948 Βασιλείου
2447 1910 2460 1923 ⁸

2226 1980 2324 2036 Θεὶ
2379 1979 2468 2034 καὶ
2527 1975 2686 2050 Κύριε
2742 1979 2849 2033 τῶν
2886 1975 3178 2049 δυνάμεων,
3234 1976 3322 2032 καί
3353 1978 3531 2042 πείνης
3563 1978 3790 2040 κτίσεως

2144 2068 2458 2146 δημιουργὲ,
2494 2069 2520 2123 ὁ
2554 2065 2637 2122 διὰ
2667 2065 2954 2146 σπλὶγχνα
3015 2064 3326 2122 ἆνεικᾶστου
3368 2064 3546 2126 ὶλὲους
3579 2087 3672 2124 σου
3701 2066 3792 2120 τὸν

2149 2163 2412 2236 μονογενῆ
2471 2180 2564 2214 σου
2625 2157 2768 2234 Υἱὸν,
2815 2158 2906 2212 τὸν
2957 2153 3148 2234 Κύριον
3192 2155 3349 2228 ἡμῶν
3407 2154 3619 2222 Ἰησοῦν
3663 2161 3790 2230 Χρι-

2149 2252 2272 2304 στὸν
2347 2246 2707 2322 καταπέμψας
2767 2245 2851 2301 ἐπὶ
2925 2248 3160 2324 σωτηρίᾳ
3230 2253 3321 2301 τοῦ
3379 2245 3559 2322 γένους
3614 2244 3792 2318 ἡμῶν,

2149 2339 2238 2394 καὶ
2268 2335 2352 2392 διὰ
2381 2343 2471 2393 τοῦ
2500 2336 2675 2410 τιμίου
2708 2335 2865 2391 αὐτοῦ
2897 2342 3118 2412 σταυροῦ
3169 2336 3228 2390 τὸ
3288 2335 3644 2413 χειρόγραφον
3691 2338 3797 2389 τῶν

2153 2431 2423 2506 ἁμαρτιῶν
2474 2427 2628 2500 ἡμῶν
2685 2423 2984 2502 διαῤῥήξας,
3033 2425 3121 2479 καὶ
3167 2421 3518 2502 θριαμϐεύσας
3563 2423 3616 2477 ἐν
3655 2426 3797 2495 αὐτῷ

2152 2519 2247 2578 τὰς
2307 2515 2480 2595 ἀρχᾶς
2527 2517 2612 2570 καὶ
2641 2511 2874 2579 ἐξουσίας
2904 2523 2996 2572 τοῦ
3025 2513 3248 2575 σκότους
3285 2528 3298 2543 ³
3336 2513 3515 2587 αὐτὸς,
3555 2511 3796 2567 Δέσποτα

2151 2605 2511 2686 φιλάνθρωπε,
2602 2601 2875 2682 πρόσδεξαι
2932 2603 3021 2658 καὶ
3081 2604 3238 2677 ἡμῶν
3296 2608 3401 2658 τῶν
3460 2600 3792 2676 ἁμαρτωλῶν

2151 2697 2243 2762 τὰς
2287 2695 2730 2774 εὐχαριστηρίους
2778 2693 2971 2754 ταύτας
3021 2695 3110 2748 καὶ
3151 2693 3450 2768 ἱκετηρίαις
3483 2688 3735 2755 ἐντεύξεις
3776 2708 3792 2723 ·

2149 2788 2238 2842 καὶ
2291 2786 2439 2863 ῥῦσαι
2496 2785 2640 2857 ἡμᾶς
2703 2783 2809 2838 ἀπὸ
2867 2783 3062 2843 παντὸς
3119 2781 3350 2860 ὀλεθρίου
3408 2781 3489 2836 καὶ
3524 2781 3796 2836 σκοτεινοῦ

2151 2877 2610 2957 παραπτώματος,
2668 2876 2754 2931 καὶ
2810 2875 3024 2931 πάντων
3067 2881 3170 2930 τῶν
3228 2878 3466 2931 κακῶσαι
3518 2874 3657 2944 ἡμᾶς
3689 2879 3792 2942 ζη-

2157 2966 2409 3042 τούντων,
2443 2966 2645 3041 ὁρατῶν
2673 2967 2760 3018 καὶ
2783 2962 3020 3040 ἀοράτων
3077 2963 3282 3040 ἐχθρῶν
3319 2977 3334 2992 ’
3389 2960 3703 3035 καθ-ἧλωσον
3736 2959 3796 3014 ἐκ

2153 3063 2244 3112 τοῦ
2275 3052 2435 3134 φόϐου
2464 3075 2559 3112 σου
2583 3053 2676 3113 τὰς
2727 3052 2922 3130 σάρκας
2954 3055 3133 3127 ἡμῶν,
3181 3053 3267 3108 καὶ
3309 3052 3387 3125 μὴ
3420 3048 3665 3124 ἐκκλίνῃς
3700 3049 3794 3111 τὰς

2154 3142 2366 3222 καρδίας
2394 3145 2546 3216 ἡμῶν
2578 3143 2651 3205 εἰς
2697 3140 2888 3218 λόγους
2939 3140 2975 3209 ἢ
3023 3144 3094 3206 εἷς
3139 3142 3430 3219 Αογισμοὺς
3485 3139 3740 3214 πονηρίας
3777 3154 3788 3166 ·

2155 3233 2291 3289 ἀλλὰ
2351 3239 2423 3305 τῷ
2477 3231 2623 3304 πόθῳ
2672 3253 2763 3286 σο)
2811 3232 3013 3307 τρῶσον
3073 3234 3227 3306 ἡμῶν
3276 3231 3368 3293 τὰς
3428 3229 3632 3307 ψυχὰς,
3681 3226 3794 3294 ἵνα,

2156 3325 2284 3402 πρὸς
2337 3343 2396 3377 σε
2446 3319 2729 3384 διαπαντὸς
2806 3321 3150 3393 ἀτενίζοντες,
3215 3321 3301 3375 καὶ
3371 3326 3447 3392 τῷ
3499 3318 3641 3394 παρᾶ
3701 3323 3796 3372 σου

2156 3414 2288 3495 φωτὶ
2331 3411 2721 3490 ·ὃδηγούμενοι,
2779 3412 2837 3468 σὲ
2882 3414 2944 3468 τὸ
2993 3409 3280 3490 ἀπρόσιτον
3337 3409 3424 3465 καὶ
3469 3405 3640 3462 ἀίδιον
3672 3428 3796 3461 κατ-

2160 3504 2467 3563 οπτεύοντες
2504 3507 2638 3581 φῶς,
2685 3501 3093 3559 άκατάπαυστόν
3140 3522 3220 3556 σοι
3280 3502 3379 3566 τὴν
3410 3495 3794 3572 ἐξομολόγησιν

2157 3595 2244 3650 καὶ
2276 3593 2615 3672 εὖχαριστίαν
2646 3590 3070 3666 ἀναπέμπωμεν,
3129 3596 3205 3664 τῷ
3235 3589 3456 3667 ἀνάρχῳ
3489 3588 3677 3664 Πατρὶ,
3716 3586 3804 3638 σὺν

2159 3691 2234 3758 τῷ
2279 3693 2564 3759 μονογενετ
2613 3703 2707 3736 σου
2766 3683 2896 3759 Υίῴ,
2958 3681 3044 3736 καὶ
3087 3682 3163 3753 τῷ
3193 3677 3436 3755 παναγίῳ
3481 3677 3568 3732 καὶ
3622 3674 3805 3751 ἀγαθῷ

2156 3774 2246 3829 καὶ
2274 3777 2523 3844 ζωοποιῷ
2580 3792 2672 3826 σου
2731 3771 3020 3848 Πνεύματι,
3069 3776 3157 3824 νῦν
3187 3769 3274 3824 καὶ
3304 3767 3408 3840 ἀεὶ,
3439 3768 3526 3822 καὶ
3557 3766 3630 3828 εἷς
3681 3764 3802 3826 τοὺς

2156 3862 2352 3923 αἰῶνας
2380 3861 2488 3917 τῶν
2519 3861 2744 3920 αἰώνων,
2776 3858 2974 3932 Ἀμήν.

2242 3950 2340 4008 Καὶ
2369 3951 2412 4004 εἰ
2443 3950 2562 4026 μὲν,
2627 3949 2755 4009 Θεὸς
2816 3949 3023 4026 Κύριος,
3075 3945 3294 4022 ἔψαλτο,
3349 3946 3413 4000 τὰ
3458 3944 3655 4000 τυπικὰ
3707 3942 3802 3998 λέ-

2158 4060 2325 4119 γομεν
2352 4055 2365 4068 ’
2401 4039 2444 4093 εἰ
2486 4035 2542 4092 δὲ
2587 4035 2936 4109 Ἀλληλούϊα,
2972 4036 3186 4116 ὕπὲρθες
3230 4035 3362 4091 αὐτὰ
3405 4035 3541 4109 μετὰ
3570 4035 3668 4100 τὴθ
3713 4032 3803 4088 ἐν-

2161 4128 2326 4195 νάτην
2354 4126 2516 4203 ὥραν.

2054 4382 2278 4450 NONA.

515 4633 656 4697 251.
687 4633 826 4698 Post
857 4634 1236 4724 Benedictus,
1266 4637 1389 4700 Rex
1413 4633 1696 4724 cmlestis,
1719 4633 2068 4718 Trisagium,

2247 4647 2392 4701 Μετὰ
2416 4648 2499 4722 τὸ,
2565 4645 2892 4724 Εὒλογητὸς,
2943 4643 3166 4700 Βασιλεῧ
3219 4641 3448 4722 οὗράνιε,
3503 4642 3816 4720 Τρισάγιον,

434 4721 813 4815 Sanctissima
848 4723 1137 4815 Trinitas,
1174 4727 1345 4788 Pater
1371 4733 1593 4815 noster,
1649 4723 1925 4795 Domine,
1977 4726 2068 4785 mir

2170 4736 2408 4814 Παναγία
2441 4737 2624 4815 Τριὰς,
2673 4721 2842 4814 Πάτερ
2872 4721 3051 4808 ημῶν,
3100 4731 3284 4811 Κύριε,
3319 4721 3567 4804 ἐλέησον,
3603 4731 3697 4805 ιβ’,
3733 4735 3819 4811 τὸ,

433 4832 658 4890 serere,
692 4814 1045 4890 duodecies,
1075 4813 1310 4891 Venite,
1339 4814 1685 4890 adoremus,
1720 4824 1847 4891 ter;
1882 4816 2060 4877 dicun

2175 4813 2354 4898 Δεῦτε,
2391 4813 2863 4905 προσκυνήσωμεν,
2898 4824 2958 4880 ὲκ
3005 4822 3079 4900 γ’.
3125 4822 3259 4879 Ε’ίτα
3313 4823 3340 4877 ὁ
3372 4820 3587 4897 ψαλμὸς
3619 4824 3646 4876 ὃ
3677 4821 3772 4899 πγ⁹
3804 4837 3817 4851 ·

434 4914 529 4966 tur
556 4905 767 4984 psalmi
799 4922 1035 4980 LXXXIII,
1070 4906 1260 4980 Quam
1296 4904 1514 4967 delicta
1555 4903 1964 4979 tabernacula,
2033 4922 2064 4964 e

2170 4913 2267 4969 ἰεδ
2295 4903 2550 4992 ἀγάπητὰ
2579 4915 2645 4971 τὰ
2699 4913 3028 4990 σκηνώματα
3061 4933 3073 4946 ·
3133 4913 3221 4968 καὶ
3252 4914 3278 4967 ὃ
3323 4909 3434 4984 πδ’,
3479 4910 3813 4990 Εὖλόγησας,

433 5009 672 5084 μῖξιν,
704 4992 1042 5084 Denedixti,
1079 4996 1354 5072 Domine,
1422 5005 1663 5084 terram,
1731 5003 1788 5055 et
1837 5009 2064 5056 Luxxv

2172 5003 2355 5084 Κύριε,
2401 5006 2500 5072 τὴν
2555 5005 2699 5083 γῆνο
2761 5005 2844 5060 καὶ
2907 5001 3016 5076 πε’,
3094 5000 3317 5074 Κλϊνον,
3366 4999 3551 5075 Κύριε,
3613 5003 3674 5058 τὸ
3735 5001 3824 5062 οὖς

436 5081 684 5169 inclina,
720 5082 997 5165 Domine,
1029 5103 1238 5147 aurem
1269 5092 1455 5146 tuam.
1487 5083 1716 5145 Dicitur
1743 5098 1944 5146 autem
1993 5083 2068 5144 ul-

2175 5081 2291 5157 σου.
2319 5093 2509 5169 Πάλιν,
2546 5081 2776 5161 Ποίησον
2806 5091 2924 5169 μετ’
2957 5093 3109 5168 ἐμοῦ.

437 5168 565 5230 timi
596 5170 776 5249 hujus
809 5173 1021 5251 psalmi
1049 5174 1379 5237 versiculus
1403 5173 1513 5234 bis.
1549 5172 1664 5235 Fac
1710 5192 1969 5236 mecum.

519 5258 740 5322 Gloria.
779 5261 853 5322 Et
883 5280 1062 5325 unc.
1099 5265 1379 5337 Alleluia,
1413 5273 1524 5326 ter.
1562 5261 1845 5335 Domine,
1905 5262 2091 5324 mise-

440 5365 599 5422 rere,
632 5354 746 5410 ter.
809 5348 881 5410 Et
920 5352 977 5413 si
1033 5352 1254 5415 dictum
1315 5353 1515 5433 fuerit,
1564 5351 1724 5414 Deus
1781 5353 2091 5414 Dominus.

436 5438 678 5502 accines
707 5436 830 5501 diei
860 5441 1231 5522 troparium;
1268 5444 1362 5504 sin
1383 5452 1582 5503 autem
1630 5441 1908 5521 Alleluia,
1975 5451 2090 5503 troo

440 5526 669 5607 parium
700 5527 863 5607 quod
889 5529 987 5593 hic
1018 5529 1284 5613 ponitur,
1311 5541 1452 5592 tono
1478 5528 1720 5610 obliquo
1747 5530 1811 5592 4.

2263 5271 2419 5338 Δόξα.
2468 5274 2571 5336 Καὶ
2605 5280 2712 5332 νῦν.
2767 5269 3120 5349 Ἀλληλούϊα,
3182 5270 3242 5324 ὲκ
3294 5265 3370 5346 γ’.
3431 5265 3611 5344 Κύριε,
3657 5265 3823 5334 ἐλέη-

2180 5386 2295 5442 σον,
2322 5363 2397 5440 γ’,
2432 5360 2536 5424 Καὶ
2581 5364 2624 5418 εἰ
2683 5365 2781 5436 μὲν
2841 5362 2971 5423 Θεὸς
3003 5357 3195 5436 Κύριος
3247 5355 3472 5435 ἕψαλτο,
3509 5356 3731 5428 ἀπᾴσεις
3764 5359 3825 5412 τὸ

2179 5455 2278 5518 τῆς
2309 5453 2512 5529 ἡμέρας
2544 5453 2827 5532 τροπάριον
2861 5467 2873 5480 ⁸
2913 5452 2956 5507 εἰ
2989 5448 3044 5506 δὲ
3073 5445 3430 5526 Ἀλληλούϊα,
3469 5447 3530 5502 τὸ
3557 5447 3725 5526 παρὸν
3753 5448 3826 5510 είς

2185 5545 2325 5623 ἦχον
2356 5541 2452 5604 πλ,
2480 5539 2551 5603 δ’,

521 5724 616 5803 (a)
648 5723 808 5788 Psal.
833 5743 1010 5805 xxvu,
1044 5728 1105 5791 9.
