4176 6394
1423 323 1862 390 ACOLUTHIA
1909 324 2291 387 TRIPLICIS
2332 325 2576 388 FESTI.

470 465 530 524 Ὀ
602 466 656 522 ἐν
701 471 769 540 τῇ
838 465 1030 540 ἐννάτῃ
1101 464 1212 542 ὥρᾳ
1269 462 1336 519 δι’
1397 466 1542 538 ἡμᾶς
1604 462 1754 536 σαρκὶ
1812 459 2092 516 θανάτουΑ

387 555 736 634 γευσάμενος,
768 552 1029 631 νέκρωσον
1089 553 1186 620 τῆς
1238 555 1431 632 σαρκὸς
1481 553 1632 626 ἡμῶν
1663 552 1726 606 τὸ
1756 548 2025 629 φρόνημα,

391 644 576 724 Χριστὲ
611 645 638 700 6
671 644 804 706 Θεὸς
829 645 1006 718 ἡμῶν,
1041 644 1127 699 καὶ
1160 649 1332 700 σῶσον
1375 643 1540 718 ἡμᾶς.

1028 740 1273 790 zrtxoz
1308 733 1382 794 α’.

473 820 771 898 Ἐγγισάτω
801 825 835 890 ἡ
867 821 1046 888 δέησις
1099 845 1199 896 μου
1230 822 1455 878 ἐνώπιόν
1498 844 1616 895 σου,
1670 823 1851 899 Κύριε,
1892 819 2027 874 κατὰ

390 916 448 970 τὸ
479 908 657 987 λόγιόν
691 931 782 966 σου
826 911 973 990 ῥῦσαί
1005 934 1095 987 με,

1036 1096 1280 1147 ΣτιΧοΣ
1312 1089 1384 1166 β’.

471 1179 709 1239 Εὶσέλθοι
766 1182 827 1237 τὸ
874 1178 1082 1254 ἀξίωμά
1130 1182 1232 1255 μου
1264 1179 1488 1237 ἐνώπιον
1528 1203 1644 1261 σου,
1681 1183 1859 1260 Κύριε,
1893 1182 2030 1237 κατὰ

386 1273 448 1330 τὸ
477 1271 657 1350 λόγιον
689 1292 787 1326 σου
827 1270 975 1346 ῥῦσαί
1018 1290 1109 1344 με,

551 1359 706 1426 Δόξα.
744 1361 841 1419 Καὶ
873 1370 980 1421 νῦν.
1556 1365 1857 1424 Θεοτόκιον,

467 1452 527 1510 Ὀ
581 1448 648 1506 δι’
696 1452 841 1525 ἡμᾶς
888 1452 1155 1528 γεννηθεὶς
1208 1451 1266 1506 ἐκ
1313 1451 1595 1532 Παρθένου,
1647 1454 1735 1510 καὶ
1783 1454 2029 1530 σταύρωο

387 1563 468 1597 σιν
496 1541 807 1615 ὑπομείνας,
840 1538 1000 1618 ἀγαθέ
1037 1559 1054 1574 ο
1101 1543 1127 1596 6
1172 1542 1380 1614 θανάτῳ
1435 1544 1527 1598 τὸν
1555 1544 1780 1599 θάνατον
1810 1544 2031 1599 σκυλεύ-

3460 337 3762 387 CCCLXXXI

2199 456 2306 529 Qui
2340 459 2485 520 hora
2545 478 2700 522 nona
2761 479 2864 540 pro
2921 459 3094 522 nobis
3146 467 3394 520 mortem
3428 455 3756 518 secundum

2117 565 2362 609 carnem
2399 549 2752 629 degustasti,
2780 551 3073 611 mortiﬁca
3097 549 3155 610 in
3190 547 3360 608 nobis
3392 545 3590 608 carnis
3623 563 3757 625 pru-

2115 637 2402 712 dentiam,
2441 639 2680 702 Christe
2709 643 2866 702 Deus
2898 648 3126 710 noster,
3163 648 3220 700 et
3249 637 3405 699 salva
3435 654 3567 696 nos.

2662 727 3120 794 VERSICULUS
3155 729 3206 791 1.

2196 815 2336 878 252.
2368 819 2821 900 Appropinquet
2851 819 3190 898 deprecatio
3225 835 3354 878 mea
3405 815 3467 876 in
3499 829 3756 892 conspe-

2116 913 2210 966 ctu
2246 914 2365 986 tuo,
2402 905 2652 970 Domine
2681 958 2696 986 ,
2736 911 2904 988 juxta
2957 907 3258 989 eloquium
3295 917 3458 969 tuum
3493 905 3567 966 da
3612 902 3755 962 mihi

2116 996 2502 1058 intellectum.

2666 1086 3126 1152 VERSICULUS
3155 1087 3214 1150 2.

2199 1177 2380 1239 Intret
2425 1180 2735 1258 postulatio
2772 1198 2901 1240 mea
2933 1179 2994 1240 in
3033 1184 3356 1258 conspectu
3391 1183 3512 1250 tuo,
3549 1172 3756 1236 Domi-

2113 1283 2211 1347 ne,
2247 1269 2574 1329 secundum
2609 1269 2913 1346 eloquium
2947 1277 3109 1330 tuum
3147 1267 3312 1347 eripe
3342 1285 3461 1329 me.

2276 1357 2498 1418 Gloria.
2535 1358 2603 1420 Et
2640 1377 2818 1420 nunc.
3331 1354 3596 1417 Mariale.

2198 1446 2309 1519 Qui
2338 1465 2442 1525 pro
2475 1448 2647 1511 nobis
2679 1471 2748 1510 ex
2782 1451 3023 1529 Virgine
3070 1447 3306 1527 genitus
3355 1463 3441 1524 es,
3476 1443 3756 1521 benigne,

2118 1545 2172 1597 et
2207 1537 2456 1598 tolerata
2478 1540 2672 1601 crucis
2719 1547 2907 1601 morte
2941 1549 3190 1600 mortem
3225 1535 3442 1606 viciSti,
3481 1541 3542 1596 et
3582 1531 3759 1593 veluti

389 1652 508 1703 σας,
566 1630 652 1686 καὶ
711 1629 916 1708 ἔγερσιν
965 1627 1134 1694 δείξας
1192 1633 1262 1692 ὡς
1330 1633 1480 1703 Θεὸς,
1544 1635 1622 1705 μὴ
1673 1631 1894 1710 παρίδῃς
1949 1634 2034 1697 οὒς

2121 1626 2298 1700 Deus,
2330 1628 2748 1691 demonstrasti
2794 1627 3320 1698 resurrectionem,
3356 1644 3430 1686 ne
3461 1619 3761 1702 despicias

388 1717 625 1785 ἔπλασας
679 1724 747 1795 τῇ
776 1719 926 1798 χειρί
956 1741 1071 1778 σου.
1126 1718 1310 1785 Δεῖξον
1342 1721 1441 1788 τὴν
1471 1720 1862 1800 φιλανθρωπίαν
1913 1743 2030 1792 σου,

2121 1735 2264 1797 quos
2298 1736 2473 1778 manu
2507 1728 2605 1779 tua
2626 1720 2918 1793 formasti;
2944 1717 3216 1794 ostende,
3249 1712 3615 1786 misericors,
3652 1710 3758 1771 be-

388 1808 641 1883 ὲλεῆμον,
694 1807 841 1873 Δέξαι
875 1808 972 1876 τὴν
1015 1811 1270 1866 τεκοῦσάν
1300 1832 1356 1866 σε
1389 1813 1672 1880 Θεοτόκον,
1713 1809 2031 1889 πρεσϐεύου-

2121 1805 2496 1867 neﬁcentiam
2533 1817 2710 1868 tuam.
2748 1807 2999 1886 Suscipe
3030 1815 3189 1866 tuam
3222 1803 3612 1875 Genitricem,
3653 1818 3758 1878 pro

388 1921 485 1955 σαν
515 1899 645 1977 ὑπὲρ
701 1901 856 1973 ἡμῶν
891 1913 904 1928 ⁶
940 1899 1026 1953 καὶ
1071 1903 1263 1972 σῶσον,
1312 1905 1490 1979 Σῶτερ
1519 1901 1697 1976 ἡμῶν,
1733 1901 1860 1957 λαὸν
1891 1902 2028 1957 ἀπε-

2121 1896 2287 1956 nobis
2304 1900 2754 1977 deprecantem;
2777 1907 2834 1958 et
2866 1898 3090 1958 salvum
3122 1894 3506 1966 fac,Salvator
3530 1897 3756 1962 noster,

384 1988 716 2066 γνωσμένον.

469 2079 556 2144 Μὴ
610 2075 674 2144 δὴ
736 2077 1022 2157 παραδώῃς
1067 2080 1215 2153 ἡμᾶς
1247 2081 1320 2141 εἰς
1353 2079 1504 2137 τέλο>
1526 2079 1618 2137 διὰ
1649 2083 1708 2137 τὸ
1739 2081 1906 2155 ὄνομά
1936 2103 2029 2136 σου

387 2169 447 2224 τὸ
506 2165 656 2246 ἅγιον
691 2184 704 2198 ο
731 2170 818 2224 καὶ
869 2169 945 2243 μὴ
989 2167 1340 2245 διασκεδάσῃς
1375 2171 1472 2238 τὴν
1505 2169 1760 2240 διαθήκην
1791 2193 1906 2251 σου,
1945 2173 2028 2227 καὶ

388 2260 465 2333 μὴ
503 2258 817 2334 ἀποστήσῃς
870 2261 930 2314 τὸ
974 2257 1118 2324 ἔλεός
1178 2283 1270 2315 σου
1322 2257 1410 2339 ἀφ’
1472 2263 1625 2335 ἡμῶν
1656 2259 1724 2317 δι’
1791 2260 2030 2340 Ἀϐραὰμ

387 2351 477 2403 τὸν
532 2347 886 2420 ἠγαπημένον
917 2349 1018 2403 ὑπὸ
1050 2356 1164 2422 σοῦ,
1197 2351 1284 2405 καὶ
1329 2349 1436 2405 δια
1467 2348 1648 2406 Ἰσαὰκ
1700 2353 1788 2407 τὸν
1845 2349 2031 2408 δοῦλον

387 2457 500 2508 σου,
536 2438 620 2492 καὶ
663 2435 880 2516 Ἰσραὴλ
911 2438 999 2494 τὸν
1033 2435 1180 2514 ἂγιον
1213 2460 1327 2500 σοι),

469 2525 774 2604 Τρισάγιον,
869 2527 1105 2601 Παναγία
1191 2527 1374 2607 Τριὰς,
1457 2529 1626 2608 Πάτερ
1683 2531 1862 2603 ἡμῶν.
1936 2533 2032 2588 Καὶ

389 2618 432 2672 εἰ
463 2615 560 2688 μὲν
591 2613 732 2671 ἔστιν
781 2617 962 2693 ἑορτὴ,
1021 2615 1144 2694 λέγε
1175 2619 1236 2674 τὸ
1267 2618 1546 2674 κοντάκιον
1579 2621 1762 2687 αὒτῆς·
1794 2623 1836 2677 εἰ
1867 2619 1912 2676 δ’
1945 2623 2027 2694 οὒ,

389 2727 573 2766 ταυτα.

470 2884 689 2941 Βλέπων
761 2887 788 2940 6
846 2883 1053 2962 λῃστὴς
1111 2889 1203 2944 τὸν
1279 2888 1526 2965 ἀρχηγὸν
1577 2889 1670 2956 τῆς
1727 2897 1868 2959 ζωῆς
1947 2889 2031 2944 ἐπὶ

388 2982 615 3052 σταυροῦ
666 2975 1000 3050 κρεμάμενον
1057 2975 1237 3055 ἔλεγεν
1267 2994 1282 3010 ⁶
1362 2979 1417 3035 Εἰ
1489 2980 1564 3053 μὴ
1627 2981 1758 3039 Θεὸς
1817 2980 2031 3057 ὑπῆρχε

392 3067 674 3140 σαρκωθεὶς
733 3067 759 3119 6
819 3065 910 3120 σὺν
965 3067 1104 3141 ἡμῖν
1153 3070 1491 3145 στα·›ρωθεῖς,
1553 3069 1649 3124 οὒκ
1699 3067 1758 3123 ἄν
1811 3071 1838 3123 6
1883 3067 2031 3134 ἥλιος

388 3155 482 3220 τὰς
514 3153 736 3219 ἀκτῖνας
769 3152 1155 3233 ἒναπὲκροψεν,
1189 3155 1306 3213 οὕδὲ
1359 3159 1391 3224 ἡ
1417 3163 1488 3234 γῆ
1522 3157 1773 3232 σειομένη
1807 3158 2030 3233 ἐκυμαί-

2117 1985 2396 2066 populum
2424 1989 2816 2066 proﬂigatum.

2199 2079 2284 2136 ;\'e
2319 2075 2516 2136 tradas
2538 2096 2646 2136 nos
2671 2077 2728 2136 in
2751 2078 3212 2157 tinem,propter
3244 2091 3461 2135 nomen
3485 2076 3756 2132 sanctum

2115 2174 2301 2241 tuum,
2331 2174 2388 2226 et
2425 2185 2498 2227 ne
2532 2167 2842 2246 diSperdas
2902 2175 3316 2227 testamentum
3353 2174 3542 2232 tuum,
3599 2167 3656 2219 et
3687 2174 3761 2216 ne

2115 2265 2349 2316 avertas
2371 2255 2842 2318 misericordiam
2870 2266 3025 2316 tuam
3051 2273 3085 2314 a
3106 2247 3759 2333 nobis,propterAbra-

2117 2347 2248 2404 ham
2283 2346 2568 2406 dilectum
2595 2348 3291 2426 tuum,etpropterlsaac
3322 2360 3556 2404 servum
3594 2350 3758 2400 tuum

2116 2442 2176 2496 et
2207 2435 2385 2496 Israel
2418 2445 2691 2497 sanctum
2722 2445 2909 2496 tnum.

2197 2525 2336 2588 951i.
2400 2523 2760 2602 Trisagium,
2815 2525 3206 2587 Sanctissima
3252 2521 3536 2592 Trinitas,
3590 2522 3764 2582 Pater

2118 2629 2341 2679 noster.
2403 2616 2495 2699 Et,
2555 2617 2602 2677 si
2681 2616 2811 2679 dies
2891 2618 3074 2678 festus
3123 2616 3221 2688 sit,
3286 2615 3381 2675 dic
3431 2613 3562 2692 ejus
3606 2629 3756 2672 con-

2117 2707 2372 2778 tacinm;
2405 2708 2453 2768 si
2486 2717 2682 2769 autem
2718 2707 3053 2769 contacium
3117 2723 3236 2768 non
3270 2705 3366 2783 sit,
3401 2703 3529 2764 haec
3559 2700 3760 2761 dican.

2115 2803 2208 2856 tur
2242 2817 2256 2855 :

2200 2885 2419 2948 Videns
2451 2886 2596 2948 latro
2623 2895 2926 2948 auctorem
2952 2887 3083 2946 vitae
3099 2883 3457 2965 pendentem
3483 2899 3516 2942 e
3550 2894 3750 2952 cruce,

2115 2975 2298 3037 dixit:
2325 2977 2513 3036 sinon
2537 2985 2695 3037 esset
2740 2992 2981 3036 carnem
3035 2975 3276 3036 indutus
3299 2971 3479 3051 Deus,
3514 2974 3611 3049 qui
3644 2987 3756 3028 no—

2117 3065 2346 3126 biseum
2378 3066 2438 3126 in
2465 3084 2709 3126 crucem
2737 3075 2901 3125 actus
2943 3073 3057 3143 est,
3097 3082 3213 3124 non
3246 3060 3644 3122 absconderet
3673 3055 3760 3117 sol

2121 3158 2323 3216 radios
2375 3175 2541 3232 suos,
2607 3174 2799 3235 neque
2860 3172 3141 3215 succussa
3197 3162 3352 3214 terra
3408 3152 3764 3212 ﬂuctuaret:

390 3265 506 3300 νετο
539 3259 554 3274 ⁹
591 3242 712 3299 ἀλλ’
739 3246 766 3298 ὅ
788 3245 1000 3300 πάντων
1023 3245 1376 3326 ἀνεχόμενος,
1405 3248 1668 3322 μνησθιιτί
1691 3269 1818 3318 μου,
1852 3259 2026 3322 Κυριε,

2121 3263 2256 3324 ergo
2293 3251 2395 3324 qui
2431 3247 2554 3306 haec
2577 3255 2790 3306 cuneta
2815 3245 3096 3320 sustines,
3129 3250 3430 3304 memento
3450 3237 3564 3300 mei
3589 3243 3646 3298 in
3673 3253 3766 3298 re-

390 3345 443 3390 ἐν
473 3339 540 3409 τῇ
571 3333 815 3410 βασιλείᾳ
845 3356 958 3396 σου,

553 3423 708 3489 Δόξα,

473 3512 562 3571 Ἐν
619 3513 766 3588 μέσῳ
825 3512 913 3570 δύο
972 3514 1184 3590 λῃστῶν
1241 3518 1396 3596 ζυγὸς
1458 3516 1794 3581 δικαιοσύνης
1849 3515 2030 3594 εὓρέθη

389 3607 417 3656 ὸ
477 3604 698 3681 σταυρὸς
743 3625 835 3659 σου
867 3623 883 3640 ⁸
943 3605 1033 3660 τοῦ
1077 3606 1175 3680 μὲν
1219 3607 1583 3684 καταγομένου
1628 3608 1700 3668 εἰς
1767 3603 1899 3678 ᾅδην
1959 3613 2033 3679 τῷ

295 3725 299 3729 -
389 3693 536 3770 βάρει
581 3692 947 3772 βλασφημίας⁹
1007 3701 1101 3752 τοῦ
1159 3693 1213 3750 δὲ
1257 3696 1638 3774 κουφιζομένοο
1683 3696 2031 3766 πταισμάτων

394 3786 526 3860 πρὸς
559 3789 754 3861 γνῶσιν
797 3784 1094 3864 θεολογίας,
1131 3785 1321 3862 Χριστὲ
1353 3788 1380 3842 6
1409 3787 1560 3858 Θεὸς,
1595 3785 1713 3851 δόξα
1749 3807 1851 3846 σοι,

475 3962 572 4020 Καὶ
602 3969 712 4025 νῦν,

469 4053 568 4110 Τὸν
614 4050 833 4126 Ἀμιιὸν,
887 4055 974 4111 καὶ
1035 4054 1290 4130 [1οιμὲνα,

389 4152 549 4222 σμοῦ,
584 4141 637 4196 ἐν
667 4148 744 4215 τῷ
788 4151 995 4221 σταυρῷ
1043 4148 1310 4223 θεωροῦσα
1353 4145 1388 4212 ἡ
1438 4155 1684 4213 τεκοῦσα,
1734 4144 1882 4222 ἔλεγε
1933 4143 2030 4200 δα-

385 4231 655 4310 κρύουσασ
694 4231 754 4288 Ὀ
809 4233 906 4307 μὲν
967 4235 1168 4307 κόσμος
1230 4234 1546 4313 ἀγάλλεται,
1594 4232 1886 4312 δεχόμενος
1936 4237 2032 4303 τὴν

386 4321 642 4401 λύτρωσιν
677 4337 692 4353 ⁸
753 4322 818 4377 τὰ
875 4320 928 4377 δὲ
988 4321 1276 4402 σπλάγχνα
1333 4347 1433 4398 μου
1463 4323 1746 4400 φλέγονται

1371 4058 1458 4112 καὶ
1523 4056 1745 4130 Σωτῆρα
1796 4062 1888 4110 τοῦ
1941 4054 2031 4111 κό-

1757 4371 1774 4404 ,
1825 4325 2033 4402 ὁρώσης

383 4413 484 4479 τὴν
528 4412 846 4490 σταύρωσιν,
905 4413 971 4479 ἡν
1015 4413 1145 4490 ὑπὲρ
1190 4414 1402 4469 πάντων
1460 4412 1768 4488 ὑπομένεις,
1826 4418 1853 4471 6
1915 4419 2099 4515 Υἱὸςῆ

384 4504 474 4559 καὶ
505 4501 635 4565 Θεός
671 4523 793 4576 μου.

469 4593 644 4669 Κύριε,
702 4589 948 4665 ἐλέησον,
993 4589 1078 4665 μ’.
1138 4589 1197 4650 Ὀ
1248 4591 1302 4648 ἐν
1341 4594 1499 4648 παντὶ
1553 4601 1724 4670 καιρῷ
1778 4595 1863 4651 καὶ
1923 4597 2031 4651 παας

511 4681 567 4704 ηε
704 4680 851 4704 ηνῑη-
919 4680 1027 4704 ῚΊῙγ
1264 4683 1278 4703 9
1371 4681 1455 4704 ,με
1585 4692 1615 4704 ν
1665 4685 1675 4700 ε
1782 4687 1806 4704 γ
1922 4687 1983 4704 ...ι

385 4703 454 4757 σῃ
502 4681 635 4759 ὥρᾳ.
704 4680 856 4755 Κύριε
914 4680 1163 4754 ἐλέησοι,
1225 4683 1299 4758 γ’,
1361 4681 1514 4747 Δόξα.
1585 4685 1680 4740 Καὶ
1750 4687 1859 4746 νῦν,
1922 4687 2029 4752 Τὴν

385 4771 728 4847 τιμιωτέραν.
786 4767 878 4826 Ἐν
923 4769 1142 4843 ὀνόματι
1193 4771 1396 4850 Κυρίου,
1460 4772 1776 4848 εὗλόγησον,
1835 4775 2026 4851 Πατερ,

387 4860 447 4918 Ὀ
491 4860 654 4935 ἱερεύς
690 4874 701 4884 ·
765 4859 822 4915 Ὀ
883 4859 1012 4922 Θεὸς
1075 4860 1400 4938 οἱκτειρτῖσαι
1459 4862 1627 4934 ἡμᾶς.
1683 4865 1776 4919 Καὶ
1829 4865 1872 4918 εἱ
1923 4863 2030 4919 ἔστι

387 4947 822 5023 Τεσσαρακοστὴ,
889 4951 982 5009 τὰς
1041 4962 1187 5026 τρεῖς
1236 4948 1474 5026 πεγὰλας
1534 4952 1813 5024 μετανοίας
1865 4976 2031 5019 ποιη-

387 5059 532 5098 τεον.

2113 3345 2372 3414 gnotuo.

2194 3425 2416 3488 Gloria.

2199 3515 2484 3577 lnmedio
2517 3516 2812 3576 latronum
2865 3515 2972 3576 fuit
3011 3531 3152 3576 crux
3209 3520 3330 3590 tua,
3391 3508 3566 3570 veluti
3605 3506 3756 3566 libra

2115 3605 2397 3683 justitiae;
2434 3605 2626 3666 altero
2662 3604 2898 3684 quidem
2931 3605 3216 3683 depresso
3269 3600 3338 3660 ad
3386 3598 3610 3659 inferos
3644 3613 3761 3674 prie

2124 3695 2389 3772 pondere
2440 3683 2800 3772 impietatis;
2848 3692 3032 3754 altero
3087 3700 3285 3751 autem
3335 3687 3523 3748 levato
3576 3683 3760 3772 lapsi-

2123 3771 2252 3853 bus,
2311 3784 2381 3843 ad
2445 3771 2547 3842 Dei
2601 3781 3022 3860 cognitionem.
3078 3777 3280 3843 Gloria
3341 3775 3470 3853 tibi,
3533 3771 3764 3835 Christe

2120 3870 2303 3935 Deus.

2201 3963 2270 4023 Et
2295 3981 2474 4022 nunc.

2198 4054 2452 4130 Agnum,
2490 4061 2547 4113 et
2594 4051 2922 4128 Pastore-‘u,
2958 4059 3016 4110 et
3063 4051 3436 4110 Servatorcm
3472 4041 3676 4102 mundi
3704 4041 3760 4099 in

2117 4161 2296 4202 cruce
2331 4141 2533 4202 videns
2591 4139 3046 4210 Mater,dicebat
3094 4139 3422 4217 lacrymans
3459 4153 3471 4192 :
3514 4130 3762 4191 Mundus

2118 4232 2357 4312 quidem
2407 4231 2662 4292 exsultat
2707 4230 3008 4309 actaipiens
3076 4226 3597 4306 redemptionem;
3655 4219 3761 4281 sed

2120 4330 2374 4382 uruntur
2432 4321 2659 4390 viscera
2716 4339 2868 4391 mea,
2926 4327 3238 4398 spectante
3285 4313 3758 4386 cruciﬁxionem,

2119 4430 2322 4491 quam,
2355 4429 2450 4472 me
2481 4411 2590 4470 Fili
2621 4411 2698 4470 mi
2733 4420 2790 4472 et
2833 4409 3009 4482 Deus,
3070 4428 3172 4488 pro
3206 4407 3488 4468 omnibus
3519 4400 3758 4484 pateris.

2202 4589 2469 4652 Domine.
2505 4589 2814 4666 miserere,
2865 4587 3248 4664 quadragies.
3283 4585 3392 4657 Qui
3426 4582 3584 4642 omni
3620 4589 3736 4638 tem

2120 4699 2263 4760 pore
2295 4688 2350 4740 et
2381 4679 2543 4738 omni
2574 4679 2740 4738 liora.
2788 4677 3056 4754 Domine,
3123 4677 3430 4743 miserere,
3469 4683 3582 4730 ter.
3619 4669 3763 4730 Glo-

2119 4757 2309 4831 i'ia.l".t
2348 4789 2526 4829 nunc.
2563 4767 2988 4828 Excelsiorem.
3017 4764 3074 4824 In
3100 4765 3332 4824 nomine
3359 4760 3614 4830 homini,
3652 4757 3761 4816 be-

2118 4860 2317 4936 nedic,
2351 4860 2540 4918 l‘ater.
2585 4854 2877 4918 Sacerdos
2907 4872 2919 4914 :
2978 4853 3132 4913 Deus
3168 4854 3521 4912 misereatur
3552 4845 3758 4908 nostri.

2118 4950 2208 5019 Et,
2237 4949 2284 5009 si
2313 4950 2382 5008 sit
2406 4943 2893 5023 Quadragesima,
2915 4943 3205 5004 facienda)
3228 4953 3362 5000 sunt
3386 4951 3508 5002 tres
3535 4958 3765 5018 magna)

2119 5037 2494 5101 reverentiae.

1740 5253 2132 5321 MESOHIUM
2177 5253 2422 5318 ΝΟΝᾸΕ.

466 5467 560 5539 Τὸ,
612 5473 796 5535 Δεῦτε,
858 5466 1338 5542 προσκυνήσιιηιεν,
1383 5464 1456 5541 γ’.
1519 5464 1613 5519 Καὶ
1660 5464 1706 5518 οἱ
1759 5462 1964 5538 ψαλμοί
2009 5466 2034 5518 ὁ

385 5552 510 5634 913’,
548 5557 778 5626 Αἰνεῖτε,
840 5553 1057 5627 παῖδες,
1117 5555 1298 5628 Κύριον
1337 5570 1349 5582 ·
1408 5554 1494 5610 καὶ
1529 5554 1554 5606 ὃ
1606 5552 1679 5619 θ’.
1740 5550 2033 5623 Ἐξομολθ’

381 5644 618 5723 γήσομαί
675 5665 780 5722 σοι,
845 5644 1024 5723 Κύριε,
1071 5643 1123 5698 ἐν
1183 5641 1285 5708 ὅλη
1347 5641 1530 5718 καρδίᾳ
1583 5662 1686 5715 μου
1720 5661 1735 5678 ⁸
1769 5642 1858 5698 καὶ
1889 5639 2026 5719 ρλϐ’,

383 5731 595 5799 ,Εξέλου
617 5754 707 5808 με,
749 5733 924 5812 Κύριε,
950 5730 1004 5797 ἐξ
1033 5731 1310 5804 ἀνθρώπου
1336 5738 1593 5810 πονηροῦ.

2204 5460 2342 5520 254.
2408 5454 2622 5519 Venite
2669 5453 3010 5526 adoremus,
3061 5459 3186 5528 ter;
3237 5457 3293 5507 et
3326 5450 3584 5528 psalmus
3615 5468 3758 5515 cx“.

2119 5549 2406 5621 Laodate,
2447 5545 2634 5627 pueri,
2700 5540 3012 5603 Dominum
3043 5560 3056 5596 :
3090 5547 3148 5599 et
3177 5556 3258 5611 Ix,
3295 5540 3601 5601 Confiteor
3631 5541 3757 5612 tibi,

2117 5637 2395 5717 Domine,
2430 5637 2487 5697 in
2523 5644 2640 5696 toto
2671 5631 2852 5693 corde
2889 5648 3016 5689 meo
3053 5647 3066 5689 :
3104 5627 3608 5708 etcxxx:x,Eripe
3636 5647 3753 5703 me,

2112 5725 2391 5802 Domine,
2416 5726 2488 5787 ab
2521 5722 2762 5786 homine
2795 5718 2968 5781 malo.
