  <div class='ocr_page' id='page_1' title='image "/cluster/home/n/w/nwhite01/storage/ocr_20150623/29:no.1/coo.31924054873108/397.png"; bbox 0 0 4176 6402; ppageno 0'>
   <div class='ocr_carea' id='block_1_1' title="bbox 400 319 719 372">
    <p class='ocr_par' dir='ltr' id='par_1_1' title="bbox 400 319 719 372">
     <span class='ocr_line' id='line_1_1' title="bbox 400 319 719 372; baseline -0.019 0"><span class='ocrx_word' id='word_1_1' title='bbox 400 319 719 372; x_wconf 76' lang='lat' dir='ltr'><strong>CCCLXXXII</strong></span> 
     </span>
    </p>
   </div>
   <div class='ocr_carea' id='block_1_2' title="bbox 409 525 1555 603">
    <p class='ocr_par' dir='ltr' id='par_1_2' title="bbox 409 525 1555 603">
     <span class='ocr_line' id='line_1_2' title="bbox 409 525 1555 603; baseline -0.007 -7"><span class='ocrx_word' id='word_1_2' title='bbox 409 542 515 596; x_wconf 88' lang='lat' dir='ltr'><strong>tas.</strong></span> <span class='ocrx_word' id='word_1_3' title='bbox 549 536 719 593; x_wconf 90' lang='lat' dir='ltr'><strong>Pater</strong></span> <span class='ocrx_word' id='word_1_4' title='bbox 750 536 977 599; x_wconf 89' lang='lat' dir='ltr'><strong>noster,</strong></span> <span class='ocrx_word' id='word_1_5' title='bbox 1008 535 1067 588; x_wconf 89' lang='lat' dir='ltr'><strong>et</strong></span> <span class='ocrx_word' id='word_1_6' title='bbox 1094 529 1219 587; x_wconf 69' lang='lat' dir='ltr'><strong>haec</strong></span> <span class='ocrx_word' id='word_1_7' title='bbox 1252 525 1512 603; x_wconf 82' lang='lat' dir='ltr'><strong>troparia</strong></span> <span class='ocrx_word' id='word_1_8' title='bbox 1544 547 1555 588; x_wconf 90' lang='lat'>:</span> 
     </span>
    </p>
   </div>
   <div class='ocr_carea' id='block_1_3' title="bbox 487 614 2045 696">
    <p class='ocr_par' dir='ltr' id='par_1_3' title="bbox 487 614 2045 696">
     <span class='ocr_line' id='line_1_3' title="bbox 487 614 2045 696; baseline -0.004 -14"><span class='ocrx_word' id='word_1_9' title='bbox 487 622 597 694; x_wconf 86' lang='lat' dir='ltr'><strong>Qui</strong></span> <span class='ocrx_word' id='word_1_10' title='bbox 623 618 923 680; x_wconf 83' lang='lat' dir='ltr'><strong>terrestria</strong></span> <span class='ocrx_word' id='word_1_11' title='bbox 952 635 1054 696; x_wconf 89' lang='lat' dir='ltr'><strong>per</strong></span> <span class='ocrx_word' id='word_1_12' title='bbox 1092 634 1330 675; x_wconf 88' lang='lat' dir='ltr'><strong>cruccm</strong></span> <span class='ocrx_word' id='word_1_13' title='bbox 1367 614 1739 695; x_wconf 87' lang='lat' dir='ltr'><strong>illuminasti,</strong></span> <span class='ocrx_word' id='word_1_14' title='bbox 1786 624 1843 677; x_wconf 92' lang='lat' dir='ltr'><strong>et</strong></span> <span class='ocrx_word' id='word_1_15' title='bbox 1867 632 2045 675; x_wconf 89' lang='lat' dir='ltr'><strong>voca-</strong></span> 
     </span>
    </p>
   </div>
   <div class='ocr_carea' id='block_1_4' title="bbox 405 705 2048 790">
    <p class='ocr_par' dir='ltr' id='par_1_4' title="bbox 405 705 2048 790">
     <span class='ocr_line' id='line_1_4' title="bbox 405 705 2048 790; baseline -0.005 -15"><span class='ocrx_word' id='word_1_16' title='bbox 405 712 477 775; x_wconf 87' lang='lat' dir='ltr'><strong>sti</strong></span> <span class='ocrx_word' id='word_1_17' title='bbox 512 718 857 790; x_wconf 84' lang='lat' dir='ltr'><strong>peccatores</strong></span> <span class='ocrx_word' id='word_1_18' title='bbox 888 708 959 768; x_wconf 92' lang='lat' dir='ltr'><strong>ad</strong></span> <span class='ocrx_word' id='word_1_19' title='bbox 995 705 1430 787; x_wconf 74' lang='lat' dir='ltr'><strong>pmnitentiam,</strong></span> <span class='ocrx_word' id='word_1_20' title='bbox 1467 724 1542 766; x_wconf 87' lang='lat' dir='ltr'><strong>ne</strong></span> <span class='ocrx_word' id='word_1_21' title='bbox 1593 724 1687 766; x_wconf 87' lang='lat' dir='ltr'><strong>me</strong></span> <span class='ocrx_word' id='word_1_22' title='bbox 1721 722 1965 783; x_wconf 81' lang='lat' dir='ltr'><strong>separes</strong></span> <span class='ocrx_word' id='word_1_23' title='bbox 2015 724 2048 766; x_wconf 89' lang='lat' dir='ltr'><strong>a</strong></span> 
     </span>
    </p>
   </div>
   <div class='ocr_carea' id='block_1_5' title="bbox 402 794 2042 883">
    <p class='ocr_par' dir='ltr' id='par_1_5' title="bbox 402 794 2042 883">
     <span class='ocr_line' id='line_1_5' title="bbox 402 794 2042 883; baseline -0.005 -19"><span class='ocrx_word' id='word_1_24' title='bbox 402 820 577 883; x_wconf 81' lang='lat' dir='ltr'><strong>grege</strong></span> <span class='ocrx_word' id='word_1_25' title='bbox 611 809 732 879; x_wconf 94' lang='lat' dir='ltr'><strong>tuo,</strong></span> <span class='ocrx_word' id='word_1_26' title='bbox 770 797 976 858; x_wconf 80' lang='lat' dir='ltr'><strong>Pastor</strong></span> <span class='ocrx_word' id='word_1_27' title='bbox 1007 795 1199 856; x_wconf 91' lang='lat' dir='ltr'><strong>bone:</strong></span> <span class='ocrx_word' id='word_1_28' title='bbox 1236 795 1339 856; x_wconf 88' lang='lat' dir='ltr'><strong>sed</strong></span> <span class='ocrx_word' id='word_1_29' title='bbox 1390 813 1586 875; x_wconf 67' lang='lat' dir='ltr'><strong>quam</strong></span> <span class='ocrx_word' id='word_1_30' title='bbox 1619 812 1732 868; x_wconf 91' lang='lat' dir='ltr'><strong>me,</strong></span> <span class='ocrx_word' id='word_1_31' title='bbox 1768 794 2042 873; x_wconf 79' lang='lat' dir='ltr'><strong>Domine,</strong></span> 
     </span>
    </p>
   </div>
   <div class='ocr_carea' id='block_1_6' title="bbox 403 883 2039 968">
    <p class='ocr_par' dir='ltr' id='par_1_6' title="bbox 403 883 2039 968">
     <span class='ocr_line' id='line_1_6' title="bbox 403 883 2039 968; baseline -0.006 -14"><span class='ocrx_word' id='word_1_32' title='bbox 403 897 727 968; x_wconf 79' lang='lat' dir='ltr'><strong>errantem;</strong></span> <span class='ocrx_word' id='word_1_33' title='bbox 765 885 1023 967; x_wconf 88' lang='lat' dir='ltr'><strong>et,qnasi</strong></span> <span class='ocrx_word' id='word_1_34' title='bbox 1046 884 1205 945; x_wconf 90' lang='lat' dir='ltr'><strong>solus</strong></span> <span class='ocrx_word' id='word_1_35' title='bbox 1251 883 1594 945; x_wconf 84' lang='lat' dir='ltr'><strong>misericors</strong></span> <span class='ocrx_word' id='word_1_36' title='bbox 1620 901 1691 944; x_wconf 86' lang='lat' dir='ltr'><strong>ac</strong></span> <span class='ocrx_word' id='word_1_37' title='bbox 1722 884 2039 964; x_wconf 80' lang='lat' dir='ltr'><strong>benignus,</strong></span> 
     </span>
    </p>
   </div>
   <div class='ocr_carea' id='block_1_7' title="bbox 402 976 1329 1055">
    <p class='ocr_par' dir='ltr' id='par_1_7' title="bbox 402 976 1329 1055">
     <span class='ocr_line' id='line_1_7' title="bbox 402 976 1329 1055; baseline -0.012 -11"><span class='ocrx_word' id='word_1_38' title='bbox 402 988 502 1043; x_wconf 86' lang='lat' dir='ltr'><strong>tuo</strong></span> <span class='ocrx_word' id='word_1_39' title='bbox 539 988 748 1042; x_wconf 91' lang='lat' dir='ltr'><strong>sancto</strong></span> <span class='ocrx_word' id='word_1_40' title='bbox 780 976 949 1055; x_wconf 78' lang='lat' dir='ltr'><strong>gregi</strong></span> <span class='ocrx_word' id='word_1_41' title='bbox 979 992 1329 1036; x_wconf 90' lang='lat' dir='ltr'><strong>annumera.</strong></span> 
     </span>
    </p>
   </div>
   <div class='ocr_carea' id='block_1_8' title="bbox 628 1089 703 1131">
    <p class='ocr_par' dir='ltr' id='par_1_8' title="bbox 628 1089 703 1131">
     <span class='ocr_line' id='line_1_8' title="bbox 628 1089 703 1131; baseline 0.013 -1"><span class='ocrx_word' id='word_1_42' title='bbox 628 1089 703 1131; x_wconf 84' lang='lat' dir='ltr'><strong>1a.</strong></span> 
     </span>
    </p>
   </div>
   <div class='ocr_carea' id='block_1_9' title="bbox 481 1070 2034 1234">
    <p class='ocr_par' dir='ltr' id='par_1_9' title="bbox 481 1070 2034 1234">
     <span class='ocr_line' id='line_1_9' title="bbox 628 1089 703 1131; baseline 0.013 -1"><span class='ocrx_word' id='word_1_43' title='bbox 628 1089 703 1131; x_wconf 82' lang='lat' dir='ltr'><strong>1a.</strong></span> 
     </span>
     <span class='ocr_line' id='line_1_10' title="bbox 481 1070 2034 1234; baseline -0.005 -13"><span class='ocrx_word' id='word_1_44' title='bbox 481 1070 996 1234; x_wconf 56' lang='lat' dir='ltr'><strong>gboermadmodum</strong></span> <span class='ocrx_word' id='word_1_45' title='bbox 1052 1156 1202 1216; x_wconf 89' lang='lat' dir='ltr'><strong>latro</strong></span> <span class='ocrx_word' id='word_1_46' title='bbox 1248 1154 1545 1216; x_wconf 85' lang='lat' dir='ltr'><strong>conﬁtens</strong></span> <span class='ocrx_word' id='word_1_47' title='bbox 1579 1152 1771 1214; x_wconf 90' lang='lat' dir='ltr'><strong>clamo</strong></span> <span class='ocrx_word' id='word_1_48' title='bbox 1801 1151 1902 1214; x_wconf 90' lang='lat' dir='ltr'><strong>tibi</strong></span> <span class='ocrx_word' id='word_1_49' title='bbox 1936 1152 2034 1214; x_wconf 85' lang='lat' dir='ltr'><strong>be-</strong></span> 
     </span>
    </p>
   </div>
   <div class='ocr_carea' id='block_1_10' title="bbox 401 1243 2045 1325">
    <p class='ocr_par' dir='ltr' id='par_1_10' title="bbox 401 1243 2045 1325">
     <span class='ocr_line' id='line_1_11' title="bbox 401 1243 2045 1325; baseline -0.004 -13"><span class='ocrx_word' id='word_1_50' title='bbox 401 1252 588 1313; x_wconf 84' lang='lat' dir='ltr'><strong>neﬁco</strong></span> <span class='ocrx_word' id='word_1_51' title='bbox 616 1267 629 1312; x_wconf 89' lang='lat'>:</span> <span class='ocrx_word' id='word_1_52' title='bbox 655 1248 719 1309; x_wconf 90' lang='lat' dir='ltr'><strong>In</strong></span> <span class='ocrx_word' id='word_1_53' title='bbox 756 1265 939 1325; x_wconf 91' lang='lat' dir='ltr'><strong>regno</strong></span> <span class='ocrx_word' id='word_1_54' title='bbox 964 1255 1062 1307; x_wconf 93' lang='lat' dir='ltr'><strong>tuo</strong></span> <span class='ocrx_word' id='word_1_55' title='bbox 1086 1252 1385 1306; x_wconf 87' lang='lat' dir='ltr'><strong>memento</strong></span> <span class='ocrx_word' id='word_1_56' title='bbox 1412 1243 1554 1318; x_wconf 87' lang='lat' dir='ltr'><strong>mei,</strong></span> <span class='ocrx_word' id='word_1_57' title='bbox 1594 1245 1876 1324; x_wconf 89' lang='lat' dir='ltr'><strong>Domine;</strong></span> <span class='ocrx_word' id='word_1_58' title='bbox 1913 1265 2045 1307; x_wconf 81' lang='lat' dir='ltr'><strong>me-</strong></span> 
     </span>
    </p>
   </div>
   <div class='ocr_carea' id='block_1_11' title="bbox 399 1332 2045 1422">
    <p class='ocr_par' dir='ltr' id='par_1_11' title="bbox 399 1332 2045 1422">
     <span class='ocr_line' id='line_1_12' title="bbox 399 1332 2045 1422; baseline -0.002 -20"><span class='ocrx_word' id='word_1_59' title='bbox 399 1360 515 1422; x_wconf 90' lang='lat' dir='ltr'><strong>que</strong></span> <span class='ocrx_word' id='word_1_60' title='bbox 546 1340 599 1401; x_wconf 89' lang='lat' dir='ltr'><strong>ei</strong></span> <span class='ocrx_word' id='word_1_61' title='bbox 619 1336 1007 1418; x_wconf 80' lang='lat' dir='ltr'><strong>adjunge,qui</strong></span> <span class='ocrx_word' id='word_1_62' title='bbox 1031 1353 1133 1416; x_wconf 90' lang='lat' dir='ltr'><strong>pro</strong></span> <span class='ocrx_word' id='word_1_63' title='bbox 1156 1332 1327 1395; x_wconf 83' lang='lat' dir='ltr'><strong>nobis</strong></span> <span class='ocrx_word' id='word_1_64' title='bbox 1351 1351 1648 1395; x_wconf 58' lang='lat' dir='ltr'><strong>aerumnas</strong></span> <span class='ocrx_word' id='word_1_65' title='bbox 1674 1341 1861 1396; x_wconf 84' lang='lat' dir='ltr'><strong>tantas</strong></span> <span class='ocrx_word' id='word_1_66' title='bbox 1893 1336 2045 1398; x_wconf 91' lang='lat' dir='ltr'><strong>ultro</strong></span> 
     </span>
    </p>
   </div>
   <div class='ocr_carea' id='block_1_12' title="bbox 399 1429 755 1493">
    <p class='ocr_par' dir='ltr' id='par_1_12' title="bbox 399 1429 755 1493">
     <span class='ocr_line' id='line_1_13' title="bbox 399 1429 755 1493; baseline -0.008 -2"><span class='ocrx_word' id='word_1_67' title='bbox 399 1429 755 1493; x_wconf 88' lang='lat' dir='ltr'><strong>sustinuisti.</strong></span> 
     </span>
    </p>
   </div>
   <div class='ocr_carea' id='block_1_13' title="bbox 563 1513 1877 1580">
    <p class='ocr_par' dir='ltr' id='par_1_13' title="bbox 563 1513 1877 1580">
     <span class='ocr_line' id='line_1_14' title="bbox 563 1513 1877 1580; baseline -0.002 0"><span class='ocrx_word' id='word_1_68' title='bbox 563 1518 629 1580; x_wconf 84' lang='lat' dir='ltr'><strong>Et</strong></span> <span class='ocrx_word' id='word_1_69' title='bbox 660 1536 845 1580; x_wconf 90' lang='lat' dir='ltr'><strong>nunc.</strong></span> <span class='ocrx_word' id='word_1_70' title='bbox 1611 1513 1877 1577; x_wconf 88' lang='lat' dir='ltr'><strong>Mariale.</strong></span> 
     </span>
    </p>
   </div>
   <div class='ocr_carea' id='block_1_14' title="bbox 481 1606 2042 1685">
    <p class='ocr_par' dir='ltr' id='par_1_14' title="bbox 481 1606 2042 1685">
     <span class='ocr_line' id='line_1_15' title="bbox 481 1606 2042 1685; baseline -0.005 -11"><span class='ocrx_word' id='word_1_71' title='bbox 481 1613 595 1675; x_wconf 91' lang='lat' dir='ltr'><strong>Pro</strong></span> <span class='ocrx_word' id='word_1_72' title='bbox 628 1610 799 1672; x_wconf 91' lang='lat' dir='ltr'><strong>nobis</strong></span> <span class='ocrx_word' id='word_1_73' title='bbox 828 1608 1106 1671; x_wconf 77' lang='lat' dir='ltr'><strong>sufﬁxum</strong></span> <span class='ocrx_word' id='word_1_74' title='bbox 1156 1606 1215 1669; x_wconf 92' lang='lat' dir='ltr'><strong>in</strong></span> <span class='ocrx_word' id='word_1_75' title='bbox 1259 1607 1542 1678; x_wconf 74' lang='lat' dir='ltr'><strong>crucem,l</strong></span> <span class='ocrx_word' id='word_1_76' title='bbox 1564 1606 1781 1685; x_wconf 81' lang='lat' dir='ltr'><strong>venite,</strong></span> <span class='ocrx_word' id='word_1_77' title='bbox 1810 1623 2042 1685; x_wconf 86' lang='lat' dir='ltr'><strong>omnes,</strong></span> 
     </span>
    </p>
   </div>
   <div class='ocr_carea' id='block_1_15' title="bbox 398 1696 2043 1776">
    <p class='ocr_par' dir='ltr' id='par_1_15' title="bbox 398 1696 2043 1776">
     <span class='ocr_line' id='line_1_16' title="bbox 398 1696 2043 1776; baseline -0.005 -11"><span class='ocrx_word' id='word_1_78' title='bbox 398 1703 720 1765; x_wconf 83' lang='lat' dir='ltr'><strong>adoremus</strong></span> <span class='ocrx_word' id='word_1_79' title='bbox 755 1723 767 1765; x_wconf 91' lang='lat'>:</span> <span class='ocrx_word' id='word_1_80' title='bbox 802 1700 967 1761; x_wconf 77' lang='lat' dir='ltr'><strong>illum</strong></span> <span class='ocrx_word' id='word_1_81' title='bbox 1002 1699 1161 1759; x_wconf 89' lang='lat' dir='ltr'><strong>enim</strong></span> <span class='ocrx_word' id='word_1_82' title='bbox 1196 1697 1337 1759; x_wconf 82' lang='lat' dir='ltr'><strong>vidit</strong></span> <span class='ocrx_word' id='word_1_83' title='bbox 1370 1696 1546 1757; x_wconf 81' lang='lat' dir='ltr'><strong>Maria</strong></span> <span class='ocrx_word' id='word_1_84' title='bbox 1577 1696 1635 1757; x_wconf 91' lang='lat' dir='ltr'><strong>in</strong></span> <span class='ocrx_word' id='word_1_85' title='bbox 1670 1696 1919 1776; x_wconf 88' lang='lat' dir='ltr'><strong>ligno,et</strong></span> <span class='ocrx_word' id='word_1_86' title='bbox 1949 1696 2043 1757; x_wconf 94' lang='lat' dir='ltr'><strong>di-</strong></span> 
     </span>
    </p>
   </div>
   <div class='ocr_carea' id='block_1_16' title="bbox 1843 299 2435 365">
    <p class='ocr_par' dir='ltr' id='par_1_16' title="bbox 1843 299 2435 365">
     <span class='ocr_line' id='line_1_17' title="bbox 1843 299 2435 365; baseline 0.003 -4"><span class='ocrx_word' id='word_1_87' title='bbox 1843 299 2410 365; x_wconf 83' lang='lat' dir='ltr'><strong>PROLEGOMENA</strong></span> <span class='ocrx_word' id='word_1_88' title='bbox 2422 350 2435 363; x_wconf 94' lang='lat'><strong>.</strong></span> 
     </span>
    </p>
   </div>
   <div class='ocr_carea' id='block_1_17' title="bbox 486 432 2103 514">
    <p class='ocr_par' dir='ltr' id='par_1_17' title="bbox 486 432 2103 514">
     <span class='ocr_line' id='line_1_18' title="bbox 486 432 2103 514; baseline -0.008 -11"><span class='ocrx_word' id='word_1_89' title='bbox 486 440 704 503; x_wconf 85' lang='lat' dir='ltr'><strong>Gloria.</strong></span> <span class='ocrx_word' id='word_1_90' title='bbox 743 440 814 501; x_wconf 89' lang='lat' dir='ltr'><strong>Et</strong></span> <span class='ocrx_word' id='word_1_91' title='bbox 843 455 1022 513; x_wconf 88' lang='lat' dir='ltr'><strong>nunc,</strong></span> <span class='ocrx_word' id='word_1_92' title='bbox 1053 435 1408 514; x_wconf 87' lang='lat' dir='ltr'><strong>Trisagium.</strong></span> <span class='ocrx_word' id='word_1_93' title='bbox 1430 436 1815 498; x_wconf 82' lang='lat' dir='ltr'><strong>Sanctissima</strong></span> <span class='ocrx_word' id='word_1_94' title='bbox 1837 432 2043 498; x_wconf 92' lang='lat' dir='ltr'><strong>Trini-</strong></span> <span class='ocrx_word' id='word_1_95' title='bbox 2068 446 2103 490; x_wconf 70' lang='grc' dir='ltr'>Α</span> 
     </span>
    </p>
   </div>
   <div class='ocr_carea' id='block_1_18' title="bbox 2215 433 3777 519">
    <p class='ocr_par' dir='ltr' id='par_1_18' title="bbox 2215 433 3777 519">
     <span class='ocr_line' id='line_1_19' title="bbox 2215 433 3777 519; baseline 0.006 -29"><span class='ocrx_word' id='word_1_96' title='bbox 2215 433 2369 500; x_wconf 78' lang='grc' dir='ltr'>Δόξα.</span> <span class='ocrx_word' id='word_1_97' title='bbox 2431 440 2524 494; x_wconf 78' lang='grc' dir='ltr'>Καὶ</span> <span class='ocrx_word' id='word_1_98' title='bbox 2578 446 2687 497; x_wconf 80' lang='grc' dir='ltr'>νῦν.</span> <span class='ocrx_word' id='word_1_99' title='bbox 2735 441 3040 519; x_wconf 77' lang='grc' dir='ltr'>Τρισάγιον.</span> <span class='ocrx_word' id='word_1_100' title='bbox 3119 442 3356 519; x_wconf 73' lang='grc' dir='ltr'>Παναγία</span> <span class='ocrx_word' id='word_1_101' title='bbox 3416 443 3599 512; x_wconf 79' lang='grc' dir='ltr'>Τριάς.</span> <span class='ocrx_word' id='word_1_102' title='bbox 3661 442 3777 499; x_wconf 81' lang='grc' dir='ltr'><strong>Πά-</strong></span> 
     </span>
    </p>
   </div>
   <div class='ocr_carea' id='block_1_19' title="bbox 2131 527 3393 608">
    <p class='ocr_par' dir='ltr' id='par_1_19' title="bbox 2131 527 3393 608">
     <span class='ocr_line' id='line_1_20' title="bbox 2131 527 3393 608; baseline 0.006 -30"><span class='ocrx_word' id='word_1_103' title='bbox 2131 545 2218 597; x_wconf 83' lang='grc' dir='ltr'><strong>τερ</strong></span> <span class='ocrx_word' id='word_1_104' title='bbox 2248 527 2426 599; x_wconf 78' lang='grc' dir='ltr'>ἡμῶν,</span> <span class='ocrx_word' id='word_1_105' title='bbox 2463 528 2549 584; x_wconf 76' lang='grc' dir='ltr'><strong>καὶ</strong></span> <span class='ocrx_word' id='word_1_106' title='bbox 2577 530 2642 584; x_wconf 85' lang='grc' dir='ltr'>τά</span> <span class='ocrx_word' id='word_1_107' title='bbox 2672 532 2930 608; x_wconf 80' lang='grc' dir='ltr'>τροπάρια</span> <span class='ocrx_word' id='word_1_108' title='bbox 2961 536 3125 585; x_wconf 70' lang='grc' dir='ltr'>ταῦτα</span> <span class='ocrx_word' id='word_1_109' title='bbox 3152 546 3166 560; x_wconf 84' lang='grc'><strong>⁸</strong></span> <span class='ocrx_word' id='word_1_110' title='bbox 3380 554 3393 561; x_wconf 85' lang='grc'><strong>-</strong></span> 
     </span>
    </p>
   </div>
   <div class='ocr_carea' id='block_1_20' title="bbox 2212 614 3776 698">
    <p class='ocr_par' dir='ltr' id='par_1_20' title="bbox 2212 614 3776 698">
     <span class='ocr_line' id='line_1_21' title="bbox 2212 614 3776 698; baseline 0.004 -26"><span class='ocrx_word' id='word_1_111' title='bbox 2212 614 2271 672; x_wconf 82' lang='grc' dir='ltr'>Ὀ</span> <span class='ocrx_word' id='word_1_112' title='bbox 2332 618 2563 695; x_wconf 65' lang='grc' dir='ltr'>φωτῖσας</span> <span class='ocrx_word' id='word_1_113' title='bbox 2609 620 2673 673; x_wconf 74' lang='grc' dir='ltr'><strong>τὰ</strong></span> <span class='ocrx_word' id='word_1_114' title='bbox 2725 620 2930 697; x_wconf 69' lang='grc' dir='ltr'>ἐπίγεια</span> <span class='ocrx_word' id='word_1_115' title='bbox 2973 617 3057 675; x_wconf 80' lang='grc' dir='ltr'><strong>διὰ</strong></span> <span class='ocrx_word' id='word_1_116' title='bbox 3105 622 3350 698; x_wconf 74' lang='grc' dir='ltr'>σταυροῦ,</span> <span class='ocrx_word' id='word_1_117' title='bbox 3404 623 3491 676; x_wconf 87' lang='grc' dir='ltr'><strong>καὶ</strong></span> <span class='ocrx_word' id='word_1_118' title='bbox 3542 622 3776 686; x_wconf 85' lang='grc' dir='ltr'>καλέσας</span> 
     </span>
    </p>
   </div>
   <div class='ocr_carea' id='block_1_21' title="bbox 2131 705 3774 788">
    <p class='ocr_par' dir='ltr' id='par_1_21' title="bbox 2131 705 3774 788">
     <span class='ocr_line' id='line_1_22' title="bbox 2131 705 3774 788; baseline 0.007 -30"><span class='ocrx_word' id='word_1_119' title='bbox 2131 705 2204 767; x_wconf 83' lang='grc' dir='ltr'><strong>εἷς</strong></span> <span class='ocrx_word' id='word_1_120' title='bbox 2250 707 2534 779; x_wconf 74' lang='grc' dir='ltr'>μετάνοιαν</span> <span class='ocrx_word' id='word_1_121' title='bbox 2594 708 2965 787; x_wconf 78' lang='grc' dir='ltr'>ἁμαρτωλοὺς,</span> <span class='ocrx_word' id='word_1_122' title='bbox 3014 710 3090 783; x_wconf 77' lang='grc' dir='ltr'>μὴ</span> <span class='ocrx_word' id='word_1_123' title='bbox 3136 712 3373 788; x_wconf 74' lang='grc' dir='ltr'>χωρίσῃς</span> <span class='ocrx_word' id='word_1_124' title='bbox 3422 732 3487 784; x_wconf 87' lang='grc' dir='ltr'><strong>με</strong></span> <span class='ocrx_word' id='word_1_125' title='bbox 3518 716 3618 779; x_wconf 78' lang='grc' dir='ltr'>τῆς</span> <span class='ocrx_word' id='word_1_126' title='bbox 3649 713 3774 769; x_wconf 74' lang='grc' dir='ltr'>ποί-</span> 
     </span>
    </p>
   </div>
   <div class='ocr_carea' id='block_1_22' title="bbox 2129 797 3772 875">
    <p class='ocr_par' dir='ltr' id='par_1_22' title="bbox 2129 797 3772 875">
     <span class='ocr_line' id='line_1_23' title="bbox 2129 797 3772 875; baseline -0.001 -27"><span class='ocrx_word' id='word_1_127' title='bbox 2129 817 2267 869; x_wconf 85' lang='grc' dir='ltr'>μνης</span> <span class='ocrx_word' id='word_1_128' title='bbox 2329 818 2442 874; x_wconf 87' lang='grc' dir='ltr'>σου,</span> <span class='ocrx_word' id='word_1_129' title='bbox 2481 798 2508 852; x_wconf 97' lang='lat'><strong>6</strong></span> <span class='ocrx_word' id='word_1_130' title='bbox 2544 800 2753 871; x_wconf 76' lang='grc' dir='ltr'>Ποιμὴν</span> <span class='ocrx_word' id='word_1_131' title='bbox 2786 802 2812 855; x_wconf 81' lang='grc' dir='ltr'><strong>ὁ</strong></span> <span class='ocrx_word' id='word_1_132' title='bbox 2842 797 3006 859; x_wconf 78' lang='grc' dir='ltr'>καλὸς</span> <span class='ocrx_word' id='word_1_133' title='bbox 3038 815 3051 827; x_wconf 84' lang='grc'><strong>’</strong></span> <span class='ocrx_word' id='word_1_134' title='bbox 3088 797 3224 855; x_wconf 72' lang='grc' dir='ltr'>ἀλλὰ</span> <span class='ocrx_word' id='word_1_135' title='bbox 3255 800 3489 870; x_wconf 75' lang='grc' dir='ltr'>ζήτησόν</span> <span class='ocrx_word' id='word_1_136' title='bbox 3520 823 3610 875; x_wconf 88' lang='grc' dir='ltr'><strong>με,</strong></span> <span class='ocrx_word' id='word_1_137' title='bbox 3668 802 3772 857; x_wconf 78' lang='grc' dir='ltr'><strong>Δέ..</strong></span> 
     </span>
    </p>
   </div>
   <div class='ocr_carea' id='block_1_23' title="bbox 2128 885 3775 970">
    <p class='ocr_par' dir='ltr' id='par_1_23' title="bbox 2128 885 3775 970">
     <span class='ocr_line' id='line_1_24' title="bbox 2128 885 3775 970; baseline 0.005 -32"><span class='ocrx_word' id='word_1_138' title='bbox 2128 906 2322 959; x_wconf 86' lang='grc' dir='ltr'>σποτα,</span> <span class='ocrx_word' id='word_1_139' title='bbox 2358 886 2447 941; x_wconf 76' lang='grc' dir='ltr'>τὸν</span> <span class='ocrx_word' id='word_1_140' title='bbox 2479 885 2854 962; x_wconf 80' lang='grc' dir='ltr'>πλανώμενον,</span> <span class='ocrx_word' id='word_1_141' title='bbox 2886 890 2972 943; x_wconf 88' lang='grc' dir='ltr'><strong>καὶ</strong></span> <span class='ocrx_word' id='word_1_142' title='bbox 3023 888 3146 965; x_wconf 79' lang='grc' dir='ltr'>ἁγίᾳ</span> <span class='ocrx_word' id='word_1_143' title='bbox 3202 910 3296 943; x_wconf 87' lang='grc' dir='ltr'><strong>σου</strong></span> <span class='ocrx_word' id='word_1_144' title='bbox 3327 890 3528 966; x_wconf 77' lang='grc' dir='ltr'><strong>ποίμνῃ</strong></span> <span class='ocrx_word' id='word_1_145' title='bbox 3561 892 3775 970; x_wconf 78' lang='grc' dir='ltr'>συναρί-</span> 
     </span>
    </p>
   </div>
   <div class='ocr_carea' id='block_1_24' title="bbox 2125 976 3478 1056">
    <p class='ocr_par' dir='ltr' id='par_1_24' title="bbox 2125 976 3478 1056">
     <span class='ocr_line' id='line_1_25' title="bbox 2125 976 3478 1056; baseline 0.003 -26"><span class='ocrx_word' id='word_1_146' title='bbox 2125 977 2357 1053; x_wconf 79' lang='grc' dir='ltr'>θμησον,</span> <span class='ocrx_word' id='word_1_147' title='bbox 2393 976 2465 1039; x_wconf 82' lang='grc' dir='ltr'>ὡς</span> <span class='ocrx_word' id='word_1_148' title='bbox 2496 977 2659 1039; x_wconf 79' lang='grc' dir='ltr'>μόνος</span> <span class='ocrx_word' id='word_1_149' title='bbox 2694 976 2942 1051; x_wconf 69' lang='grc' dir='ltr'>ἐλεήμων</span> <span class='ocrx_word' id='word_1_150' title='bbox 2970 978 3057 1033; x_wconf 81' lang='grc' dir='ltr'><strong>καὶ</strong></span> <span class='ocrx_word' id='word_1_151' title='bbox 3087 976 3478 1056; x_wconf 78' lang='grc' dir='ltr'>φιλάνθρωπος,</span> 
     </span>
    </p>
   </div>
   <div class='ocr_carea' id='block_1_25' title="bbox 2213 1062 2368 1127">
    <p class='ocr_par' dir='ltr' id='par_1_25' title="bbox 2213 1062 2368 1127">
     <span class='ocr_line' id='line_1_26' title="bbox 2213 1062 2368 1127; baseline 0.019 -10"><span class='ocrx_word' id='word_1_152' title='bbox 2213 1062 2368 1127; x_wconf 79' lang='grc' dir='ltr'>Δόξα.</span> 
     </span>
    </p>
   </div>
   <div class='ocr_carea' id='block_1_26' title="bbox 2213 1145 3768 1235">
    <p class='ocr_par' dir='ltr' id='par_1_26' title="bbox 2213 1145 3768 1235">
     <span class='ocr_line' id='line_1_27' title="bbox 2213 1145 3768 1235; baseline 0.005 -29"><span class='ocrx_word' id='word_1_153' title='bbox 2213 1145 2302 1214; x_wconf 71' lang='grc' dir='ltr'>Ὠς</span> <span class='ocrx_word' id='word_1_154' title='bbox 2345 1154 2371 1208; x_wconf 87' lang='lat'><strong>6</strong></span> <span class='ocrx_word' id='word_1_155' title='bbox 2433 1153 2639 1230; x_wconf 72' lang='grc' dir='ltr'>λῃστὴς</span> <span class='ocrx_word' id='word_1_156' title='bbox 2699 1153 2981 1233; x_wconf 76' lang='grc' dir='ltr'>ὁμολογῶν</span> <span class='ocrx_word' id='word_1_157' title='bbox 3027 1153 3234 1211; x_wconf 69' lang='grc' dir='ltr'>ἀναϐοῶ</span> <span class='ocrx_word' id='word_1_158' title='bbox 3279 1178 3365 1212; x_wconf 90' lang='grc' dir='ltr'><strong>σοι</strong></span> <span class='ocrx_word' id='word_1_159' title='bbox 3412 1164 3487 1231; x_wconf 81' lang='grc' dir='ltr'>τῷ</span> <span class='ocrx_word' id='word_1_160' title='bbox 3542 1156 3721 1235; x_wconf 85' lang='grc' dir='ltr'>ἆγαθῷ</span> <span class='ocrx_word' id='word_1_161' title='bbox 3754 1172 3768 1187; x_wconf 85' lang='grc'><strong>⁸</strong></span> 
     </span>
    </p>
   </div>
   <div class='ocr_carea' id='block_1_27' title="bbox 2132 1240 3772 1325">
    <p class='ocr_par' dir='ltr' id='par_1_27' title="bbox 2132 1240 3772 1325">
     <span class='ocr_line' id='line_1_28' title="bbox 2132 1240 3772 1325; baseline 0.002 -28"><span class='ocrx_word' id='word_1_162' title='bbox 2132 1240 2221 1297; x_wconf 85' lang='grc' dir='ltr'>Ἐν</span> <span class='ocrx_word' id='word_1_163' title='bbox 2268 1247 2336 1315; x_wconf 79' lang='grc' dir='ltr'>τῇ</span> <span class='ocrx_word' id='word_1_164' title='bbox 2381 1241 2622 1318; x_wconf 70' lang='grc' dir='ltr'>βασιλείᾳ</span> <span class='ocrx_word' id='word_1_165' title='bbox 2673 1265 2765 1301; x_wconf 90' lang='grc' dir='ltr'><strong>σου</strong></span> <span class='ocrx_word' id='word_1_166' title='bbox 2817 1245 3081 1318; x_wconf 63' lang='grc' dir='ltr'>μνήσθητί</span> <span class='ocrx_word' id='word_1_167' title='bbox 3128 1266 3253 1325; x_wconf 85' lang='grc' dir='ltr'>μου,</span> <span class='ocrx_word' id='word_1_168' title='bbox 3300 1244 3458 1324; x_wconf 84' lang='grc' dir='ltr'>Κύριε</span> <span class='ocrx_word' id='word_1_169' title='bbox 3494 1260 3509 1275; x_wconf 89' lang='grc'><strong>⁸</strong></span> <span class='ocrx_word' id='word_1_170' title='bbox 3563 1248 3649 1301; x_wconf 88' lang='grc' dir='ltr'><strong>καὶ</strong></span> <span class='ocrx_word' id='word_1_171' title='bbox 3682 1246 3772 1302; x_wconf 73' lang='grc' dir='ltr'><strong>σύν</strong></span> 
     </span>
    </p>
   </div>
   <div class='ocr_carea' id='block_1_28' title="bbox 2132 1330 3772 1413">
    <p class='ocr_par' dir='ltr' id='par_1_28' title="bbox 2132 1330 3772 1413">
     <span class='ocr_line' id='line_1_29' title="bbox 2132 1330 3772 1413; baseline 0.004 -28"><span class='ocrx_word' id='word_1_172' title='bbox 2132 1330 2273 1403; x_wconf 74' lang='grc' dir='ltr'><strong>αύτῴ</strong></span> <span class='ocrx_word' id='word_1_173' title='bbox 2306 1352 2369 1405; x_wconf 87' lang='grc' dir='ltr'><strong>με</strong></span> <span class='ocrx_word' id='word_1_174' title='bbox 2428 1332 2742 1413; x_wconf 73' lang='grc' dir='ltr'>ἀρίθμησον,</span> <span class='ocrx_word' id='word_1_175' title='bbox 2806 1336 2833 1389; x_wconf 89' lang='lat'><strong>6</strong></span> <span class='ocrx_word' id='word_1_176' title='bbox 2880 1333 3128 1397; x_wconf 74' lang='grc' dir='ltr'><strong>ἑκουσίως</strong></span> <span class='ocrx_word' id='word_1_177' title='bbox 3167 1334 3232 1390; x_wconf 79' lang='grc' dir='ltr'>τὰ</span> <span class='ocrx_word' id='word_1_178' title='bbox 3285 1332 3427 1402; x_wconf 70' lang='grc' dir='ltr'>παθη</span> <span class='ocrx_word' id='word_1_179' title='bbox 3460 1335 3588 1413; x_wconf 64' lang='grc' dir='ltr'>ὅπερ</span> <span class='ocrx_word' id='word_1_180' title='bbox 3620 1336 3772 1411; x_wconf 77' lang='grc' dir='ltr'>ἡμῶν</span> 
     </span>
    </p>
   </div>
   <div class='ocr_carea' id='block_1_29' title="bbox 2130 1418 2569 1495">
    <p class='ocr_par' dir='ltr' id='par_1_29' title="bbox 2130 1418 2569 1495">
     <span class='ocr_line' id='line_1_30' title="bbox 2130 1418 2569 1495; baseline 0.005 -21"><span class='ocrx_word' id='word_1_181' title='bbox 2130 1418 2569 1495; x_wconf 80' lang='grc' dir='ltr'>καταδεξάμενος,</span> 
     </span>
    </p>
   </div>
   <div class='ocr_carea' id='block_1_30' title="bbox 2290 1508 3611 1574">
    <p class='ocr_par' dir='ltr' id='par_1_30' title="bbox 2290 1508 3611 1574">
     <span class='ocr_line' id='line_1_31' title="bbox 2290 1508 3611 1574; baseline 0.002 -8"><span class='ocrx_word' id='word_1_182' title='bbox 2290 1508 2393 1571; x_wconf 85' lang='grc' dir='ltr'>Καὶ</span> <span class='ocrx_word' id='word_1_183' title='bbox 2425 1518 2511 1568; x_wconf 75' lang='grc' dir='ltr'><strong>νῦν</strong></span> <span class='ocrx_word' id='word_1_184' title='bbox 2524 1558 2537 1572; x_wconf 87' lang='grc'>.</span> <span class='ocrx_word' id='word_1_185' title='bbox 3310 1513 3611 1574; x_wconf 86' lang='grc' dir='ltr'>Θεοτόκιον,</span> 
     </span>
    </p>
   </div>
   <div class='ocr_carea' id='block_1_31' title="bbox 2211 1599 3782 1683">
    <p class='ocr_par' dir='ltr' id='par_1_31' title="bbox 2211 1599 3782 1683">
     <span class='ocr_line' id='line_1_32' title="bbox 2211 1599 3782 1683; baseline -0.001 -25"><span class='ocrx_word' id='word_1_186' title='bbox 2211 1600 2310 1658; x_wconf 84' lang='grc' dir='ltr'><strong>Τὸν</strong></span> <span class='ocrx_word' id='word_1_187' title='bbox 2368 1599 2435 1655; x_wconf 82' lang='grc' dir='ltr'><strong>δι’</strong></span> <span class='ocrx_word' id='word_1_188' title='bbox 2480 1604 2620 1677; x_wconf 74' lang='grc' dir='ltr'>ἡμᾶς</span> <span class='ocrx_word' id='word_1_189' title='bbox 2687 1601 3072 1681; x_wconf 71' lang='grc' dir='ltr'><strong>σταυρωθέντα,</strong></span> <span class='ocrx_word' id='word_1_190' title='bbox 3133 1601 3302 1683; x_wconf 74' lang='grc' dir='ltr'>δεῦτε,</span> <span class='ocrx_word' id='word_1_191' title='bbox 3366 1604 3559 1667; x_wconf 68' lang='grc' dir='ltr'>πάντες</span> <span class='ocrx_word' id='word_1_192' title='bbox 3604 1603 3782 1679; x_wconf 70' lang='grc' dir='ltr'>ύμνή-</span> 
     </span>
    </p>
   </div>
   <div class='ocr_carea' id='block_1_32' title="bbox 2131 1691 3784 1770">
    <p class='ocr_par' dir='ltr' id='par_1_32' title="bbox 2131 1691 3784 1770">
     <span class='ocr_line' id='line_1_33' title="bbox 2131 1691 3784 1770; baseline 0.001 -23"><span class='ocrx_word' id='word_1_193' title='bbox 2131 1711 2308 1763; x_wconf 83' lang='grc' dir='ltr'>σωμεν</span> <span class='ocrx_word' id='word_1_194' title='bbox 2344 1711 2357 1726; x_wconf 78' lang='grc' dir='ltr'><strong>ο</strong></span> <span class='ocrx_word' id='word_1_195' title='bbox 2394 1693 2551 1747; x_wconf 72' lang='grc' dir='ltr'>αὒτὸν</span> <span class='ocrx_word' id='word_1_196' title='bbox 2612 1694 2711 1769; x_wconf 83' lang='grc' dir='ltr'><strong>γὰρ</strong></span> <span class='ocrx_word' id='word_1_197' title='bbox 2764 1691 2976 1748; x_wconf 71' lang='grc' dir='ltr'>κατεῖδε</span> <span class='ocrx_word' id='word_1_198' title='bbox 3030 1693 3199 1770; x_wconf 80' lang='grc' dir='ltr'>Μαρία</span> <span class='ocrx_word' id='word_1_199' title='bbox 3231 1693 3317 1748; x_wconf 67' lang='grc' dir='ltr'>ἐπὶ</span> <span class='ocrx_word' id='word_1_200' title='bbox 3348 1699 3439 1749; x_wconf 78' lang='grc' dir='ltr'>τοῦ</span> <span class='ocrx_word' id='word_1_201' title='bbox 3472 1692 3648 1768; x_wconf 78' lang='grc' dir='ltr'>ξύλου,</span> <span class='ocrx_word' id='word_1_202' title='bbox 3697 1694 3784 1749; x_wconf 87' lang='grc' dir='ltr'><strong>καὶ</strong></span> 
     </span>
    </p>
   </div>
   <div class='ocr_carea' id='block_1_33' title="bbox 395 1778 2044 1873">
    <p class='ocr_par' dir='ltr' id='par_1_33' title="bbox 395 1783 2043 1873">
     <span class='ocr_line' id='line_1_34' title="bbox 395 1783 2043 1873; baseline -0.005 -20"><span class='ocrx_word' id='word_1_203' title='bbox 395 1792 483 1854; x_wconf 83' lang='lat' dir='ltr'><strong>xit</strong></span> <span class='ocrx_word' id='word_1_204' title='bbox 517 1810 529 1855; x_wconf 93' lang='lat'>:</span> <span class='ocrx_word' id='word_1_205' title='bbox 566 1791 831 1873; x_wconf 84' lang='lat' dir='ltr'><strong>quamvis</strong></span> <span class='ocrx_word' id='word_1_206' title='bbox 890 1807 1131 1851; x_wconf 88' lang='lat' dir='ltr'><strong>crucem</strong></span> <span class='ocrx_word' id='word_1_207' title='bbox 1192 1786 1636 1865; x_wconf 83' lang='lat' dir='ltr'><strong>subeas,tamen</strong></span> <span class='ocrx_word' id='word_1_208' title='bbox 1669 1805 1732 1847; x_wconf 89' lang='lat' dir='ltr'><strong>es</strong></span> <span class='ocrx_word' id='word_1_209' title='bbox 1770 1783 1955 1847; x_wconf 86' lang='lat' dir='ltr'><strong>Filius</strong></span> <span class='ocrx_word' id='word_1_210' title='bbox 1986 1793 2043 1846; x_wconf 92' lang='lat' dir='ltr'><strong>et</strong></span> 
     </span>
    </p>
   </div>
   <div class='ocr_carea' id='block_1_34' title="bbox 2133 1778 3785 1873">
    <p class='ocr_par' dir='ltr' id='par_1_34' title="bbox 2133 1778 3785 1862">
     <span class='ocr_line' id='line_1_35' title="bbox 2133 1778 3785 1862; baseline 0.002 -27"><span class='ocrx_word' id='word_1_211' title='bbox 2133 1778 2311 1857; x_wconf 79' lang='grc' dir='ltr'>ἔλεγεν</span> <span class='ocrx_word' id='word_1_212' title='bbox 2346 1795 2357 1808; x_wconf 84' lang='grc'><strong>⁸</strong></span> <span class='ocrx_word' id='word_1_213' title='bbox 2400 1782 2452 1836; x_wconf 78' lang='grc' dir='ltr'>Εἰ</span> <span class='ocrx_word' id='word_1_214' title='bbox 2495 1784 2581 1835; x_wconf 81' lang='grc' dir='ltr'><strong>καὶ</strong></span> <span class='ocrx_word' id='word_1_215' title='bbox 2626 1784 2848 1851; x_wconf 79' lang='grc' dir='ltr'>σταυρὸν</span> <span class='ocrx_word' id='word_1_216' title='bbox 2873 1781 3176 1862; x_wconf 74' lang='grc' dir='ltr'>ὑπομένεις,</span> <span class='ocrx_word' id='word_1_217' title='bbox 3214 1783 3275 1837; x_wconf 85' lang='grc' dir='ltr'><strong>σὺ</strong></span> <span class='ocrx_word' id='word_1_218' title='bbox 3308 1782 3571 1862; x_wconf 57' lang='grc' dir='ltr'>ὑπάρχεις</span> <span class='ocrx_word' id='word_1_219' title='bbox 3606 1784 3632 1838; x_wconf 80' lang='lat'><strong>6</strong></span> <span class='ocrx_word' id='word_1_220' title='bbox 3665 1782 3785 1841; x_wconf 79' lang='grc' dir='ltr'><strong>Υἱὸς</strong></span> 
     </span>
    </p>
   </div>
   <div class='ocr_carea' id='block_1_35' title="bbox 396 1881 774 1944">
    <p class='ocr_par' dir='ltr' id='par_1_35' title="bbox 396 1881 774 1944">
     <span class='ocr_line' id='line_1_36' title="bbox 396 1881 774 1944; baseline 0 -1"><span class='ocrx_word' id='word_1_221' title='bbox 396 1881 553 1943; x_wconf 87' lang='lat' dir='ltr'><strong>Deus</strong></span> <span class='ocrx_word' id='word_1_222' title='bbox 584 1899 774 1944; x_wconf 89' lang='lat' dir='ltr'><strong>meus.</strong></span> 
     </span>
    </p>
   </div>
   <div class='ocr_carea' id='block_1_36' title="bbox 474 1964 2044 2046">
    <p class='ocr_par' dir='ltr' id='par_1_36' title="bbox 474 1964 2044 2046">
     <span class='ocr_line' id='line_1_37' title="bbox 474 1964 2044 2046; baseline -0.005 -13"><span class='ocrx_word' id='word_1_223' title='bbox 474 1974 614 2035; x_wconf 68' lang='lat'><strong>255.</strong></span> <span class='ocrx_word' id='word_1_224' title='bbox 651 1970 927 2042; x_wconf 84' lang='lat' dir='ltr'><strong>Domine,</strong></span> <span class='ocrx_word' id='word_1_225' title='bbox 964 1966 1276 2045; x_wconf 87' lang='lat' dir='ltr'><strong>miserere,</strong></span> <span class='ocrx_word' id='word_1_226' title='bbox 1305 1964 1681 2046; x_wconf 82' lang='lat' dir='ltr'><strong>quadragies.</strong></span> <span class='ocrx_word' id='word_1_227' title='bbox 1720 1964 1942 2027; x_wconf 87' lang='lat' dir='ltr'><strong>Gloria.</strong></span> <span class='ocrx_word' id='word_1_228' title='bbox 1970 1965 2044 2026; x_wconf 89' lang='lat' dir='ltr'><strong>Et</strong></span> 
     </span>
    </p>
   </div>
   <div class='ocr_carea' id='block_1_37' title="bbox 394 2055 2041 2134">
    <p class='ocr_par' dir='ltr' id='par_1_37' title="bbox 394 2055 2041 2134">
     <span class='ocr_line' id='line_1_38' title="bbox 394 2055 2041 2134; baseline -0.007 -10"><span class='ocrx_word' id='word_1_229' title='bbox 394 2080 576 2124; x_wconf 89' lang='lat' dir='ltr'><strong>nunc.</strong></span> <span class='ocrx_word' id='word_1_230' title='bbox 601 2059 1029 2134; x_wconf 71' lang='lat' dir='ltr'><strong>Excelsiorem,</strong></span> <span class='ocrx_word' id='word_1_231' title='bbox 1060 2066 1115 2118; x_wconf 89' lang='lat' dir='ltr'><strong>et</strong></span> <span class='ocrx_word' id='word_1_232' title='bbox 1152 2065 1270 2117; x_wconf 87' lang='lat' dir='ltr'><strong>tres</strong></span> <span class='ocrx_word' id='word_1_233' title='bbox 1303 2056 1679 2119; x_wconf 57' lang='lat' dir='ltr'><strong>reverentia}.</strong></span> <span class='ocrx_word' id='word_1_234' title='bbox 1711 2059 1921 2117; x_wconf 89' lang='lat' dir='ltr'><strong>Postea</strong></span> <span class='ocrx_word' id='word_1_235' title='bbox 1946 2055 2041 2114; x_wconf 83' lang='lat' dir='ltr'><strong>di-</strong></span> 
     </span>
    </p>
   </div>
   <div class='ocr_carea' id='block_1_38' title="bbox 393 2144 1649 2225">
    <p class='ocr_par' dir='ltr' id='par_1_38' title="bbox 393 2144 1649 2225">
     <span class='ocr_line' id='line_1_39' title="bbox 393 2144 1649 2225; baseline -0.006 -11"><span class='ocrx_word' id='word_1_236' title='bbox 393 2153 585 2214; x_wconf 89' lang='lat' dir='ltr'><strong>cimus</strong></span> <span class='ocrx_word' id='word_1_237' title='bbox 616 2153 787 2213; x_wconf 89' lang='lat' dir='ltr'><strong>istam</strong></span> <span class='ocrx_word' id='word_1_238' title='bbox 818 2148 1145 2211; x_wconf 89' lang='lat' dir='ltr'><strong>orationem</strong></span> <span class='ocrx_word' id='word_1_239' title='bbox 1182 2147 1374 2225; x_wconf 80' lang='lat' dir='ltr'><strong>Magni</strong></span> <span class='ocrx_word' id='word_1_240' title='bbox 1404 2144 1606 2206; x_wconf 86' lang='lat' dir='ltr'><strong>Basilii</strong></span> <span class='ocrx_word' id='word_1_241' title='bbox 1636 2164 1649 2207; x_wconf 90' lang='lat'><strong>:</strong></span> 
     </span>
    </p>
   </div>
   <div class='ocr_carea' id='block_1_39' title="bbox 475 2234 2037 2320">
    <p class='ocr_par' dir='ltr' id='par_1_39' title="bbox 475 2234 2037 2320">
     <span class='ocr_line' id='line_1_40' title="bbox 475 2234 2037 2320; baseline -0.006 -16"><span class='ocrx_word' id='word_1_242' title='bbox 475 2241 795 2320; x_wconf 85' lang='lat' dir='ltr'><strong>Regnator,</strong></span> <span class='ocrx_word' id='word_1_243' title='bbox 846 2238 1095 2301; x_wconf 91' lang='lat' dir='ltr'><strong>Domine</strong></span> <span class='ocrx_word' id='word_1_244' title='bbox 1146 2234 1291 2298; x_wconf 84' lang='lat' dir='ltr'><strong>Jcsu</strong></span> <span class='ocrx_word' id='word_1_245' title='bbox 1336 2235 1593 2315; x_wconf 84' lang='lat' dir='ltr'><strong>Christe,</strong></span> <span class='ocrx_word' id='word_1_246' title='bbox 1627 2234 1783 2297; x_wconf 90' lang='lat' dir='ltr'><strong>Deus</strong></span> <span class='ocrx_word' id='word_1_247' title='bbox 1815 2240 2037 2315; x_wconf 89' lang='lat' dir='ltr'><strong>noster,</strong></span> 
     </span>
    </p>
   </div>
   <div class='ocr_carea' id='block_1_40' title="bbox 394 2325 2043 2413">
    <p class='ocr_par' dir='ltr' id='par_1_40' title="bbox 394 2325 2043 2413">
     <span class='ocr_line' id='line_1_41' title="bbox 394 2325 2043 2413; baseline -0.005 -20"><span class='ocrx_word' id='word_1_248' title='bbox 394 2333 493 2413; x_wconf 90' lang='lat' dir='ltr'><strong>qui</strong></span> <span class='ocrx_word' id='word_1_249' title='bbox 515 2333 670 2393; x_wconf 92' lang='lat' dir='ltr'><strong>inter</strong></span> <span class='ocrx_word' id='word_1_250' title='bbox 688 2329 905 2392; x_wconf 89' lang='lat' dir='ltr'><strong>delicta</strong></span> <span class='ocrx_word' id='word_1_251' title='bbox 930 2336 1135 2389; x_wconf 87' lang='lat' dir='ltr'><strong>nostra</strong></span> <span class='ocrx_word' id='word_1_252' title='bbox 1159 2325 1515 2403; x_wconf 88' lang='lat' dir='ltr'><strong>longanimis</strong></span> <span class='ocrx_word' id='word_1_253' title='bbox 1548 2344 1638 2405; x_wconf 91' lang='lat' dir='ltr'><strong>es,</strong></span> <span class='ocrx_word' id='word_1_254' title='bbox 1674 2338 1732 2387; x_wconf 85' lang='lat' dir='ltr'><strong>et</strong></span> <span class='ocrx_word' id='word_1_255' title='bbox 1762 2343 1871 2385; x_wconf 89' lang='lat' dir='ltr'><strong>nos</strong></span> <span class='ocrx_word' id='word_1_256' title='bbox 1905 2342 2043 2403; x_wconf 86' lang='lat' dir='ltr'><strong>per—</strong></span> 
     </span>
    </p>
   </div>
   <div class='ocr_carea' id='block_1_41' title="bbox 394 2414 2045 2497">
    <p class='ocr_par' dir='ltr' id='par_1_41' title="bbox 394 2414 2045 2497">
     <span class='ocr_line' id='line_1_42' title="bbox 394 2414 2045 2497; baseline -0.005 -14"><span class='ocrx_word' id='word_1_257' title='bbox 394 2421 613 2483; x_wconf 82' lang='lat' dir='ltr'><strong>duxisti</strong></span> <span class='ocrx_word' id='word_1_258' title='bbox 633 2438 821 2497; x_wconf 92' lang='lat' dir='ltr'><strong>usque</strong></span> <span class='ocrx_word' id='word_1_259' title='bbox 843 2417 915 2479; x_wconf 79' lang='lat' dir='ltr'><strong>ad</strong></span> <span class='ocrx_word' id='word_1_260' title='bbox 937 2418 1091 2478; x_wconf 89' lang='lat' dir='ltr'><strong>hanc</strong></span> <span class='ocrx_word' id='word_1_261' title='bbox 1114 2416 1343 2489; x_wconf 89' lang='lat' dir='ltr'><strong>horam,</strong></span> <span class='ocrx_word' id='word_1_262' title='bbox 1372 2415 1431 2475; x_wconf 93' lang='lat' dir='ltr'><strong>in</strong></span> <span class='ocrx_word' id='word_1_263' title='bbox 1454 2433 1569 2495; x_wconf 91' lang='lat' dir='ltr'><strong>qua</strong></span> <span class='ocrx_word' id='word_1_264' title='bbox 1588 2434 1620 2476; x_wconf 91' lang='lat' dir='ltr'><strong>e</strong></span> <span class='ocrx_word' id='word_1_265' title='bbox 1646 2414 1867 2476; x_wconf 85' lang='lat' dir='ltr'><strong>viviﬁco</strong></span> <span class='ocrx_word' id='word_1_266' title='bbox 1888 2414 2045 2491; x_wconf 75' lang='lat' dir='ltr'><strong>ligno</strong></span> 
     </span>
    </p>
   </div>
   <div class='ocr_carea' id='block_1_42' title="bbox 396 2503 2044 2592">
    <p class='ocr_par' dir='ltr' id='par_1_42' title="bbox 396 2503 2044 2592">
     <span class='ocr_line' id='line_1_43' title="bbox 396 2503 2044 2592; baseline -0.005 -20"><span class='ocrx_word' id='word_1_267' title='bbox 396 2510 664 2592; x_wconf 88' lang='lat' dir='ltr'><strong>pendens</strong></span> <span class='ocrx_word' id='word_1_268' title='bbox 685 2510 839 2571; x_wconf 92' lang='lat' dir='ltr'><strong>bono</strong></span> <span class='ocrx_word' id='word_1_269' title='bbox 881 2508 1095 2570; x_wconf 91' lang='lat' dir='ltr'><strong>latroni</strong></span> <span class='ocrx_word' id='word_1_270' title='bbox 1144 2511 1290 2567; x_wconf 93' lang='lat' dir='ltr'><strong>viam</strong></span> <span class='ocrx_word' id='word_1_271' title='bbox 1321 2505 1391 2566; x_wconf 85' lang='lat' dir='ltr'><strong>ad</strong></span> <span class='ocrx_word' id='word_1_272' title='bbox 1418 2506 1750 2583; x_wconf 85' lang='lat' dir='ltr'><strong>ingressum</strong></span> <span class='ocrx_word' id='word_1_273' title='bbox 1786 2503 2044 2584; x_wconf 87' lang='lat' dir='ltr'><strong>paradisi</strong></span> 
     </span>
    </p>
   </div>
   <div class='ocr_carea' id='block_1_43' title="bbox 395 2595 2045 2682">
    <p class='ocr_par' dir='ltr' id='par_1_43' title="bbox 395 2595 2045 2682">
     <span class='ocr_line' id='line_1_44' title="bbox 395 2595 2045 2682; baseline -0.006 -20"><span class='ocrx_word' id='word_1_274' title='bbox 395 2600 757 2682; x_wconf 57' lang='lat' dir='ltr'><strong>praeparasti,</strong></span> <span class='ocrx_word' id='word_1_275' title='bbox 783 2608 842 2661; x_wconf 89' lang='lat' dir='ltr'><strong>et</strong></span> <span class='ocrx_word' id='word_1_276' title='bbox 874 2606 1063 2659; x_wconf 90' lang='lat' dir='ltr'><strong>morte</strong></span> <span class='ocrx_word' id='word_1_277' title='bbox 1111 2603 1360 2657; x_wconf 91' lang='lat' dir='ltr'><strong>mortem</strong></span> <span class='ocrx_word' id='word_1_278' title='bbox 1404 2595 1756 2657; x_wconf 90' lang='lat' dir='ltr'><strong>interemisti</strong></span> <span class='ocrx_word' id='word_1_279' title='bbox 1790 2617 1802 2652; x_wconf 93' lang='lat'><strong>:</strong></span> <span class='ocrx_word' id='word_1_280' title='bbox 1841 2599 2045 2674; x_wconf 91' lang='lat' dir='ltr'><strong>propi-</strong></span> 
     </span>
    </p>
   </div>
   <div class='ocr_carea' id='block_1_44' title="bbox 395 2682 2041 2769">
    <p class='ocr_par' dir='ltr' id='par_1_44' title="bbox 395 2682 2041 2769">
     <span class='ocr_line' id='line_1_45' title="bbox 395 2682 2041 2769; baseline -0.004 -18"><span class='ocrx_word' id='word_1_281' title='bbox 395 2691 508 2751; x_wconf 87' lang='lat' dir='ltr'><strong>tius</strong></span> <span class='ocrx_word' id='word_1_282' title='bbox 526 2697 651 2752; x_wconf 85' lang='lat' dir='ltr'><strong>esto</strong></span> <span class='ocrx_word' id='word_1_283' title='bbox 674 2687 845 2750; x_wconf 92' lang='lat' dir='ltr'><strong>nobis</strong></span> <span class='ocrx_word' id='word_1_284' title='bbox 864 2685 1279 2769; x_wconf 87' lang='lat' dir='ltr'><strong>peccatoribus</strong></span> <span class='ocrx_word' id='word_1_285' title='bbox 1299 2692 1359 2747; x_wconf 88' lang='lat' dir='ltr'><strong>et</strong></span> <span class='ocrx_word' id='word_1_286' title='bbox 1377 2682 1886 2763; x_wconf 77' lang='lat' dir='ltr'><strong>indignist‘amnlis</strong></span> <span class='ocrx_word' id='word_1_287' title='bbox 1905 2684 2041 2745; x_wconf 90' lang='lat' dir='ltr'><strong>tuis:</strong></span> 
     </span>
    </p>
   </div>
   <div class='ocr_carea' id='block_1_45' title="bbox 391 2775 2046 2860">
    <p class='ocr_par' dir='ltr' id='par_1_45' title="bbox 391 2775 2046 2860">
     <span class='ocr_line' id='line_1_46' title="bbox 391 2775 2046 2860; baseline -0.006 -18"><span class='ocrx_word' id='word_1_288' title='bbox 391 2778 767 2860; x_wconf 88' lang='lat' dir='ltr'><strong>peccavimus</strong></span> <span class='ocrx_word' id='word_1_289' title='bbox 800 2778 957 2839; x_wconf 89' lang='lat' dir='ltr'><strong>enim</strong></span> <span class='ocrx_word' id='word_1_290' title='bbox 993 2787 1051 2839; x_wconf 88' lang='lat' dir='ltr'><strong>et</strong></span> <span class='ocrx_word' id='word_1_291' title='bbox 1084 2775 1289 2857; x_wconf 91' lang='lat' dir='ltr'><strong>inique</strong></span> <span class='ocrx_word' id='word_1_292' title='bbox 1321 2775 1570 2853; x_wconf 13' lang='lat' dir='ltr'><strong>egimus,</strong></span> <span class='ocrx_word' id='word_1_293' title='bbox 1613 2790 1808 2853; x_wconf 90' lang='lat' dir='ltr'><strong>neque</strong></span> <span class='ocrx_word' id='word_1_294' title='bbox 1840 2791 2046 2833; x_wconf 90' lang='lat' dir='ltr'><strong>sumus</strong></span> 
     </span>
    </p>
   </div>
   <div class='ocr_carea' id='block_1_46' title="bbox 389 2861 2039 2949">
    <p class='ocr_par' dir='ltr' id='par_1_46' title="bbox 389 2861 2039 2949">
     <span class='ocr_line' id='line_1_47' title="bbox 389 2861 2039 2949; baseline -0.006 -19"><span class='ocrx_word' id='word_1_295' title='bbox 389 2868 686 2949; x_wconf 90' lang='lat' dir='ltr'><strong>digni,qui</strong></span> <span class='ocrx_word' id='word_1_296' title='bbox 703 2868 968 2929; x_wconf 89' lang='lat' dir='ltr'><strong>levemus</strong></span> <span class='ocrx_word' id='word_1_297' title='bbox 988 2866 1223 2936; x_wconf 91' lang='lat' dir='ltr'><strong>oculos,</strong></span> <span class='ocrx_word' id='word_1_298' title='bbox 1248 2873 1305 2925; x_wconf 91' lang='lat' dir='ltr'><strong>et</strong></span> <span class='ocrx_word' id='word_1_299' title='bbox 1330 2865 1730 2944; x_wconf 82' lang='lat' dir='ltr'><strong>suspiciamus</strong></span> <span class='ocrx_word' id='word_1_300' title='bbox 1753 2862 1885 2924; x_wconf 61' lang='lat' dir='ltr'><strong>caeli</strong></span> <span class='ocrx_word' id='word_1_301' title='bbox 1914 2861 2039 2922; x_wconf 91' lang='lat' dir='ltr'><strong>alti-</strong></span> 
     </span>
    </p>
   </div>
   <div class='ocr_carea' id='block_1_47' title="bbox 391 2952 2044 3037">
    <p class='ocr_par' dir='ltr' id='par_1_47' title="bbox 391 2952 2044 3037">
     <span class='ocr_line' id='line_1_48' title="bbox 391 2952 2044 3037; baseline -0.007 -18"><span class='ocrx_word' id='word_1_302' title='bbox 391 2958 657 3019; x_wconf 88' lang='lat' dir='ltr'><strong>tudinem</strong></span> <span class='ocrx_word' id='word_1_303' title='bbox 684 2978 695 3019; x_wconf 94' lang='lat'>:</span> <span class='ocrx_word' id='word_1_304' title='bbox 718 2957 853 3037; x_wconf 88' lang='lat' dir='ltr'><strong>quia</strong></span> <span class='ocrx_word' id='word_1_305' title='bbox 897 2953 1332 3032; x_wconf 88' lang='lat' dir='ltr'><strong>dereliquimus</strong></span> <span class='ocrx_word' id='word_1_306' title='bbox 1362 2952 1511 3014; x_wconf 85' lang='lat' dir='ltr'><strong>viam</strong></span> <span class='ocrx_word' id='word_1_307' title='bbox 1548 2952 1790 3030; x_wconf 64' lang='lat' dir='ltr'><strong>iustitia;</strong></span> <span class='ocrx_word' id='word_1_308' title='bbox 1823 2959 1956 3022; x_wconf 73' lang='lat' dir='ltr'><strong>tuae,</strong></span> <span class='ocrx_word' id='word_1_309' title='bbox 1986 2958 2044 3009; x_wconf 88' lang='lat' dir='ltr'><strong>et</strong></span> 
     </span>
    </p>
   </div>
   <div class='ocr_carea' id='block_1_48' title="bbox 2126 1870 2537 1942">
    <p class='ocr_par' dir='ltr' id='par_1_48' title="bbox 2126 1870 2537 1942">
     <span class='ocr_line' id='line_1_49' title="bbox 2126 1870 2537 1942; baseline 0 -19"><span class='ocrx_word' id='word_1_310' title='bbox 2126 1870 2212 1923; x_wconf 87' lang='grc' dir='ltr'><strong>καὶ</strong></span> <span class='ocrx_word' id='word_1_311' title='bbox 2248 1870 2377 1931; x_wconf 66' lang='grc' dir='ltr'>Θεὸς</span> <span class='ocrx_word' id='word_1_312' title='bbox 2410 1886 2537 1942; x_wconf 70' lang='grc' dir='ltr'>μου,</span> 
     </span>
    </p>
   </div>
   <div class='ocr_carea' id='block_1_49' title="bbox 2208 1958 3781 2038">
    <p class='ocr_par' dir='ltr' id='par_1_49' title="bbox 2208 1958 3781 2038">
     <span class='ocr_line' id='line_1_50' title="bbox 2208 1958 3781 2038; baseline -0.001 -23"><span class='ocrx_word' id='word_1_313' title='bbox 2208 1960 2301 2031; x_wconf 83' lang='grc' dir='ltr'>Τὸ,</span> <span class='ocrx_word' id='word_1_314' title='bbox 2393 1958 2568 2038; x_wconf 83' lang='grc' dir='ltr'>Κύριε,</span> <span class='ocrx_word' id='word_1_315' title='bbox 2630 1958 2875 2038; x_wconf 75' lang='grc' dir='ltr'>ἐλέησον,</span> <span class='ocrx_word' id='word_1_316' title='bbox 2950 1960 3031 2033; x_wconf 87' lang='grc' dir='ltr'>μ’.</span> <span class='ocrx_word' id='word_1_317' title='bbox 3106 1960 3264 2025; x_wconf 81' lang='grc' dir='ltr'>Δόξα.</span> <span class='ocrx_word' id='word_1_318' title='bbox 3336 1962 3435 2018; x_wconf 80' lang='grc' dir='ltr'>Καὶ</span> <span class='ocrx_word' id='word_1_319' title='bbox 3493 1964 3603 2023; x_wconf 69' lang='grc' dir='ltr'><strong>νῦν,</strong></span> <span class='ocrx_word' id='word_1_320' title='bbox 3670 1962 3781 2027; x_wconf 77' lang='grc' dir='ltr'>Τὴν</span> 
     </span>
    </p>
   </div>
   <div class='ocr_carea' id='block_1_50' title="bbox 2126 2048 3781 2126">
    <p class='ocr_par' dir='ltr' id='par_1_50' title="bbox 2126 2048 3781 2126">
     <span class='ocr_line' id='line_1_51' title="bbox 2126 2048 3781 2126; baseline 0.001 -23"><span class='ocrx_word' id='word_1_321' title='bbox 2126 2050 2468 2125; x_wconf 68' lang='grc' dir='ltr'><strong>τιμιωτέραν,</strong></span> <span class='ocrx_word' id='word_1_322' title='bbox 2504 2053 2589 2105; x_wconf 82' lang='grc' dir='ltr'><strong>καὶ</strong></span> <span class='ocrx_word' id='word_1_323' title='bbox 2621 2051 2670 2105; x_wconf 83' lang='grc' dir='ltr'>αἱ</span> <span class='ocrx_word' id='word_1_324' title='bbox 2702 2062 2848 2126; x_wconf 74' lang='grc' dir='ltr'>τρεῖς</span> <span class='ocrx_word' id='word_1_325' title='bbox 2917 2050 3215 2121; x_wconf 77' lang='grc' dir='ltr'>μετάνοιαι,</span> <span class='ocrx_word' id='word_1_326' title='bbox 3256 2050 3393 2106; x_wconf 73' lang='grc' dir='ltr'>Εἶτα</span> <span class='ocrx_word' id='word_1_327' title='bbox 3424 2048 3650 2126; x_wconf 84' lang='grc' dir='ltr'>λέγομεν</span> <span class='ocrx_word' id='word_1_328' title='bbox 3684 2052 3781 2117; x_wconf 80' lang='grc' dir='ltr'>τὴν</span> 
     </span>
    </p>
   </div>
   <div class='ocr_carea' id='block_1_51' title="bbox 2128 2138 3266 2217">
    <p class='ocr_par' dir='ltr' id='par_1_51' title="bbox 2128 2138 3266 2217">
     <span class='ocr_line' id='line_1_52' title="bbox 2128 2138 3266 2217; baseline 0.001 -25"><span class='ocrx_word' id='word_1_329' title='bbox 2128 2138 2297 2217; x_wconf 69' lang='grc' dir='ltr'>εὒχὴν</span> <span class='ocrx_word' id='word_1_330' title='bbox 2329 2140 2529 2205; x_wconf 76' lang='grc' dir='ltr'>ταύτην</span> <span class='ocrx_word' id='word_1_331' title='bbox 2556 2150 2647 2197; x_wconf 78' lang='grc' dir='ltr'><strong>τοὺ</strong></span> <span class='ocrx_word' id='word_1_332' title='bbox 2672 2138 2918 2216; x_wconf 73' lang='grc' dir='ltr'>Μεγάλου</span> <span class='ocrx_word' id='word_1_333' title='bbox 2948 2139 3216 2214; x_wconf 75' lang='grc' dir='ltr'>βασιλείου</span> <span class='ocrx_word' id='word_1_334' title='bbox 3252 2159 3266 2173; x_wconf 91' lang='grc'><strong>·</strong></span> 
     </span>
    </p>
   </div>
   <div class='ocr_carea' id='block_1_52' title="bbox 2213 2228 3777 2306">
    <p class='ocr_par' dir='ltr' id='par_1_52' title="bbox 2213 2228 3777 2306">
     <span class='ocr_line' id='line_1_53' title="bbox 2213 2228 3777 2306; baseline -0.001 -22"><span class='ocrx_word' id='word_1_335' title='bbox 2213 2228 2480 2299; x_wconf 78' lang='grc' dir='ltr'>Δέσποτα,</span> <span class='ocrx_word' id='word_1_336' title='bbox 2536 2231 2685 2298; x_wconf 83' lang='grc' dir='ltr'>Κύριε</span> <span class='ocrx_word' id='word_1_337' title='bbox 2741 2228 2919 2295; x_wconf 81' lang='grc' dir='ltr'>ἰησοῦ</span> <span class='ocrx_word' id='word_1_338' title='bbox 2986 2229 3202 2306; x_wconf 75' lang='grc' dir='ltr'>Χριατὲ,</span> <span class='ocrx_word' id='word_1_339' title='bbox 3250 2231 3276 2284; x_wconf 80' lang='lat'><strong>6</strong></span> <span class='ocrx_word' id='word_1_340' title='bbox 3324 2230 3453 2291; x_wconf 80' lang='grc' dir='ltr'>Θεὸς</span> <span class='ocrx_word' id='word_1_341' title='bbox 3516 2229 3692 2306; x_wconf 73' lang='grc' dir='ltr'>ἡμῶν,</span> <span class='ocrx_word' id='word_1_342' title='bbox 3750 2231 3777 2283; x_wconf 84' lang='grc' dir='ltr'><strong>ὁ</strong></span> 
     </span>
    </p>
   </div>
   <div class='ocr_carea' id='block_1_53' title="bbox 2129 2317 3780 2395">
    <p class='ocr_par' dir='ltr' id='par_1_53' title="bbox 2129 2317 3780 2395">
     <span class='ocr_line' id='line_1_54' title="bbox 2129 2317 3780 2395; baseline 0.001 -22"><span class='ocrx_word' id='word_1_343' title='bbox 2129 2320 2550 2395; x_wconf 73' lang='grc' dir='ltr'><strong>μακροθυμήσας</strong></span> <span class='ocrx_word' id='word_1_344' title='bbox 2636 2318 2719 2373; x_wconf 82' lang='grc' dir='ltr'><strong>ἐπὶ</strong></span> <span class='ocrx_word' id='word_1_345' title='bbox 2779 2332 2896 2381; x_wconf 70' lang='grc' dir='ltr'>τοῖς</span> <span class='ocrx_word' id='word_1_346' title='bbox 2956 2318 3109 2392; x_wconf 76' lang='grc' dir='ltr'>ἡμῶν</span> <span class='ocrx_word' id='word_1_347' title='bbox 3184 2317 3629 2392; x_wconf 73' lang='grc' dir='ltr'>πλεμμελήμασι,</span> <span class='ocrx_word' id='word_1_348' title='bbox 3692 2320 3780 2374; x_wconf 83' lang='grc' dir='ltr'><strong>καὶ</strong></span> 
     </span>
    </p>
   </div>
   <div class='ocr_carea' id='block_1_54' title="bbox 2131 2407 3783 2487">
    <p class='ocr_par' dir='ltr' id='par_1_54' title="bbox 2131 2407 3783 2487">
     <span class='ocr_line' id='line_1_55' title="bbox 2131 2407 3783 2487; baseline -0.014 -10"><span class='ocrx_word' id='word_1_349' title='bbox 2131 2407 2257 2487; x_wconf 69' lang='grc' dir='ltr'>ἄχρι</span> <span class='ocrx_word' id='word_1_350' title='bbox 2302 2413 2403 2474; x_wconf 74' lang='grc' dir='ltr'><strong>τῆς</strong></span> <span class='ocrx_word' id='word_1_351' title='bbox 2449 2409 2721 2484; x_wconf 78' lang='grc' dir='ltr'>παρούσης</span> <span class='ocrx_word' id='word_1_352' title='bbox 2766 2408 2907 2485; x_wconf 79' lang='grc' dir='ltr'>ὥρας</span> <span class='ocrx_word' id='word_1_353' title='bbox 2946 2408 3164 2486; x_wconf 82' lang='grc' dir='ltr'>ἀγαγὼν</span> <span class='ocrx_word' id='word_1_354' title='bbox 3208 2410 3373 2482; x_wconf 65' lang='grc' dir='ltr'>ἡμᾶς,</span> <span class='ocrx_word' id='word_1_355' title='bbox 3411 2407 3464 2463; x_wconf 80' lang='grc' dir='ltr'>ὲν</span> <span class='ocrx_word' id='word_1_356' title='bbox 3498 2410 3534 2483; x_wconf 70' lang='grc' dir='ltr'>ᾗ</span> <span class='ocrx_word' id='word_1_357' title='bbox 3578 2407 3661 2463; x_wconf 83' lang='grc' dir='ltr'>ἐπὶ</span> <span class='ocrx_word' id='word_1_358' title='bbox 3690 2415 3783 2464; x_wconf 76' lang='grc' dir='ltr'><strong>τοῦ</strong></span> 
     </span>
    </p>
   </div>
   <div class='ocr_carea' id='block_1_55' title="bbox 2128 2496 3784 2574">
    <p class='ocr_par' dir='ltr' id='par_1_55' title="bbox 2128 2496 3784 2574">
     <span class='ocr_line' id='line_1_56' title="bbox 2128 2496 3784 2574; baseline 0 -23"><span class='ocrx_word' id='word_1_359' title='bbox 2128 2504 2390 2567; x_wconf 80' lang='grc' dir='ltr'>ζωοποιοῦ</span> <span class='ocrx_word' id='word_1_360' title='bbox 2427 2496 2575 2562; x_wconf 78' lang='grc' dir='ltr'>ξύλου</span> <span class='ocrx_word' id='word_1_361' title='bbox 2622 2500 2979 2574; x_wconf 82' lang='grc' dir='ltr'>κρεμάμενος,</span> <span class='ocrx_word' id='word_1_362' title='bbox 3037 2499 3123 2552; x_wconf 83' lang='grc' dir='ltr'><strong>καὶ</strong></span> <span class='ocrx_word' id='word_1_363' title='bbox 3156 2498 3448 2574; x_wconf 67' lang='grc' dir='ltr'>εὐγνώμονι</span> <span class='ocrx_word' id='word_1_364' title='bbox 3478 2496 3654 2572; x_wconf 70' lang='grc' dir='ltr'>λῃστῇ</span> <span class='ocrx_word' id='word_1_365' title='bbox 3688 2497 3784 2564; x_wconf 76' lang='grc' dir='ltr'>τὴν</span> 
     </span>
    </p>
   </div>
   <div class='ocr_carea' id='block_1_56' title="bbox 2128 2585 3786 2660">
    <p class='ocr_par' dir='ltr' id='par_1_56' title="bbox 2128 2585 3786 2660">
     <span class='ocr_line' id='line_1_57' title="bbox 2128 2585 3786 2660; baseline 0 -19"><span class='ocrx_word' id='word_1_366' title='bbox 2128 2588 2200 2648; x_wconf 84' lang='grc' dir='ltr'>εἰς</span> <span class='ocrx_word' id='word_1_367' title='bbox 2236 2589 2325 2641; x_wconf 71' lang='grc' dir='ltr'><strong>τὸν</strong></span> <span class='ocrx_word' id='word_1_368' title='bbox 2380 2585 2698 2660; x_wconf 70' lang='grc' dir='ltr'>παράδεισον</span> <span class='ocrx_word' id='word_1_369' title='bbox 2752 2585 3089 2653; x_wconf 65' lang='grc' dir='ltr'>ὡδοποίησας</span> <span class='ocrx_word' id='word_1_370' title='bbox 3157 2585 3394 2659; x_wconf 69' lang='grc' dir='ltr'>ε’ἶσοδον,</span> <span class='ocrx_word' id='word_1_371' title='bbox 3440 2588 3529 2642; x_wconf 80' lang='grc' dir='ltr'><strong>καὶ</strong></span> <span class='ocrx_word' id='word_1_372' title='bbox 3580 2586 3786 2657; x_wconf 82' lang='grc' dir='ltr'>θανάτῳ</span> 
     </span>
    </p>
   </div>
   <div class='ocr_carea' id='block_1_57' title="bbox 2128 2674 3784 2752">
    <p class='ocr_par' dir='ltr' id='par_1_57' title="bbox 2128 2674 3784 2752">
     <span class='ocr_line' id='line_1_58' title="bbox 2128 2674 3784 2752; baseline -0.001 -21"><span class='ocrx_word' id='word_1_373' title='bbox 2128 2678 2219 2731; x_wconf 78' lang='grc' dir='ltr'><strong>τὸν</strong></span> <span class='ocrx_word' id='word_1_374' title='bbox 2265 2678 2489 2733; x_wconf 72' lang='grc' dir='ltr'>θάνατον</span> <span class='ocrx_word' id='word_1_375' title='bbox 2527 2675 2733 2736; x_wconf 75' lang='grc' dir='ltr'>ὤλεσας</span> <span class='ocrx_word' id='word_1_376' title='bbox 2776 2693 2789 2707; x_wconf 99' lang='grc'><strong>⁸</strong></span> <span class='ocrx_word' id='word_1_377' title='bbox 2840 2676 3087 2743; x_wconf 74' lang='grc' dir='ltr'>ἱλάσθητι</span> <span class='ocrx_word' id='word_1_378' title='bbox 3126 2678 3264 2749; x_wconf 75' lang='grc' dir='ltr'>ἡμῖν</span> <span class='ocrx_word' id='word_1_379' title='bbox 3296 2690 3410 2738; x_wconf 64' lang='grc' dir='ltr'>τοῖς</span> <span class='ocrx_word' id='word_1_380' title='bbox 3441 2674 3784 2752; x_wconf 74' lang='grc' dir='ltr'>ἁμαρτωλοῖς</span> 
     </span>
    </p>
   </div>
   <div class='ocr_carea' id='block_1_58' title="bbox 2129 2762 3785 2843">
    <p class='ocr_par' dir='ltr' id='par_1_58' title="bbox 2129 2762 3785 2843">
     <span class='ocr_line' id='line_1_59' title="bbox 2129 2762 3785 2843; baseline 0 -24"><span class='ocrx_word' id='word_1_381' title='bbox 2129 2768 2217 2822; x_wconf 82' lang='grc' dir='ltr'><strong>καὶ</strong></span> <span class='ocrx_word' id='word_1_382' title='bbox 2260 2763 2488 2831; x_wconf 71' lang='grc' dir='ltr'>ἀναξίοις</span> <span class='ocrx_word' id='word_1_383' title='bbox 2520 2765 2720 2831; x_wconf 81' lang='grc' dir='ltr'>δούλοις</span> <span class='ocrx_word' id='word_1_384' title='bbox 2769 2789 2861 2822; x_wconf 79' lang='grc' dir='ltr'><strong>σου</strong></span> <span class='ocrx_word' id='word_1_385' title='bbox 2899 2783 2911 2795; x_wconf 91' lang='grc'><strong>⁸</strong></span> <span class='ocrx_word' id='word_1_386' title='bbox 2974 2767 3283 2841; x_wconf 73' lang='grc' dir='ltr'>ἡμάρτομεν</span> <span class='ocrx_word' id='word_1_387' title='bbox 3315 2766 3414 2843; x_wconf 76' lang='grc' dir='ltr'>γὰρ</span> <span class='ocrx_word' id='word_1_388' title='bbox 3453 2766 3540 2821; x_wconf 82' lang='grc' dir='ltr'>καὶ</span> <span class='ocrx_word' id='word_1_389' title='bbox 3570 2762 3785 2838; x_wconf 72' lang='grc' dir='ltr'>ἡνομιί-</span> 
     </span>
    </p>
   </div>
   <div class='ocr_carea' id='block_1_59' title="bbox 2129 2853 3783 2932">
    <p class='ocr_par' dir='ltr' id='par_1_59' title="bbox 2129 2853 3783 2932">
     <span class='ocr_line' id='line_1_60' title="bbox 2129 2853 3783 2932; baseline -0.002 -22"><span class='ocrx_word' id='word_1_390' title='bbox 2129 2876 2322 2932; x_wconf 84' lang='grc' dir='ltr'>σαμεν,</span> <span class='ocrx_word' id='word_1_391' title='bbox 2376 2856 2460 2910; x_wconf 83' lang='grc' dir='ltr'><strong>καὶ</strong></span> <span class='ocrx_word' id='word_1_392' title='bbox 2504 2858 2597 2911; x_wconf 72' lang='grc' dir='ltr'>οὒκ</span> <span class='ocrx_word' id='word_1_393' title='bbox 2643 2856 2804 2930; x_wconf 75' lang='grc' dir='ltr'>ἐσμὲν</span> <span class='ocrx_word' id='word_1_394' title='bbox 2856 2855 2989 2919; x_wconf 72' lang='grc' dir='ltr'>ἄξιοι</span> <span class='ocrx_word' id='word_1_395' title='bbox 3053 2857 3170 2932; x_wconf 70' lang='grc' dir='ltr'>ἆραι</span> <span class='ocrx_word' id='word_1_396' title='bbox 3213 2855 3277 2910; x_wconf 79' lang='grc' dir='ltr'>τὰ</span> <span class='ocrx_word' id='word_1_397' title='bbox 3337 2853 3554 2929; x_wconf 64' lang='grc' dir='ltr'>ὄμματα</span> <span class='ocrx_word' id='word_1_398' title='bbox 3606 2855 3783 2932; x_wconf 73' lang='grc' dir='ltr'>ἡμῶν,</span> 
     </span>
    </p>
   </div>
   <div class='ocr_carea' id='block_1_60' title="bbox 2128 2941 3782 3023">
    <p class='ocr_par' dir='ltr' id='par_1_60' title="bbox 2128 2941 3782 3023">
     <span class='ocr_line' id='line_1_61' title="bbox 2128 2941 3782 3023; baseline -0.001 -24"><span class='ocrx_word' id='word_1_399' title='bbox 2128 2945 2217 2999; x_wconf 79' lang='grc' dir='ltr'><strong>καὶ</strong></span> <span class='ocrx_word' id='word_1_400' title='bbox 2246 2943 2441 3018; x_wconf 79' lang='grc' dir='ltr'>βλέψαι</span> <span class='ocrx_word' id='word_1_401' title='bbox 2474 2946 2547 3005; x_wconf 84' lang='grc' dir='ltr'>εἰς</span> <span class='ocrx_word' id='word_1_402' title='bbox 2581 2945 2639 2999; x_wconf 74' lang='grc' dir='ltr'>τὸ</span> <span class='ocrx_word' id='word_1_403' title='bbox 2690 2944 2823 3018; x_wconf 66' lang='grc' dir='ltr'>ὕψος</span> <span class='ocrx_word' id='word_1_404' title='bbox 2866 2952 2955 3000; x_wconf 78' lang='grc' dir='ltr'>τοῦ</span> <span class='ocrx_word' id='word_1_405' title='bbox 3016 2944 3240 3023; x_wconf 65' lang='grc' dir='ltr'>ούρανοῦ</span> <span class='ocrx_word' id='word_1_406' title='bbox 3277 2966 3288 2977; x_wconf 92' lang='grc'><strong>·</strong></span> <span class='ocrx_word' id='word_1_407' title='bbox 3323 2942 3460 3000; x_wconf 86' lang='grc' dir='ltr'>διότι</span> <span class='ocrx_word' id='word_1_408' title='bbox 3493 2941 3782 2999; x_wconf 78' lang='grc' dir='ltr'>κατελίπο-</span> 
     </span>
    </p>
   </div>
   <div class='ocr_carea' id='block_1_61' title="bbox 389 3032 2044 3116">
    <p class='ocr_par' dir='ltr' id='par_1_61' title="bbox 389 3032 2043 3116">
     <span class='ocr_line' id='line_1_62' title="bbox 389 3032 2043 3116; baseline -0.005 -7"><span class='ocrx_word' id='word_1_409' title='bbox 389 3046 686 3109; x_wconf 88' lang='lat' dir='ltr'><strong>abivimus</strong></span> <span class='ocrx_word' id='word_1_410' title='bbox 706 3032 765 3107; x_wconf 78' lang='lat' dir='ltr'><strong>in</strong></span> <span class='ocrx_word' id='word_1_411' title='bbox 787 3043 1189 3107; x_wconf 86' lang='lat' dir='ltr'><strong>voluntatibus</strong></span> <span class='ocrx_word' id='word_1_412' title='bbox 1221 3043 1495 3105; x_wconf 88' lang='lat' dir='ltr'><strong>cordium</strong></span> <span class='ocrx_word' id='word_1_413' title='bbox 1518 3038 2043 3116; x_wconf 84' lang='lat' dir='ltr'><strong>nostrorum.Ergo</strong></span> 
     </span>
    </p>
   </div>
   <div class='ocr_carea' id='block_1_62' title="bbox 2133 3032 3781 3116">
    <p class='ocr_par' dir='ltr' id='par_1_62' title="bbox 2133 3032 3781 3109">
     <span class='ocr_line' id='line_1_63' title="bbox 2133 3032 3781 3109; baseline -0.001 -21"><span class='ocrx_word' id='word_1_414' title='bbox 2133 3054 2226 3106; x_wconf 88' lang='grc' dir='ltr'><strong>μεν</strong></span> <span class='ocrx_word' id='word_1_415' title='bbox 2270 3034 2368 3099; x_wconf 75' lang='grc' dir='ltr'>τὴν</span> <span class='ocrx_word' id='word_1_416' title='bbox 2414 3032 2531 3088; x_wconf 80' lang='grc' dir='ltr'>ὁδὸν</span> <span class='ocrx_word' id='word_1_417' title='bbox 2582 3040 2681 3101; x_wconf 80' lang='grc' dir='ltr'><strong>τῆς</strong></span> <span class='ocrx_word' id='word_1_418' title='bbox 2733 3032 3070 3100; x_wconf 73' lang='grc' dir='ltr'>δικαιοσύνης</span> <span class='ocrx_word' id='word_1_419' title='bbox 3118 3056 3235 3107; x_wconf 83' lang='grc' dir='ltr'>σου,</span> <span class='ocrx_word' id='word_1_420' title='bbox 3294 3034 3381 3089; x_wconf 86' lang='grc' dir='ltr'><strong>καὶ</strong></span> <span class='ocrx_word' id='word_1_421' title='bbox 3425 3033 3781 3109; x_wconf 77' lang='grc' dir='ltr'>ἐπορεύθημεν</span> 
     </span>
    </p>
   </div>
   <div class='ocr_carea' id='block_1_63' title="bbox 392 3120 2044 3213">
    <p class='ocr_par' dir='ltr' id='par_1_63' title="bbox 392 3131 2044 3213">
     <span class='ocr_line' id='line_1_64' title="bbox 392 3131 2044 3213; baseline -0.005 -15"><span class='ocrx_word' id='word_1_422' title='bbox 392 3136 777 3198; x_wconf 88' lang='lat' dir='ltr'><strong>obsecramus</strong></span> <span class='ocrx_word' id='word_1_423' title='bbox 790 3132 1316 3213; x_wconf 88' lang='lat' dir='ltr'><strong>incomparabilem</strong></span> <span class='ocrx_word' id='word_1_424' title='bbox 1332 3142 1490 3194; x_wconf 86' lang='lat' dir='ltr'><strong>tuam</strong></span> <span class='ocrx_word' id='word_1_425' title='bbox 1511 3131 2044 3209; x_wconf 85' lang='lat' dir='ltr'><strong>bonitatem,parce</strong></span> 
     </span>
    </p>
   </div>
   <div class='ocr_carea' id='block_1_64' title="bbox 2133 3120 3774 3213">
    <p class='ocr_par' dir='ltr' id='par_1_64' title="bbox 2133 3120 3774 3199">
     <span class='ocr_line' id='line_1_65' title="bbox 2133 3120 3774 3199; baseline -0.001 -21"><span class='ocrx_word' id='word_1_426' title='bbox 2133 3123 2181 3178; x_wconf 78' lang='grc' dir='ltr'>ὲν</span> <span class='ocrx_word' id='word_1_427' title='bbox 2238 3135 2359 3185; x_wconf 72' lang='grc' dir='ltr'>τοῖς</span> <span class='ocrx_word' id='word_1_428' title='bbox 2413 3122 2675 3197; x_wconf 77' lang='grc' dir='ltr'>θελήμασι</span> <span class='ocrx_word' id='word_1_429' title='bbox 2736 3130 2840 3179; x_wconf 85' lang='grc' dir='ltr'>τῶν</span> <span class='ocrx_word' id='word_1_430' title='bbox 2886 3122 3113 3199; x_wconf 78' lang='grc' dir='ltr'>καρδιῶν</span> <span class='ocrx_word' id='word_1_431' title='bbox 3160 3126 3335 3199; x_wconf 78' lang='grc' dir='ltr'>ἡμῶν.</span> <span class='ocrx_word' id='word_1_432' title='bbox 3377 3120 3524 3179; x_wconf 83' lang='grc' dir='ltr'>Ἀλλ’</span> <span class='ocrx_word' id='word_1_433' title='bbox 3556 3124 3774 3180; x_wconf 80' lang='grc' dir='ltr'>ἱκετεύοο</span> 
     </span>
    </p>
   </div>
   <div class='ocr_carea' id='block_1_65' title="bbox 393 3213 2044 3293">
    <p class='ocr_par' dir='ltr' id='par_1_65' title="bbox 393 3219 2044 3293">
     <span class='ocr_line' id='line_1_66' title="bbox 393 3219 2044 3293; baseline -0.005 -7"><span class='ocrx_word' id='word_1_434' title='bbox 393 3223 568 3287; x_wconf 91' lang='lat' dir='ltr'><strong>nobis</strong></span> <span class='ocrx_word' id='word_1_435' title='bbox 585 3224 913 3285; x_wconf 90' lang='lat' dir='ltr'><strong>secundum</strong></span> <span class='ocrx_word' id='word_1_436' title='bbox 928 3222 1369 3284; x_wconf 89' lang='lat' dir='ltr'><strong>multitudinem</strong></span> <span class='ocrx_word' id='word_1_437' title='bbox 1393 3219 1819 3283; x_wconf 69' lang='lat' dir='ltr'><strong>misericordiae</strong></span> <span class='ocrx_word' id='word_1_438' title='bbox 1844 3226 2044 3293; x_wconf 65' lang='lat' dir='ltr'><strong>tuaa,et</strong></span> 
     </span>
    </p>
   </div>
   <div class='ocr_carea' id='block_1_66' title="bbox 2133 3213 3777 3293">
    <p class='ocr_par' dir='ltr' id='par_1_66' title="bbox 2133 3213 3777 3292">
     <span class='ocr_line' id='line_1_67' title="bbox 2133 3213 3777 3292; baseline -0.001 -25"><span class='ocrx_word' id='word_1_439' title='bbox 2133 3232 2225 3287; x_wconf 87' lang='grc' dir='ltr'><strong>μεν</strong></span> <span class='ocrx_word' id='word_1_440' title='bbox 2287 3213 2381 3278; x_wconf 66' lang='grc' dir='ltr'>τὴν</span> <span class='ocrx_word' id='word_1_441' title='bbox 2444 3215 2543 3279; x_wconf 79' lang='grc' dir='ltr'><strong>σὴν</strong></span> <span class='ocrx_word' id='word_1_442' title='bbox 2608 3213 2920 3271; x_wconf 80' lang='grc' dir='ltr'>ἀνείκαστον</span> <span class='ocrx_word' id='word_1_443' title='bbox 2971 3213 3301 3292; x_wconf 83' lang='grc' dir='ltr'>ἀγαθότητα,</span> <span class='ocrx_word' id='word_1_444' title='bbox 3368 3225 3549 3290; x_wconf 79' lang='grc' dir='ltr'>φεῖσαι</span> <span class='ocrx_word' id='word_1_445' title='bbox 3600 3214 3777 3285; x_wconf 78' lang='grc' dir='ltr'>ἡμῶν,</span> 
     </span>
    </p>
   </div>
   <div class='ocr_carea' id='block_1_67' title="bbox 354 3305 2044 3393">
    <p class='ocr_par' dir='ltr' id='par_1_67' title="bbox 354 3305 2044 3393">
     <span class='ocr_line' id='line_1_68' title="bbox 354 3305 2044 3393; baseline -0.005 -15"><span class='ocrx_word' id='word_1_446' title='bbox 354 3305 587 3377; x_wconf 64' lang='grc' dir='ltr'>’δεινοδ</span> <span class='ocrx_word' id='word_1_447' title='bbox 608 3332 715 3374; x_wconf 91' lang='lat' dir='ltr'><strong>nos</strong></span> <span class='ocrx_word' id='word_1_448' title='bbox 733 3314 823 3374; x_wconf 86' lang='lat' dir='ltr'><strong>fac</strong></span> <span class='ocrx_word' id='word_1_449' title='bbox 848 3321 1091 3393; x_wconf 89' lang='lat' dir='ltr'><strong>propter</strong></span> <span class='ocrx_word' id='word_1_450' title='bbox 1126 3320 1395 3372; x_wconf 91' lang='lat' dir='ltr'><strong>sanctum</strong></span> <span class='ocrx_word' id='word_1_451' title='bbox 1440 3317 1870 3379; x_wconf 86' lang='lat' dir='ltr'><strong>nomentuum,</strong></span> <span class='ocrx_word' id='word_1_452' title='bbox 1906 3307 2044 3387; x_wconf 90' lang='lat' dir='ltr'><strong>quia</strong></span> 
     </span>
    </p>
   </div>
   <div class='ocr_carea' id='block_1_68' title="bbox 2133 3305 3780 3393">
    <p class='ocr_par' dir='ltr' id='par_1_68' title="bbox 2133 3306 3780 3383">
     <span class='ocr_line' id='line_1_69' title="bbox 2133 3306 3780 3383; baseline -0.001 -21"><span class='ocrx_word' id='word_1_453' title='bbox 2133 3307 2308 3383; x_wconf 78' lang='grc' dir='ltr'>Κύριε,</span> <span class='ocrx_word' id='word_1_454' title='bbox 2368 3307 2502 3362; x_wconf 83' lang='grc' dir='ltr'>κατὰ</span> <span class='ocrx_word' id='word_1_455' title='bbox 2561 3308 2621 3361; x_wconf 80' lang='grc' dir='ltr'>τὸ</span> <span class='ocrx_word' id='word_1_456' title='bbox 2679 3306 2880 3375; x_wconf 73' lang='grc' dir='ltr'>πλῆθος</span> <span class='ocrx_word' id='word_1_457' title='bbox 2933 3318 3026 3366; x_wconf 81' lang='grc' dir='ltr'>τοῦ</span> <span class='ocrx_word' id='word_1_458' title='bbox 3078 3306 3257 3371; x_wconf 82' lang='grc' dir='ltr'>ἐλέους</span> <span class='ocrx_word' id='word_1_459' title='bbox 3307 3328 3423 3382; x_wconf 82' lang='grc' dir='ltr'>σου,</span> <span class='ocrx_word' id='word_1_460' title='bbox 3471 3306 3557 3362; x_wconf 86' lang='grc' dir='ltr'><strong>καὶ</strong></span> <span class='ocrx_word' id='word_1_461' title='bbox 3606 3310 3780 3363; x_wconf 81' lang='grc' dir='ltr'>σῶσον</span> 
     </span>
    </p>
   </div>
   <div class='ocr_carea' id='block_1_69' title="bbox 391 3394 2044 3475">
    <p class='ocr_par' dir='ltr' id='par_1_69' title="bbox 391 3398 2039 3465">
     <span class='ocr_line' id='line_1_70' title="bbox 391 3398 2039 3465; baseline -0.004 0"><span class='ocrx_word' id='word_1_462' title='bbox 391 3404 744 3465; x_wconf 75' lang='lat' dir='ltr'><strong>defecerunt</strong></span> <span class='ocrx_word' id='word_1_463' title='bbox 760 3403 818 3463; x_wconf 92' lang='lat' dir='ltr'><strong>in</strong></span> <span class='ocrx_word' id='word_1_464' title='bbox 835 3403 1092 3465; x_wconf 88' lang='lat' dir='ltr'><strong>vanitate</strong></span> <span class='ocrx_word' id='word_1_465' title='bbox 1110 3401 1239 3462; x_wconf 85' lang='lat' dir='ltr'><strong>dies</strong></span> <span class='ocrx_word' id='word_1_466' title='bbox 1259 3401 1447 3464; x_wconf 87' lang='lat' dir='ltr'><strong>nostri</strong></span> <span class='ocrx_word' id='word_1_467' title='bbox 1473 3422 1483 3457; x_wconf 93' lang='lat'>:</span> <span class='ocrx_word' id='word_1_468' title='bbox 1511 3399 1585 3460; x_wconf 91' lang='lat' dir='ltr'><strong>de</strong></span> <span class='ocrx_word' id='word_1_469' title='bbox 1610 3418 1786 3459; x_wconf 90' lang='lat' dir='ltr'><strong>manu</strong></span> <span class='ocrx_word' id='word_1_470' title='bbox 1817 3398 2039 3460; x_wconf 87' lang='lat' dir='ltr'><strong>inimici</strong></span> 
     </span>
    </p>
   </div>
   <div class='ocr_carea' id='block_1_70' title="bbox 2133 3394 3778 3475">
    <p class='ocr_par' dir='ltr' id='par_1_70' title="bbox 2133 3394 3778 3475">
     <span class='ocr_line' id='line_1_71' title="bbox 2133 3394 3778 3475; baseline 0.001 -24"><span class='ocrx_word' id='word_1_471' title='bbox 2133 3396 2293 3475; x_wconf 70' lang='grc' dir='ltr'>ἡμᾶς,</span> <span class='ocrx_word' id='word_1_472' title='bbox 2330 3394 2415 3451; x_wconf 82' lang='grc' dir='ltr'><strong>διὰ</strong></span> <span class='ocrx_word' id='word_1_473' title='bbox 2440 3398 2501 3451; x_wconf 81' lang='grc' dir='ltr'>τὸ</span> <span class='ocrx_word' id='word_1_474' title='bbox 2542 3394 2709 3471; x_wconf 70' lang='grc' dir='ltr'>ὄνομα</span> <span class='ocrx_word' id='word_1_475' title='bbox 2742 3419 2835 3453; x_wconf 69' lang='grc' dir='ltr'><strong>σου</strong></span> <span class='ocrx_word' id='word_1_476' title='bbox 2866 3399 2926 3453; x_wconf 78' lang='grc' dir='ltr'>τὸ</span> <span class='ocrx_word' id='word_1_477' title='bbox 2957 3397 3133 3475; x_wconf 73' lang='grc' dir='ltr'>ἅγιον,</span> <span class='ocrx_word' id='word_1_478' title='bbox 3184 3395 3265 3452; x_wconf 83' lang='grc' dir='ltr'>ὅτι</span> <span class='ocrx_word' id='word_1_479' title='bbox 3309 3394 3547 3461; x_wconf 73' lang='grc' dir='ltr'>ἓξὲλιπον</span> <span class='ocrx_word' id='word_1_480' title='bbox 3580 3398 3633 3449; x_wconf 64' lang='grc' dir='ltr'>ἓν</span> <span class='ocrx_word' id='word_1_481' title='bbox 3666 3417 3778 3467; x_wconf 83' lang='grc' dir='ltr'>μα·-</span> 
     </span>
    </p>
   </div>
   <div class='ocr_carea' id='block_1_71' title="bbox 389 3491 2038 3572">
    <p class='ocr_par' dir='ltr' id='par_1_71' title="bbox 389 3491 2038 3572">
     <span class='ocr_line' id='line_1_72' title="bbox 389 3491 2038 3572; baseline -0.003 -16"><span class='ocrx_word' id='word_1_482' title='bbox 389 3493 557 3572; x_wconf 85' lang='lat' dir='ltr'><strong>eripe</strong></span> <span class='ocrx_word' id='word_1_483' title='bbox 581 3501 776 3566; x_wconf 91' lang='lat' dir='ltr'><strong>nos,et</strong></span> <span class='ocrx_word' id='word_1_484' title='bbox 798 3494 1030 3556; x_wconf 83' lang='lat' dir='ltr'><strong>dimitte</strong></span> <span class='ocrx_word' id='word_1_485' title='bbox 1054 3491 1225 3553; x_wconf 92' lang='lat' dir='ltr'><strong>nobis</strong></span> <span class='ocrx_word' id='word_1_486' title='bbox 1249 3499 1581 3571; x_wconf 84' lang='lat' dir='ltr'><strong>peccata,et</strong></span> <span class='ocrx_word' id='word_1_487' title='bbox 1613 3491 1913 3552; x_wconf 89' lang='lat' dir='ltr'><strong>carnalem</strong></span> <span class='ocrx_word' id='word_1_488' title='bbox 1939 3510 2038 3552; x_wconf 89' lang='lat' dir='ltr'><strong>uo-</strong></span> 
     </span>
    </p>
   </div>
   <div class='ocr_carea' id='block_1_72' title="bbox 390 3580 2040 3663">
    <p class='ocr_par' dir='ltr' id='par_1_72' title="bbox 390 3580 2040 3663">
     <span class='ocr_line' id='line_1_73' title="bbox 390 3580 2040 3663; baseline -0.002 -19"><span class='ocrx_word' id='word_1_489' title='bbox 390 3591 569 3644; x_wconf 90' lang='lat' dir='ltr'><strong>stram</strong></span> <span class='ocrx_word' id='word_1_490' title='bbox 592 3583 963 3663; x_wconf 88' lang='lat' dir='ltr'><strong>prudentiam</strong></span> <span class='ocrx_word' id='word_1_491' title='bbox 986 3580 1796 3660; x_wconf 84' lang='lat' dir='ltr'><strong>mortiﬁca,utexspoliantes</strong></span> <span class='ocrx_word' id='word_1_492' title='bbox 1820 3598 1927 3641; x_wconf 92' lang='lat' dir='ltr'><strong>nos</strong></span> <span class='ocrx_word' id='word_1_493' title='bbox 1950 3598 2040 3641; x_wconf 83' lang='lat' dir='ltr'><strong>ve-</strong></span> 
     </span>
    </p>
   </div>
   <div class='ocr_carea' id='block_1_73' title="bbox 390 3669 2035 3751">
    <p class='ocr_par' dir='ltr' id='par_1_73' title="bbox 390 3669 2035 3751">
     <span class='ocr_line' id='line_1_74' title="bbox 390 3669 2035 3751; baseline -0.002 -17"><span class='ocrx_word' id='word_1_494' title='bbox 390 3680 576 3735; x_wconf 82' lang='lat' dir='ltr'><strong>terem</strong></span> <span class='ocrx_word' id='word_1_495' title='bbox 602 3672 1254 3751; x_wconf 80' lang='lat' dir='ltr'><strong>liominein,induamus</strong></span> <span class='ocrx_word' id='word_1_496' title='bbox 1278 3679 1587 3747; x_wconf 89' lang='lat' dir='ltr'><strong>novum,et</strong></span> <span class='ocrx_word' id='word_1_497' title='bbox 1620 3669 1881 3730; x_wconf 86' lang='lat' dir='ltr'><strong>vivamus</strong></span> <span class='ocrx_word' id='word_1_498' title='bbox 1917 3671 2035 3732; x_wconf 93' lang='lat' dir='ltr'><strong>Do-</strong></span> 
     </span>
    </p>
   </div>
   <div class='ocr_carea' id='block_1_74' title="bbox 393 3762 2037 3825">
    <p class='ocr_par' dir='ltr' id='par_1_74' title="bbox 393 3762 2037 3825">
     <span class='ocr_line' id='line_1_75' title="bbox 393 3762 2037 3825; baseline -0.002 -3"><span class='ocrx_word' id='word_1_499' title='bbox 393 3766 554 3823; x_wconf 91' lang='lat' dir='ltr'><strong>mino</strong></span> <span class='ocrx_word' id='word_1_500' title='bbox 583 3781 650 3824; x_wconf 90' lang='lat' dir='ltr'><strong>ac</strong></span> <span class='ocrx_word' id='word_1_501' title='bbox 675 3763 1036 3825; x_wconf 90' lang='lat' dir='ltr'><strong>moderatori</strong></span> <span class='ocrx_word' id='word_1_502' title='bbox 1059 3770 1261 3823; x_wconf 90' lang='lat' dir='ltr'><strong>nostro</strong></span> <span class='ocrx_word' id='word_1_503' title='bbox 1299 3782 1311 3823; x_wconf 92' lang='lat'>:</span> <span class='ocrx_word' id='word_1_504' title='bbox 1340 3762 1499 3822; x_wconf 86' lang='lat' dir='ltr'><strong>etsic</strong></span> <span class='ocrx_word' id='word_1_505' title='bbox 1522 3768 1620 3821; x_wconf 92' lang='lat' dir='ltr'><strong>tua</strong></span> <span class='ocrx_word' id='word_1_506' title='bbox 1646 3767 1829 3820; x_wconf 83' lang='lat' dir='ltr'><strong>secuti</strong></span> <span class='ocrx_word' id='word_1_507' title='bbox 1865 3777 2037 3819; x_wconf 90' lang='lat' dir='ltr'><strong>man-</strong></span> 
     </span>
    </p>
   </div>
   <div class='ocr_carea' id='block_1_75' title="bbox 391 3848 2042 3931">
    <p class='ocr_par' dir='ltr' id='par_1_75' title="bbox 391 3848 2042 3931">
     <span class='ocr_line' id='line_1_76' title="bbox 391 3848 2042 3931; baseline -0.004 -18"><span class='ocrx_word' id='word_1_508' title='bbox 391 3852 548 3921; x_wconf 87' lang='lat' dir='ltr'><strong>data.</strong></span> <span class='ocrx_word' id='word_1_509' title='bbox 583 3854 655 3914; x_wconf 88' lang='lat' dir='ltr'><strong>ad</strong></span> <span class='ocrx_word' id='word_1_510' title='bbox 688 3863 970 3914; x_wconf 64' lang='lat' dir='ltr'><strong>aeternam</strong></span> <span class='ocrx_word' id='word_1_511' title='bbox 1009 3849 1425 3931; x_wconf 88' lang='lat' dir='ltr'><strong>perveniamus</strong></span> <span class='ocrx_word' id='word_1_512' title='bbox 1480 3851 1773 3930; x_wconf 89' lang='lat' dir='ltr'><strong>requiem,</strong></span> <span class='ocrx_word' id='word_1_513' title='bbox 1818 3848 1918 3907; x_wconf 70' lang='lat' dir='ltr'><strong>ulli</strong></span> <span class='ocrx_word' id='word_1_514' title='bbox 1951 3856 2042 3908; x_wconf 91' lang='lat' dir='ltr'><strong>est</strong></span> 
     </span>
    </p>
   </div>
   <div class='ocr_carea' id='block_1_76' title="bbox 390 3935 2038 4014">
    <p class='ocr_par' dir='ltr' id='par_1_76' title="bbox 390 3935 2038 4014">
     <span class='ocr_line' id='line_1_77' title="bbox 390 3935 2038 4014; baseline -0.005 -11"><span class='ocrx_word' id='word_1_515' title='bbox 390 3941 656 4003; x_wconf 91' lang='lat' dir='ltr'><strong>omnium</strong></span> <span class='ocrx_word' id='word_1_516' title='bbox 693 3943 1010 4005; x_wconf 58' lang='lat' dir='ltr'><strong>laetantium</strong></span> <span class='ocrx_word' id='word_1_517' title='bbox 1061 3941 1367 4002; x_wconf 88' lang='lat' dir='ltr'><strong>habitatio.</strong></span> <span class='ocrx_word' id='word_1_518' title='bbox 1437 3938 1526 4000; x_wconf 91' lang='lat' dir='ltr'><strong>Tu</strong></span> <span class='ocrx_word' id='word_1_519' title='bbox 1587 3939 1770 4014; x_wconf 87' lang='lat' dir='ltr'><strong>enim,</strong></span> <span class='ocrx_word' id='word_1_520' title='bbox 1809 3935 2038 3999; x_wconf 88' lang='lat' dir='ltr'><strong>Christe</strong></span> 
     </span>
    </p>
   </div>
   <div class='ocr_carea' id='block_1_77' title="bbox 393 4027 2041 4107">
    <p class='ocr_par' dir='ltr' id='par_1_77' title="bbox 393 4027 2041 4107">
     <span class='ocr_line' id='line_1_78' title="bbox 393 4027 2041 4107; baseline -0.004 -14"><span class='ocrx_word' id='word_1_521' title='bbox 393 4033 546 4093; x_wconf 89' lang='lat' dir='ltr'><strong>Deus</strong></span> <span class='ocrx_word' id='word_1_522' title='bbox 577 4043 799 4101; x_wconf 85' lang='lat' dir='ltr'><strong>noster,</strong></span> <span class='ocrx_word' id='word_1_523' title='bbox 835 4051 897 4091; x_wconf 76' lang='lat' dir='ltr'><strong>es</strong></span> <span class='ocrx_word' id='word_1_524' title='bbox 929 4050 1070 4093; x_wconf 92' lang='lat' dir='ltr'><strong>vera</strong></span> <span class='ocrx_word' id='word_1_525' title='bbox 1101 4041 1158 4093; x_wconf 90' lang='lat' dir='ltr'><strong>te</strong></span> <span class='ocrx_word' id='word_1_526' title='bbox 1216 4030 1599 4107; x_wconf 78' lang='lat' dir='ltr'><strong>diligentium</strong></span> <span class='ocrx_word' id='word_1_527' title='bbox 1638 4027 1834 4089; x_wconf 64' lang='lat' dir='ltr'><strong>laetitia</strong></span> <span class='ocrx_word' id='word_1_528' title='bbox 1865 4035 2041 4104; x_wconf 85' lang='lat' dir='ltr'><strong>atque</strong></span> 
     </span>
    </p>
   </div>
   <div class='ocr_carea' id='block_1_78' title="bbox 388 4115 2041 4199">
    <p class='ocr_par' dir='ltr' id='par_1_78' title="bbox 388 4115 2041 4199">
     <span class='ocr_line' id='line_1_79' title="bbox 388 4115 2041 4199; baseline -0.004 -18"><span class='ocrx_word' id='word_1_529' title='bbox 388 4121 699 4182; x_wconf 81' lang='lat' dir='ltr'><strong>exsultatio</strong></span> <span class='ocrx_word' id='word_1_530' title='bbox 724 4142 736 4182; x_wconf 88' lang='lat'>:</span> <span class='ocrx_word' id='word_1_531' title='bbox 761 4129 818 4180; x_wconf 89' lang='lat' dir='ltr'><strong>et</strong></span> <span class='ocrx_word' id='word_1_532' title='bbox 838 4120 1047 4181; x_wconf 90' lang='lat' dir='ltr'><strong>damus</strong></span> <span class='ocrx_word' id='word_1_533' title='bbox 1065 4119 1315 4199; x_wconf 85' lang='lat' dir='ltr'><strong>gloriam</strong></span> <span class='ocrx_word' id='word_1_534' title='bbox 1347 4117 1451 4179; x_wconf 87' lang='lat' dir='ltr'><strong>tibi</strong></span> <span class='ocrx_word' id='word_1_535' title='bbox 1475 4136 1611 4177; x_wconf 89' lang='lat' dir='ltr'><strong>cum</strong></span> <span class='ocrx_word' id='word_1_536' title='bbox 1638 4115 1903 4193; x_wconf 85' lang='lat' dir='ltr'><strong>ingenito</strong></span> <span class='ocrx_word' id='word_1_537' title='bbox 1927 4116 2041 4176; x_wconf 88' lang='lat' dir='ltr'><strong>Pa-</strong></span> 
     </span>
    </p>
   </div>
   <div class='ocr_carea' id='block_1_79' title="bbox 391 4204 2044 4287">
    <p class='ocr_par' dir='ltr' id='par_1_79' title="bbox 391 4204 2044 4287">
     <span class='ocr_line' id='line_1_80' title="bbox 391 4204 2044 4287; baseline -0.003 -18"><span class='ocrx_word' id='word_1_538' title='bbox 391 4217 568 4285; x_wconf 87' lang='lat' dir='ltr'><strong>tre,et</strong></span> <span class='ocrx_word' id='word_1_539' title='bbox 593 4217 796 4269; x_wconf 86' lang='lat' dir='ltr'><strong>sancto</strong></span> <span class='ocrx_word' id='word_1_540' title='bbox 826 4207 1103 4287; x_wconf 86' lang='lat' dir='ltr'><strong>bonoque</strong></span> <span class='ocrx_word' id='word_1_541' title='bbox 1147 4226 1216 4268; x_wconf 90' lang='lat' dir='ltr'><strong>ac</strong></span> <span class='ocrx_word' id='word_1_542' title='bbox 1237 4206 1465 4267; x_wconf 83' lang='lat' dir='ltr'><strong>viviﬁco</strong></span> <span class='ocrx_word' id='word_1_543' title='bbox 1488 4214 1585 4267; x_wconf 88' lang='lat' dir='ltr'><strong>tuo</strong></span> <span class='ocrx_word' id='word_1_544' title='bbox 1604 4204 1856 4283; x_wconf 88' lang='lat' dir='ltr'><strong>Spiritu,</strong></span> <span class='ocrx_word' id='word_1_545' title='bbox 1887 4221 2044 4264; x_wconf 91' lang='lat' dir='ltr'><strong>nunc</strong></span> 
     </span>
    </p>
   </div>
   <div class='ocr_carea' id='block_1_80' title="bbox 390 4295 1793 4374">
    <p class='ocr_par' dir='ltr' id='par_1_80' title="bbox 390 4295 1793 4374">
     <span class='ocr_line' id='line_1_81' title="bbox 390 4295 1793 4374; baseline -0.001 -17"><span class='ocrx_word' id='word_1_546' title='bbox 390 4304 450 4357; x_wconf 88' lang='lat' dir='ltr'><strong>et</strong></span> <span class='ocrx_word' id='word_1_547' title='bbox 478 4313 718 4374; x_wconf 82' lang='lat' dir='ltr'><strong>semper</strong></span> <span class='ocrx_word' id='word_1_548' title='bbox 748 4304 807 4355; x_wconf 90' lang='lat' dir='ltr'><strong>et</strong></span> <span class='ocrx_word' id='word_1_549' title='bbox 832 4295 888 4354; x_wconf 91' lang='lat' dir='ltr'><strong>in</strong></span> <span class='ocrx_word' id='word_1_550' title='bbox 915 4296 1130 4357; x_wconf 67' lang='lat' dir='ltr'><strong>saecula</strong></span> <span class='ocrx_word' id='word_1_551' title='bbox 1164 4295 1546 4356; x_wconf 65' lang='lat' dir='ltr'><strong>saeculorum.</strong></span> <span class='ocrx_word' id='word_1_552' title='bbox 1578 4296 1793 4355; x_wconf 84' lang='lat' dir='ltr'><strong>Amen.</strong></span> 
     </span>
    </p>
   </div>
   <div class='ocr_carea' id='block_1_81' title="bbox 2123 3486 3779 3566">
    <p class='ocr_par' dir='ltr' id='par_1_81' title="bbox 2123 3486 3779 3566">
     <span class='ocr_line' id='line_1_82' title="bbox 2123 3486 3779 3566; baseline -0.002 -21"><span class='ocrx_word' id='word_1_553' title='bbox 2123 3490 2369 3555; x_wconf 82' lang='grc' dir='ltr'>ταιότητι</span> <span class='ocrx_word' id='word_1_554' title='bbox 2406 3490 2455 3545; x_wconf 81' lang='grc' dir='ltr'>αἱ</span> <span class='ocrx_word' id='word_1_555' title='bbox 2485 3489 2680 3566; x_wconf 78' lang='grc' dir='ltr'>ἡμέραι</span> <span class='ocrx_word' id='word_1_556' title='bbox 2714 3492 2865 3561; x_wconf 68' lang='grc' dir='ltr'>ἡμῶν</span> <span class='ocrx_word' id='word_1_557' title='bbox 2893 3508 2909 3526; x_wconf 78' lang='grc'><strong>⁸</strong></span> <span class='ocrx_word' id='word_1_558' title='bbox 2948 3487 3125 3554; x_wconf 77' lang='grc' dir='ltr'>ἐξέλου</span> <span class='ocrx_word' id='word_1_559' title='bbox 3184 3491 3329 3563; x_wconf 79' lang='grc' dir='ltr'>ἡμᾶς</span> <span class='ocrx_word' id='word_1_560' title='bbox 3378 3488 3475 3556; x_wconf 75' lang='grc' dir='ltr'>τῆς</span> <span class='ocrx_word' id='word_1_561' title='bbox 3506 3486 3599 3544; x_wconf 78' lang='grc' dir='ltr'>τοῦ</span> <span class='ocrx_word' id='word_1_562' title='bbox 3627 3488 3779 3544; x_wconf 74' lang='grc' dir='ltr'>ἀντι-</span> 
     </span>
    </p>
   </div>
   <div class='ocr_carea' id='block_1_82' title="bbox 2124 3578 3781 3659">
    <p class='ocr_par' dir='ltr' id='par_1_82' title="bbox 2124 3578 3781 3659">
     <span class='ocr_line' id='line_1_83' title="bbox 2124 3578 3781 3659; baseline -0.001 -24"><span class='ocrx_word' id='word_1_563' title='bbox 2124 3579 2369 3635; x_wconf 65' lang='grc' dir='ltr'>κειμένου</span> <span class='ocrx_word' id='word_1_564' title='bbox 2403 3581 2604 3658; x_wconf 68' lang='grc' dir='ltr'>χειρὸς,</span> <span class='ocrx_word' id='word_1_565' title='bbox 2644 3582 2730 3635; x_wconf 85' lang='grc' dir='ltr'><strong>καὶ</strong></span> <span class='ocrx_word' id='word_1_566' title='bbox 2775 3578 2904 3659; x_wconf 75' lang='grc' dir='ltr'>ἄφες</span> <span class='ocrx_word' id='word_1_567' title='bbox 2955 3582 3091 3655; x_wconf 75' lang='grc' dir='ltr'>ἡμῖν</span> <span class='ocrx_word' id='word_1_568' title='bbox 3136 3580 3200 3634; x_wconf 82' lang='grc' dir='ltr'><strong>τὰ</strong></span> <span class='ocrx_word' id='word_1_569' title='bbox 3251 3580 3638 3654; x_wconf 76' lang='grc' dir='ltr'>ἁμαρτήματα,</span> <span class='ocrx_word' id='word_1_570' title='bbox 3695 3578 3781 3633; x_wconf 81' lang='grc' dir='ltr'><strong>καὶ</strong></span> 
     </span>
    </p>
   </div>
   <div class='ocr_carea' id='block_1_83' title="bbox 2126 3667 3777 3748">
    <p class='ocr_par' dir='ltr' id='par_1_83' title="bbox 2126 3667 3777 3748">
     <span class='ocr_line' id='line_1_84' title="bbox 2126 3667 3777 3748; baseline -0.001 -25"><span class='ocrx_word' id='word_1_571' title='bbox 2126 3669 2388 3744; x_wconf 67' lang='grc' dir='ltr'>νέκρωσον</span> <span class='ocrx_word' id='word_1_572' title='bbox 2422 3671 2481 3724; x_wconf 78' lang='grc' dir='ltr'>τὸ</span> <span class='ocrx_word' id='word_1_573' title='bbox 2527 3670 2779 3745; x_wconf 83' lang='grc' dir='ltr'>σαρκικὸν</span> <span class='ocrx_word' id='word_1_574' title='bbox 2824 3670 2982 3743; x_wconf 77' lang='grc' dir='ltr'>ἡμῶν</span> <span class='ocrx_word' id='word_1_575' title='bbox 3027 3669 3278 3748; x_wconf 67' lang='grc' dir='ltr'>φρόνημα</span> <span class='ocrx_word' id='word_1_576' title='bbox 3320 3688 3330 3698; x_wconf 96' lang='grc'><strong>·</strong></span> <span class='ocrx_word' id='word_1_577' title='bbox 3368 3667 3484 3740; x_wconf 72' lang='grc' dir='ltr'>ἵνα,</span> <span class='ocrx_word' id='word_1_578' title='bbox 3533 3668 3623 3722; x_wconf 79' lang='grc' dir='ltr'><strong>τὸν</strong></span> <span class='ocrx_word' id='word_1_579' title='bbox 3666 3688 3777 3723; x_wconf 88' lang='grc' dir='ltr'>πα-</span> 
     </span>
    </p>
   </div>
   <div class='ocr_carea' id='block_1_84' title="bbox 2129 3754 3773 3838">
    <p class='ocr_par' dir='ltr' id='par_1_84' title="bbox 2129 3754 3773 3838">
     <span class='ocr_line' id='line_1_85' title="bbox 2129 3754 3773 3838; baseline -0.002 -24"><span class='ocrx_word' id='word_1_580' title='bbox 2129 3757 2283 3815; x_wconf 74' lang='grc' dir='ltr'>λαιὸν</span> <span class='ocrx_word' id='word_1_581' title='bbox 2356 3758 2671 3831; x_wconf 77' lang='grc' dir='ltr'>ἀποθέμενοι</span> <span class='ocrx_word' id='word_1_582' title='bbox 2743 3759 3039 3838; x_wconf 65' lang='grc' dir='ltr'>ἄνθρωπον,</span> <span class='ocrx_word' id='word_1_583' title='bbox 3096 3760 3185 3813; x_wconf 81' lang='grc' dir='ltr'><strong>τὸν</strong></span> <span class='ocrx_word' id='word_1_584' title='bbox 3256 3758 3372 3814; x_wconf 85' lang='grc' dir='ltr'>νέον</span> <span class='ocrx_word' id='word_1_585' title='bbox 3421 3754 3773 3831; x_wconf 68' lang='grc' dir='ltr'>ἐνδυσώμεθα,</span> 
     </span>
    </p>
   </div>
   <div class='ocr_carea' id='block_1_85' title="bbox 2125 3843 3778 3925">
    <p class='ocr_par' dir='ltr' id='par_1_85' title="bbox 2125 3843 3778 3925">
     <span class='ocr_line' id='line_1_86' title="bbox 2125 3843 3778 3925; baseline -0.002 -22"><span class='ocrx_word' id='word_1_586' title='bbox 2125 3850 2211 3903; x_wconf 82' lang='grc' dir='ltr'><strong>καὶ</strong></span> <span class='ocrx_word' id='word_1_587' title='bbox 2266 3850 2579 3919; x_wconf 77' lang='grc' dir='ltr'>συζήσωμεν</span> <span class='ocrx_word' id='word_1_588' title='bbox 2630 3855 2706 3919; x_wconf 81' lang='grc' dir='ltr'>τῷ</span> <span class='ocrx_word' id='word_1_589' title='bbox 2750 3847 2994 3925; x_wconf 79' lang='grc' dir='ltr'>ἠυετέρῳ</span> <span class='ocrx_word' id='word_1_590' title='bbox 3048 3848 3294 3925; x_wconf 79' lang='grc' dir='ltr'>Δεσπότῃ</span> <span class='ocrx_word' id='word_1_591' title='bbox 3330 3848 3413 3901; x_wconf 70' lang='grc' dir='ltr'><strong>καὶ</strong></span> <span class='ocrx_word' id='word_1_592' title='bbox 3464 3843 3727 3919; x_wconf 81' lang='grc' dir='ltr'>κηδεμόνι</span> <span class='ocrx_word' id='word_1_593' title='bbox 3764 3863 3778 3877; x_wconf 91' lang='grc'><strong>⁸</strong></span> 
     </span>
    </p>
   </div>
   <div class='ocr_carea' id='block_1_86' title="bbox 2126 3936 3779 4014">
    <p class='ocr_par' dir='ltr' id='par_1_86' title="bbox 2126 3936 3779 4014">
     <span class='ocr_line' id='line_1_87' title="bbox 2126 3936 3779 4014; baseline -0.001 -24"><span class='ocrx_word' id='word_1_594' title='bbox 2126 3940 2212 3991; x_wconf 85' lang='grc' dir='ltr'><strong>καὶ</strong></span> <span class='ocrx_word' id='word_1_595' title='bbox 2258 3936 2396 3991; x_wconf 70' lang='grc' dir='ltr'>οὕτω</span> <span class='ocrx_word' id='word_1_596' title='bbox 2453 3949 2568 4000; x_wconf 71' lang='grc' dir='ltr'>τοῖς</span> <span class='ocrx_word' id='word_1_597' title='bbox 2620 3949 2738 4001; x_wconf 77' lang='grc' dir='ltr'>σοῖς</span> <span class='ocrx_word' id='word_1_598' title='bbox 2789 3936 3197 4000; x_wconf 65' lang='grc' dir='ltr'>ἀκολουθοῦντες</span> <span class='ocrx_word' id='word_1_599' title='bbox 3247 3936 3670 4014; x_wconf 73' lang='grc' dir='ltr'>προστάγμασιν,</span> <span class='ocrx_word' id='word_1_600' title='bbox 3707 3939 3779 3997; x_wconf 82' lang='grc' dir='ltr'>εἷς</span> 
     </span>
    </p>
   </div>
   <div class='ocr_carea' id='block_1_87' title="bbox 2126 4025 3782 4100">
    <p class='ocr_par' dir='ltr' id='par_1_87' title="bbox 2126 4025 3782 4100">
     <span class='ocr_line' id='line_1_88' title="bbox 2126 4025 3782 4100; baseline -0.002 -20"><span class='ocrx_word' id='word_1_601' title='bbox 2126 4027 2224 4091; x_wconf 64' lang='grc' dir='ltr'><strong>τὴν</strong></span> <span class='ocrx_word' id='word_1_602' title='bbox 2291 4025 2499 4081; x_wconf 81' lang='grc' dir='ltr'>αἰώνιον</span> <span class='ocrx_word' id='word_1_603' title='bbox 2560 4026 2852 4082; x_wconf 79' lang='grc' dir='ltr'>ἀνάπαυσιν</span> <span class='ocrx_word' id='word_1_604' title='bbox 2912 4029 3361 4100; x_wconf 73' lang='grc' dir='ltr'>καταντήσωμεν,</span> <span class='ocrx_word' id='word_1_605' title='bbox 3398 4025 3517 4080; x_wconf 79' lang='grc' dir='ltr'>ἔνθα</span> <span class='ocrx_word' id='word_1_606' title='bbox 3566 4026 3782 4080; x_wconf 80' lang='grc' dir='ltr'>πάντων</span> 
     </span>
    </p>
   </div>
   <div class='ocr_carea' id='block_1_88' title="bbox 2128 4111 3782 4193">
    <p class='ocr_par' dir='ltr' id='par_1_88' title="bbox 2128 4111 3782 4193">
     <span class='ocr_line' id='line_1_89' title="bbox 2128 4111 3782 4193; baseline -0.001 -23"><span class='ocrx_word' id='word_1_607' title='bbox 2128 4114 2266 4170; x_wconf 77' lang='grc' dir='ltr'>ἐστὶν</span> <span class='ocrx_word' id='word_1_608' title='bbox 2326 4115 2746 4193; x_wconf 67' lang='grc' dir='ltr'>εὔφραινομὲνων</span> <span class='ocrx_word' id='word_1_609' title='bbox 2825 4117 2860 4183; x_wconf 77' lang='grc' dir='ltr'>ἠ</span> <span class='ocrx_word' id='word_1_610' title='bbox 2914 4118 3183 4178; x_wconf 83' lang='grc' dir='ltr'>κατοικία.</span> <span class='ocrx_word' id='word_1_611' title='bbox 3262 4117 3332 4170; x_wconf 75' lang='grc' dir='ltr'><strong>Σὺ</strong></span> <span class='ocrx_word' id='word_1_612' title='bbox 3380 4115 3479 4192; x_wconf 80' lang='grc' dir='ltr'>γὰρ</span> <span class='ocrx_word' id='word_1_613' title='bbox 3532 4116 3565 4182; x_wconf 80' lang='grc' dir='ltr'>ἡ</span> <span class='ocrx_word' id='word_1_614' title='bbox 3618 4111 3782 4177; x_wconf 77' lang='grc' dir='ltr'>ὅντως</span> 
     </span>
    </p>
   </div>
   <div class='ocr_carea' id='block_1_89' title="bbox 2126 4203 3779 4283">
    <p class='ocr_par' dir='ltr' id='par_1_89' title="bbox 2126 4203 3779 4283">
     <span class='ocr_line' id='line_1_90' title="bbox 2126 4203 3779 4283; baseline -0.001 -25"><span class='ocrx_word' id='word_1_615' title='bbox 2126 4204 2353 4271; x_wconf 61' lang='grc' dir='ltr'><strong>ἐιληθινίσ⁸</strong></span> <span class='ocrx_word' id='word_1_616' title='bbox 2412 4206 2702 4281; x_wconf 69' lang='grc' dir='ltr'>εὐφροσύνη</span> <span class='ocrx_word' id='word_1_617' title='bbox 2757 4208 2844 4262; x_wconf 89' lang='grc' dir='ltr'><strong>καὶ</strong></span> <span class='ocrx_word' id='word_1_618' title='bbox 2925 4205 3239 4283; x_wconf 83' lang='grc' dir='ltr'>ἀγαλλίασις</span> <span class='ocrx_word' id='word_1_619' title='bbox 3296 4208 3400 4262; x_wconf 81' lang='grc' dir='ltr'>τῶν</span> <span class='ocrx_word' id='word_1_620' title='bbox 3457 4203 3779 4282; x_wconf 76' lang='grc' dir='ltr'>ἒγαπώντωι</span> 
     </span>
    </p>
   </div>
   <div class='ocr_carea' id='block_1_90' title="bbox 2125 4294 3777 4373">
    <p class='ocr_par' dir='ltr' id='par_1_90' title="bbox 2125 4294 3777 4373">
     <span class='ocr_line' id='line_1_91' title="bbox 2125 4294 3777 4373; baseline 0 -24"><span class='ocrx_word' id='word_1_621' title='bbox 2125 4316 2205 4373; x_wconf 80' lang='grc' dir='ltr'><strong>σε,</strong></span> <span class='ocrx_word' id='word_1_622' title='bbox 2258 4295 2452 4372; x_wconf 77' lang='grc' dir='ltr'>Χριστὲ</span> <span class='ocrx_word' id='word_1_623' title='bbox 2516 4298 2542 4351; x_wconf 82' lang='lat'><strong>6</strong></span> <span class='ocrx_word' id='word_1_624' title='bbox 2599 4298 2725 4361; x_wconf 77' lang='grc' dir='ltr'>Θεὸς</span> <span class='ocrx_word' id='word_1_625' title='bbox 2755 4299 2933 4371; x_wconf 73' lang='grc' dir='ltr'>ἡμῶν,</span> <span class='ocrx_word' id='word_1_626' title='bbox 2982 4299 3071 4353; x_wconf 86' lang='grc' dir='ltr'><strong>καὶ</strong></span> <span class='ocrx_word' id='word_1_627' title='bbox 3102 4299 3181 4353; x_wconf 84' lang='grc' dir='ltr'><strong>σοὶ</strong></span> <span class='ocrx_word' id='word_1_628' title='bbox 3215 4298 3311 4363; x_wconf 76' lang='grc' dir='ltr'><strong>τὴν</strong></span> <span class='ocrx_word' id='word_1_629' title='bbox 3347 4294 3498 4361; x_wconf 76' lang='grc' dir='ltr'>δόξαν</span> <span class='ocrx_word' id='word_1_630' title='bbox 3528 4296 3777 4367; x_wconf 83' lang='grc' dir='ltr'>ἀναπέμ-</span> 
     </span>
    </p>
   </div>
   <div class='ocr_carea' id='block_1_91' title="bbox 389 4383 3782 4465">
    <p class='ocr_par' dir='ltr' id='par_1_91' title="bbox 389 4383 3782 4465">
     <span class='ocr_line' id='line_1_92' title="bbox 389 4383 3782 4465; baseline 0 -24"><span class='ocrx_word' id='word_1_631' title='bbox 389 4407 562 4459; x_wconf 86' lang='grc' dir='ltr'>πομεν</span> <span class='ocrx_word' id='word_1_632' title='bbox 592 4387 683 4440; x_wconf 82' lang='grc' dir='ltr'><strong>σὺν</strong></span> <span class='ocrx_word' id='word_1_633' title='bbox 712 4390 789 4459; x_wconf 70' lang='grc' dir='ltr'>τῷ</span> <span class='ocrx_word' id='word_1_634' title='bbox 818 4387 1037 4465; x_wconf 49' lang='lat' dir='ltr'><strong>civis/fy</strong></span> <span class='ocrx_word' id='word_1_635' title='bbox 1067 4388 1253 4462; x_wconf 86' lang='grc' dir='ltr'>Πατρὶ,</span> <span class='ocrx_word' id='word_1_636' title='bbox 1284 4387 1373 4441; x_wconf 86' lang='grc' dir='ltr'><strong>καὶ</strong></span> <span class='ocrx_word' id='word_1_637' title='bbox 1402 4392 1478 4458; x_wconf 83' lang='grc' dir='ltr'>τῷ</span> <span class='ocrx_word' id='word_1_638' title='bbox 1508 4387 1749 4461; x_wconf 68' lang='grc' dir='ltr'>παναγίῳ</span> <span class='ocrx_word' id='word_1_639' title='bbox 1788 4386 1883 4438; x_wconf 84' lang='grc' dir='ltr'><strong>καὶ</strong></span> <span class='ocrx_word' id='word_1_640' title='bbox 1930 4383 2133 4459; x_wconf 79' lang='grc' dir='ltr'>ἀγαθῷ,</span> <span class='ocrx_word' id='word_1_641' title='bbox 2168 4388 2255 4441; x_wconf 87' lang='grc' dir='ltr'><strong>καὶ</strong></span> <span class='ocrx_word' id='word_1_642' title='bbox 2305 4392 2554 4459; x_wconf 78' lang='grc' dir='ltr'>ζωοποιῷ</span> <span class='ocrx_word' id='word_1_643' title='bbox 2597 4408 2690 4444; x_wconf 80' lang='grc' dir='ltr'><strong>σου</strong></span> <span class='ocrx_word' id='word_1_644' title='bbox 2745 4388 3039 4463; x_wconf 77' lang='grc' dir='ltr'>Πνεύματι,</span> <span class='ocrx_word' id='word_1_645' title='bbox 3077 4395 3163 4444; x_wconf 83' lang='grc' dir='ltr'><strong>νῦν</strong></span> <span class='ocrx_word' id='word_1_646' title='bbox 3197 4388 3283 4443; x_wconf 86' lang='grc' dir='ltr'><strong>καὶ</strong></span> <span class='ocrx_word' id='word_1_647' title='bbox 3314 4385 3417 4465; x_wconf 80' lang='grc' dir='ltr'>ἀεὶ,</span> <span class='ocrx_word' id='word_1_648' title='bbox 3452 4387 3537 4442; x_wconf 69' lang='grc' dir='ltr'><strong>καὶ</strong></span> <span class='ocrx_word' id='word_1_649' title='bbox 3564 4387 3635 4448; x_wconf 75' lang='grc' dir='ltr'><strong>εἰς</strong></span> <span class='ocrx_word' id='word_1_650' title='bbox 3663 4385 3782 4441; x_wconf 77' lang='grc' dir='ltr'>τοὺς</span> 
     </span>
    </p>
   </div>
   <div class='ocr_carea' id='block_1_92' title="bbox 388 4476 1195 4545">
    <p class='ocr_par' dir='ltr' id='par_1_92' title="bbox 388 4476 1195 4545">
     <span class='ocr_line' id='line_1_93' title="bbox 388 4476 1195 4545; baseline 0.006 -15"><span class='ocrx_word' id='word_1_651' title='bbox 388 4477 583 4538; x_wconf 77' lang='grc' dir='ltr'>αἰῶνας</span> <span class='ocrx_word' id='word_1_652' title='bbox 607 4482 712 4530; x_wconf 82' lang='grc' dir='ltr'>τῶν</span> <span class='ocrx_word' id='word_1_653' title='bbox 743 4477 956 4538; x_wconf 82' lang='grc' dir='ltr'>αἰώνον,</span> <span class='ocrx_word' id='word_1_654' title='bbox 993 4476 1195 4545; x_wconf 78' lang='grc' dir='ltr'>Ἀμήν.</span> 
     </span>
    </p>
   </div>
   <div class='ocr_carea' id='block_1_93' title="bbox 1917 4666 2226 4732">
    <p class='ocr_par' dir='ltr' id='par_1_93' title="bbox 1917 4666 2226 4732">
     <span class='ocr_line' id='line_1_94' title="bbox 1917 4666 2226 4732; baseline 0.003 -4"><span class='ocrx_word' id='word_1_655' title='bbox 1917 4666 2016 4732; x_wconf 88' lang='lat' dir='ltr'><strong>TY</strong></span> <span class='ocrx_word' id='word_1_656' title='bbox 2027 4666 2195 4731; x_wconf 89' lang='lat' dir='ltr'><strong>PICA</strong></span> <span class='ocrx_word' id='word_1_657' title='bbox 2209 4710 2226 4729; x_wconf 92' lang='lat'><strong>.</strong></span> 
     </span>
    </p>
   </div>
   <div class='ocr_carea' id='block_1_94' title="bbox 1290 4891 2807 4973">
    <p class='ocr_par' dir='ltr' id='par_1_94' title="bbox 1290 4891 2807 4973">
     <span class='ocr_line' id='line_1_95' title="bbox 1290 4891 2807 4973; baseline -0.003 -17"><span class='ocrx_word' id='word_1_658' title='bbox 1290 4938 1293 4941; x_wconf 57' lang='grc'>‹</span> <span class='ocrx_word' id='word_1_659' title='bbox 1358 4892 1542 4956; x_wconf 91' lang='lat' dir='ltr'><strong>Modo</strong></span> <span class='ocrx_word' id='word_1_660' title='bbox 1575 4897 1743 4966; x_wconf 79' lang='lat' dir='ltr'><strong>ante,</strong></span> <span class='ocrx_word' id='word_1_661' title='bbox 1784 4891 1973 4957; x_wconf 91' lang='lat' dir='ltr'><strong>modo</strong></span> <span class='ocrx_word' id='word_1_662' title='bbox 2016 4896 2159 4973; x_wconf 87' lang='lat' dir='ltr'><strong>post</strong></span> <span class='ocrx_word' id='word_1_663' title='bbox 2185 4896 2429 4958; x_wconf 90' lang='lat' dir='ltr'><strong>Nonam</strong></span> <span class='ocrx_word' id='word_1_664' title='bbox 2464 4892 2807 4955; x_wconf 88' lang='lat' dir='ltr'><strong>recitanda.</strong></span> 
     </span>
    </p>
   </div>
   <div class='ocr_carea' id='block_1_95' title="bbox 465 5078 3769 5171">
    <p class='ocr_par' dir='ltr' id='par_1_95' title="bbox 465 5078 3769 5171">
     <span class='ocr_line' id='line_1_96' title="bbox 465 5078 3769 5171; baseline -0.001 -30"><span class='ocrx_word' id='word_1_665' title='bbox 465 5078 1211 5171; x_wconf 34' lang='lat' dir='ltr'><strong>QSGJGonMJiorulogium</strong></span> <span class='ocrx_word' id='word_1_666' title='bbox 1232 5080 1471 5171; x_wconf 92' lang='lat' dir='ltr'><strong>quidem</strong></span> <span class='ocrx_word' id='word_1_667' title='bbox 1498 5080 1741 5171; x_wconf 81' lang='lat' dir='ltr'><strong>exhibet</strong></span> <span class='ocrx_word' id='word_1_668' title='bbox 1768 5079 1985 5171; x_wconf 53' lang='lat' dir='ltr'><strong>Tvpica</strong></span> <span class='ocrx_word' id='word_1_669' title='bbox 2012 5089 2151 5171; x_wconf 78' lang='lat' dir='ltr'><strong>ante</strong></span> <span class='ocrx_word' id='word_1_670' title='bbox 2180 5081 2408 5142; x_wconf 75' lang='lat' dir='ltr'><strong>Nonam</strong></span> <span class='ocrx_word' id='word_1_671' title='bbox 2435 5081 2687 5170; x_wconf 85' lang='lat' dir='ltr'><strong>ejusque</strong></span> <span class='ocrx_word' id='word_1_672' title='bbox 2712 5081 3192 5171; x_wconf 78' lang='lat' dir='ltr'><strong>mesorium;_sed</strong></span> <span class='ocrx_word' id='word_1_673' title='bbox 3226 5092 3478 5171; x_wconf 43' lang='lat' dir='ltr'><strong>cum.(ut</strong></span> <span class='ocrx_word' id='word_1_674' title='bbox 3507 5098 3579 5141; x_wconf 88' lang='lat' dir='ltr'><strong>ex</strong></span> <span class='ocrx_word' id='word_1_675' title='bbox 3602 5098 3769 5168; x_wconf 80' lang='lat' dir='ltr'><strong>num.</strong></span> 
     </span>
    </p>
   </div>
   <div class='ocr_carea' id='block_1_96' title="bbox 384 5159 3768 5250">
    <p class='ocr_par' dir='ltr' id='par_1_96' title="bbox 384 5159 3768 5250">
     <span class='ocr_line' id='line_1_97' title="bbox 384 5159 3768 5250; baseline -0 -31"><span class='ocrx_word' id='word_1_676' title='bbox 384 5161 462 5250; x_wconf 67' lang='lat' dir='ltr'><strong>5Q</strong></span> <span class='ocrx_word' id='word_1_677' title='bbox 492 5159 805 5250; x_wconf 59' lang='lat' dir='ltr'><strong>colligitur}</strong></span> <span class='ocrx_word' id='word_1_678' title='bbox 829 5159 1263 5250; x_wconf 53' lang='lat' dir='ltr'><strong>Typica&#39;modo</strong></span> <span class='ocrx_word' id='word_1_679' title='bbox 1288 5162 1638 5250; x_wconf 79' lang='lat' dir='ltr'><strong>ante,modo</strong></span> <span class='ocrx_word' id='word_1_680' title='bbox 1673 5171 1805 5250; x_wconf 86' lang='lat' dir='ltr'><strong>post</strong></span> <span class='ocrx_word' id='word_1_681' title='bbox 1827 5159 2063 5250; x_wconf 56' lang='lat' dir='ltr'><strong>Nonam</strong></span> <span class='ocrx_word' id='word_1_682' title='bbox 2088 5162 2341 5241; x_wconf 83' lang='lat' dir='ltr'><strong>ejusque</strong></span> <span class='ocrx_word' id='word_1_683' title='bbox 2367 5162 2691 5250; x_wconf 70' lang='lat' dir='ltr'><strong>mesorium</strong></span> <span class='ocrx_word' id='word_1_684' title='bbox 2718 5161 2949 5250; x_wconf 74' lang='lat' dir='ltr'><strong>recitari</strong></span> <span class='ocrx_word' id='word_1_685' title='bbox 2985 5159 3462 5238; x_wconf 87' lang='lat' dir='ltr'><strong>debeant,satius</strong></span> <span class='ocrx_word' id='word_1_686' title='bbox 3485 5177 3619 5250; x_wconf 68' lang='lat' dir='ltr'><strong>esse</strong></span> <span class='ocrx_word' id='word_1_687' title='bbox 3639 5159 3768 5250; x_wconf 44' lang='lat' dir='ltr'><strong>erigi-</strong></span> 
     </span>
    </p>
   </div>
   <div class='ocr_carea' id='block_1_97' title="bbox 389 5237 3775 5323">
    <p class='ocr_par' dir='ltr' id='par_1_97' title="bbox 389 5237 3775 5323">
     <span class='ocr_line' id='line_1_98' title="bbox 389 5237 3775 5323; baseline 0.001 -26"><span class='ocrx_word' id='word_1_688' title='bbox 389 5237 955 5323; x_wconf 42' lang='lat' dir='ltr'><strong>stimaviinagisqu‘e</strong></span> <span class='ocrx_word' id='word_1_689' title='bbox 978 5244 1309 5303; x_wconf 86' lang='lat' dir='ltr'><strong>consultum</strong></span> <span class='ocrx_word' id='word_1_690' title='bbox 1372 5260 1439 5303; x_wconf 89' lang='lat' dir='ltr'><strong>ea</strong></span> <span class='ocrx_word' id='word_1_691' title='bbox 1469 5237 1821 5303; x_wconf 57' lang='lat' dir='ltr'><strong>hocce&#39;loco</strong></span> <span class='ocrx_word' id='word_1_692' title='bbox 1855 5237 2515 5323; x_wconf 30' lang='lat' dir='ltr'><strong>legendaipro&#39;ponere:</strong></span> <span class='ocrx_word' id='word_1_693' title='bbox 2552 5242 2636 5301; x_wconf 91' lang='lat' dir='ltr'><strong>sic</strong></span> <span class='ocrx_word' id='word_1_694' title='bbox 2658 5242 2818 5303; x_wconf 91' lang='lat' dir='ltr'><strong>enim</strong></span> <span class='ocrx_word' id='word_1_695' title='bbox 2846 5250 2904 5303; x_wconf 93' lang='lat' dir='ltr'><strong>et</strong></span> <span class='ocrx_word' id='word_1_696' title='bbox 2936 5250 3241 5323; x_wconf 86' lang='lat' dir='ltr'><strong>ponuntur</strong></span> <span class='ocrx_word' id='word_1_697' title='bbox 3271 5242 3331 5303; x_wconf 90' lang='lat' dir='ltr'><strong>in</strong></span> <span class='ocrx_word' id='word_1_698' title='bbox 3357 5237 3775 5323; x_wconf 82' lang='lat' dir='ltr'><strong>&#39;l‘ypico_S_.Sa-</strong></span> 
     </span>
    </p>
   </div>
   <div class='ocr_carea' id='block_1_98' title="bbox 386 5318 3771 5411">
    <p class='ocr_par' dir='ltr' id='par_1_98' title="bbox 386 5318 3771 5411">
     <span class='ocr_line' id='line_1_99' title="bbox 386 5318 3771 5411; baseline -0.001 -31"><span class='ocrx_word' id='word_1_699' title='bbox 386 5318 926 5411; x_wconf 33' lang='lat' dir='ltr'><strong>bas-,Aetﬂorarum</strong></span> <span class='ocrx_word' id='word_1_700' title='bbox 954 5323 1245 5411; x_wconf 77' lang='lat' dir='ltr'><strong>minorum</strong></span> <span class='ocrx_word' id='word_1_701' title='bbox 1279 5324 1469 5411; x_wconf 78' lang='lat' dir='ltr'><strong>series</strong></span> <span class='ocrx_word' id='word_1_702' title='bbox 1501 5331 1679 5411; x_wconf 54' lang='lat' dir='ltr'><strong>atque</strong></span> <span class='ocrx_word' id='word_1_703' title='bbox 1713 5325 1857 5383; x_wconf 83' lang='lat' dir='ltr'><strong>ordo</strong></span> <span class='ocrx_word' id='word_1_704' title='bbox 1892 5318 2092 5411; x_wconf 76' lang='lat' dir='ltr'><strong>minus</strong></span> <span class='ocrx_word' id='word_1_705' title='bbox 2121 5318 2607 5411; x_wconf 74' lang='lat' dir='ltr'><strong>interrumpitur.</strong></span> <span class='ocrx_word' id='word_1_706' title='bbox 2647 5324 2768 5411; x_wconf 52' lang='lat' dir='ltr'><strong>Yox</strong></span> <span class='ocrx_word' id='word_1_707' title='bbox 2802 5318 3027 5395; x_wconf 76' lang='lat' dir='ltr'><strong>autem,</strong></span> <span class='ocrx_word' id='word_1_708' title='bbox 3064 5322 3309 5402; x_wconf 86' lang='lat' dir='ltr'><strong>Typica,</strong></span> <span class='ocrx_word' id='word_1_709' title='bbox 3336 5318 3653 5411; x_wconf 83' lang='lat' dir='ltr'><strong>multiplici</strong></span> <span class='ocrx_word' id='word_1_710' title='bbox 3688 5320 3771 5379; x_wconf 89' lang='lat' dir='ltr'><strong>si-</strong></span> 
     </span>
    </p>
   </div>
   <div class='ocr_carea' id='block_1_99' title="bbox 385 5399 3774 5492">
    <p class='ocr_par' dir='ltr' id='par_1_99' title="bbox 385 5399 3774 5492">
     <span class='ocr_line' id='line_1_100' title="bbox 385 5399 3774 5492; baseline 0 -32"><span class='ocrx_word' id='word_1_711' title='bbox 385 5400 766 5492; x_wconf 70' lang='lat' dir='ltr'><strong>gniticationc</strong></span> <span class='ocrx_word' id='word_1_712' title='bbox 780 5403 1495 5492; x_wconf 72' lang='lat' dir='ltr'><strong>gaudetinecclesiasticis</strong></span> <span class='ocrx_word' id='word_1_713' title='bbox 1510 5402 1850 5492; x_wconf 68' lang='lat' dir='ltr'><strong>Graecorum</strong></span> <span class='ocrx_word' id='word_1_714' title='bbox 1878 5403 2300 5492; x_wconf 66' lang='lat' dir='ltr'><strong>voluminibus.</strong></span> <span class='ocrx_word' id='word_1_715' title='bbox 2337 5399 2527 5492; x_wconf 48' lang='lat' dir='ltr'><strong>Una-ni</strong></span> <span class='ocrx_word' id='word_1_716' title='bbox 2556 5402 2831 5492; x_wconf 74' lang='lat' dir='ltr'><strong>dedimus</strong></span> <span class='ocrx_word' id='word_1_717' title='bbox 2851 5422 3015 5492; x_wconf 79' lang='lat' dir='ltr'><strong>num.</strong></span> <span class='ocrx_word' id='word_1_718' title='bbox 3042 5399 3248 5467; x_wconf 48' lang='lat' dir='ltr'><strong>36&#39;.hic</strong></span> <span class='ocrx_word' id='word_1_719' title='bbox 3264 5402 3457 5462; x_wconf 89' lang='lat' dir='ltr'><strong>daturi</strong></span> <span class='ocrx_word' id='word_1_720' title='bbox 3479 5399 3774 5463; x_wconf 80' lang='lat' dir='ltr'><strong>aliam.De</strong></span> 
     </span>
    </p>
   </div>
   <div class='ocr_carea' id='block_1_100' title="bbox 380 5482 3775 5564">
    <p class='ocr_par' dir='ltr' id='par_1_100' title="bbox 380 5482 3775 5564">
     <span class='ocr_line' id='line_1_101' title="bbox 380 5482 3775 5564; baseline -0.001 -22"><span class='ocrx_word' id='word_1_721' title='bbox 380 5482 691 5555; x_wconf 77' lang='lat' dir='ltr'><strong>bacigitur</strong></span> <span class='ocrx_word' id='word_1_722' title='bbox 712 5484 1601 5564; x_wconf 74' lang='lat' dir='ltr'><strong>voce,prouthic.tccipitur,ita</strong></span> <span class='ocrx_word' id='word_1_723' title='bbox 1626 5485 2081 5564; x_wconf 81' lang='lat' dir='ltr'><strong>philosophatur</strong></span> <span class='ocrx_word' id='word_1_724' title='bbox 2106 5484 2335 5546; x_wconf 87' lang='lat' dir='ltr'><strong>Goarus</strong></span> <span class='ocrx_word' id='word_1_725' title='bbox 2362 5483 2420 5545; x_wconf 88' lang='lat' dir='ltr'><strong>in</strong></span> <span class='ocrx_word' id='word_1_726' title='bbox 2453 5483 2822 5563; x_wconf 72' lang='lat' dir='ltr'><strong>Eur-hologio</strong></span> <span class='ocrx_word' id='word_1_727' title='bbox 2848 5483 2949 5543; x_wconf 83' lang='lat' dir='ltr'><strong>fol.</strong></span> <span class='ocrx_word' id='word_1_728' title='bbox 2994 5484 3106 5544; x_wconf 59' lang='grc'><strong>1⁸24</strong></span> <span class='ocrx_word' id='word_1_729' title='bbox 3129 5483 3203 5545; x_wconf 88' lang='lat' dir='ltr'><strong>ad</strong></span> <span class='ocrx_word' id='word_1_730' title='bbox 3241 5482 3401 5564; x_wconf 84' lang='lat' dir='ltr'><strong>illam</strong></span> <span class='ocrx_word' id='word_1_731' title='bbox 3437 5499 3670 5564; x_wconf 87' lang='lat' dir='ltr'><strong>vocem,</strong></span> <span class='ocrx_word' id='word_1_732' title='bbox 3710 5482 3775 5564; x_wconf 64' lang='grc' dir='ltr'><strong>τα</strong></span> 
     </span>
    </p>
   </div>
   <div class='ocr_carea' id='block_1_101' title="bbox 382 5560 3772 5643">
    <p class='ocr_par' dir='ltr' id='par_1_101' title="bbox 382 5560 3772 5643">
     <span class='ocr_line' id='line_1_102' title="bbox 382 5560 3772 5643; baseline -0.001 -19"><span class='ocrx_word' id='word_1_733' title='bbox 382 5564 597 5624; x_wconf 53' lang='lat' dir='ltr'><strong>“nummi.</strong></span> <span class='ocrx_word' id='word_1_734' title='bbox 630 5587 655 5615; x_wconf 71' lang='grc' dir='ltr'><strong>α</strong></span> <span class='ocrx_word' id='word_1_735' title='bbox 688 5560 989 5624; x_wconf 86' lang='lat' dir='ltr'><strong>Psalmum</strong></span> <span class='ocrx_word' id='word_1_736' title='bbox 1010 5560 1358 5625; x_wconf 85' lang='lat' dir='ltr'><strong>vicesimum</strong></span> <span class='ocrx_word' id='word_1_737' title='bbox 1382 5560 1712 5625; x_wconf 83' lang='lat' dir='ltr'><strong>secundum</strong></span> <span class='ocrx_word' id='word_1_738' title='bbox 1742 5560 1949 5643; x_wconf 79' lang='lat' dir='ltr'><strong>(voluit</strong></span> <span class='ocrx_word' id='word_1_739' title='bbox 1970 5565 2232 5626; x_wconf 89' lang='lat' dir='ltr'><strong>scribere</strong></span> <span class='ocrx_word' id='word_1_740' title='bbox 2251 5564 2393 5639; x_wconf 75' lang='lat'><strong>102)</strong></span> <span class='ocrx_word' id='word_1_741' title='bbox 2440 5581 2704 5643; x_wconf 71' lang='lat' dir='ltr'><strong>przeseus</strong></span> <span class='ocrx_word' id='word_1_742' title='bbox 2726 5560 2833 5624; x_wconf 83' lang='lat' dir='ltr'><strong>vox</strong></span> <span class='ocrx_word' id='word_1_743' title='bbox 2859 5564 3122 5642; x_wconf 81' lang='lat' dir='ltr'><strong>suggerit</strong></span> <span class='ocrx_word' id='word_1_744' title='bbox 3147 5563 3631 5642; x_wconf 79' lang='lat' dir='ltr'><strong>intelligendum,</strong></span> <span class='ocrx_word' id='word_1_745' title='bbox 3669 5560 3772 5643; x_wconf 91' lang='lat' dir='ltr'><strong>qui</strong></span> 
     </span>
    </p>
   </div>
   <div class='ocr_carea' id='block_1_102' title="bbox 383 5637 2044 5723">
    <p class='ocr_par' dir='ltr' id='par_1_102' title="bbox 383 5637 2040 5723">
     <span class='ocr_line' id='line_1_103' title="bbox 383 5637 2040 5723; baseline 0.001 -20"><span class='ocrx_word' id='word_1_746' title='bbox 383 5650 442 5703; x_wconf 89' lang='lat' dir='ltr'><strong>et</strong></span> <span class='ocrx_word' id='word_1_747' title='bbox 472 5646 655 5721; x_wconf 79' lang='grc' dir='ltr'>πρώτα</span> <span class='ocrx_word' id='word_1_748' title='bbox 687 5647 900 5712; x_wconf 52' lang='lat' dir='ltr'><strong>tumlti,</strong></span> <span class='ocrx_word' id='word_1_749' title='bbox 936 5645 1007 5705; x_wconf 88' lang='lat' dir='ltr'><strong>ad</strong></span> <span class='ocrx_word' id='word_1_750' title='bbox 1042 5645 1366 5706; x_wconf 88' lang='lat' dir='ltr'><strong>discrimen</strong></span> <span class='ocrx_word' id='word_1_751' title='bbox 1404 5646 1559 5705; x_wconf 86' lang='lat' dir='ltr'><strong>inter</strong></span> <span class='ocrx_word' id='word_1_752' title='bbox 1586 5637 1781 5723; x_wconf 88' lang='lat' dir='ltr'><strong>ipsum</strong></span> <span class='ocrx_word' id='word_1_753' title='bbox 1816 5656 1873 5705; x_wconf 86' lang='lat' dir='ltr'><strong>et</strong></span> <span class='ocrx_word' id='word_1_754' title='bbox 1928 5648 2040 5708; x_wconf 77' lang='grc'>145</span> 
     </span>
    </p>
   </div>
   <div class='ocr_carea' id='block_1_103' title="bbox 2133 5637 3768 5723">
    <p class='ocr_par' dir='ltr' id='par_1_103' title="bbox 2133 5637 3768 5723">
     <span class='ocr_line' id='line_1_104' title="bbox 2133 5637 3768 5723; baseline -0.001 -23"><span class='ocrx_word' id='word_1_755' title='bbox 2133 5648 2329 5721; x_wconf 73' lang='grc' dir='ltr'>Ξεύτερα</span> <span class='ocrx_word' id='word_1_756' title='bbox 2374 5637 2585 5701; x_wconf 39' lang='grc' dir='ltr'>’τύπικα</span> <span class='ocrx_word' id='word_1_757' title='bbox 2612 5655 2882 5706; x_wconf 89' lang='lat' dir='ltr'><strong>vocatum</strong></span> <span class='ocrx_word' id='word_1_758' title='bbox 2922 5637 3265 5722; x_wconf 67' lang='lat' dir='ltr'><strong>ponendum</strong></span> <span class='ocrx_word' id='word_1_759' title='bbox 3296 5637 3539 5706; x_wconf 72' lang='lat' dir='ltr'><strong>dicitur.</strong></span> <span class='ocrx_word' id='word_1_760' title='bbox 3575 5637 3768 5723; x_wconf 44' lang='lat' dir='ltr'><strong>A&#39;mbo</strong></span> 
     </span>
    </p>
   </div>
   <div class='ocr_carea' id='block_1_104' title="bbox 382 5722 3768 5813">
    <p class='ocr_par' dir='ltr' id='par_1_104' title="bbox 382 5722 3768 5813">
     <span class='ocr_line' id='line_1_105' title="bbox 382 5722 3768 5813; baseline -0 -32"><span class='ocrx_word' id='word_1_761' title='bbox 382 5728 743 5813; x_wconf 41' lang='lat' dir='ltr'><strong>vgo‘mntai</strong></span> <span class='ocrx_word' id='word_1_762' title='bbox 773 5726 1046 5813; x_wconf 69' lang='lat' dir='ltr'><strong>audiunt,</strong></span> <span class='ocrx_word' id='word_1_763' title='bbox 1083 5728 1171 5813; x_wconf 82' lang='lat' dir='ltr'><strong>vel</strong></span> <span class='ocrx_word' id='word_1_764' title='bbox 1213 5727 1351 5804; x_wconf 87' lang='lat' dir='ltr'><strong>quia</strong></span> <span class='ocrx_word' id='word_1_765' title='bbox 1403 5729 1536 5782; x_wconf 79' lang='grc' dir='ltr'>κατὰ</span> <span class='ocrx_word' id='word_1_766' title='bbox 1604 5722 1712 5813; x_wconf 50' lang='lat'><strong>£03;</strong></span> <span class='ocrx_word' id='word_1_767' title='bbox 1762 5728 2163 5813; x_wconf 47' lang='lat' dir='ltr'><strong>r&#39;snougjuxta</strong></span> <span class='ocrx_word' id='word_1_768' title='bbox 2218 5743 2487 5813; x_wconf 83' lang='lat' dir='ltr'><strong>normam</strong></span> <span class='ocrx_word' id='word_1_769' title='bbox 2541 5734 2598 5813; x_wconf 81' lang='lat' dir='ltr'><strong>et</strong></span> <span class='ocrx_word' id='word_1_770' title='bbox 2630 5724 2904 5813; x_wconf 77' lang='lat' dir='ltr'><strong>rubricas</strong></span> <span class='ocrx_word' id='word_1_771' title='bbox 2929 5726 3277 5799; x_wconf 88' lang='lat' dir='ltr'><strong>cantari,vel</strong></span> <span class='ocrx_word' id='word_1_772' title='bbox 3312 5724 3508 5807; x_wconf 86' lang='lat' dir='ltr'><strong>potius</strong></span> <span class='ocrx_word' id='word_1_773' title='bbox 3538 5722 3675 5803; x_wconf 87' lang='lat' dir='ltr'><strong>quia</strong></span> <span class='ocrx_word' id='word_1_774' title='bbox 3708 5722 3768 5781; x_wconf 91' lang='lat' dir='ltr'><strong>in</strong></span> 
     </span>
    </p>
   </div>
   <div class='ocr_carea' id='block_1_105' title="bbox 384 5804 2044 5888">
    <p class='ocr_par' dir='ltr' id='par_1_105' title="bbox 384 5804 2044 5886">
     <span class='ocr_line' id='line_1_106' title="bbox 384 5804 2044 5886; baseline 0.002 -23"><span class='ocrx_word' id='word_1_775' title='bbox 384 5804 578 5865; x_wconf 78' lang='lat' dir='ltr'><strong>oﬂicio</strong></span> <span class='ocrx_word' id='word_1_776' title='bbox 622 5811 726 5862; x_wconf 78' lang='grc' dir='ltr'>τῶν</span> <span class='ocrx_word' id='word_1_777' title='bbox 757 5808 991 5863; x_wconf 79' lang='grc' dir='ltr'>τυπικῶν</span> <span class='ocrx_word' id='word_1_778' title='bbox 1024 5807 1137 5886; x_wconf 89' lang='lat' dir='ltr'><strong>legi</strong></span> <span class='ocrx_word' id='word_1_779' title='bbox 1193 5814 1611 5870; x_wconf 88' lang='lat' dir='ltr'><strong>consuescunt.</strong></span> <span class='ocrx_word' id='word_1_780' title='bbox 1646 5804 1721 5870; x_wconf 85' lang='lat' dir='ltr'><strong>Ut</strong></span> <span class='ocrx_word' id='word_1_781' title='bbox 1769 5807 1931 5870; x_wconf 88' lang='lat' dir='ltr'><strong>enim</strong></span> <span class='ocrx_word' id='word_1_782' title='bbox 1965 5804 2044 5868; x_wconf 89' lang='lat' dir='ltr'><strong>Gr</strong></span> 
     </span>
    </p>
   </div>
   <div class='ocr_carea' id='block_1_106' title="bbox 2133 5804 3762 5888">
    <p class='ocr_par' dir='ltr' id='par_1_106' title="bbox 2138 5804 3762 5888">
     <span class='ocr_line' id='line_1_107' title="bbox 2138 5804 3762 5888; baseline -0.002 -22"><span class='ocrx_word' id='word_1_783' title='bbox 2138 5806 2154 5866; x_wconf 92' lang='lat' dir='ltr'><strong>i</strong></span> <span class='ocrx_word' id='word_1_784' title='bbox 2207 5814 2337 5888; x_wconf 91' lang='lat' dir='ltr'><strong>post</strong></span> <span class='ocrx_word' id='word_1_785' title='bbox 2368 5806 2505 5883; x_wconf 68' lang='grc' dir='ltr'>μέγπι</span> <span class='ocrx_word' id='word_1_786' title='bbox 2551 5805 2893 5881; x_wconf 74' lang='grc' dir='ltr'>ἀπόδειπνον,</span> <span class='ocrx_word' id='word_1_787' title='bbox 2946 5804 3421 5888; x_wconf 70' lang='grc' dir='ltr'>Οοωριοιοτῑιιιη</span> <span class='ocrx_word' id='word_1_788' title='bbox 3457 5820 3762 5883; x_wconf 80' lang='lat' dir='ltr'><strong>maguum,</strong></span> 
     </span>
    </p>
   </div>
  </div>
