4176 6414
1933 314 2530 379 PROLEGOMENA.

459 454 605 527 cies;
633 451 868 525 Venite,
893 450 1232 524 adoremus,
1256 459 1369 523 ter;
1389 461 1445 510 et
1467 448 1727 530 psalmus
1748 449 2089 515 L.Miserer£

2187 454 2525 534 κυνήσωμεν,
2556 455 2627 532 γ”
2684 458 2773 512 καὶ
2827 456 2929 523 τὴν
2995 456 3064 529 ν’,
3118 456 3377 538 Ἐλέησόν
3437 481 3532 538 με,
3592 462 3618 515 6
3681 462 3841 536 Θεὸς,

461 543 598 615 mei,
662 541 858 611 Deus,
909 538 1238 600 secundum
1303 558 1573 619 magnam
1629 538 2089 603 misericordiam

2187 544 2316 600 κατὰ
2347 545 2406 599 τὸ
2468 546 2608 622 μέγα
2658 545 2803 611 ἔλεός
2864 562 2977 603 aou'
3030 548 3117 603 καὶ
3147 537 3245 623 ξθ’,
3307 545 3366 605 Ὀ
3427 537 3556 613 Θεὸς
3613 550 3685 614 εἷς
3741 552 3841 619 τὴν

461 644 615 693 tuam
652 651 666 689 :
700 640 759 690 et
788 646 940 702 LXIX,
985 627 1165 699 Deus,
1214 630 1272 689 in
1321 630 1682 709 adjutorium
1738 647 1986 707 meum;
2044 640 2089 692 et

2187 632 2429 708 βοήθειάν
2501 632 2614 690 λου’
2706 636 2792 691 καὶ
2877 634 3018 713 ρμθ’,
3107 637 3283 716 Κύριε,
3347 637 3652 695 οἶσάκουσον
3743 647 3838 708 τῆς

457 738 633 795 CXLII,
676 717 950 792 Domine,
987 718 1194 780 exaudi
1231 718 1564 780 orationem
1590 736 1808 779 meam.

2187 727 2495 801 προσευχῆς
2528 746 2656 797 μου.

454 333 799 383 CCCLXXXVI

710 959 1135 1055 Comu_.Deinde
1162 959 1514 1055 proponitur
1544 959 1856 1055 recitanda
1892 961 2210 1055 Doxologia
2241 964 2636 1055 major,quam
2670 964 2806 1055 d_e_di
2830 982 2995 1055 num.
3031 963 3242 1055 901k}
3268 964 3592 1055 Apodipno
3619 978 3833 1055 autem

456 1045 741 1106 recitatur
767 1050 990 1125 tantum
1023 1058 1210 1119 usque
1239 1041 1311 1099 ad
1352 1040 1486 1125 haec
1522 1040 1701 1125 verba
1723 1040 2036 1125 inclusive,

2214 1046 2304 1125 τὸν
2334 1040 2611 1102 attriverat}
2668 1048 2879 1125 αἰῶνος,
2940 1046 2998 1107 in
3058 1040 3340 1106 saeculum
3394 1040 3619 1110 saeculi.
3690 1048 3833 1113 Post

454 1126 578 1187 haec
604 1125 846 1192 dicitur,
874 1124 1047 1199 Κύριε,
1082 1124 1389 1200 καταφυγή,
1420 1121 1698 1192 Domine,
1723 1120 2041 1197 refugium;
2077 1130 2137 1182 ut
2159 1123 2369 1184 eodem
2402 1124 2501 1186 illo
2528 1144 2778 1187 numero
2806 1120 3058 1189 habetur
3094 1144 3107 1188 :
3143 1125 3247 1186 sed
3275 1126 3333 1187 in
3380 1127 3497 1188 ﬁne
3525 1127 3834 1192 omittitur

453 1206 656 1297 ’Ἄγιος
679 1206 706 1259 'o
738 1207 893 1293 6:65,
918 1204 1171 1297 Sanctus
1205 1203 1473 1297 Deum-et
1503 1202 1635 1291 ejus
1673 1201 1804 1262 loco
1828 1202 2046 1292 dicitur
2077 1222 2089 1263 :

2187 1206 2511 1275 Lataiimaov,
2571 1208 2745 1287 Κύριε,
2783 1209 2836 1263 ἐν
2896 1207 2964 1283 τῇ
3014 1210 3154 1263 νυκτὶ
3202 1210 3365 1284 ταύτῃ
3417 1208 3835 1287 ἀναμαρτήτους

452 1281 789 1367 φυλαχθῆναι
821 1281 990 1357 ἡμᾶς.
1031 1307 1053 1337 ιι
1091 1281 1369 1360 Dignare,
1401 1282 1676 1361 Domine,
1713 1289 1884 1342 nocte
1918 1283 2027 1344 ista
2056 1300 2089 1343 s,

2187 1294 2452 1364 peccato
2486 1305 2594 1347 nos
2622 1281 2947 1350 custodire.
2981 1308 3013 1348 ι

530 1531 739 1591 Postea
769 1525 855 1588 sic
888 1525 1181 1586 dicimus:
1218 1525 1369 1586 Vere
1414 1522 1654 1603 dignum
1717 1533 1827 1604 est,
1878 1522 2089 1586 Excel-

2261 1527 2396 1583 Εῖτα
2446 1527 2611 1592 οὕτως
2661 1528 2914 1607 λέγομεν·
2977 1527 3171 1607 ’Ἂξιόν
3253 1528 3394 1585 ἐστιν
3454 1531 3526 1593 ὡς
3588 1528 3827 1606 ἀληθῶς,

447 1618 688 1690 siorem,
724 1616 920 1677 Credo
942 1616 999 1676 in
1033 1633 1215 1676 unum
1247 1616 1457 1693 Deum,
1486 1602 1852 1693 ’Trisagion,
1915 1612 2089 1675 Sanc-

2187 1616 2285 1681 Γην
2329 1618 2668 1696 τιμιωτέραν,
2731 1602 2965 1676 Πιστεύω
3015 1602 3091 1683 εἰς
3144 1616 3235 1675 ἕνα
3300 1620 3452 1699 Θεὸν,
3506 1621 3567 1675 τὸ
3662 1602 3831 1699 Τρισζ

450 1704 978 1786 tissimaTrinitas,
1014 1707 1190 1767 Pater
1229 1712 1451 1784 noster,
1512 1704 1842 1785 troparium
1904 1703 2089 1766 sancti

2187 1704 2347 1782 ὶγιυν,
2408 1730 2467 1783 το
2546 1712 2782 1787 Παναγία
2815 1712 2993 1787 Τρίας,
3019 1711 3102 1788 τὸ,
3153 1710 3322 1786 Πάτερ
3382 1712 3559 1783 ἡμῶν,
3621 1711 3828 1787 τροπά-

444 1798 544 1858 illo
567 1797 667 1858 die
697 1794 958 1869 colendi,
994 1793 1077 1856 vel
1113 1793 1449 1874 sequentia.

2187 1819 2287 1873 ator
2311 1807 2402 1855 τοῦ
2434 1802 2568 1856 κατὰ
2615 1802 2709 1868 τὴν
2735 1801 2937 1879 ἡμέραν
2967 1802 3141 1881 ἆγίου,
3177 1802 3213 1869 ἢ
3244 1802 3308 1857 τὰ
3338 1802 3629 1880 παρόντα.⁹

518 1886 660 1950 2⁵70.
694 1887 934 1949 Patrum
967 1892 1303 1945 nostrorum
1337 1881 1516 1957 Deus,
1550 1883 1651 1964 qui
1683 1900 1926 1961 semper
1978 1901 2091 1943 no-

441 1976 673 2041 biscum
703 1975 827 2054 agis
851 1976 1022 2055 juxta
1052 1972 1573 2041 mansuetudinem
1610 1982 1794 2046 tuam,
1824 1991 1897 2033 ne
1929 1990 2090 2032 aver-

442 2074 529 2128 tas
561 2063 1035 2129 misericordiam
1071 2071 1229 2125 tuam
1262 2081 1296 2124 a
1337 2062 1533 2141 nobis;
1571 2062 1675 2124 sed
1738 2062 2085 2124 eorumdem

440 2167 651 2238 rogatu
672 2156 846 2215 vitam
878 2160 1138 2215 nostram
1171 2153 1231 2214 in
1265 2170 1408 2232 pace
1430 2150 1701 2230 guberna

523 2243 824 2324 Sanguine
860 2253 1202 2322 martyrum,
1232 2240 1330 2321 qui
1363 2248 1501 2301 sunt
1530 2239 1593 2300 in
1626 2248 1744 2302 toto
1770 2239 1937 2315 orbe,
1970 2238 2085 2301 vel-

441 2345 504 2398 ut
536 2350 796 2415 purpura
820 2349 889 2393 ac
930 2330 1129 2412 bysso,
1180 2336 1388 2392 ornata
1417 2328 1681 2391 Ecclesia
1710 2338 1810 2393 tua
1831 2329 1938 2392 tibi
1964 2331 2089 2391 cla-

443 2433 583 2504 mat,
609 2422 843 2486 Christe
865 2418 1170 2483 Deuszper
1186 2418 1321 2481 illos
1339 2417 1587 2480 ostende
1612 2419 2089 2481 misericordiam

438 2523 597 2578 tuam
625 2511 863 2593 populo,
902 2516 1001 2572 tuo
1035 2517 1091 2571 et
1122 2528 1327 2590 pacem
1362 2517 1458 2570 tua
1489 2509 1926 2586 gubernatione
1951 2528 2091 2571 con—

438 2606 607 2682 cede,
644 2611 702 2666 et
730 2600 1060 2664 animarum
1089 2600 1378 2662 miserere
1410 2607 1771 2661 nostrarum.

2256 1884 2317 1945 Ὀ
2347 1890 2477 1948 Θεὸς
2510 1890 2753 1969 πατέρων
2805 1893 2983 1966 ἡμῶν,
3048 1893 3075 1947 6
3148 1896 3316 1947 ποιῶν
3366 1890 3446 1946 ἀεὶ
3495 1893 3616 1964 μεθ,
3676 1892 3830 1965 ἡμῶν

2174 1978 2311 2032 κατὰ
2343 1978 2438 2044 τήν
2472 1981 2567 2045 ςὴν
2594 1977 2903 2059 ἐπιείκειαν,
2930 1980 3024 2057 ξμὴ
3056 1978 3371 2055 ἆποστήσῃς
3428 1980 3489 2035 τὸ
3542 1978 3688 2043 ἕλαός
3738 2000 3832 2039 σου

2176 2064 2266 2145 ἀφ’
2288 2068 2465 2142 ἡμῶν
2491 2066 2628 2123 ἀλλά
2658 2081 2779 2134 ταῖς
2816 2068 2987 2124 αὐτῶν
3017 2070 3237 2131 ἱκεσίαις
3270 2067 3324 2125 ἐν
3387 2069 3570 2146 εἰρήνῃ
3630 2066 3826 2145 κυϐέρ-

2176 2178 2339 2222 νησον
2360 2156 2458 2221 τὴν
2484 2158 2627 2227 ζωὴν
2661 2158 2841 2233 ἡμῶν.

2256 2248 2368 2303 Τῶν
2429 2246 2481 2301 ὲν
2537 2246 2647 2312 ὅλῳ
2716 2255 2793 2321 τῷ
2834 2248 3021 2323 κόσμῳ
3065 2248 3341 2325 μαρτύρων
3390 2268 3505 2326 σου,
3560 2248 3632 2309 ὡς
3688 2268 3826 2325 πορ-

2175 2336 2338 2413 φύραν
2380 2335 2469 2390 καὶ
2499 2336 2718 2416 βύσσον,
2768 2337 2834 2393 τὰ
2862 2336 3069 2412 α’ίματα
3099 2338 3132 2403 ἡ
3196 2333 3491 2402 Ἐκκλησία
3554 2357 3648 2392 σου
3702 2357 3830 2397 στο-

2175 2422 2463 2499 λισαμένη,
2511 2423 2580 2481 δι’
2640 2430 2810 2485 αὐτῶν
2866 2426 2966 2503 βοᾳ
3041 2447 3152 2505 σοι,
3212 2426 3402 2504 Χριστὲ
3458 2427 3485 2481 6
3542 2427 3696 2489 Θεός⁸
3741 2432 3827 2501 Τῷ

2176 2512 2291 2589 λαῷ
2360 2537 2454 2571 σου
2510 2520 2633 2581 τοὺς
2696 2517 2997 2594 οἰκτιρμούς
3040 2538 3134 2574 σου
3182 2515 3561 2590 κατάπεμψον,
3611 2516 3826 2591 εἰρήνην

2114 2576 2239 2680 Bri;
2264 2576 2529 2677 .nolttiiq
2578 2628 2668 2662 σου
2718 2576 2979 2683 δώρηὸναι,
3023 2607 3112 2662 καὶ
3169 2617 3289 2670 ταῖς
3320 2576 3732 2684 ψυχαῖς,ἡμῶν
3765 2576 3824 2662 τὸ

2171 2692 2312 2772 μέγα
2336 2692 2508 2759 ἕλεος,

597 2782 817 2849 Gloria.

2334 2781 2490 2849 Δόξα.

514 2874 658 2938 Cum
693 2870 917 2933 sanctis
948 2869 1126 2943 dona,
1160 2868 1419 2949 Christe,
1457 2866 1732 2948 requiem
1765 2865 2083 2929 animabus

2248 2873 2396 2932 Μετὰ
2442 2879 2548 2929 τῶν
2596 2873 2758 2951 ἁγίων
2817 2873 3145 2953 ἀνάπαυσον,
3206 2873 3421 2953 Χριστὲ,
3476 2874 3571 2937 τὰς
3629 2874 3809 2953 ψυχὰς

432 2982 738 3029 servorum
769 2972 1006 3023 tuorum
1038 2959 1143 3034 ibi,
1172 2957 1273 3020 ubi
1308 2978 1425 3020 non
1452 2969 1541 3019 est
1587 2956 1775 3031 labor,
1817 2974 1930 3018 non
1966 2954 2078 3018 do-

2187 2968 2270 3017 τῶν
2326 2959 2524 3018 δούλων
2584 2983 2702 3018 σουο
2764 2962 2883 3020 ἔνθα
2935 2966 3031 3022 οὐκ
3074 2962 3184 3020 ἔστι
3251 2963 3434 3036 πόνος,
3472 2968 3531 3021 οὒ
3552 2962 3707 3043 λύτη,
3753 2962 3814 3019 οὐ

433 3057 546 3129 lor,
573 3072 692 3116 non
727 3050 1007 3131 gemitus,
1044 3049 1150 3111 sed
1182 3048 1297 3110 vita
1319 3053 1709 3129 sempiterna.

2187 3051 2486 3130 πτεναγμὸς,
2521 3048 2657 3107 ἀλλά
2699 3053 2811 3122 ζωὴ
2835 3051 3207 3125 ἆτελεύτητος,

592 3146 661 3206 Ει
686 3160 866 3204 nunc.
2073 3188 2089 3199 .

2328 3142 2424 3197 Καὶ
2468 3142 2579 3203 νῦν,

510 3236 786 3301 Omnium
819 3241 1186 3313 sanctorum,
1223 3249 1292 3293 ac
1316 3229 1591 3311 Deiparaa
1622 3226 1921 3309 precibus,
1956 3228 2076 3291 Do-

2242 3234 2320 3305 Τῇ
2390 3227 2660 3311 πρεσϐείᾳ,
2712 3231 2865 3309 Κύριε
2913 3231 3127 3287 πάντων
3179 3236 3284 3287 τῶν
3353 3230 3517 3309 ἁγίων
3569 3232 3656 3287 καὶ
3717 3234 3816 3300 τῆς

432 3326 617 3402 mine,
644 3343 851 3407 pacem
878 3331 1033 3385 tuam
1067 3321 1141 3383 da
1170 3319 1366 3397 nobis,
1411 3328 1469 3382 et
1520 3318 1811 3381 miserere
1862 3319 2074 3394 nostri,

2187 3320 2421 3378 lsotdxou
2457 3321 2550 3389 τὴν
2582 3322 2679 3389 σὴν
2708 3322 2920 3400 εἰρήνην
2951 3320 3038 3385 δὺς
3069 3324 3229 3402 ἡμῖν,
3261 3326 3347 3380 καὶ
3378 3320 3602 3389 ἐλέησον
3633 3324 3804 3403 ἡμᾶ),

429 3429 713 3498 tanquam
748 3414 910 3476 solus
942 3411 1308 3475 misericors.
1753 3497 1758 3498 γ

2187 3431 2232 3473 ›ς
2260 3411 2422 3487 μόνος
2451 3411 2741 3489 οἰκτίρμων
2752 3453 2767 3470 .

509 3488 649 3571 2³11.
675 3503 953 3584 Domine,
986 3501 1276 3566 miserere
1317 3499 1693 3582 quadragies;
1731 3497 1952 3561 deinde
1982 3498 2077 3561 dic

2240 3502 2334 3579 Τὸ,
2398 3488 2855 3579 Κύριε,έλὲησον,
2892 3488 2974 3575 is."
3025 3499 3150 3555 εἶτα
3182 3500 3271 3555 καὶ
3342 3500 3437 3567 τὴν
3495 3499 3688 3580 εὐχὴν,
3751 3499 3813 3558 Ὀ

427 3596 783 3669 orationem,
816 3592 925 3665 Qui
959 3598 1122 3654 omni
1163 3599 1433 3672 tempore
1494 3597 1554 3652 et
1606 3589 1774 3651 hora.
1827 3589 2076 3672 Iterum,

2188 3610 2213 3644 ν
2245 3588 2399 3646 παντὶ
2449 3588 2618 3666 καιρῷ
2647 3589 2735 3645 καὶ
2792 3588 2938 3667 πάσῃ
2969 3587 3101 3667 ὥρᾳ,
3165 3588 3259 3662 Τὸ,
3319 3587 3497 3667 Κύριε,
3558 3588 3807 3660 ὶΑέησον,

424 3686 699 3767 Domine,
734 3685 1044 3757 miserere,
1074 3689 1186 3745 ter.
1220 3680 1441 3744 Gloria.
1478 3684 1544 3743 Et
1570 3698 1752 3741 nunc.
1777 3678 2077 3742 Excelsio-

2187 3677 2234 3739 ι’,
2273 3674 2431 3756 Δόξα,
2480 3678 2577 3736 Καὶ
2623 3684 2731 3750 νῦν,
2768 3676 2876 3744 Τὴν
2920 3675 3240 3754 τιμωτέραν,
3302 3674 3394 3733 Ἐν
3443 3674 3664 3753 ὀνόματι
3715 3684 3808 3734 τοῦ

424 3795 575 3839 rem.
612 3762 952 3839 ln'nomine
980 3770 1241 3846 Domini,
1276 3768 1554 3847 benedic,
1580 3768 1771 3831 Pater.
1799 3769 1916 3830 Per
1946 3787 2075 3849 pre-

2187 3768 2347 3845 ἱυρίου
2390 3765 2709 3845 εὐλόγησαν,
2740 3766 2937 3844 Πάτερ,
2975 3762 3056 3821 Δι’
3086 3766 3262 3844 εὐχῶν
3319 3767 3425 3820 τῶν
3463 3764 3626 3845 ἁγίων
3696 3788 3808 3823 πα-

424 3884 524 3929 ces
553 3872 892 3927 sanctorum
915 3862 1155 3923 Patrum
1190 3868 1557 3922 nostrorum.

2187 3855 2329 3933 :s'puw
2349 3857 2529 3930 ἡμῶν.

507 3955 842 4036 lmpolluta,
866 3949 1353 4026 incontaminata,
1380 3949 1747 4028 incorrupta,
1810 3946 2070 4036 inteme-

2201 4033 2209 4036 Α
2240 3942 2502 4018 ”Ασπιλε,
2538 3942 2825 4022 ὰμόλυντε,
2886 3942 3096 4024 ἄφθορε,
3163 3943 3413 4025 ἄχροννε,
3444 3945 3626 4025 ἁγνὴμ
3660 3951 3810 4023 [παρ-

424 4056 573 4127 rata,
598 4033 778 4117 casta,
807 4043 992 4123 virgo,
1030 4040 1133 4103 Dei
1164 4057 1403 4121 sponsa,
1440 4037 1716 4127 Domina;
1740 4035 2072 4117 quaaDeum

2188 4033 2291 4108 ένε,
2343 4034 2633 4112 Θεόνυμφε,
2675 4033 2959 4107 Δέσποινα,
2987 4036 3021 4101 ἦ
3053 4036 3184 4090 Θεὸν
3220 4036 3388 4113 Λόγον
3438 4048 3553 4098 τοῖς
3594 4035 3802 4115 ἀνθρώ-

423 4120 685 4198 Verbum
719 4120 1058 4195 admirabili
1090 4120 1392 4209 tuopartu
1411 4125 1762 4190 hominibus
1789 4124 2026 4186 univisti
2057 4146 2073 4202 ;

2187 4147 2279 4188 :ou;
2328 4128 2396 4199 ιῇ
2426 4120 2701 4201 παραδόξῳ
2734 4144 2825 4179 σου
2868 4124 3056 4193 κυήσει
3108 4123 3372 4198 ἑνώσασα,
3437 4125 3523 4181 διαὶ
3553 4125 3650 4192 τὴν
3696 4124 3810 4181 ἀπ-

425 4243 559 4306 quae
587 4223 880 4303 abjectam
915 4219 1155 4299 generis
1186 4218 1373 4280 nostri
1406 4226 1675 4278 naturam
1710 4215 2076 4293 conjunxisti

2187 4217 2423 4269 ›σθε”ῐσαν
2468 4212 2620 4291 φύσιν
2650 4213 2743 4268 τοῦ
2776 4212 2958 4290 γένους
2988 4214 3145 4285 ἡμῶν
3199 4226 3319 4276 τοῖς
3376 4213 3634 4292 οὗρανίοις
3683 4236 3813 4271 συν-

424 4299 859 4385 ctelestibus,et
886 4327 1021 4387 quae
1043 4327 1106 4370 es
1134 4309 1584 4387 desperatorum
1617 4324 1754 4387 spes
1777 4303 2071 4385 unica,at—

2187 4306 2362 4377 ιψασα’
2423 4302 2456 4368 ἡ
2512 4301 2616 4356 τῶν
2675 4299 3086 4374 ἆπελπισμένων
3148 4300 3286 4375 μόνη
3337 4300 3510 4375 ἐλπὶς,
3557 4304 3645 4360 καὶ
3701 4309 3811 4361 τῶν

426 4420 543 4485 que
572 4417 999 4482 oppressorum
1031 4398 1341 4471 auxilium,
1377 4403 1650 4478 prompta
1674 4394 1859 4457 tutela
1888 4393 1961 4455 ad
1986 4483 1997 4485 Α
2019 4402 2074 4455 te

2187 4390 2577 4465 πολεμουμένων
2635 4392 2875 4466 βοήθεια·
2939 4393 2974 4459 ἡ
3023 4391 3210 4466 ἑτοίμη
3269 4391 3560 4467 ἀντίληψις
3590 4397 3697 4448 τῶν
3729 4394 3805 4457 είς

426 4481 891 4563 recurrentium,
922 4496 981 4549 et
1008 4488 1271 4550 omnium
1327 4486 1800 4549 Christianorum
1866 4483 2072 4565 perfu-

2194 4484 2217 4538 ὲ
2263 4481 2730 4561 προστρεχόντων,
2792 4482 2881 4536 καὶ
2950 4481 3163 4536 πάντων
3216 4488 3321 4537 τῶν
3367 4489 3694 4560 Χριστιανῶν
3750 4486 3812 4541 τὸ

422 4584 607 4663 gium,
645 4600 719 4643 ne
747 4578 1013 4641 fastidias
1047 4596 1142 4638 me
1173 4586 1541 4657 peccatorem
1595 4573 2024 4637 exsecrabilem
2053 4593 2070 4651 ;

2187 4573 2506 4663 aucﬁwwv.
2559 4576 2636 4647 μὴ
2668 4568 2887 4637 ϐδελύξη
2933 4591 3001 4663 με
3029 4572 3121 4626 τὸν
3151 4569 3465 4647 ἁμαρτωλὸν
3496 4572 3586 4629 τὸν
3617 4571 3808 4651 ἐναγῆ,

426 4657 698 4753 turpibus
731 4666 1214 4749 cogitationibus,
1249 4664 1629 4728 sermonibus
1683 4671 1744 4726 et
1790 4663 2073 4744 operibus

2191 4663 2248 4717 ὸν
2307 4662 2559 4741 αἰσχροῖς
2613 4664 2924 4733 λογισμοῖς,
2987 4657 3193 4738 λόγοις,
3248 4661 3336 4716 καὶ
3380 4660 3626 4740 πράξεσιν
3685 4661 3810 4718 ὅλον

426 4748 611 4825 totum
646 4748 946 4837 inutilem;
978 4765 1037 4820 et
1058 4774 1294 4819 servum
1330 4756 1693 4836 voluptatum
1727 4754 1906 4832 hujus
1945 4753 2077 4815 vitae

2187 4752 2384 4826 μαυτὸν
2442 4749 2841 4829 ἀχρειώσαντα,
2893 4749 2981 4803 καὶ
3036 4753 3104 4823 τῇ
3161 4753 3267 4805 τῶν
3312 4748 3515 4817 ἡδονῶν
3550 4758 3644 4809 του
3696 4753 3810 4828 βίου

427 4871 546 4934 pm
574 4849 908 4913 voluntaria
932 4835 1191 4928 segnitie
1223 4835 1484 4909 factum.
1505 4843 1620 4907 Sed
1653 4853 1932 4934 tanquam
1968 4841 2073 4904 be-

2188 4843 2379 4917 ᾳθυμὶᾳ
2411 4840 2602 4921 γνώμῃ
2633 4836 2817 4895 δοῦλον
2841 4835 3149 4915 γενόμενον.
3205 4836 3354 4894 Ἀλλ’
3386 4841 3460 4903 ὡς
3531 4847 3624 4897 τοῦ
3679 4839 3810 4921 φιλ-

425 4925 759 5023 nignissimi
789 4940 893 5003 Dei
925 4925 1137 5019 mater,
1173 4937 1429 5016 benigne
1456 4935 1740 4996 miserere
1773 4932 1891 4996 mei
1931 4949 2072 5011 per-

2187 4931 2430 5009 ,νθρώπου
2485 4927 2616 4986 Θεοῦ
2679 4929 2885 5004 μήτηρ,
2945 4925 3328 5007 φιλανθρώπως
3399 4928 3808 5009 σπλαγχνίσθη-

428 5016 534 5093 ἁὶἶὶ
578 5029 929 5113 poccatoris,
996 5036 1054 5090 et
1102 5016 1294 5088 meam
1352 5025 1458 5087 tibi
1490 5023 1847 5121 _ir_1_quinatis
1902 5023 2074 5086 labiis

2190 5044 2204 5077 t
2239 5020 2327 5077 ἐπ’
2354 5021 2473 5095 ἓμοὶ
2504 5026 2579 5093 τῷ
2608 5016 2912 5096 ἁμαρτωλῷ
2946 5018 3045 5091 γκαὶ
3076 5016 3290 5093 ἀσώτῳ’
3364 5021 3454 5077 καὶ
3508 5018 3646 5085 δέξαι
3707 5043 3809 5098 μου

429 5106 683 5182 oblatam
717 5135 957 5200 precem
990 5118 1254 5197 suscipe;
1282 5122 1459 5195 atque
1489 5113 1729 5191 Filium,
1752 5122 1915 5175 tuum
1943 5132 2075 5176 nos-

2188 5110 2255 5177 ὴν
2286 5110 2347 5166 ἐκ
2389 5109 2636 5187 ῥυπαρῶν
2691 5106 2922 5187 χειλέων
2982 5108 3415 5187 προσφερομένην
3461 5130 3543 5165 σοι
3594 5108 3802 5177 δέησινο

426 5197 774 5289 trorumque
803 5208 1121 5269 Dominum
1152 5216 1418 5269 materna
1452 5206 1781 5286 deprecare
1812 5203 2070 5281 ﬁducia;

2187 5205 2242 5255 αἱ
2270 5199 2362 5255 τὸν
2389 5199 2480 5255 σὸν
2514 5198 2632 5252 rtem
2663 5198 2748 5251 καὶ
2785 5198 2935 5271 ἡμῶν
2984 5198 3261 5263 Δεσπότην
3304 5199 3389 5252 καὶ
3456 5197 3665 5274 Κύριοι,
3737 5204 3807 5267 τῆ

423 5306 487 5360 ut
518 5308 577 5359 et
597 5283 724 5379 ipse
751 5298 893 5357 mihi
918 5299 1147 5376 aperiat
1174 5296 1404 5376 pietatis
1436 5283 1560 5357 suae
1589 5294 1847 5375 benigna
1877 5294 2070 5356 visce-

2187 5293 2395 5367 μητρικῇ
2453 5308 2546 5343 σου
2601 5283 2867 5363 παῤῥησία
2927 5286 3212 5366 χρωμένη,
3294 5284 3629 5358 δυσώπησον,
3719 5288 3811 5345 ’ίνα

422 5407 515 5465 ra,
550 5374 636 5464 et,
660 5405 777 5447 non
811 5374 1005 5449 habita
1053 5374 1577 5447 innumerabilium
1635 5374 1904 5446 meOrum
1940 5383 2072 5464 lap-

2187 5379 2337 5454 ινοίξῃ
2418 5376 2579 5450 κάμοὶ
2627 5376 2691 5432 τὰ
2749 5374 3093 5453 φιλάνθρωπα
3153 5375 3443 5456 σπλάγχνα
3502 5377 3605 5446 τῆς
3651 5378 3811 5434 αὖτοῦ

424 5462 889 5553 suumratiane,
928 5492 1021 5535 me
1053 5480 1360 5537 convertat
1385 5476 1455 5535 ad
1519 5473 1953 5554 paenitentiam,
2002 5462 2075 5534 et

2187 5472 2512 5545 ;γαοότητος,
2571 5466 2657 5521 καὶ
2712 5462 2943 5543 παριδών
2991 5487 3091 5540 μου
3135 5468 3198 5522 τὰ
3257 5468 3590 5545 ἀναρίθμητα
3649 5468 3811 5524 πταί-

423 5571 599 5632 faciat
630 5567 903 5630 mandata
931 5582 1039 5627 sua
1072 5564 1257 5647 probe
1290 5566 1645 5647 adimplere.

2187 5580 2360 5635 ματα,
2392 5555 2690 5635 ἐπιστρέψῃ
2724 5574 2789 5628 με
2834 5555 2966 5631 πρὸς
2999 5557 3308 5628 μετάνοιαν,
3342 5558 3429 5613 καὶ
3499 5558 3606 5614 τῶν
3657 5559 3814 5614 αἱ)τοῦ

2159 5649 2388 5707 ἐντολῶν
2422 5650 2648 5728 ἐργάτην
2690 5644 2908 5720 δόκιμον
2940 5643 3182 5723 ἀναδείξῃ
3206 5669 3293 5722 με,

504 5749 644 5811 272.
683 5749 906 5812 Adesto
940 5744 1084 5808 mihi
1118 5762 1359 5824 semper
1384 5744 1752 5824 misericors,
1785 5742 2076 5821 facilis,ac

2245 5743 2341 5799 Καὶ
2383 5738 2585 5817 πάρεσό
2633 5759 2725 5815 μοι
2775 5736 2877 5807 ἀεὶ,
2939 5737 3012 5799 ὡς
3067 5735 3315 5811 ἐλεήμων
3386 5739 3469 5794 καὶ
3530 5738 3810 5814 συμπαθὴς
