4176 6386
1445 362 1886 425 ACOLUTHIA
1934 362 2327 425 TRIPLICIS
2369 362 2612 425 FESTI.

3408 379 3772 429 CCCLXXXVII

387 499 477 554 καὶ
508 494 797 577 φιλάγαθος
835 511 849 526 ⁸
885 495 939 549 ἐν
997 496 1093 570 μὲν
1155 501 1232 568 τῷ
1277 496 1494 563 παρόντι
1554 495 1652 571 βίῳ
1682 497 1848 573 θερμὴ
1900 518 2025 574 προ-

2124 494 2275 556 bona
2302 520 2317 567 ;
2346 505 2402 557 et
2425 498 2481 556 in
2516 497 2625 557 hac
2648 497 2890 578 quidem
2944 498 3058 559 vita
3090 498 3326 559 fervens
3360 507 3629 580 patrona,
3667 510 3759 564 at—

388 587 572 650 στάτις
630 588 720 641 καὶ
751 586 967 662 βοηθὸς,
1000 585 1094 648 τὰς
1127 584 1231 640 τῶν
1263 584 1509 641 ἐναντὶων
1548 583 1761 663 ἐφόδους
1806 588 2029 642 ἀποτεισο

390 678 634 754 χίζουσα,
687 677 775 729 καὶ
818 676 947 751 πρὸς
994 674 1259 752 σωτηρίαν
1309 674 1671 751 καθοδηγοῦσα
1724 698 1813 754 με,
1861 678 1946 731 καὶ
1978 674 2031 731 ἐν

387 773 464 839 τῷ
493 787 661 841 καιρῳ
689 762 784 830 τῆς
818 762 992 828 ἐξόδου
1042 786 1144 839 μου
1200 764 1299 829 τὴν
1342 762 1523 819 ἀθλίαν
1570 787 1669 838 μου
1701 769 1884 844 ψυχην
1930 789 2031 820 πε-

385 854 669 930 ριέπουσα,
720 854 804 908 καὶ
852 854 945 916 τὰς
1009 854 1284 915 σκοτεινὰς
1315 853 1464 926 ὄψεις
1496 851 1601 908 τῶν
1633 860 1880 931 πονηρῶν
1911 853 2031 910 δαι-

382 946 561 1018 μόνων
622 940 801 1019 πόῤῥω
860 946 1025 1009 αὐτῆς
1086 940 1451 997 ἀπελαύνουσα
1480 959 1493 972 ·
1558 941 1611 996 ἐν
1644 940 1696 997 δὲ
1739 950 1806 1018 τῇ
1839 941 2033 1022 φοϐερᾷ

377 1031 550 1107 ᾑμέρᾳ
609 1031 706 1098 τῆς
772 1032 995 1108 κρίσεως
1076 1032 1171 1098 τῆς
1227 1032 1436 1087 αἶωνίου
1480 1052 1546 1105 με
1589 1032 1817 1109 ῥυομένη
1863 1031 2030 1089 κολά-

378 1144 537 1194 σεως,
585 1122 675 1177 καὶ
706 1120 802 1187 τῆς
829 1119 1130 1199 ἀπορρήτου
1165 1118 1319 1187 δόξης
1385 1120 1465 1176 τοῦ
1496 1129 1587 1176 σοῦ
1622 1124 1738 1176 Υἱοῦ
1782 1124 1868 1177 καὶ
1902 1129 2032 1178 Θεοῦ

376 1211 532 1287 ἡμῷν
562 1212 900 1287 κληρονόμον
948 1231 1013 1284 με
1055 1208 1461 1266 ἀποδεικνύουσα
1500 1226 1512 1239 ⁸
1549 1213 1613 1276 ἧς
1668 1212 1753 1267 καὶ
1783 1214 2029 1291 τύχοιμι,

382 1299 648 1355 Δέσποινα
692 1323 796 1373 μου
852 1300 1110 1377 ὕπεραγία
1163 1302 1413 1375 Θεοτόκε,
1450 1299 1535 1356 διὰ
1564 1302 1659 1367 τῆς
1722 1302 1818 1369 σῆς
1864 1324 2033 1377 μεσι...

376 1390 522 1450 τείας
578 1394 666 1445 και
724 1388 1087 1467 ἀντιλήψεως,
1149 1387 1330 1467 χάριτι
1400 1394 1485 1445 καὶ
1539 1389 1899 1470 φιλανθρωπίᾳ
1944 1398 2033 1448 τοῦ

380 1488 699 1554 μονογενοῦς
746 1499 836 1533 σου
899 1477 1041 1557 Υἱοῦ,
1089 1485 1182 1534 τοῦ
1228 1479 1415 1557 Κυρίου
1459 1481 1543 1535 καὶ
1577 1486 1729 1552 Θεοῦ,
1773 1484 1861 1537 καὶ
1906 1488 2030 1536 Σω-

381 1572 542 1645 τῆρος
599 1569 754 1642 ἡμῶν
816 1564 990 1632 Ἰησοῦ
1038 1574 1263 1645 Χριστοῦ
1298 1584 1314 1599 ⁸
1373 1569 1418 1643 ᾧ
1468 1570 1660 1647 πρέπει
1710 1576 1851 1627 πᾶσα
1884 1569 2027 1645 δόξα,

382 1658 515 1732 τιμὴ
570 1658 658 1713 καὶ
714 1657 1094 1735 προσκύνησις,
1147 1658 1232 1712 ς’λν
1294 1663 1365 1730 τῷ
1407 1658 1628 1738 ἀνάρχιμ
1680 1660 1833 1716 αὐτοῦ
1871 1664 2030 1739 Πατρί

386 1748 471 1803 οιαὶ
513 1752 591 1820 τῷ
640 1747 881 1823 παναγίῳ
927 1750 1014 1803 καὶ
1061 1748 1244 1825 ἀγαθῷ
1271 1750 1361 1804 καὶ
1389 1755 1636 1823 ζωοποιῷ
1666 1752 1824 1806 αὐτοῦ
1860 1750 2027 1806 Πνεῦ-

2116 602 2230 666 que
2268 587 2624 666 auxiliatrix,
2678 605 2965 649 coercens
2998 587 3439 648 adversantium
3475 589 3758 670 impetus,

2117 685 2172 737 et
2204 677 2353 737 viam
2385 677 2457 737 ad
2490 678 2742 738 salutem
2766 686 3244 740 commonstrans
3272 701 3286 752 ;
3323 676 3547 741 deinde
3577 681 3767 742 exitus

2120 766 2236 826 mei
2284 774 2553 847 tempore
2606 775 2844 847 protege
2893 766 3170 828 miseram
3234 784 3425 828 meam
3480 769 3764 845 animam,

2120 854 2587 937 tenebrosasque
2645 856 2934 917 malorum
2990 855 3328 917 daemonum
3360 855 3584 918 formas
3625 876 3765 939 pro-

2117 944 2211 1006 cul
2245 946 2504 1024 repelle;
2541 946 2599 1006 in
2635 944 2947 1006 tremendo
2980 953 3179 1006 autem
3212 945 3543 1024 diejudicii
3566 965 3599 1008 a
3631 964 3762 1027 p03-

2119 1054 2191 1096 na
2214 1036 2578 1114 sempiterna
2628 1054 2771 1096 erue
2804 1052 2921 1108 me,
2980 1045 3037 1095 et
3061 1034 3151 1096 fac
3185 1035 3485 1097 hzeredem
3513 1035 3643 1097 Filii
3679 1037 3763 1098 tui

2116 1136 2175 1186 et
2204 1125 2311 1187 Dei
2365 1126 2551 1186 nostri
2604 1125 2925 1187 inell'abilis
2985 1125 3231 1203 gloriae;
3296 1144 3469 1204 quam
3523 1126 3761 1187 tandem

2116 1214 2436 1295 adipiscar,
2474 1213 2723 1276 Domina
2758 1233 2889 1276 mea
2943 1214 3321 1276 sanctissima
3354 1215 3629 1296 Deipara,
3666 1223 3764 1278 tua

2117 1302 2552 1367 intercessione
2585 1324 2651 1365 ac
2684 1305 2889 1383 tutela,
2924 1304 3234 1382 gratiaque
3279 1312 3339 1365 et
3399 1304 3764 1384 benignitate

2118 1393 2404 1471 unigeniti
2440 1400 2521 1455 tui
2559 1394 2713 1475 Filii,
2749 1394 3010 1468 Domini,
3047 1397 3153 1457 Dei
3187 1402 3246 1457 et
3268 1392 3598 1457 Servatoris
3628 1413 3764 1458 nos-

2119 1482 2353 1546 triJesu
2384 1484 2603 1546 Christi
2632 1504 2647 1559 ;
2683 1484 3069 1546 cuiconvenit
3097 1484 3295 1546 omnis
3321 1484 3531 1562 gloria,
3570 1486 3757 1546 honor

2115 1583 2174 1634 et
2197 1573 2484 1654 adoratio,
2523 1592 2657 1637 cum
2686 1592 2794 1635 suo
2821 1573 3086 1650 ingenito
3120 1575 3318 1654 Patre,
3352 1584 3410 1635 et
3448 1574 3763 1636 sanctissi-

2117 1679 2235 1737 mo,
2294 1661 2591 1744 bonoque,
2646 1682 2712 1724 ac
2769 1662 3003 1723 vivifico
3054 1681 3161 1723 suo
3206 1662 3458 1743 Spiritu,
3514 1682 3676 1725 nunc
3706 1671 3763 1724 et

2115 1769 2373 1832 semper,
2410 1761 2467 1814 et
2496 1756 2557 1814 in
2589 1753 2800 1815 saecula
2828 1751 3205 1816 saeculorum.
3241 1758 3455 1817 Amen.

384 1860 538 1918 ματι,
568 1846 653 1895 νῦν
711 1839 796 1895 καὶ
848 1842 953 1911 ἀεὶ,
986 1841 1074 1896 καὶ
1131 1841 1203 1903 εἷς
1247 1840 1368 1904 τοὺς
1422 1846 1610 1906 αἰῶνας
1640 1846 1743 1897 τῶν
1797 1842 2025 1901 αίώνων.
2056 1871 2093 1921 Β

383 1924 578 2002 Ἀμήν,

464 2046 560 2101 Καὶ
617 2042 704 2107 δὸς
771 2043 925 2119 ἡμῖν,
993 2044 1259 2107 Δέσποτα,
1337 2047 1465 2110 πρὸς
1550 2046 1709 2103 ὕπνον
1783 2047 2024 2104 ἀπιοῦσιν

381 2131 674 2190 ἀνάπαυσιν
706 2134 953 2209 σώματος
987 2135 1073 2189 καὶ
1132 2139 1316 2214 ψυχῆς
1355 2159 1366 2169 ·
1402 2138 1488 2191 καὶ
1521 2135 1833 2216 διαφύλαξον
1879 2139 2021 2213 ἡμᾶς

378 2222 482 2278 ἀπὸ
540 2232 631 2281 τοῦ
673 2230 894 2302 ζοφεροῦ
946 2223 1109 2280 ὕπνου
1163 2230 1261 2292 τῆς
1308 2227 1591 2305 ἁμαρτίας,
1639 2228 1724 2283 καὶ
1788 2229 1892 2283 ἀπὸ
1925 2227 2025 2283 πά-

386 2334 483 2379 σης
542 2318 816 2380 σκυτεινῆς
874 2316 961 2369 καὶ
1027 2319 1329 2394 νυκτερινῆς
1419 2313 1754 2382 ἡδυπαθείας.
1826 2320 2029 2372 Παῦτον

384 2404 476 2466 τὰς
533 2404 701 2478 ὁρμὰς
745 2409 851 2458 τῶν
898 2406 1078 2459 παθων
1115 2420 1129 2434 ⁶
1187 2401 1373 2459 σϐέσον
1416 2406 1481 2461 τά
1516 2406 1868 2485 πεπυρωμένα
1897 2406 2028 2482 βέλη

381 2499 471 2548 τοῦ
528 2500 789 2570 πονηροῦ,
845 2492 912 2547 τά
969 2490 1083 2547 καθ’
1129 2494 1285 2568 ἡμῶν
1344 2491 1531 2555 δολίως
1591 2496 1900 2570 κινούμενα·
1936 2497 2030 2560 τὰς

377 2582 474 2649 τῆς
507 2583 697 2658 σαρκὸς
742 2582 897 2656 ἡμῶν
931 2580 1315 2644 ἐπαναστάσεις
1362 2583 1734 2658 κατάστειλον,
1788 2586 1873 2640 καὶ
1926 2591 2026 2641 πᾶν

377 2669 570 2750 γεῶδες
623 2672 709 2726 καὶ
738 2670 918 2727 ὑλικὸν
948 2671 1105 2745 ἡμῶν
1150 2674 1400 2751 φρόνημα
1434 2673 1695 2748 κοίμησον
1732 2691 1743 2703 ·
1779 2676 1866 2730 καὶ
1918 2673 2026 2729 δώ-

378 2782 537 2833 ρησαι
586 2762 746 2839 ἡμῖν,
800 2762 827 2816 ὁ
886 2762 1038 2833 Θεὸς,
1076 2764 1344 2839 γρνζγορον
1374 2769 1517 2842 νοῦν,
1572 2763 1815 2842 σώρρονα
1869 2762 2024 2841 λογι-

379 2854 535 2925 σμὸν,
584 2848 795 2927 καρδίαν
853 2851 1150 2930 νήφουσαν,
1197 2850 1357 2907 ὕπνον
1389 2851 1639 2931 ἐλαφρὸν,
1705 2856 1788 2910 καί
1847 2855 2023 2920 πάσης

378 2945 665 3006 σατανικῆς
716 2940 1004 3019 φαντασίας
1061 2939 1505 3019 ἀπηλλαγμένον,
1559 2944 1923 3010 Διανάστησον
1972 2941 2027 2999 δὲ

376 3030 520 3104 ἡμᾶς
563 3028 617 3083 ἐν
646 3031 724 3102 τῷ
772 3036 941 3108 καιρὼ
984 3030 1082 3095 της
1128 3033 1465 3110 προσευχῆς,
1513 3032 1922 3111 ἐστηριγμένους
1974 3032 2027 3089 ἐν

371 3130 495 3181 ταῖς
526 3116 770 3181 ἐντολαῖς
802 3140 920 3191 σου,
956 3120 1041 3174 καὶ
1068 3120 1168 3185 τὴν
1200 3122 1421 3195 μνήμην
1453 3127 1557 3179 τῶν
1585 3128 1691 3177 σῶν
1721 3123 2021 3201 χριμάτων,

2186 2040 2324 2103 273.
2363 2042 2441 2103 Da
2476 2040 2951 2122 nobis,Domine,
2987 2040 3250 2103 cubitum
3281 2040 3753 2104 concedentibus

2108 2130 2369 2210 quietem
2402 2131 2756 2211 corporis,et
2780 2132 3133 2207 animas,eta
3159 2130 3488 2210 caliginoso
3524 2132 3759 2212 peccati

2114 2238 2324 2281 somno
2357 2239 2463 2281 nos
2494 2219 2996 2300 libera,omnique
3023 2219 3341 2282 tenebrosa
3369 2238 3437 2281 ac
3468 2229 3760 2283 nocturna

2118 2309 2388 2372 mollitie.
2427 2308 2705 2388 Reprime
2740 2310 3067 2371 motionum
3114 2310 3416 2390 impetus;
3451 2311 3761 2389 exstingue

2114 2396 2299 2477 ignita
2318 2398 2559 2479 maligni
2583 2399 2783 2479 jacula
2799 2401 3118 2461 adversum
3139 2418 3248 2461 nos
3266 2399 3474 2461 dolose
3495 2400 3713 2461 emisso
3738 2423 3753 2469 ;

2115 2489 2313 2550 carnis
2344 2498 2555 2551 nostra;
2611 2488 3006 2551 rebellionem
3060 2507 3378 2572 compone,
3428 2498 3486 2551 et
3517 2490 3755 2552 omnem

2116 2583 2622 2658 terrenam,atque
2648 2578 3017 2640 materialem
3047 2580 3105 2639 in
3141 2576 3315 2639 nobis
3340 2578 3755 2656 cogitationem

2111 2668 2277 2745 θορῆς
2313 2667 2532 2746 largire
2563 2678 2757 2728 autem
2786 2666 2980 2742 nobis,
3017 2667 3469 2742 Deus,mentem
3506 2668 3757 2747 vigilan-

2113 2758 2616 2837 tem,prudentem
2642 2754 3041 2831 intellectum,
3073 2774 3176 2817 cor
3201 2764 3454 2837 castum,
3479 2776 3757 2819 somnum

2113 2846 2393 2925 levem,et
2415 2844 2489 2906 ab
2522 2845 2683 2906 omni
2716 2842 2993 2907 Satanica
3022 2844 3441 2923 imaginatione
3473 2845 3754 2908 liberum.

2111 2936 2405 3015 Tempore
2427 2935 2710 2995 orationis
2730 2933 2804 2995 de
2826 2952 3037 2995 somno
3072 2933 3262 2995 excita
3285 2941 3481 3014 nos,in
3518 2935 3757 2996 manda-

2113 3026 2187 3085 tis
2222 3024 2339 3086 tuis
2371 3024 2678 3096 firmatos;
2711 3034 2771 3084 et
2802 3022 2988 3097 fac,ut
3019 3022 3366 3086 memoriam
3397 3032 3634 3087 tuorum
3659 3025 3761 3105 ju-

2114 3114 2407 3177 diciorum
2441 3112 2832 3175 indelebilem
2899 3130 3228 3176 servemus.
3284 3111 3365 3173 Da
3400 3112 3572 3176 nobis
3601 3132 3757 3195 quo-

371 3206 424 3264 ὲν
471 3210 680 3272 ἑαυτοῖς
741 3207 1177 3287 ἀπαράθραυστον
1217 3207 1467 3289 ἔχοντας,
1520 3212 1815 3291 Παννύχιον
1884 3214 2022 3284 ἡμῖν

2111 3224 2246 3285 que,
2276 3213 2341 3265 ut
2368 3222 2475 3284 per
2526 3212 2762 3265 noctem
2798 3211 2973 3265 totam
3007 3203 3383 3265 celebremus
3414 3213 3473 3265 et
3502 3202 3755 3266 benedi-

371 3308 470 3366 την
527 3296 831 3375 δοξολογίαν
887 3297 1135 3378 χάρισαι,
1197 3300 1269 3362 εἷς
1326 3302 1388 3354 τὸ
1445 3301 1632 3376 ὑμνεῖν
1668 3302 1755 3357 καὶ
1786 3300 2025 3380 εὐλογεῖν

2111 3314 2316 3358 camus
2342 3304 2517 3375 atque
2577 3294 2981 3372 gloriﬁcemus
3031 3301 3347 3373 augustum
3388 3301 3449 3355 et
3482 3296 3754 3373 magniﬁ-

368 3390 456 3445 καὶ
514 3386 746 3458 δοξαζειν
799 3388 858 3443 τὸ
916 3388 1179 3461 πάντιμον
1246 3391 1332 3444 καὶ
1394 3389 1798 3469 μεγαλοπρεπὲς
1859 3391 2025 3466 ὄνομά

2111 3402 2245 3445 cum
2273 3400 2493 3445 nomen
2527 3391 2718 3455 tuum,
2755 3382 2946 3445 Patris
2977 3392 3036 3446 et
3066 3383 3197 3447 Filii
3232 3393 3292 3445 et
3333 3383 3521 3446 sancti
3554 3384 3753 3466 Spiri-

370 3498 487 3553 σου,
520 3482 612 3532 τοῦ
640 3477 868 3553 Πατρὸς,
904 3478 993 3534 καὶ
1024 3485 1116 3534 τοῦ
1166 3479 1307 3551 Υἱοῦ,
1361 3479 1450 3534 καὶ
1492 3487 1585 3537 τοῦ
1642 3480 1790 3558 ἁγίου
1855 3482 2025 3536 Πνεύω

2111 3481 2223 3548 tus,
2259 3490 2418 3535 nunc
2458 3479 2520 3535 et
2574 3490 2837 3553 semper,
2891 3480 2951 3535 et
2993 3473 3056 3534 in
3099 3472 3315 3536 saecula
3374 3475 3753 3537 saeculorum.

369 3588 562 3641 ματος,
595 3575 682 3624 νῦν
713 3566 801 3621 καὶ
834 3565 941 3641 ἀεὶ,
974 3567 1062 3623 καὶ
1117 3566 1190 3629 εἷς
1243 3567 1363 3631 τοὺς
1426 3568 1618 3631 αἰῶνας
1655 3574 1758 3623 τῶν
1794 3569 2022 3631 αἰώνων,
2109 3564 2324 3628 Amen.

368 3655 569 3730 Ἀμήν.

454 3748 551 3803 Καὶ
607 3746 807 3825 γίνεται
883 3741 1163 3823 ἀπόλυσις,
1242 3749 1331 3804 καὶ
1382 3749 1418 3815 ἡ
1486 3746 1829 3829 συγχώρησις
1883 3747 2022 3824 παρὰ

370 3844 463 3893 τοῦ
496 3834 675 3915 ἱερέως
686 3884 700 3899 ,

2188 3740 2343 3896 [fitﬁt
2372 3739 2661 3817 dimissio,
2700 3754 2759 3805 et
2798 3742 3154 3805 delictorum
3211 3743 3445 3806 veniam
3480 3742 3624 3825 petit
3650 3762 3751 3806 sa-

2188 3851 2207 3895 r
2252 3852 2341 3895 os.

2104 3851 2341 3896 (381⁵008.

495 4016 596 4075 74.
647 4012 837 4078 Coum.
883 4013 992 4078 Hic
1026 4022 1230 4077 monet
1275 4014 1687 4096 Horologium,
1727 4015 1899 4096 illum
1950 4012 2139 4096 veniae
2188 4011 2462 4096 petendae
2490 4012 2670 4072 ritum
2705 4010 3092 4091 quaerendum
3119 4030 3257 4076 esse
3282 4030 3355 4075 ex
3393 4012 3753 4095 Appodipno

374 4096 626 4177 majore,
667 4098 829 4158 unde
862 4114 981 4158 non
1007 4096 1301 4176 gravabor
1322 4097 1490 4159 illum
1511 4094 1892 4159 describere.
1927 4095 2025 4159 Sic
2057 4112 2199 4173 ergo
2233 4094 2432 4158 habet.

452 4280 690 4347 Ποιήσας
738 4280 766 4333 ὁ
820 4276 1091 4353 προεστὼς
1156 4274 1441 4350 μετάνοιαν
1528 4277 1615 4332 ἐπὶ
1684 4278 1811 4353 γῆς,
1878 4275 2020 4354 λέγει

2184 4272 2541 4355 Ριοεεροείιυε
2570 4270 2865 4335 inclinans
2896 4290 2961 4333 se
2992 4271 3064 4332 ad
3121 4278 3338 4335 terram
3380 4292 3568 4354 usque
3607 4273 3748 4336 dicit

363 4379 487 4431 τοῖς
542 4366 792 4446 ἀδελφοῖς
828 4383 840 4395 ·
895 4363 1203 4441 Εῦλογεττε,
1237 4363 1462 4441 πατέρες
1507 4365 1683 4443 ἅγιοι,
1735 4368 2021 4445 συγχωρή-

2111 4362 2386 4423 fratribus
2410 4380 2424 4421 :
2448 4359 3034 4432 Benedicite,Patres
3051 4362 3566 4439 sancti,ignoscite
3598 4364 3745 4426 mihi

364 4457 491 4514 σατέ
538 4479 628 4532 μοι
684 4456 761 4530 τῷ
817 4452 1124 4532 ἀμαρτολῴ.
1199 4455 1294 4511 Καὶ
1350 4455 1396 4509 οἱ
1440 4453 1707 4532 ἀδελφοί·
1770 4453 1829 4513 Ὀ
1887 4457 2018 4519 Θεὸς

2111 4451 2426 4532 peccatori.
2464 4453 2535 4512 Et
2566 4452 2776 4512 fratres
2813 4470 2827 4511 :
2887 4452 3045 4513 Deus
3088 4453 3355 4530 ignoscet
3408 4452 3537 4529 tibi,
3580 4456 3755 4517 Pater

358 4548 702 4628 συγχωρήσει
732 4567 840 4626 σοι,
876 4548 1048 4622 Πάτερ
1079 4542 1219 4620 ἅγιε.
1285 4544 1382 4601 Καὶ
1429 4542 1689 4623 ἄρχονται
1752 4547 1797 4600 οἱ
1855 4542 2018 4600 ἀδελ-

2111 4554 2328 4605 sancte.
2365 4541 2435 4602 Et
2466 4541 2758 4622 incipiunt
2813 4542 3032 4603 fratres
3079 4559 3113 4601 a
3145 4542 3390 4604 dextero
3421 4553 3480 4605 et
3510 4544 3751 4608 sinistro

356 4639 445 4717 φοὶ
475 4637 580 4693 ἀπὸ
610 4643 702 4694 τοῦ
749 4634 916 4702 δεξιοῦ
975 4635 1063 4691 καὶ
1120 4633 1396 4713 ἀριστεροῦ
1454 4640 1623 4713 χοροῦ
1680 4636 1815 4689 κατὰ
1871 4634 2014 4699 τάξιν

358 4737 439 4791 εἴς
484 4727 571 4782 καὶ
601 4726 688 4789 εἷς
721 4738 902 4782 ποιεῖν
947 4724 1172 4803 ὁμοίως,
1220 4724 1311 4781 καὶ
1354 4724 1614 4778 αἰτεῖσθαι
1649 4727 1736 4780 καὶ
1794 4722 2013 4798 λαμϐά-

359 4837 467 4872 νειν
523 4815 894 4895 συγχώρησιν,
954 4816 1148 4894 μέχρις
1217 4813 1278 4869 ἂν
1337 4812 1694 4894 πληρωθῶσιν
1755 4814 2008 4881 ἅπαντες.

360 4905 423 4963 ’0
455 4902 511 4959 δὲ
563 4907 727 4977 ἱερεὺς
772 4905 966 4984 λέγει’
1032 4903 1319 4980 Εῦξώμεθα
1376 4904 1505 4981 ὑπὲρ
1567 4906 1674 4961 τῶν
1730 4903 2015 4983 ὀρθοδόξων

361 4998 716 5072 Χριστιανῶν.
784 4997 880 5053 Καὶ
938 4992 1152 5061 ἀδελφοὶ
1208 5001 1448 5075 συνεχῶς
1506 4996 1591 5074 τὸ,
1643 4996 1818 5073 Κύριε,
1854 4995 2016 5063 ἐλέη-

362 5106 478 5142 σον.
516 5080 681 5162 ’Υπὲρ
712 5081 1011 5147 εῦοδώσεως
1045 5086 1130 5141 καὶ
1175 5084 1505 5165 ἐνισχύσεως
1548 5092 1641 5141 τοῦ
1673 5083 2018 5165 φιλοχρίστου

361 5181 607 5253 στρατοῦ.
639 5171 803 5253 ’Υπὲρ
826 5180 920 5231 τοῦ
943 5174 1369 5254 ἀρχιεπισκόπου
1390 5177 1547 5249 ἡμῶν
1557 5223 1574 5248 ,
1600 5176 1686 5232 καὶ
1716 5175 1892 5242 πάσης
1917 5182 2016 5244 τῆς

363 5263 417 5317 ἐν
450 5268 657 5344 Χριστῴ
685 5265 842 5340 ἡμῶν
874 5262 1257 5345 ἀδελφότητος,
1306 5262 1469 5343 ’Υπὲρ
1511 5272 1618 5322 τῶν
1659 5264 2014 5345 ἀπολειφθὲν-

364 5374 468 5408 των
515 5355 755 5432 πατέρων
807 5358 896 5412 καὶ
951 5353 1192 5434 ἀδελφῶν
1250 5360 1425 5430 ἡμῶν,
1480 5353 1643 5432 ’Υπὲρ
1691 5360 1797 5411 τῶν
1825 5354 2014 5413 διακο-

363 5444 590 5500 νούντων
619 5446 706 5501 καὶ
737 5443 1164 5511 διακονησάντων
1224 5446 1385 5513 ἡμῖν.
1439 5442 1602 5524 ’Υπὲρ
1632 5452 1736 5502 τῶν
1791 5448 2013 5519 μισθόν..

361 5554 466 5588 των
523 5536 611 5589 καὶ
648 5534 979 5611 ἀγαπώντων
1032 5536 1200 5609 ἡμᾶς.
1267 5532 1430 5613 ’Υπὲρ
1472 5538 1577 5591 τῶν
1627 5534 2014 5612 ἐντειλαμὲνων

358 5623 495 5696 ἡμῖν
556 5636 674 5687 τοῖς
734 5623 965 5689 ἀναξίοις
1044 5621 1291 5703 εὔχεσθαι
1378 5625 1507 5703 ὑπὲρ
1567 5629 1760 5688 αὖτώδ,
1850 5625 2013 5706 ’Υπὲρ

354 5711 686 5790 ἀναῤῥύσεως
745 5718 853 5769 τῶν
898 5713 1293 5792 αἱχμαλώτων.
1357 5713 1517 5794 ’Υπὲρ
1550 5722 1655 5771 τῶν
1706 5719 1758 5772 ἐν
1809 5714 2011 5771 θαλάσ-

2100 4630 2283 4692 choro
2306 4631 2641 4694 secundum
2662 4629 2939 4692 ordinem
2971 4631 3190 4708 singuli
3206 4631 3402 4693 facere
3416 4634 3749 4695 consimili-

2098 4728 2190 4782 ter
2202 4723 2420 4783 etalter
2430 4720 2502 4781 ab
2516 4721 2701 4783 altero
2716 4720 3290 4801 petere,etaccipere
3305 4723 3749 4789 veniam.donec

2099 4829 2311 4872 omnes
2342 4809 2721 4872 absolverint.
2776 4807 2927 4871 Tum
2957 4810 3235 4871 sacerdos
3264 4810 3410 4871 dicit
3441 4832 3453 4873 :
3494 4810 3750 4876 Oremus

2101 4919 2206 4982 pro
2231 4900 2589 4963 Christianis
2618 4906 2782 4960 recte
2806 4895 3223 4961 sentientibus.
3253 4899 3324 4960 Et
3356 4899 3567 4961 fratres
3596 4902 3745 4961 assi-

2100 4989 2967 5070 due,Domine,miserere.Pro
2990 4986 3151 5049 felici
3176 4987 3415 5064 itinere,
3450 4997 3511 5051 et
3533 4987 3750 5054 robore

2103 5080 2426 5144 Christiani
2449 5080 2770 5141 exercitus.
2809 5078 2922 5139 Pro
2955 5077 3407 5159 archiepiscopo
3430 5088 3659 5162 nostro,
3690 5091 3752 5144 et

2101 5179 2220 5233 tota
2239 5180 2444 5233 nostra
2466 5170 2524 5231 in
2544 5169 2779 5233 Christo
2800 5167 3189 5230 fraternitate.
3219 5167 3328 5229 Pro
3366 5169 3657 5251 patribus,
3690 5180 3750 5234 et

2101 5262 2385 5326 fratribus
2411 5263 2632 5323 nostris
2654 5256 2981 5321 derelictis.
3003 5260 3114 5319 Pro
3140 5258 3557 5338 omnibus,qui
3578 5262 3749 5323 nobis

2098 5351 2386 5426 serviunt,
2429 5360 2485 5412 et
2517 5350 2871 5412 servierunt.
2912 5351 3022 5411 Pro
3056 5347 3416 5432 habentibus
3446 5369 3553 5411 nos
3585 5352 3745 5432 odio,

2097 5454 2157 5507 et
2184 5443 2547 5505 amantibus.
2583 5439 2693 5501 Pro
2745 5438 3048 5513 omnibus,
3080 5438 3183 5516 qui
3210 5428 3254 5501 ῗι
3292 5438 3464 5500 nobis
3488 5428 3746 5519 indignis

2099 5532 2398 5615 petierunt
2429 5550 2534 5610 pro
2558 5548 2621 5591 se
2656 5533 2837 5590 orari.
2887 5531 2997 5589 Pro
3029 5528 3447 5608 redemptione
3479 5531 3742 5606 captivo-

2096 5642 2253 5685 rum.
2281 5625 2396 5684 Pro
2421 5616 2830 5698 navigantibus
2877 5617 2937 5679 in
2982 5619 3150 5679 mari.
3186 5618 3298 5679 Pro
3315 5618 3650 5696 iacentibus
3682 5616 3742 5678 in

2098 5711 2583 5777 infirmitate.Pro
2619 5708 2896 5771 ubertate
2918 5708 3216 5771 fructuum
3243 5716 3436 5769 terrae.
3474 5708 3586 5769 Pro
3619 5725 3743 5767 om-
