4176 6392
1428 297 1876 364 ACOLUTHIA
1921 300 2308 363 TRIPLlCIS
2353 296 2592 362 FESTI.

3412 311 3755 362 GCCLXXXIX

441 431 590 498 278.
625 433 748 497 Sed
780 435 838 494 in
870 433 1202 511 quaestione
1233 434 1365 498 facti
1426 434 1802 517 particularis
1850 435 2020 497 facile
2044 444 2078 491 Α
2108 435 2434 512 procedere
2453 452 2559 515 per
2581 431 2821 509 Filium,
2843 441 2902 494 et
2932 432 3047 496 ait:
3079 457 3106 489 α
3153 431 3279 494 Hoc
3305 430 3518 511 dogma
3559 429 3745 495 Tara-

351 541 556 585 errare
579 524 765 604 potuit
794 523 1136 585 concilium.
1168 523 1352 587 Multo
1390 525 1625 585 facilius
1657 541 1861 586 errare
1898 545 2005 605 pr...

353 613 647 692 tuiegoin
709 613 956 694 hujusce
1011 614 1186 676 «καὶνῆ
1248 613 1516 694 partibus
1569 614 2009 693 conjungendis

352 701 866 784 explicandisque;
903 721 1098 783 neque
1119 703 1505 784 dubito,quin
1540 705 1864 765 erraverim
1882 723 2010 784 per-

352 809 509 872 saepe
545 809 560 853 ε
594 790 727 872 quis
754 791 911 852 enim
949 799 1063 854 tam
1098 791 1352 868 linceus,
1387 794 1489 873 qui
1523 795 1579 853 in
1625 793 1801 854 tantis
1833 803 2001 856 tene-

355 880 474 942 bris
505 898 794 961 nusquam
830 880 1120 953 offendat,
1152 900 1439 962 nusquam
1477 881 1781 944 incurrat?
1812 881 2003 954 Quare

351 988 456 1031 oro
499 970 798 1031 eruditum
836 969 1215 1043 lectorem,ut
1249 990 1400 1051 quos
1421 969 1892 1051 deprehenderit
1916 990 2002 1032 er-

350 1077 537 1132 rores,
577 1058 719 1119 mihi
743 1058 1016 1122 indicare
1039 1079 1112 1122 ne
1132 1064 1584 1137 gravetur.Rem
1609 1068 1832 1138 gratam
1861 1077 2004 1140 prae-

350 1148 566 1210 stiterit
595 1157 822 1230 parato,
858 1151 959 1230 qui
997 1151 1286 1227 corrigam
1319 1171 1330 1212 :
1362 1170 1494 1212 nam
1528 1155 1616 1225 (ut
1643 1151 1852 1230 loquar
1874 1170 2006 1212 cum

350 1237 411 1300 S.
440 1239 774 1317 Augustino
802 1239 863 1300 in
892 1239 1424 1319 prommiolibrifn,
1451 1240 1521 1301 de
1549 1238 1840 1320 Trinit.)»
1877 1260 2005 1300 ma-

348 1325 438 1404 gis
459 1326 674 1407 optabo
698 1347 731 1388 a
747 1327 1013 1408 quolibet
1045 1330 1430 1408 reprehendi,
1458 1348 1634 1410 quam
1660 1329 1785 1392 sive
1807 1330 1878 1390 ab
1903 1349 2003 1391 er—

348 1427 542 1488 rante,
583 1419 707 1480 sive
739 1419 811 1479 ab
845 1417 1121 1480 adulantc
1155 1418 1379 1480 laudari
1419 1437 1432 1480 :
1473 1420 1672 1480 nullus
1713 1418 1868 1480 enim
1903 1439 2003 1480 re-

348 1507 682 1585 prehensor
712 1507 1014 1568 timendus
1045 1516 1133 1569 est
1164 1509 1414 1569 amatori
1436 1509 1895 1572 veritatis.»Hoc
1922 1517 1992 1570 ta-

351 1613 488 1656 men
523 1615 758 1676 mnneo,
793 1600 1101 1672 antiquum
1129 1599 1467 1660 Graecorum
1497 1598 2004 1680 Ofticium,neque

347 1685 422 1746 ad
457 1686 880 1764 Anthologium
917 1688 1159 1748 Antonii
1195 1687 1438 1748 Arcadii
1476 1707 1668 1768 neque
1702 1688 1771 1749 ad
1807 1690 2001 1749 Horo—

2094 525 2216 584 sius
2249 544 2360 584 non
2381 543 2487 602 per
2517 542 2582 585 se
2613 521 2968 603 explanavit,
3004 522 3109 584 sed
3144 540 3249 602 per
3270 521 3598 583 doctrinam
3626 524 3730 588 SS.

2095 612 2330 674 Patrum
2356 614 2660 674 confessus
2683 621 2791 673 est.
2809 612 3271 674 aConsulictia'u
3303 614 3568 692 potestS.
3588 611 3741 674 'l‘ho-

2098 719 2220 762 mas
2255 721 2287 781 p
2346 721 2384 781 1,
2421 722 2475 783 q.
2515 702 2615 780 36,
2643 711 2750 762 art.
2787 703 2844 762 3.
2885 700 3041 761 Nihil
3076 709 3269 761 autem
3331 700 3389 759 in
3423 702 3573 762 hanc
3608 722 3731 763 rem

2096 792 2510 870 potestatl'erri
2535 791 2848 852 illustrius.
2881 809 3049 870 qaam
3072 789 3154 865 id,
3182 790 3336 868 quod
3364 789 3424 850 in
3452 809 3556 850 sua
3580 793 3739 852 Con-

2089 879 2414 960 stitutione,
2459 878 2842 960 «Presbyteri
2895 878 3108 960 Graeci,
3163 903 3188 934 n
3241 879 3414 939 habet
3470 880 3746 942 Clemens

2090 966 2236 1030 Vlll.
2279 994 2303 1024 α
2343 969 2531 1032 Graeci
2565 969 2781 1049 inquit,
2832 969 3083 1029 credere
3141 977 3439 1041 tenentur,
3475 970 3651 1029 etiam
3714 989 3747 1030 a

2094 1057 2243 1120 Filio
2263 1059 2548 1138 Spiritum
2575 1067 2843 1120 sanctum
2879 1057 3229 1137 procedere,
3253 1058 3355 1118 sed
3390 1077 3506 1118 non
3541 1070 3745 1120 tenen-

2093 1155 2188 1208 tur
2220 1148 2632 1227 pronuntiare,
2671 1147 2779 1208 nisi
2835 1145 3108 1208 subesset
3139 1147 3526 1223 scandalum;
3591 1168 3743 1227 prie-

2092 1239 2296 1297 sertim
2350 1239 2398 1298 si
2462 1239 2680 1316 degant
2740 1237 2898 1297 inter
2949 1235 3212 1317 Latinos,
3265 1245 3363 1296 aut
3426 1240 3747 1299 necessitas

2092 1328 2414 1406 postularet
2445 1326 2769 1387 confitendi
2803 1326 2978 1388 fidem
3014 1327 3392 1401 catholicam,
3429 1327 3565 1407 quia
3610 1335 3746 1388 tunc

2089 1425 2388 1495 oporteret
2411 1416 2586 1477 etiam
2623 1417 3034 1495 pronuntiare.
3065 1440 3090 1470 υ

2167 1506 2308 1568 Q80.
2339 1506 2540 1582 Igitur,
2574 1525 2707 1566 cum
2735 1506 2831 1567 hic
2851 1506 3114 1566 scandali
3184 1506 3510 1586 periculum
3547 1506 3748 1567 abfue-

2087 1596 2183 1667 rit,
2214 1595 2289 1654 ob
2325 1595 2477 1655 istud
2513 1595 2588 1656 de
2624 1595 3010 1675 processione
3042 1614 3109 1656 ex
3144 1594 3296 1658 Filio
3318 1593 3748 1676 silentium,or-

2091 1685 2373 1746 thodoxia
2393 1684 2640 1746 Joannis
2665 1685 2726 1745 in
2746 1684 3150 1765 suspicionem
3172 1685 3368 1744 vocari
3391 1704 3507 1744 non
3534 1694 3744 1764 potest:

349 1773 576 1853 logium
604 1773 1110 1855 Cryptae-ferratze
1141 1776 1370 1838 ordinis
1389 1776 1449 1839 S.
1478 1778 1700 1853 Basilii,
1729 1788 2001 1858 tanquam
2031 1805 2065 1852 Β
2091 1773 2359 1853 adeoque
2393 1792 2503 1835 nec
2535 1773 2662 1854 ipsa
2693 1773 2984 1836 institutio
3009 1774 3160 1846 festi,
3214 1774 3624 1854 ordinatiuque
3654 1774 3746 1834 of—

347 1862 420 1924 ad
451 1883 619 1925 suam
654 1883 945 1939 normam,
977 1865 1334 1946 exigendum
1367 1885 1502 1929 esse
1535 1887 1549 1926 '.
1589 1869 1726 1948 quia
1757 1868 1870 1929 hoc
1894 1867 2006 1932 Ho-

344 1952 638 2032 rologium
693 1953 907 2015 ritibus
961 1956 1186 2016 Latinis
1245 1955 1609 2017 conformius
1661 1967 1772 2031 est,
1829 1976 2000 2038 quam

352 2041 577 2104 Graecis
613 2059 626 2104 :
661 2041 810 2104 illud
836 2051 1034 2106 autem
1067 2045 1488 2124 Anthologium
1526 2054 1750 2108 tantum
1785 2056 1872 2108 est
1901 2065 2005 2128 pro

360 2130 459 2203 iis,
499 2151 526 2190 ι
561 2131 659 2212 qui
684 2131 796 2193 iter
819 2141 1061 2210 agentes
1093 2151 1194 2195 seu
1244 2152 1493 2215 peregre
1527 2135 2000 2214 proficiscentes,

345 2228 722 2297 aegrotantes,
765 2222 849 2282 vel
882 2222 1027 2284 alia»-
1054 2222 1318 2303 legitime
1350 2224 1645 2304 impediti,
1699 2227 1882 2288 choro
1916 2232 2007 2286 in-

350 2318 584 2372 teresse
614 2319 941 2391 nequeunt,
983 2334 1008 2369 vi
1042 2319 1106 2373 ut
1140 2316 1303 2392 patet
1332 2331 1398 2373 ex
1427 2313 1643 2375 litteris
1691 2312 2014 2377 Clementis

346 2418 517 2480 papae
542 2399 672 2462 Vlll
694 2399 769 2461 ad
804 2401 1074 2481 ejusdem
1106 2400 1451 2482 Anthologti
1513 2402 1739 2464 calcem
1804 2405 2008 2483 legen-

343 2488 464 2551 dis.
1449 2535 1451 2538 -

423 2577 573 2642 279.
614 2580 699 2643 De
730 2578 1127 2659 hujusfoﬂicii
1149 2587 1397 2644 auctore
1445 2583 1674 2642 Joanne
1724 2580 2008 2644 Euchaita

345 2666 625 2731 dubitare
656 2669 873 2750 poterit
893 2667 1134 2750 aliquis,
1192 2669 1640 2732 orthodoxusne
1697 2669 1901 2746 fuerit,
1933 2690 2006 2733 an

341 2758 658 2821 haereticus
691 2775 706 2819 :
735 2759 1068 2840 quia,num.
1110 2761 1248 2834 186,
1276 2760 1501 2823 diserte
1533 2759 1838 2822 affirmans
1861 2779 2002 2842 pro-

340 2847 671 2911 cessionem
704 2846 965 2929 Spiritus
993 2867 1024 2909 a
1051 2851 1220 2911 Patre
1272 2857 1430 2912 tacet
1459 2850 1532 2912 de
1561 2849 1711 2912 Filio
1739 2871 1754 2926 ;
1811 2869 2001 2931 eoque

2091 1863 2237 1938 ficii,
2273 1882 2526 1943 quorum
2557 1881 2731 1925 causa
2763 1863 2886 1925 haec
2923 1862 3407 1942 tr.ictaviuins,ad
3442 1863 3618 1924 trium
3645 1865 3749 1922 do-

2091 1963 2318 2014 ctorum
2352 1951 2694 2015 Graecorum
2728 1971 3106 2014 communem
3140 1953 3400 2013 laudem.
3437 1954 3559 2014 Nec
3585 1954 3744 2013 enim

2091 2043 2177 2103 fas
2211 2049 2284 2103 sit
2306 2043 2564 2122 opinari,
2602 2061 2706 2103 eos
2731 2061 2796 2104 se
2820 2043 3078 2103 voluisse
3113 2060 3218 2120 per
3240 2042 3544 2103 hominem
3564 2042 3749 2104 haere-

2101 2134 2280 2194 ticum
2319 2132 2420 2192 toti
2449 2131 2737 2196 Orientali
2769 2132 3050 2194 Ecclesiae
3092 2132 3538 2206 commendare,
3593 2133 3750 2194 velut

2098 2242 2167 2284 ex
2201 2222 2564 2284 revelatione
2593 2222 2877 2283 divinitus
2910 2223 3078 2283 facta.
3137 2223 3364 2283 Maneat
3401 2221 3578 2284 etiam
3639 2241 3748 2282 no-

2097 2313 2502 2393 bistoanncs,
2539 2331 2608 2373 eo
2642 2312 2801 2390 quod
2836 2330 2871 2373 a
2900 2311 3125 2376 Grmcis
3159 2312 3295 2389 jure
3319 2309 3744 2390 appellabatur,

2102 2427 2124 2459 (ι
2160 2411 2394 2463 sanctus
2424 2405 2602 2464 Pater
2624 2412 2888 2481 noster-3
2927 2401 3067 2462 licet
3091 2401 3341 2461 necdum
3374 2410 3742 2481 compertum

2095 2499 2190 2561 sit,
2216 2512 2288 2553 an
2313 2501 2369 2554 et
2392 2512 2507 2572 quo
2531 2491 2823 2554 diefuerit
2845 2511 2874 2551 a
2916 2492 3042 2552 suis
3087 2489 3382 2551 Euchaitis
3433 2492 3651 2571 cultus,
3686 2501 3748 2552 ut

2094 2583 2249 2658 talis;
2275 2591 2327 2641 et
2354 2582 2678 2642 credantur
2699 2579 2886 2640 sancti
2909 2579 3044 2657 ipsi,
3067 2597 3138 2640 ea
3164 2579 3296 2640 novi
3331 2578 3428 2640 sui
3481 2579 3618 2641 festi
3647 2581 3744 2642 in-

2092 2672 2419 2749 stitutione,
2461 2669 2748 2749 ipsismet,
2781 2668 2885 2748 qui
2918 2667 3064 2728 illud
3099 2675 3242 2730 tunc
3275 2671 3612 2748 suscepturi
3645 2689 3746 2731 es-

2092 2768 2247 2834 sent,
2277 2759 2519 2833 Graecis,
2548 2766 2823 2838 tanquam
2858 2756 2994 2817 ﬁdei
3031 2774 3148 2818 ase
3173 2756 3504 2836 praedicata:
3545 2766 3744 2820 secta-

2088 2849 2341 2923 toribus,
2409 2847 2814 2909 testimonium
2864 2846 3104 2907 dedisse
3162 2846 3550 2918 orthodoxiae,
3610 2847 3752 2909 licet

343 2945 536 3020 potest
560 2937 619 2999 in
645 2937 1049 3018 suspicionem
1075 2937 1301 3016 venire,
1326 2958 1401 3001 ne
1423 2940 1732 3004 communi
1756 2939 1997 3004 Graeco-
2085 2941 2277 3022 quoad
2315 2939 2469 3000 istud
2497 2945 2786 3019 punctum
2823 2934 3018 2996 minus
3049 2935 3362 3017 explicitas,
3430 2936 3741 2999 dilucida;-

341 3045 474 3089 rum
509 3027 769 3108 plurium
801 3045 1006 3090 errore
1039 3028 1317 3091 eumdem
1341 3048 1374 3090 a
1404 3028 1554 3092 Filio
1586 3048 1826 3114 quoque
1855 3049 1996 3111 pro-

345 3116 563 3218 cedere
592 3135 710 3178 non
731 3116 1077 3218 crediderit.
1116 3119 1323 3218 Error,
1388 3120 1603 3193 fateor,
1650 3119 2000 3218 hic_fuisset
2023 3168 2064 3218 ο

342 3207 558 3286 gravis,
595 3206 920 3288 etquidem
943 3207 1066 3286 jam
1121 3216 1242 3269 tum
1275 3208 1594 3293 damnatus
1643 3228 1678 3270 a
1736 3209 2004 3273 Romana

343 3293 640 3368 Ecclesia;
673 3295 777 3357 sed
806 3314 877 3358 ex
902 3296 1011 3357 isto
1036 3295 1296 3372 silentio,
1332 3298 1544 3360 Joanni
1571 3298 1658 3359 illi
1708 3301 2005 3362 haereseos

343 3391 482 3446 nota
510 3384 767 3446 affricari
800 3402 918 3446 non
951 3391 1163 3464 potest.
1204 3383 1348 3446 Nam
1381 3388 1477 3464 (ut
1507 3395 1596 3448 est
1626 3387 1780 3466 apud
1813 3387 1967 3450 Baro
1995 3424 2002 3431 -

349 3474 510 3536 nium
535 3483 676 3537 tom.
703 3472 779 3536 IX
803 3473 878 3536 ad
903 3492 998 3535 an.
1030 3474 1168 3552 791)
1191 3472 1404 3550 Graeci,
1429 3475 1698 3538 dicentes
1714 3475 2001 3556 Spiritum

344 3572 615 3627 sanctum
642 3582 674 3626 a
705 3566 880 3627 Patre
903 3561 1259 3643 procedere,
1281 3563 1385 3626 sed
1418 3584 1538 3626 non
1569 3575 1856 3645 negantes
1875 3586 2009 3649 pro-

345 3653 820 3735 cedereaFilio,
855 3671 975 3714 non
1007 3652 1349 3729 demantur;
1397 3655 1501 3717 sed
1555 3653 1641 3716 illi
1696 3655 2006 3742 duntaxat,

345 3745 448 3826 qui
471 3743 532 3806 id
555 3751 798 3824 negant.
825 3745 1022 3824 Atque
1050 3743 1162 3804 hoc
1190 3744 1364 3806 modo
1388 3744 1696 3807 Adrianus
1741 3765 1912 3827 papa,
1947 3749 2006 3810 in

347 3833 846 3917 responsionibcs
866 3833 939 3896 ad
963 3832 1242 3896 Carolum
1257 3835 1535 3912 Magnum
1557 3835 1710 3898 datis
1724 3837 2009 3900 adversus

348 3925 554 4007 synodi
581 3943 650 3988 se
666 3923 867 3987 :undm
882 3921 1138 3987 Nicaeum
1159 3923 1590 3989 obtrectatores
1621 3937 1866 3990 excusat
1893 3929 2007 3991 Ta-

347 4016 596 4098 rasium,
629 4014 734 4096 qui
767 4012 1056 4097 Spiritum
1081 4021 1350 4079 sanctum
1413 4016 1644 4080 dixerat
1699 4034 1770 4081 ex
1835 4016 2013 4083 Patre

2085 3050 2221 3113 que,
2258 3029 2475 3093 Orctur
2503 3033 2699 3089 autem
2737 3026 3000 3107 ipsorum
3035 3026 3341 3088 doctorum
3377 3024 3542 3106 trias,
3578 3037 3642 3088 ut
3672 3028 3742 3089 ad

2091 3122 2227 3183 ﬁdei
2261 3119 2571 3183 catholicae
2615 3115 2833 3177 unitate
2866 3144 2920 3191 ιε,
2982 3134 3156 3197 quam
3224 3115 3336 3196 ipsi
3394 3123 3739 3198 tenuerunt,

2089 3212 2344 3273 redeant
2376 3226 2590 3271 Omnes
2620 3206 2840 3287 ubique
2874 3225 3081 3268 eorum
3107 3206 3352 3286 posteri,
3381 3205 3597 3286 quibus
3624 3215 3746 3268 tam

2089 3301 2330 3364 salutari
2363 3300 2632 3360 docti-ina
2660 3295 2806 3356 olim
2829 3296 2941 3356 frui
2971 3303 3030 3355 et
3060 3295 3368 3357 informari
3407 3295 3570 3356 licuit
3619 3316 3631 3356 :
3680 3317 3746 3358 ac

2089 3392 2242 3454 salva
2296 3390 2513 3451 rituum
2547 3388 2687 3448 hinc
2711 3384 2888 3445 illinc
2924 3384 3302 3446 laudabiliter
3343 3387 3743 3448 institutorum

2090 3480 2455 3558 diversitate,
2515 3490 2627 3539 tam
2665 3475 2752 3537 illi
2808 3483 3157 3536 reverenter
3214 3475 3542 3553 suspiciant
3592 3478 3747 3538 Lati-

2091 3589 2304 3646 norum
2335 3568 2664 3629 ofﬁciorum
2700 3581 2938 3624 cursum
2990 3563 3353 3637 breviorem,
3411 3583 3584 3645 quam
3637 3565 3744 3627 La.

2093 3661 2200 3725 tiui
2226 3656 2477 3741 probant
2535 3653 2914 3735 prolixiorem
2969 3654 3310 3714 Graecorum
3364 3653 3476 3714 hoc.
3529 3663 3743 3716 tracta-

2095 3760 2152 3811 tu
2187 3746 2574 3828 explicatum,
2631 3743 2702 3804 ad
2768 3741 2900 3821 ejus
2943 3741 3255 3815 honorem,
3313 3761 3488 3822 quem
3551 3745 3747 3806 omnis

2091 3840 2290 3919 lingua
2324 3835 2520 3899 laudat
2558 3832 2904 3904 Dominum,
2969 3831 3027 3890 in
3086 3829 3304 3891 saecula
3362 3833 3743 3896 saeculorum.

2094 3931 2306 3992 Arnen.

958 4372 1059 4438 DE
1105 4374 1574 4440 RECENTIORI
1619 4377 2054 4461 TRIBUSQUE
2094 4379 2540 4448 GRECORUM
2604 4371 3102 4450 DOCTORIBUS,

720 4574 1254 4698 BASILIO,
1346 4580 2130 4683 NAZIANZENO
2215 4584 2370 4678 ET
2449 4577 3412 4692 CHRYSOSTOMO,

1717 4803 2075 4870 COMMUNI
2135 4803 2394 4879 FESTO,

543 4977 656 5041 Per
713 4979 1016 5043 Joannem
1078 4979 1541 5064 metropolitam
1603 4983 2049 5050 Euchaitarum
2098 4982 2394 5050 instituto
2439 4979 2852 5060 ipsorumque
2907 4979 3182 5059 vulgatis
3233 4974 3546 5042 iconibus.

441 5341 769 5427 Janningus
785 5355 1015 5430 noster,
1039 5349 1111 5410 ad
1145 5349 1303 5412 diem
1333 5367 1371 5413 v
1393 5349 1579 5432 Junii,
1605 5351 1665 5413 in
1689 5350 2014 5414 Corollario
2098 5348 2386 5432 prolixius
2416 5353 2532 5427 agit
2565 5354 2688 5409 toto
2720 5346 2750 5428 §
2779 5345 2839 5424 3;
2875 5346 3191 5428 docetqoe,
3225 5363 3292 5407 ex
3325 5344 3570 5408 Andrea
3603 5346 3753 5406 Dar-

359 5433 435 5497 de
467 5435 654 5499 tribus
682 5439 906 5503 sanctis
935 5438 1269 5516 Dorotheis,
1297 5444 1470 5504 unius
1500 5459 1709 5503 eorum
1745 5441 1886 5506 dicti
1917 5442 2014 5502 .Iu-

2099 5439 2316 5520 mario,
2339 5445 2671 5520 postannos
2692 5452 2980 5503 CCCCLXIV
3003 5453 3184 5518 opera
3211 5435 3370 5496 illius
3387 5434 3759 5498 describen-

358 5524 545 5614 nioris
578 5525 770 5591 Vitam
801 5529 1074 5606 daturus,
1105 5537 1347 5594 auctore
1379 5534 1607 5594 Joanne
1639 5532 2015 5614 mctropolita
2097 5530 2392 5610 te,eisque
2413 5527 2808 5610 praeminente
2841 5527 3143 5609 epitomen
3159 5521 3757 5614 vitae,ccepisseill_um

357 5612 807 5699 Euchaitarum,
842 5617 918 5680 de
944 5619 1122 5699 hujus
1153 5628 1354 5702 aetate,
1385 5620 1554 5702 sede,
1575 5631 1753 5698 atque
1775 5610 2016 5701 scriptis
2097 5617 2521 5682 Euchaitarum
2540 5616 2869 5681 Ecclesiam
2893 5635 3105 5696 regere
3119 5615 3232 5678 sub
3251 5610 3759 5678 ConstantinoMo-

689 5744 953 5806 Pauor.
1017 5743 1141 5807 Ga.
1181 5745 1411 5810 XXIX.

3090 5761 3122 5802 Ζ
