4176 6402
401 352 589 403 αρσια

1761 331 1955 394 PROL
1967 333 2011 394 E
2026 330 2376 395 GOMENA.

409 471 698 534 nomacho
730 480 788 532 et
812 468 1193 547 imperatrice
1225 467 1361 530 Zoe.
1397 466 1676 545 Suscepit
1727 466 2051 546 imperium
2078 479 2114 524 Α
2137 465 2395 529 Instituti
2421 477 2622 529 autem
2654 467 2788 529 festi
2835 467 3101 543 historia,
3135 487 3311 549 quam
3373 468 3524 543 dixi,
3584 491 3803 536 conse-

407 561 829 622 Monomachus
848 577 1003 619 anno
1024 575 1212 620 nxut.
1240 568 1297 620 et
1323 558 1511 619 tenuit
1553 575 1741 638 usque
1764 555 1837 616 ad
1890 573 2053 626 μιν,

407 651 784 730 perrexitque
805 666 1062 725 regnare
1088 649 1219 728 ejus
1256 666 1405 710 uxor
1425 647 1542 709 Zoe
1567 665 1754 728 usque
1772 645 1843 706 ad
1872 663 2054 708 uLvu.

406 743 800 802 Sucesserunt
821 738 880 797 in
905 738 1160 816 sceptris
1187 737 1433 798 Michael
1459 736 2057 811 Stratorticus,;,lsaa-

405 849 510 892 cus
530 832 912 901 Commenus,
939 826 1359 888 Constantinus
1382 825 1905 899 Ducas,Romanus
1925 825 2057 885 Dio-

404 939 606 1000 genes,
634 917 888 980 Michael
921 916 1141 989 Ducas,
1185 925 1244 977 et
1299 915 1674 995 Nicephorus
1717 914 2057 975 Boloniates

408 1027 595 1088 usque
623 1008 693 1068 ad
715 1025 942 1068 annum
966 1023 1212 1086 ILXXXI;
1242 1006 1478 1085 quando
1511 1013 1749 1065 evectus
1770 1004 1840 1064 ad
1886 1005 2053 1064 thro-

407 1117 546 1159 num
577 1097 684 1157 i'uit
703 1096 947 1157 Alexius
967 1097 1349 1170 Commenus;
1376 1103 1434 1156 et
1454 1095 1650 1156 adhuc
1672 1094 1731 1154 in
1773 1094 1914 1154 vivis
1936 1103 2060 1153 erat

409 1187 806 1268 praelaurlatus
839 1186 1118 1247 Joannes.
1155 1187 1271 1248 Isto
1303 1185 1463 1246 enim
1497 1203 1654 1246 anno
1678 1185 2054 1244 occasionem

406 1279 602 1339 datam
645 1276 828 1336 fuisse
873 1293 1028 1335 novo
1061 1275 1235 1349 festo,
1270 1274 1346 1335 de
1398 1293 1517 1350 quo
1569 1290 1748 1350 agere
1807 1272 1903 1334 hic
1961 1272 2056 1332 in-

407 1367 730 1438 stituimus,
764 1364 1113 1442 intelligitur
1169 1383 1238 1426 ex
1305 1365 1389 1426 rei
1448 1371 1629 1441 gestae
1689 1363 2057 1433 narratione,

407 1474 540 1537 quas
566 1455 778 1534 legitur
806 1455 866 1514 in
896 1455 1130 1516 excusis
1157 1455 1402 1516 Menaeis
1463 1451 1533 1514 ad
1569 1453 1726 1514 diem
1788 1470 1898 1513 xxx
1956 1453 2057 1511 Ja-

412 1543 627 1613 nuarii,
661 1542 901 1623 quando
935 1542 1090 1602 istud
1137 1541 1356 1602 festum
1422 1539 1641 1601 ibidem
1693 1538 1779 1600 sic
1837 1537 2056 1601 indici-

406 1641 508 1696 tur
541 1640 656 1709 ε’[ῇ
685 1634 817 1708 ἀυτῂ
847 1635 975 1706 μηνὶ
1010 1631 1101 1692 Λ¹.
1130 1631 1447 1709 «Ejusdem
1485 1629 1709 1690 mensis
1731 1630 1828 1689 die
1859 1646 1994 1690 xxx.
2028 1655 2049 1683 υ

410 1727 609 1798 Μνήμη
643 1724 750 1779 τῶν
782 1723 835 1777 ἐν
878 1721 1082 1798 Ἀγίοις
1143 1721 1388 1799 Πατέρων
1440 1723 1598 1794 ἡμῶν
1648 1721 1734 1774 καὶ
1788 1721 2054 1790 οἰκονομιι

2141 566 2396 636 quenter
2419 557 2760 631 deducitur,
2801 558 2902 620 hic
2925 568 3123 619 autem
3147 557 3355 620 Latine
3379 561 3698 624 redditura
3729 566 3804 627 Β.

2145 648 2208 706 P.
2241 647 2480 708 Nicolao
2508 649 2718 728 Bayteo
2743 646 2805 710 S.
2832 648 2901 710 T.
2929 647 2995 710 P.
3025 647 3243 708 studiis
3262 647 3429 709 hisce
3479 653 3721 726 nostris,
3745 653 3806 716 iu

2142 754 2309 814 spem
2328 736 2745 798 continuandaa
2772 737 3171 798 successionis
3192 745 3249 797 et
3272 741 3579 817 operis,ex
3599 742 3808 803 volun-

2143 834 2259 886 tate
2291 829 2670 906 superiorum
2705 845 2864 887 nunc
2895 826 3150 906 primum
3211 827 3437 904 addito,
3501 850 3634 892 cum
3689 833 3806 899 huc

2141 931 2330 994 usque
2368 933 2677 994 progressa
2711 915 3023 994 impressio
3057 924 3113 976 et
3146 915 3414 996 reliquus
3435 919 3660 980 mensis
3692 921 3798 982 Ju-

2143 1003 2274 1062 nius
2307 1004 2474 1082 prelo
2506 1015 2664 1065 esset
2689 1013 2946 1083 paratus.
2975 1005 3177 1084 Itaque
3210 1005 3400 1085 ipsius
3433 1027 3655 1068 nomen
3681 1008 3797 1070 mi-

2145 1111 2254 1152 nus
2278 1093 2620 1173 frequenter
2643 1092 3258 1173 hic,frequentissime
3274 1103 3471 1158 autem
3497 1107 3794 1174 recurret,

2147 1185 2268 1242 Deo
2296 1184 2499 1256 dante,
2530 1184 2591 1244 in
2613 1193 2895 1245 secuturo
2933 1195 3064 1263 post
3111 1185 3352 1244 Junium
3390 1185 3565 1264 primi
3599 1205 3797 1249 seme-

2143 1274 2280 1334 stris
2312 1272 2762 1352 Supplemento.
2790 1272 3033 1335 Interim
3061 1272 3432 1352 ejus,Grtece
3451 1275 3605 1336 bene
3625 1277 3801 1356 periti

2144 1381 2344 1442 operae
2367 1371 2677 1442 acceptum
2706 1361 2882 1435 refer,
2912 1363 3120 1442 leetor,
3145 1362 3195 1424 si
3220 1364 3364 1424 Acta
3387 1364 3691 1446 Graeca,in
3715 1365 3803 1426 di-

2149 1451 2327 1514 midia
2344 1470 2477 1531 quae
2499 1452 2903 1532 imprimenda
2930 1459 3114 1514 restat
3145 1453 3303 1514 Junii
3339 1464 3504 1534 parte
3525 1473 3801 1516 occursu-

2141 1559 2231 1622 ra,
2259 1542 2517 1622 accipias
2538 1543 2690 1603 haud
2715 1542 2890 1623 paulo
2920 1542 3541 1623 emendatiora,quam
3568 1544 3710 1605 dare
3735 1545 3792 1604 in

2143 1633 2322 1712 priori
2354 1641 2518 1712 parte
2551 1632 2736 1712 potui,
2786 1631 3196 1710 multipliciter
3237 1631 3560 1695 distractus
3592 1633 3652 1695 in
3699 1653 3800 1696 re»

2141 1721 2568 1792 szionsionibus
2589 1721 2660 1782 ad
2686 1721 3096 1783 Carmeliticas
3123 1723 3534 1783 accusationes
3579 1722 3796 1805 depro-

406 1821 515 1870 κῶν
572 1811 924 1885 διδασκάλων,
977 1810 1252 1866 Βασιλείου
1313 1821 1404 1868 τοῦ
1460 1810 1730 1886 Μεγάλου,
1767 1809 2054 1886 Γρηγορίου

2147 1812 2449 1892 perandis,
2485 1820 2542 1872 et
2572 1811 2924 1872 defensione
2957 1809 3159 1871 Roma;
3189 1821 3364 1890 atque
3424 1813 3648 1872 .‘iadriti
3703 1815 3798 1874 iu-

406 1904 497 1960 τοῦ
530 1901 816 1981 Θεολόγου,
866 1902 952 1956 καὶ
987 1898 1230 1957 Ἰωάννου
1260 1910 1351 1958 τοῦ
1411 1899 1808 1973 Χρυσοστομου.
1851 1919 1870 1947 ο
1930 1897 2057 1958 Me-

407 1991 596 2053 moria
623 1998 962 2052 sanctorum
993 1991 1230 2050 Patrum
1274 1995 1612 2049 nostrorum
1647 1994 1705 2046 et
1732 1985 2062 2048 mcumeni-

406 2099 611 2144 corum
644 2083 989 2153 Doctorum,
1020 2077 1226 2140 Basilii
1256 2077 1469 2154 Magni,
1535 2076 1805 2155 Gregorii
1858 2072 2062 2136 Theo-

407 2173 524 2248 Iogi
557 2177 619 2233 et
645 2171 853 2232 Jannis
886 2167 1310 2248 Chrysostomi.
1351 2192 1378 2222 ιι

491 2319 658 2383 Hanc
723 2318 1107 2381 indictionem
1169 2322 1433 2393 sequitur
1497 2313 1843 2374 sticherum.
1939 2329 2054 2371 non

410 2412 586 2473 unius
619 2419 678 2470 ut
708 2410 830 2470 fere
853 2407 1016 2481 alias,
1055 2406 1314 2478 distichi,
1354 2404 1456 2466 sed
1488 2403 1878 2464 disrichorum
1915 2403 2059 2462 iam-

412 2502 677 2562 bicorum
714 2498 957 2559 omnino
989 2497 1502 2575 setlecim;estque
1535 2495 1592 2554 in
1619 2494 1738 2554 fine
1771 2492 2056 2553 hexame‘

410 2600 568 2665 tron,
608 2587 870 2651 metricae
899 2584 1269 2667 ephemeridi
1302 2593 1530 2664 aptum,
1561 2583 1670 2644 hoc
1705 2585 1881 2642 modo
1919 2602 1932 2644 :

489 2699 712 2773 Λάμψεν
737 2698 810 2752 ὶνὶ
841 2698 1128 2770 τριακοστῇ
1183 2691 1628 2772 χρυσοτρισήλιος
1679 2690 1870 2768 αἴγλη.

487 2803 632 2868 Sole
662 2807 816 2865 nitet
848 2801 1088 2881 triplici
1115 2799 1336 2860 mensis
1366 2800 1674 2860 tricesima
1729 2795 1902 2858 Jam'.

2145 1900 2580 1963 struenda.Lco
2602 1900 2855 1962 Allatius
2881 1901 2942 1960 in
2962 1917 3073 1960 sua
3097 1900 3172 1960 de
3188 1903 3546 1978 Symeonum
3565 1903 3801 1980 scriptis

2147 1990 2408 2054 Diatriba
2430 1993 2596 2070 pngJ
2616 1991 2686 2052 12
2710 1989 3254 2070 indicatrepertum
3278 2008 3312 2050 a
3335 2009 3400 2050 se
3421 1992 3665 2052 Joannis
3685 2010 3802 2052 me-

2153 2079 2447 2160 trnpolitaa
2507 2080 2924 2142 Eucbaitarum
2989 2080 3291 2157 Ἐγκώμιον
3351 2083 3422 2144 εἷς
3483 2083 3604 2142 τοὺς
3651 2083 3798 2158 τρεῖς

2149 2172 2326 2249 ἁγίους
2379 2171 2674 2250 ἰεράρχας,
2736 2170 3009 2226 Βασίλειον
3066 2173 3156 2225 τὸν
3209 2173 3432 2248 Μέγαν,
3510 2171 3800 2247 Γρτιγόριον

2142 2259 2233 2314 τὸν
2297 2256 2561 2334 Θεολόγον
2617 2259 2703 2313 καὶ
2764 2258 3018 2324 Ἰωάννην
3074 2260 3164 2313 τὸν
3231 2259 3622 2332 Κρυσόστομοθ,
3686 2257 3800 2318 hoc

2144 2345 2470 2427 principio,
2527 2357 2678 2422 Τρεῖς
2743 2370 2808 2421 με
2868 2349 2995 2424 πρὸς
3069 2347 3364 2424 τριώνυμον
3418 2348 3799 2423 παροτρύνονηι

2145 2437 2372 2502 κίνητιν.
2415 2458 2436 2489 ε
2474 2437 2622 2495 Tres
2655 2452 2751 2494 me
2782 2434 2858 2493 ad
2893 2432 3277 2494 trinominem
3329 2441 3551 2495 motum
3615 2443 3796 2496 exsti-

2145 2525 2390 2585 mulant.
2437 2554 2460 2578 ο
2495 2520 2732 2586 Utinam
2780 2522 3114 2584 addidisset
3164 2522 3440 2603 Allatius,
3495 2525 3795 2586 undenam

2147 2624 2306 2676 totus
2337 2622 2623 2676 contexus
2656 2611 2896 2674 Graecus
2926 2609 3140 2673 haberi
3168 2613 3372 2693 possit!
3423 2613 3562 2693 quid
3595 2615 3655 2674 ni
3709 2623 3797 2675 ta-

2094 2764 2125 2782 η
2155 2721 2289 2764 men
2321 2703 2694 2783 suSpicemur
2723 2702 2864 2762 inde
2894 2709 3203 2780 sumptam
3235 2720 3367 2764 esse
3401 2705 3590 2783 ipsam
3645 2704 3796 2766 hanc

2114 2796 2127 2811 '
2154 2811 2332 2873 quam
2358 2791 2634 2871 subjicio,
2671 2791 2981 2854 historiam
3007 2797 3035 2852 ἲ

1235 3314 1906 3424 HISTORIA
2002 3305 3058 3420 INSTITUTIONIS

1084 3651 1174 3711 Ex
1219 3646 1477 3710 Menaeis
1528 3645 1876 3728 impressis,
1950 3646 2296 3726 interprete
2354 3641 2616 3706 Nicolao
2667 3645 2897 3722 Rayaeo
2952 3644 3015 3703 S.
3077 3643 3130 3702 J.

500 4104 690 4166 Causa
747 4103 923 4183 hujus
973 4104 1106 4166 festi
1186 4103 1318 4166 talis
1407 4102 1651 4164 exstitit.
1734 4097 2075 4179 Imperante

419 4193 626 4255 Alexio
650 4192 1002 4268 Cc-mmeno,
1027 4194 1127 4274 qui
1153 4201 1285 4273 post
1309 4191 1682 4253 Botoniatem
1710 4196 1948 4267 sceptra
1973 4187 2076 4246 im-

2239 4093 2302 4150 Ἢ
2337 4093 2475 4150 αἰτία
2515 4093 2613 4160 τῆς
2661 4093 2846 4169 ἑορτῆς
2879 4091 3064 4171 γέγονε
3119 4112 3310 4153 ουτως.
3370 4088 3492 4147 Ἐπὶ
3549 4092 3646 4155 τῆς
3711 4088 3804 4164 βα-

2160 4183 2358 4247 σιλείας
2408 4183 2502 4241 τοῦ
2557 4180 2815 4261 Ἀλεξίου,
2867 4183 2924 4246 ὃς
2985 4183 3120 4258 μετὰ
3179 4179 3502 4246 Βοτονιάτην
3549 4179 3615 4235 τὰ
3661 4182 3804 4242 σκῆ-

421 4284 572 4362 perii
603 4281 892 4363 suscepit,
928 4266 1061 4342 orta
1089 4266 1180 4343 est
1203 4278 1721 4358 Constantinopoli
1751 4266 2063 4350 dissensio,

2154 4297 2291 4350 πτρα
2341 4279 2440 4341 τῆς
2498 4272 2767 4350 βασιλείας
2828 4271 3060 4352 ἐδέξατο,
3132 4273 3185 4326 ἐν
3249 4266 3803 4329 Κωνσταντινουπόλει

423 4376 578 4436 inter
599 4373 754 4434 virus
782 4372 1034 4433 scientia
1066 4379 1123 4431 et
1154 4370 1286 4429 vitae
1338 4367 1626 4449 probitate
1686 4364 2064 4443 conspicuos.

418 4464 530 4527 Alii
565 4461 1356 4534 commendabantMagnum
1410 4455 1717 4527 Basilium,
1770 4453 2066 4528 dicentes,

419 4573 554 4616 eum
587 4555 703 4615 alta
735 4560 794 4615 et
827 4568 1034 4627 magna
1060 4547 1402 4627 praedicare,
1438 4563 1640 4606 rerum
1675 4544 1938 4604 omnium
1970 4560 2069 4603 na-

425 4659 611 4704 turam
641 4640 880 4719 ingenio
909 4639 1237 4714 discutere,
1276 4635 1486 4696 virtute
1545 4633 1734 4695 ferme
1779 4649 2067 4712 superare

421 4733 686 4810 angelos,
722 4729 814 4789 vel
847 4746 963 4786 non
995 4725 1168 4786 facile
1221 4725 1362 4804 ipsis
1395 4723 1726 4787 concedere
1768 4744 1784 4799 ;
1843 4721 2068 4801 pollere

427 4840 656 4884 murum
685 4815 990 4896 gravitate,
1030 4833 1224 4895 neque
1254 4813 1572 4894 quidquam
1608 4822 1908 4874 terrenum
1962 4812 2069 4873 ha-

426 4915 589 4973 bere.
621 4904 1027 4970 Extenuabant
1049 4915 1247 4966 autem
1277 4904 1454 4965 iidem
1480 4903 1563 4964 illi
1591 4904 1856 4964 divinum
1884 4900 2066 4981 Chry-

426 5007 778 5066 sostomum,
800 5001 965 5074 quasi
991 4995 1129 5057 huic
1151 4994 1394 5055 omnino
1416 4992 1777 5073 oppositum,
1801 5011 1868 5054 ac
1893 4991 2068 5051 talem

426 5089 596 5167 cuius
633 5087 920 5165 Optimum
953 5103 1252 5166 quemque
1278 5083 1559 5145 facillime
1589 5083 1850 5145 taederet.
1893 5081 2005 5143 Alii
2037 5098 2073 5143 θ

427 5176 724 5240 contrario
738 5174 1013 5237 eumdem
1031 5174 1295 5235 divinum
1321 5173 1805 5252 Chrysostomum
1828 5170 2073 5232 extolle-

427 5266 754 5340 bant,velut
773 5265 1104 5343 impensius
1123 5263 1390 5324 deditum
1418 5263 1726 5334 doctrinm,
1752 5268 2073 5323 etcuuctos

424 5357 738 5418 ducentem
767 5355 1007 5414 lenitate
1029 5353 1336 5432 orationis,
1368 5359 1796 5430 vocantemque
1824 5351 1894 5411 ad
1917 5355 2071 5410 resi-

421 5445 794 5527 piscentiam,
819 5444 1056 5502 demum
1084 5443 1501 5503 melllﬂuurum
1531 5441 1844 5502 verborum
1882 5440 2076 5500 multi-

424 5537 628 5598 tudine
646 5543 703 5593 et
727 5532 1052 5594 subtilitate
1067 5533 1487 5610 cogitationum
1515 5549 1653 5592 eum
1684 5528 2076 5610 przeferebant

422 5625 629 5704 Magno
651 5621 867 5686 Basilio
889 5629 948 5684 et
969 5619 1258 5699 Gregorio
1279 5619 1730 5697 Theologo.Alii
1753 5638 1892 5698 erga
1913 5619 2072 5681 hunc

426 5717 610 5795 magis
641 5711 1074 5786 al'ticiebantur,
1105 5709 1353 5791 perinde
1376 5729 1445 5771 ac
1472 5713 1522 5770 si
1570 5710 1850 5791 eleganti,
1884 5708 2068 5785 vario,

2155 4365 2340 4425 στάσις
2371 4364 2557 4441 γέγονε
2589 4363 2728 4442 παρᾶ
2760 4369 2864 4418 τῶν
2917 4363 3218 4442 ἐλλογίμων
3268 4361 3355 4416 καὶ
3404 4359 3660 4436 ἐναρέτων
3703 4358 3802 4413 ἆν-

2153 4451 2310 4531 δρῶν·
2363 4455 2468 4510 τῶν
2526 4453 2622 4527 μὲν
2669 4453 3049 4530 ὑπερτιθὲντων
3110 4454 3200 4508 τὸν
3272 4450 3448 4527 Μέγαν
3498 4448 3800 4521 Βασιλειον,

2150 4544 2420 4621 ὑψήγορον
2445 4545 2599 4599 αὒτὸν
2647 4545 2940 4620 λεγόντῶν,
2990 4546 3064 4605 ὡς
3119 4543 3216 4609 τὴν
3276 4544 3382 4596 τῶν
3429 4539 3594 4595 ὅντων
3651 4539 3804 4614 φύσιν

2153 4633 2562 4711 ἐξερευνήσαντα
2598 4634 2685 4689 καὶ
2715 4647 2836 4695 ταῖς
2891 4635 3106 4709 ἀρεταῖς
3160 4633 3351 4708 μικροῦ
3386 4642 3499 4693 τοϊς
3549 4627 3800 4706 ¹ὶγγεῖλοις

2151 4722 2657 4800 παραμιλλώμενον,
2691 4723 2778 4778 καὶ
2811 4723 2887 4797 μὴ
2917 4719 2962 4775 δ’
2993 4722 3053 4777 ἐκ
3101 4729 3193 4777 τοῦ
3218 4719 3506 4799 προχείρου
3568 4740 3800 4797 συγχω-

2153 4821 2360 4892 ροῦντα,
2446 4814 2532 4867 καὶ
2614 4814 2675 4866 τὸ
2733 4812 2860 4878 ἦθος
2925 4808 3168 4888 ἐμϐριθῆ,
3243 4811 3330 4866 καὶ
3380 4805 3544 4883 μηδὲν
3617 4809 3804 4886 γήινον

2155 4903 2176 4924 w
2359 4919 2372 4932 ο
2413 4904 2424 4921 ο
2514 4899 2544 4928 ρ
2569 4899 2598 4924 ρ
2635 4909 2661 4936 γ
2683 4901 2693 4920 r
2867 4899 2910 4920 κς
3429 4899 3439 4920 ι
3743 4899 3753 4913 ρ

2155 4925 2350 4983 εχοντα
2408 4923 2834 4972 υποοιοαςδοντων
2863 4922 2917 4956 οε
2942 4903 3032 4957 τὸν
3064 4906 3209 4957 Οεϊον
3271 4908 3668 4976 Χρυσοστομον,
3729 4918 3803 4960 ως

2153 4993 2400 5056 ἐναντίως
2446 4989 2598 5058 δῆθεν
2655 4989 2840 5064 ἐκείνῳ
2891 4989 3220 5065 διακείμενον
3266 4991 3399 5045 κατὰ
3460 4991 3515 5044 τὸ
3568 4987 3803 5068 πρόχει-

2155 5105 2241 5160 ρον
2271 5095 2410 5138 εἶναι
2443 5082 2530 5137 καὶ
2558 5079 2800 5136 ἑλκτικὸν
2859 5082 2930 5143 εἷς
2991 5081 3300 5154 μετάνοιανο
3347 5081 3452 5135 τῶν
3495 5076 3548 5132 δέ
3619 5087 3804 5135 τοῦτον

2155 5171 2217 5239 δὴ
2247 5173 2337 5228 τὸν
2369 5170 2517 5226 θεῖον
2551 5170 2922 5248 Χρυσόστομον
2944 5171 3240 5245 ὑῴούντων,
3319 5170 3390 5231 ὡς
3452 5167 3801 5244 ἀνθρωπικώ-

2154 5283 2302 5336 τερον
2327 5257 2653 5333 διακείμενον
2679 5272 2800 5322 τατς
2835 5256 3221 5330 διδασκαλίαις,
3253 5259 3341 5314 καὶ
3403 5263 3480 5330 τῷ
3533 5255 3658 5329 λείῳ
3709 5263 3804 5326 τῆς

2158 5351 2398 5428 φράσεως
2470 5348 2671 5411 πάντας
2727 5347 3142 5425 καθοδηγούντα,
3203 5349 3293 5405 καί
3341 5348 3473 5425 πρὸς
3521 5345 3806 5421 μετάνοιαν

2157 5439 2570 5513 ἐκκαλούμενον,
2618 5439 2704 5493 καί
2726 5445 2801 5512 τῷ
2833 5436 3020 5507 πλήθει
3083 5443 3186 5493 τῶν
3239 5435 3559 5514 μελιῤῥύτων
3603 5434 3805 5512 λογων⁹

2157 5531 2244 5584 καὶ
2274 5533 2343 5603 τῇ
2372 5524 2489 5582 κατ’
2522 5526 2727 5584 ἔννοιαν
2759 5525 3021 5594 δεινότητι
3062 5527 3418 5606 προτιθέντων
3449 5534 3540 5582 τοι)
3590 5545 3645 5580 τε
3700 5545 3804 5598 με-

2157 5619 2322 5696 γάλου
2354 5615 2630 5674 Βασιλείου
2688 5618 2774 5673 καὶ
2833 5617 3144 5696 Γρηγορίου²
3209 5616 3401 5694 ἑτέρων
3456 5613 3508 5670 δὲ
3551 5621 3627 5688 τῷ
3679 5621 3808 5671 Θεο-

2157 5707 2302 5788 λόγῳ
2332 5710 2604 5786 Γρτ,γορίῳ
2633 5708 3056 5785 προσκειμένων,
3091 5709 3183 5764 ἅτε
3242 5707 3308 5774 δὴ
3337 5714 3414 5780 τῷ
3472 5710 3670 5783 κομψῷ
3718 5705 3808 5761 καὶ
