4176 6396
1488 328 1856 394 HISTORIA
1902 331 2507 398 INSTITUTIONIS.

3518 350 3727 402 CCCXC!

346 500 422 549 τῳ
464 472 880 548 πεποικιλμένῳ,
951 493 1019 544 τῃ
1077 467 1304 544 διατόρῳ
1359 489 1415 524 τε
1478 468 1582 523 τῶν
1638 466 1835 543 λόγων,
1899 469 1985 522 καὶ

2080 464 2516 548 insinuantique
2536 487 2603 530 ac
2626 468 2841 529 ﬂorido
2861 467 3098 528 dicendi
3121 486 3340 544 genere
3353 467 3590 531 vicisset
3605 489 3728 532 om-

339 569 416 640 τῷ
447 571 550 622 τῶν
603 562 790 628 λέξεων
824 562 1054 637 ἀνθηρῷ,
1117 580 1318 616 παντας
1365 559 1483 622 τοὺς
1526 556 1610 611 ἐπὶ
1787 555 1985 622 Ἐλλη-

341 664 462 724 νικῆ
501 652 696 724 παιδεῖα
743 649 1080 723 διαϐοήτους,
1136 651 1221 703 καὶ
1278 649 1396 709 τοὺς
1453 646 1572 703 καθ’
1633 649 1770 722 ἡμᾶς
1821 649 1989 726 ὕπερ..

339 745 508 805 ϐάντι,
576 745 668 802 Καὶ
711 742 880 813 τούτῷ
937 741 1033 805 τὴν
1083 744 1313 794 νικῶσαν
1401 734 1670 808 διδόντων,
1733 737 1988 792 κάκείνων

341 831 791 912 ὕπερῧιϐκζύντων
849 831 1030 908 ςιῦτὸν,
1107 832 1180 892 ὡς
1269 824 1598 902 συμϐαίνειν,
1668 824 1988 903 διαιρεθῆναι

341 925 404 982 τὰ
430 923 630 991 πλήθη,
677 920 914 982 καὶτοὺς
977 921 1073 994 μὲν
1103 917 1401 979 ἰωαννίτας
1457 916 1728 994 λέγεσθαι,
1762 915 1883 978 τοὺς
1939 912 1993 970 δὲ

341 1012 667 1084 Βασιλειῖτας,
702 1010 1054 1088 Γρηγορείτας
1091 1007 1146 1064 δὲ
1189 1008 1310 1072 τοὺς
1343 1007 1585 1067 λοιπούς.

419 1093 537 1150 Ἐπὶ
621 1083 838 1155 acim;
872 1083 936 1157 δὴ
1009 1090 1130 1153 τοῖς
1187 1090 1412 1164 ὀνόμασι
1462 1089 1566 1143 τῶν
1626 1087 1744 1164 περὶ
1800 1083 1991 1162 λόγους

339 1181 750 1260 στασιαζόντων,
783 1181 869 1237 καὶ
899 1181 1098 1238 τούτων
1157 1177 1296 1233 οὕτω
1361 1175 1664 1255 λεγομένων
1726 1175 1810 1231 ἐπὶ
1851 1174 1993 1254 χρό-

339 1295 443 1335 νοις
489 1273 790 1349 ἐσύστερον,
866 1271 1185 1326 όπτάνονται
1234 1269 1280 1323 οἱ
1338 1266 1581 1344 μέγιστοι
1661 1269 1801 1322 οὗτοι
1873 1261 1990 1320 καθ’

336 1363 425 1419 ἕνα
484 1363 760 1440 πρότερον,
806 1361 930 1416 εἶτα
990 1360 1077 1414 καὶ
1127 1357 1237 1432 ἅμα
1299 1356 1477 1433 (ὕπαρ,
1555 1359 1649 1412 οὒκ
1699 1357 1840 1432 ὄναρ)
1916 1359 1992 1426 τῷ

336 1453 455 1508 τότε
515 1452 610 1518 τῆς
681 1450 966 1529 capt:th
1020 1446 1230 1509 πόλεως
1291 1454 1396 1502 τῶν
1440 1448 1594 1523 ἱερῶν
1621 1445 1986 1521 ἒξηγουμένῳ,

340 1539 560 1615 Ἰωάννῃ
613 1547 689 1613 τῷ
737 1540 871 1594 πάνυ
943 1535 1108 1615 ἀνδρὶ,
1173 1535 1345 1592 τᾶλλα
1390 1535 1485 1609 μὲν
1536 1534 1833 1612 ἐλλογίμφ,
1906 1534 1994 1588 καὶ

336 1629 576 1692 παιδείας
636 1627 959 1696 Ἑλληνικῆς
982 1630 1075 1683 οὒκ
1110 1627 1324 1697 ἀμαθῶς
1385 1625 1594 1706 ἔχοντι,
1627 1627 1700 1686 ὡς
1733 1625 1797 1679 τὰ
1855 1622 1996 1696 αὗτῷ

339 1719 637 1786 πονηθέντα
669 1716 953 1791 δεὶκνυσιν,
997 1717 1189 1794 ἀρετῆς
1243 1715 1297 1770 δέ
1346 1717 1418 1779 εἷς
1477 1712 1635 1792 ἄκρον
1690 1712 1992 1780 ἒληλδθότι·

2077 557 2314 635 nes,qui
2342 563 2518 617 etiam
2547 565 2750 618 nostra
2769 566 2944 617 {etate
2969 559 3197 616 fuerunt
3214 607 3228 634 ,
3256 557 3405 616 fama
3423 559 3725 620 Graecani-

2076 663 2158 705 cm
2183 645 2841 724 eruditionisinsignes.
2883 651 2951 709 Et
2985 647 3043 706 hi
3070 646 3204 706 huic
3234 646 3456 724 primas
3483 647 3723 709 defere-

2076 731 2239 813 bant,
2264 735 2396 796 aliis
2419 754 2521 796 eas
2554 735 3056 797 transferentibus
3088 736 3147 796 in
3191 735 3362 797 alios.
3395 734 3566 798 Unde
3597 736 3724 798 fac-

2082 831 2200 883 tum
2236 836 2345 897 est,
2375 834 2459 896 ut,
2496 825 2683 887 scisso
2715 825 2912 886 studia
2941 826 3001 886 in
3023 825 3570 888 contrariaincerto
3603 828 3727 890 vul-

2079 933 2172 992 go,
2207 915 2306 974 alii
2336 914 2649 991 Joannitze,
2686 915 2786 976 alii
2831 916 3109 990 Basilitae,
3148 916 3472 996 Gregoritaa
3500 917 3722 980 vocita-

2079 1012 2292 1065 rentur
2319 1005 2442 1065 alii.

2157 1093 2309 1172 Ergo
2344 1094 2482 1155 dum
2511 1094 2619 1155 sub
2665 1094 2774 1170 bis}
2797 1093 3141 1156 nominibus
3169 1093 3328 1158 inter
3358 1114 3422 1158 se
3453 1106 3725 1159 oratores

2079 1183 2435 1263 disceptant,
2489 1184 2724 1246 maximi
2755 1184 2860 1260 illi,
2925 1184 3000 1245 de
3048 1185 3272 1262 quibus
3300 1187 3551 1264 agimus,
3581 1187 3722 1248 doc-

2078 1282 2235 1334 tores
2271 1275 2527 1353 primum
2580 1275 2854 1345 seorsim,
2915 1275 3134 1337 deinde
3187 1284 3246 1337 et
3293 1278 3468 1336 simul
3501 1277 3720 1338 viden-

2076 1362 2182 1421 dos
2214 1381 2350 1423 sese
2372 1364 2630 1425 olferunt
2651 1363 2888 1442 Joanni,
2927 1372 3068 1427 tunc
3099 1371 3156 1424 in
3183 1363 3600 1426 Euchaitarum
3633 1367 3721 1428 ci-

2077 1452 2249 1514 vitate
2272 1454 2457 1514 sacris
2487 1454 2789 1532 praefecto,
2813 1453 2981 1515 valde
3007 1455 3312 1533 praestanti
3341 1456 3491 1534 viro,
3525 1465 3585 1517 et
3614 1475 3727 1520 cie-

2078 1551 2204 1602 tera
2225 1543 2465 1621 quidem
2491 1543 2950 1624 celebri,neque
2974 1546 3066 1620 (ut
3087 1544 3358 1605 indicant
3376 1563 3507 1624 quas
3530 1545 3726 1607 elabo-

2079 1631 2840 1711 ravitopuscula)imperito
2855 1633 3213 1696 Graecanica:
3225 1635 3724 1708 eruditionis;sed

2081 1720 2396 1782 celebriori
2425 1733 2666 1802 propter
2697 1725 3168 1802 virtutem.cujus
3183 1724 3412 1802 apicem
3430 1725 3720 1804 attigerat.

334 1811 420 1864 καὶ
451 1809 546 1883 μιᾷ
577 1808 792 1884 γλώττῃ
854 1809 978 1886 φασὶ
1025 1807 1153 1884 πρὸς
1202 1804 1380 1860 αὒτὸψ
1441 1801 1638 1877 Ἡμεῖς
1688 1802 1743 1858 ἓν
1807 1801 1992 1876 ἐσμεν,

2087 1807 2236 1871 Vera
2267 1801 2565 1884 visioi‘uit,
2591 1832 2708 1873 non
2733 1813 3032 1873 somnium
3063 1801 3084 1875 εί
3104 1824 3162 1873 et
3185 1801 3308 1876 hinc
3331 1814 3402 1875 ad
3432 1801 3720 1876 Joannem

342 1904 413 1963 ὡς
440 1903 756 1979 ὁρᾷς,παρὰ
793 1905 862 1972 τῷ
924 1906 1061 1972 Θεῷ,
1127 1899 1214 1953 καὶ
1272 1895 1416 1956 οὐδὲν
1470 1899 1607 1969 ἡμῖν
1662 1895 2010 1967 ὑπεναντίον,

343 1994 459 2052 οὒδὲ
520 1995 789 2073 μάχιμον,
844 1991 983 2048 ἀλλά
1026 2003 1232 2068 καιροῖς
1274 1987 1427 2053 ἱδιοις
1471 1987 1692 2053 ἕϐαστος
1751 1995 1828 2062 τῷ
1876 1988 1998 2060 θείῳ

334 2084 648 2158 κρουόμεναι
684 2083 971 2161 Πνεύματι,
1020 2082 1114 2142 τὰς
1145 2080 1277 2154 πρὸς
1310 2079 1578 2157 σωτηρίαν
1622 2083 1727 2134 τῶν
1787 2077 1993 2155 ἀνθρώ-

335 2197 449 2231 πων
511 2171 847 2237 διδασκαλίας
905 2171 1376 2250 συνεγραψοὶμεθα,
1428 2171 1516 2226 καὶ
1577 2169 1613 2226 ἅ
1664 2169 1990 2244 ἑμυούμεθα,

336 2261 724 2334 ἐκδεδώκαμεν’
755 2263 844 2317 καὶ
889 2261 916 2316 ὃ
947 2265 1156 2336 πρῶτος
1203 2259 1256 2314 ἐν
1288 2261 1428 2335 ἡμῖν
1488 2260 1582 2315 οὒκ
1641 2257 1811 2338 ἔστιν,
1876 2257 1993 2313 οὔτε

338 2353 441 2426 μήν
473 2373 534 2430 γε
566 2353 593 2407 ὃ
615 2349 878 2428 δεύτερος·
914 2347 1036 2405 ἀλλ’
1069 2351 1111 2405 εἰ
1145 2351 1235 2404 τὸν
1268 2347 1360 2406 ένα
1388 2346 1580 2421 λέξεις,
1617 2350 1664 2404 ci
1712 2345 1799 2404 δύο
1854 2369 1992 2425 παρ-

338 2441 576 2498 ἑπονται’
647 2439 816 2498 ’ΌΟεν
897 2439 1078 2496 κέλευε
1162 2438 1398 2501 ἀναστὰς
1441 2450 1559 2502 τοῖς
1631 2437 1996 2507 στασιάζουσιν

333 2530 465 2608 ὑπὲρ
494 2532 650 2604 ἡμῶν
695 2531 773 2604 μὴ
795 2527 1109 2585 διίστασθαι·
1165 2525 1367 2594 σπουδὴ
1426 2528 1525 2605 γὰρ
1581 2527 1666 2582 καὶ
1722 2529 1849 2596 ζῶσι
1908 2527 1996 2582 καὶ

336 2625 662 2694 μτταστᾶσιν
695 2621 832 2691 ἡμῖν
886 2618 1191 2694 εἰρηνεύειν,
1254 2617 1342 2672 καὶ
1398 2618 1468 2680 εἰς
1526 2618 1779 2689 ὁμόνοιαν
1848 2612 1995 2692 ἄγειν

334 2711 399 2765 τὰ
430 2709 650 2784 πέρατα·
680 2707 818 2764 ἀλλά
848 2709 935 2763 καὶ
977 2706 1147 2784 ἡμέρᾳ
1170 2712 1266 2779 μιᾶ
1299 2703 1552 2780 σύναψον.
1588 2701 1717 2783 Καὶ,
1779 2703 1850 2769 ὥς
1912 2726 1993 2759 σοι

338 2798 628 2874 προσῆκον,
686 2798 750 2853 τὰ
800 2797 896 2863 τῆς
956 2797 1143 2875 ἑορτῆς
1172 2795 1312 2870 ἡμῖν
1343 2793 1678 2872 ἐπιτέλεσον,
1727 2796 1816 2850 καὶ
1873 2805 1993 2856 τοῖς

336 2889 453 2953 ἑξῆς
483 2885 736 2964 παράδος,
801 2889 874 2950 ὡς
932 2888 1095 2960 ἡμεῖς
1150 2885 1205 2941 ἕν
1251 2887 1413 2960 ἐσμεν
1462 2892 1537 2958 τῷ
1583 2891 1721 2963 Θεῷ,
1781 2883 1996 2945 πάντως

335 2976 388 3032 δὲ
419 2981 505 3033 καὶ
537 2977 697 3050 ἣμετς
727 2989 844 3039 τοῖς
877 2975 1149 3032 ἐκτελοῦσι
1207 2976 1302 3042 τὴν
1356 2975 1605 3053 μνήμην,
1657 2975 1723 3030 τὰ
1767 2975 1840 3036 εἷς
1885 2974 1997 3029 σώ-

337 3068 524 3141 τηρίαν
585 3066 1008 3141 συμπράξοιμεν’
1070 3063 1328 3138 δοκοῦμεν
1428 3063 1528 3142 γαρ
1577 3085 1626 3119 τι
1689 3065 1775 3119 καὶ
1833 3065 2000 3136 ἡμεῖς

2085 1901 2264 1961 mis~a
2293 1919 2398 1962 vox
2433 1910 2562 1963 est:
2599 1903 2717 1964 Nos
2747 1921 2930 1964 unum
2975 1921 3202 1976 sumus,
3240 1913 3304 1964 ut
3348 1903 3540 1979 vides,
3565 1915 3722 1985 apud

2083 1991 2360 2070 Deum,et
2382 1991 2542 2052 nulla
2559 2001 2650 2053 est
2668 1997 2823 2052 inter
2841 2012 2950 2053 nos
2973 1993 3289 2067 dissensio,
3315 1993 3478 2055 nulla
3503 2014 3722 2074 pugna;

2080 2096 2281 2140 verum
2315 2098 2460 2160 quas
2491 2081 2612 2141 suis
2659 2081 2910 2162 quisque
2942 2082 3339 2162 temporibus,
3373 2082 3574 2144 divino
3605 2083 3723 2144 im-

2083 2169 2233 2250 pulsi
2261 2170 2506 2249 Spiritu,
2544 2169 2720 2230 utiles
2749 2171 2819 2232 ad
2847 2171 3154 2232 hominum
3193 2173 3440 2232 salutem
3471 2173 3722 2234 tradidi-

2081 2277 2210 2319 mus
2234 2261 2687 2340 praeceptiones;
2725 2269 2783 2320 et
2814 2278 2943 2340 qua
2973 2259 3351 2322 discehamus
3381 2279 3617 2336 arcana,
3655 2281 3726 2324 ea

2083 2349 2138 2409 in
2169 2349 2358 2410 lucem
2387 2349 2718 2412 emisimus.
2741 2351 2949 2432 Neque
2964 2369 3100 2412 vero
3114 2350 3596 2432 quisquaminter
3619 2371 3727 2413 nos

2083 2437 2314 2518 primus
2347 2443 2586 2506 est.nec
2610 2441 2930 2501 secundus.
2945 2440 3008 2503 Si
3039 2459 3224 2502 unum
3251 2459 3448 2515 voces,
3482 2441 3598 2502 duo
3633 2460 3728 2504 se-

2081 2535 2372 2604 quuntur.
2402 2529 2627 2590 Idcirco
2663 2547 2860 2609 surge,
2890 2539 2947 2590 et
2979 2529 3074 2591 dic
3105 2529 3392 2608 partibus,
3421 2549 3495 2592 ne
3539 2531 3725 2592 nostri

2079 2636 2253 2678 causa
2291 2618 2620 2679 dissideant
2651 2636 2664 2680 :
2700 2637 2834 2679 nam
2885 2620 2942 2679 in
2979 2637 3048 2680 ea
3080 2621 3431 2697 cogitatione
3461 2640 3727 2702 curaque

2079 2726 2409 2776 versamur,
2447 2717 2509 2768 ut
2540 2709 2700 2770 vivos
2730 2709 2886 2770 inter
2911 2716 2968 2770 et
2990 2727 3097 2770 nos
3119 2712 3222 2786 qui
3249 2728 3282 2770 e
3305 2711 3445 2771 vivis
3462 2715 3726 2772 excessi-

2079 2798 2592 2876 mus,conci|ietur
2624 2805 2825 2878 pax,et
2860 2803 2921 2858 in
2951 2799 3334 2860 concordiam
3369 2799 3732 2862 reducantur

2081 2890 2558 2961 extrema.Quem
2580 2895 2638 2948 in
2672 2889 2850 2949 tinem
2887 2907 2996 2948 nos
3023 2909 3137 2949 uno
3157 2889 3252 2950 die
3277 2891 3571 2969 conjunge
3602 2912 3612 2947 :
3651 2901 3730 2966 et,

2081 2977 2588 3052 quemadmodum
2619 2987 2675 3038 te
2705 2977 3072 3047 decet,diem
3107 2979 3276 3039 illum
3311 2980 3488 3040 nobis
3517 2981 3729 3041 festum

2082 3085 2391 3146 consecra,
2430 3067 2631 3146 itaque
2687 3068 2939 3129 ostende
2972 3087 3079 3129 nos
3121 3087 3321 3129 coram
3374 3069 3493 3130 Deo
3546 3089 3732 3132 unum

340 3155 488 3235 ἔχειν
552 3158 690 3232 παρὰ
737 3164 814 3228 τῷ
885 3156 1020 3230 Θεῷ.
1086 3165 1261 3213 Ταῦτα
1338 3155 1570 3218 εἰπόντες
1621 3151 1797 3218 ἔδοξαν
1856 3152 1992 3215 αὖθις

2085 3157 2370 3218 esseNos
2399 3166 2589 3218 autem
2618 3158 2792 3219 simul
2815 3157 3086 3220 dabimus
3106 3177 3343 3220 omnem
3372 3178 3637 3240 operam,
3671 3169 3735 3221 ut

373 3214 409 3235 ,v
629 3214 636 3232 |
791 3214 798 3228 I
975 3214 984 3230 ι
1558 3214 1569 3218 -
1720 3214 1731 3218 ν
1988 3214 1992 3215 ,

349 3247 419 3307 εἰς
452 3244 697 3322 οὖρανοὺς
751 3246 1070 3315 ἀναπτάναι,
1127 3245 1260 3323 φωτὶ
1300 3243 1502 3321 ἀπείρῳ
1560 3241 1992 3318 καταλαμπόμε-

2085 3244 2336 3324 hujusce
2387 3247 2476 3307 rei
2529 3248 2874 3309 memoriam
2927 3248 3284 3310 celebraturi
3336 3214 3637 3330 accipiant,
3661 3249 3735 3310 ad

341 3357 442 3405 νοι,
473 3337 558 3390 καὶ
590 3337 843 3408 ὀνομαστὶ
875 3334 1144 3401 ἀλλήλους
1179 3331 1660 3408 μετακαλούμενοι.

2082 3343 2362 3398 aeternam
2397 3338 2649 3400 salutem
2677 3335 2944 3400 subsidia
2977 3359 2989 3400 ε
3026 3338 3307 3400 videmur
3329 3339 3512 3401 etiam
3548 3349 3607 3401 et
3632 3357 3740 3400 nos

337 3441 510 3504 posse
541 3423 768 3501 aliquid
805 3423 965 3504 apud
1001 3426 1217 3486 Deum.
1249 3418 1354 3482 His
1387 3420 1564 3482 dictis
1606 3421 1714 3480 visi
1749 3432 1892 3482 sunt
1923 3421 2140 3484 iterum
2180 3425 2494 3489 subvolare
2547 3430 2606 3488 in
2666 3427 2909 3503 coalum,
2964 3427 3149 3490 multa
3201 3428 3335 3491 luce
3389 3429 3738 3505 circunfusi,

341 3525 397 3576 et
429 3516 582 3577 alter
626 3513 878 3575 alterum
913 3531 1020 3574 suo
1054 3529 1356 3593 quemque
1391 3508 1635 3570 nomine
1667 3508 2126 3589 compellantes.

417 3605 478 3663 Ὀ
539 3603 592 3660 δὲ
688 3608 832 3666 θεῖος
893 3602 1096 3666 ἑνεϊνος
1151 3601 1303 3680 ἀνὴρ,
1367 3603 1392 3657 ὁ
1446 3601 1733 3679 Εὒχαϊτων
1797 3597 1992 3666 δηλαδ·>

2169 3607 2430 3684 Surgens
2462 3625 2604 3686 ergo
2631 3605 2724 3666 vir
2752 3605 2855 3668 ille
2885 3605 3144 3683 divinus,
3169 3607 3452 3667 nimirum
3487 3605 3733 3670 Euchai-

342 3693 621 3769 Ἰωὶννης,
679 3693 850 3756 καθώς
883 3695 927 3749 οἳ
999 3691 1196 3769 ’Ἅγιοι
1257 3690 1612 3766 εἰσηγήσαντο
1663 3686 1992 3766 διεπράξατο·

2090 3701 2278 3755 tarum
2314 3695 2564 3757 antistes
2595 3698 2875 3771 Joannes,
2910 3696 3049 3758 fecit
3080 3703 3146 3756 ut
3173 3705 3492 3758 suaserunt
3521 3702 3731 3759 sancti.

342 3787 401 3841 τὸ
454 3807 510 3840 τε
571 3784 774 3850 πλῆθος
840 3784 927 3839 καὶ
998 3782 1122 3846 τοὺς
1203 3781 1580 3852 στασιάζοντας
1649 3777 1992 3844 καταστεί)ας

2086 3781 2402 3865 Postquam
2435 3795 2631 3848 autem
2665 3787 2869 3865 vulgus
2904 3787 3279 3866 partiumque
3335 3793 3586 3847 conatus
3640 3805 3736 3848 re-

344 3873 531 3945 (ἐδόκει
558 3877 644 3930 καὶ
674 3875 774 3953 γὰρ
804 3873 890 3929 ἐπ’
922 3872 1082 3952 ἀρετῇ
1114 3868 1396 3936 διαϐόητος
1448 3872 1474 3926 ὁ
1506 3866 1664 3948 ἀνὴρ)
1697 3869 1796 3936 τὴν
1870 3870 1992 3945 ἐορ-

2088 3883 2385 3950 presserat
2409 3875 2560 3949 (erat
2582 3877 2738 3937 enim
2765 3875 2904 3937 huic
2935 3873 3060 3935 viro
3093 3893 3200 3955 per
3225 3876 3498 3936 virtutem
3538 3875 3736 3937 conci-

338 3967 436 4033 τὴν
463 3965 684 4042 ταύτην
740 3961 1013 4040 παρέδωκε
1073 3963 1140 4038 τῇ
1190 3959 1482 4028 Ἐκκλησίᾳ
1551 3960 1816 4035 ἑορτάζειν
1860 3962 1992 4032 Θεῷ.

2085 3963 2224 4023 liata
2257 3983 2487 4025 summa
2512 3965 3286 4042 auctoritas),memoratum
3326 3964 3544 4027 festum
3570 3965 3730 4028 diem

339 4053 441 4115 Καὶ
487 4054 584 4132 ὅρα
616 4041 706 4127 μοί
739 4053 800 4108 τό
844 4052 1094 4132 φρόνημα
1145 4061 1238 4109 τοῦ
1269 4047 1494 4126 ἀνδρός,“
1520 4049 1668 4106 Ἐπεὶ
1726 4048 1826 4126 γὰρ
1885 4050 1992 4125 εὗρε

2084 4051 2143 4112 in
2167 4051 2429 4116 Ecclesia
2459 4055 2570 4117 Dei
2599 4055 2894 4135 agendum
2929 4053 3437 4135 praecepitAtque
3462 4073 3605 4116 ecce
3627 4055 3736 4118 viri

340 4148 430 4201 τὸν
463 4143 782 4221 Ἰανουάριον
821 4147 989 4214 μῆνα,
1023 4141 1144 4205 τοὺς
1173 4152 1319 4211 τρεῖς
1368 4137 1564 4219 ἔχοντα
1594 4138 1834 4211 τούτους,
1895 4159 1992 4194 κα-

2087 4143 2480 4222 prndentiam.
2519 4145 2662 4208 Cum
2681 4147 2790 4207 hos
2806 4153 2925 4207 tres
2938 4143 3457 4207 animadvertisset
3480 4145 3592 4206 coli
3617 4164 3734 4207 uno

334 4235 400 4290 τὰ
447 4234 544 4306 μὲν
603 4235 702 4298 τὴν
745 4229 966 4305 πρώτην
1025 4231 1114 4285 τὸν
1170 4229 1336 4305 μέγαν
1397 4228 1692 4299 Βασίλειον,
1753 4228 1890 4283 κατὰ
1944 4225 1992 4282 δὲ

2087 4241 2142 4293 et
2157 4233 2368 4294 endem
2392 4252 2596 4297 mense
2613 4235 3203 4314 Januario,Magnum
3218 4234 3499 4296 Basilium
3518 4236 3730 4315 prima,

335 4324 436 4380 civ
468 4321 715 4380 εἰκοστὴν
743 4319 996 4394 πέμπτην
1053 4319 1145 4373 τὸν
1187 4321 1332 4373 θεῖον
1383 4315 1674 4396 Γρηγόριον
1745 4318 1882 4372 κατὰ
1943 4314 1992 4370 δὲ

2081 4322 2344 4384 divinum
2370 4323 2721 4405 Gregorium
2758 4325 2964 4406 quinta
2995 4333 3054 4386 et
3083 4324 3390 4397 vicesima,
3415 4343 3484 4386 ac
3518 4314 3734 4387 vicesi-

336 4414 436 4479 τὴν
481 4410 726 4478 εἰκοστήν
760 4406 991 4481 ἑϐδόμην
1021 4411 1110 4462 τὸν
1140 4409 1288 4462 Θεϊον
1336 4407 1735 4485 Χρυσόστομον,
1793 4405 1992 4479 σ·)νῆψε

2084 4431 2176 4474 ma
2199 4420 2453 4495 septima
2489 4416 2756 4477 divinum
2779 4405 3282 4496 iChrysostomum
3299 4415 3564 4484 ,eosdem
3585 4435 3735 4477 con-

339 4502 499 4559 πάλιν
527 4501 711 4564 αὐτοὺς
743 4500 878 4555 κατὰ
935 4497 1033 4565 τήν
1083 4495 1426 4575 τριακοστήν,
1485 4495 1670 4550 κανόσι
1721 4496 1808 4550 καὶ
1868 4516 1992 4572 τρο-

2080 4502 2269 4580 junxit
2294 4505 2505 4567 iterata
2538 4506 2823 4567 colendos
2848 4495 2945 4567 die
2970 4505 3296 4568 tricesima.
3335 4507 3546 4585 Neque
3579 4525 3734 4586 prie-

339 4593 546 4670 παρίοις
570 4594 655 4646 καὶ
689 4589 991 4666 ,ἐγκωμίοις
1051 4587 1386 4660 γαταστέψας
1446 4587 1516 4649 ὡς
1577 4587 1843 4656 προσῆκεν
1895 4586 1992 4674 αὗ·-

2080 4592 2328 4654 termisit
2371 4613 2472 4654 eos
2525 4595 2743 4657 debitis
2799 4613 3014 4657 ornare
3048 4594 3400 4674 canonibus,
3439 4572 3740 4656 modulis-

337 4696 478 4744 τοῖς·
516 4682 552 4738 ὁὶ
578 4682 656 4737 mi
684 4682 850 4735 νεύσει
908 4681 1104 4756 αὒτῶν,
1138 4679 1209 4738 ὡς
1269 4677 1450 4754 οἶμαι,
1499 4674 1778 4752 γεγονότα,
1841 4672 1990 4728 οὔδε-

2080 4697 2194 4757 que
2219 4698 2285 4740 ac
2310 4683 2664 4762 prwconiis;
2704 4683 2765 4743 in
2798 4684 3044 4764 quibus,
3089 4689 3296 4764 utpote
3328 4672 3445 4743 non
3494 4684 3622 4743 sine
3655 4684 3734 4743 il-

337 4774 424 4835 νὸς
457 4772 722 4828 λείπονται
754 4770 859 4826 τῶν
892 4769 960 4832 εἷς
1013 4767 1250 4840 ἓπαινον,
1287 4769 1360 4830 ὡς
1414 4766 1499 4821 καὶ
1559 4765 1772 4820 πάντων
1828 4765 1992 4839 ὑπερ-

2080 4767 2271 4828 lorum
2310 4778 2398 4847 (ut
2429 4791 2536 4851 ego
2571 4773 2814 4852 quidem
2840 4773 3135 4853 existimo)
3166 4791 3411 4834 assensu
3439 4772 3733 4851 composi-

337 4865 545 4917 κεῖσθαι
583 4860 679 4915 τῶν
715 4859 814 4915 ὅσα
844 4879 899 4912 τε
931 4856 980 4924 ἐξ
1029 4858 1226 4914 ἐκείνου
1279 4857 1554 4933 γεγόνασι,
1614 4855 1700 4909 καὶ
1747 4852 1846 4908 ὅσα
1894 4873 1988 4930 γε-

2080 4858 2171 4916 tis.
2241 4859 2389 4922 nihil
2447 4863 2519 4922 ad
2574 4862 2976 4925 laudationem
3039 4852 3367 4924 deSiderari
3415 4861 3728 4941 reperias;

341 4952 614 5018 νήσονται.
2078 4967 2263 5028 usque
2317 4951 2466 5011 adeo
2525 4959 2588 5011 ut
2643 4961 2928 5032 superent
2985 4951 3273 5033 quidquid
3307 4955 3364 5013 in
3390 4951 3502 5012 isto
3534 4970 3714 5030 gene-

2069 5055 2132 5096 re
2164 5037 2389 5100 editum
2425 5047 2514 5102 est
2544 5059 2729 5122 usque
2760 5041 2974 5117 adhuc,
3011 5050 3068 5102 et
3130 5042 3187 5102 in
3242 5049 3542 5121 posterum
3573 5042 3712 5105 ede-

2068 5136 2162 5188 tur

421 5206 584 5274 Ἦσαν
643 5220 696 5274 δὲ
741 5220 835 5286 τήν
885 5217 1025 5273 θέσιν
1084 5224 1177 5273 τοῦ
1248 5211 1495 5286 σώματος
1547 5213 1635 5268 καὶ
1687 5213 1784 5280 τὴν
1846 5235 1978 5288 μορ-

401 5309 412 5326 ι
595 5306 629 5332 ιν
881 5309 904 5326 γ
1035 5305 1056 5324 τι
1344 5299 1367 5316 θ’
1462 5323 1472 5333 ,
1575 5300 1590 5323 ν
1738 5301 1752 5320 τ
1902 5315 1924 5328 ο

343 5331 447 5384 φην
491 5310 535 5363 οἱ
638 5321 787 5386 Αγιοι
847 5329 988 5362 ουτοι
1038 5325 1254 5385 εχοντες
1313 5322 1502 5361 ουτω..
1595 5311 1634 5358 Ο
1693 5323 1789 5375 μεν
1839 5307 1981 5364 θείος

345 5398 736 5478 Χρυσόστομος,
772 5402 866 5466 τήν
897 5395 1037 5452 ἰδέαν
1069 5397 1160 5450 τοῦ
1191 5392 1460 5466 σώματος,
1496 5391 1562 5459 ἧν
1619 5392 1820 5470 βραχὺς
1875 5391 1985 5446 πά-

339 5511 396 5544 νυ
427 5487 521 5554 τὴν
551 5486 790 5566 ἡλικίαν,
825 5484 1065 5564 μεγάλην
1097 5480 1336 5561 κεφαλήν
1363 5493 1480 5544 τοῖς
1540 5479 1711 5555 ὤμοις
1754 5481 1982 5559 αἰωρῶν,

359 5579 488 5658 lvi):
548 5579 622 5640 εἷς
683 5577 745 5632 τὸ
799 5573 1199 5652 ἠκριϐέστατον,
1257 5568 1542 5647 ἓπιρρινος,
1625 5570 1771 5648 εύρὺς
1844 5573 1989 5635 ,τοὺς

2145 5217 2230 5278 Ad
2266 5219 2749 5282 constitutionem
2805 5221 3074 5301 corporis
3125 5240 3193 5283 ac
3252 5222 3501 5283 formam
3551 5223 3709 5298 quod

2067 5305 2297 5382 attinet,
2337 5308 2395 5368 hi
2429 5309 2614 5370 sancti
2651 5309 2798 5371 tales
2855 5318 3048 5372 erant.
3087 5311 3327 5372 Divinns
3357 5313 3712 5392 Chrysosto-

2073 5398 2426 5476 mus,quoad
2456 5398 2718 5475 speciem
2741 5400 3032 5479 corporis,
3059 5409 3185 5462 erat
3207 5401 3527 5462 admodum
3558 5401 3701 5461 brev

2075 5491 2321 5566 statura,
2351 5505 2562 5564 magno
2599 5487 2873 5569 elatoque
2897 5489 3354 5570 capite,summa
3375 5489 3706 5570 gracilitate

2067 5571 2230 5652 justo
2258 5576 2710 5657 naso,diductus
2734 5597 2850 5640 non
2868 5577 3159 5644 indecore
3185 5581 3447 5651 naribus,
3457 5578 3734 5659 pallidis-
