4176 6412
430 381 511 430 CGI
521 380 662 427 IXCII

431 590 696 660 ﬁebat,ut
719 587 849 667 ejus
866 594 1144 666 aspectus
1166 588 1452 647 reniteret
1473 582 1804 663 gratiosior,
1840 581 2072 644 etiamsi

431 682 598 742 triste
613 678 835 758 aliquid
857 677 1085 756 reliqua
1102 677 1291 736 forma
1308 694 1425 756 pra
1439 693 1503 738 se
1522 673 1702 736 ferret
1764 673 1896 734 Erat
1918 673 2074 733 nuda

430 787 758 848 magnaque
815 767 1006 827 fronte
1066 775 1123 826 et
1154 766 1355 828 multis
1388 773 1652 844 perarata
1687 766 1890 842 rugis;
1942 783 2068 824 am-

431 859 539 939 plis
571 858 707 917 item
741 855 1120 934 auribus,sed
1158 853 1342 914 barba
1368 853 1532 914 tenui
1555 861 1612 914 et
1644 851 1950 914 rarissima
1979 872 2073 914 ca-

431 949 641 1024 nisque
659 946 792 1026 pilis
813 943 1450 1006 veneranda.Maxillas
1467 942 1719 1003 habebat
1746 941 2069 1004 introrsum

428 1037 766 1116 depressas,
831 1053 949 1114 pra
1009 1032 1392 1109 rigidissima.
1447 1050 1562 1111 qua
1606 1049 1669 1093 se
1705 1031 2066 1106 macerabat,

427 1127 644 1188 inedia.
698 1125 820 1186 Hoc
850 1142 990 1186 vero
1025 1140 1272 1184 necesse
1317 1130 1406 1184 est
1432 1121 1506 1182 de
1540 1140 1611 1183 eo
1655 1119 1880 1198 dicere,
1912 1122 2070 1202 quod

430 1216 712 1276 omnibus
743 1215 918 1276 etiam
948 1215 1188 1275 Gracia
1234 1210 1604 1290 sapientibus
1634 1211 2070 1284 antecelluerit,

428 1315 548 1368 tum
566 1306 962 1384 scientia,tnm
983 1301 1865 1380 maximecogitandiacumine,
1907 1301 2069 1362 ﬂori-

427 1396 624 1472 dmpte
645 1414 862 1475 genere
881 1393 1139 1454 dicendi:
1165 1391 1499 1453 laudandus
1527 1391 1702 1452 etiam
1727 1391 1882 1468 quod
1901 1391 2066 1452 codi-

426 1507 524 1551 ces
555 1507 753 1549 sacros
787 1497 944 1548 tanta
966 1485 1366 1566 explanaverit
1388 1484 1654 1546 claritate
1683 1493 1902 1560 quanta
1928 1483 2071 1544 alio-

423 1598 554 1640 rum
609 1595 818 1650 nemo;
884 1576 1164 1658 quodque
1228 1577 1303 1638 ita
1357 1573 1648 1636 studuerit
1693 1575 2070 1654 promulgare

426 1669 830 1747 Evangelium,
859 1676 922 1729 ut
958 1667 1071 1727 nisi
1104 1666 1315 1726 fuisset
1345 1665 1441 1726 hic
1494 1671 1735 1725 sanctus
1767 1664 1923 1728 (licet
1959 1666 2068 1726 hoc

423 1758 640 1819 dictum
675 1758 947 1818 videatur
995 1755 1431 1835 confidentius),
1462 1774 1610 1833 opus
1644 1754 1853 1814 fuisset
1883 1754 2068 1815 altero

420 1848 633 1910 Christi
669 1849 728 1908 in
757 1856 941 1907 terras
968 1845 1221 1906 adventu
1269 1865 1280 1906 :

419 1946 478 2000 et
501 1939 725 1998 virtutis
759 1935 1210 2004 exercitatione,
1234 1942 1293 1995 et
1311 1933 1817 1995 commentatione
1844 1934 2064 1994 divina-

416 2047 543 2089 rum
577 2047 774 2088 rerum
812 2025 1125 2108 prastabat
1149 2021 1564 2084 cateris.Fons
1597 2022 1778 2084 etiam
1819 2023 2019 2084 miseri
2052 2061 2058 2067 -

418 2117 637 2179 eordia
659 2127 715 2176 et
733 2115 1035 2178 charitatis
1057 2120 1432 2192 nuncupatus
1452 2112 1584 2173 fuit.
1617 2113 1688 2174 Et
1711 2113 2061 2182 certc,sicut

417 2206 680 2284 fulgebat
701 2205 1081 2277 doctrina,ite
1107 2203 1282 2265 etiam
1307 2203 1555 2264 ar-lebat
1572 2202 1699 2264 zelo
1720 2211 1776 2262 et
1799 2201 2061 2263 incredi-

422 2295 519 2356 bili
541 2315 680 2375 erga
704 2295 1038 2375 proximum
1079 2293 1387 2354 charitate.
1425 2290 1580 2354 Vixit
1606 2311 1794 2353 annos
1819 2302 1938 2353 tres
1967 2312 2061 2352 su-

420 2404 520 2466 pra
552 2386 940 2465 sexaginta,et
963 2402 1060 2444 sex
1091 2381 1675 2462 gubernavitChristi
1705 2381 2056 2445 Ecclesiam.

503 2478 745 2551 Magnus
777 2474 1052 2545 Basilius,
1114 2471 1316 2533 habitu
1364 2471 1654 2552 corporis,
1711 2473 1768 2533 in
1817 2471 2056 2532 multam

419 2566 830 2646 proceritatem
865 2571 1078 2625 erecta
1111 2563 1317 2640 ﬁgura
1353 2561 1726 2622 excurrebat.
1770 2562 1912 2623 Erat
1943 2562 2054 2622 sic-

416 2674 520 2716 cus
545 2665 601 2715 et
636 2653 1006 2725 macilentus,
1035 2653 1207 2731 niger
1238 2651 1463 2725 colore,
1501 2651 1722 2731 pallore
1757 2659 2057 2728 tempora-

420 2754 509 2806 tus
539 2745 770 2822 faciem,
809 2743 1092 2822 praditus
1123 2742 1343 2802 decoro
1378 2759 1522 2802 naso
1569 2749 1626 2801 et
1657 2741 2058 2803 circnmﬂexis

415 2836 484 2895 ad
523 2830 1195 2914 hirqunm,superciliis;
1234 2831 1288 2890 in
1324 2830 1546 2890 vertice
1577 2831 1959 2905 contractior;
1985 2829 2060 2890 si-

420 2923 574 2986 milis
605 2919 1304 3000 cogitabundo,pauculis
1329 2919 1386 2980 in
1410 2918 1603 2979 fronte
1635 2920 1794 2991 rugis
1819 2937 2058 2998 capera-

417 3025 547 3088 tus;
585 3012 766 3072 malas
796 3011 1295 3086 oblungus.cavus
1331 3016 1797 3086 tempora,rasus
1832 3009 1954 3068 fere
1985 3008 2054 3068 ad

416 3115 640 3180 cutem,
668 3100 907 3161 barbam
935 3097 1226 3172 nutriens,
1251 3115 1502 3177 eamque
1527 3096 1671 3158 satis
1703 3097 2056 3176 promissam

415 3212 482 3254 ac
515 3193 900 3253 semicanam.
939 3187 1192 3250 Aziteivit
1243 3188 1503 3266 ingenio,
1552 3205 1686 3258 _non
1721 3195 1950 3247 tantum
1989 3187 2124 3271 iisc

417 3287 516 3360 qui
545 3299 674 3352 suo,
700 3296 901 3340 verum
937 3277 1111 3338 etiam
1145 3277 1241 3357 qui
1278 3277 1480 3337 muttis
1509 3285 1646 3337 ante
1691 3275 1928 3338 saculis
1952 3278 2064 3338 flo—

413 3389 612 3431 ruere:
641 3369 857 3448 quippe
881 3387 1012 3428 cum
1037 3384 1144 3446 per
1160 3384 1371 3427 omnes
1414 3365 1692 3446 pulchras
1753 3367 2065 3427 ivissetar~

415 3460 596 3532 tes,in
616 3475 966 3538 unaquaque
993 3455 1388 3536 principatum
1412 3455 1625 3529 tenuit;
1653 3457 1846 3516 minus
1866 3465 2062 3518 autem

413 3569 546 3612 sese
575 3547 895 3610 exercebat
923 3547 981 3606 in
1019 3545 1416 3626 philosophia,
1451 3547 1595 3608 satis
1638 3545 1867 3607 habens
1897 3564 1963 3606 se
1993 3564 2062 3608 ea

413 3641 564 3703 duce
594 3639 666 3701 ad
716 3657 919 3700 rerum
954 3637 1284 3698 divinarum
1319 3637 1886 3714 contemplationem
1925 3656 2062 3700 esse

416 3727 969 3807 transgressum.Ad
992 3726 1209 3788 summi
1236 3725 1554 3787 sacerdotii
1574 3727 1788 3788 solium
1819 3740 2062 3789 evectus

415 3829 504 3884 est
533 3818 918 3900 quadraginta
944 3834 1132 3879 annos
1158 3823 1420 3888 natus,et
1442 3816 1708 3896 quinque
1735 3816 1907 3877 annis
1940 3817 2061 3878 Ec—

416 3911 613 3974 clesia
644 3907 943 3988 prasedit.

497 4001 676 4064 Divus
724 3997 1042 4076 Gregorius
1099 3993 1440 4070 Theologus
1499 3995 1722 4055 slatura
1781 3993 1888 4054 fuit
1947 4012 2065 4055 me-

419 4089 661 4159 diocris,
697 4085 1090 4164 subpallidus,
1138 4084 1567 4164 aliquantulum
1626 4084 1939 4160 gratiosus,
1976 4082 2062 4142 si-

419 4198 577 4254 mus,
612 4175 792 4238 rectis
822 4182 1066 4235 ornatus
1118 4171 1478 4252 superciliis,
1525 4179 1770 4250 aspectu
1807 4170 1965 4230 mitis
2009 4178 2068 4231 et

422 4266 710 4346 placidus,
747 4261 1081 4323 subtristris
1111 4262 1298 4322 altero
1349 4261 1524 4321 oculo
1569 4259 1641 4339 (is
1674 4267 1799 4320 erat
1828 4258 2062 4339 dexter,

420 4373 596 4436 quem
622 4351 970 4414 tuber-culus
991 4351 1152 4413 circa
1184 4351 1459 4430 hirquum
1494 4348 1918 4429 contraxerat),
1951 4368 2066 4410 nnn

422 4443 674 4525 prolixe,
709 4441 811 4503 sed
847 4440 1033 4502 dense
1059 4437 1362 4512 barbatus;
1388 4439 1562 4500 valde
1583 4438 1815 4512 calvus,
1836 4437 2067 4519 capillis

419 4530 731 4602 candidus,
767 4529 1052 4591 extremis
1076 4527 1275 4589 barba
1307 4529 1442 4607 pilis
1476 4528 1783 4607 subniger,
1814 4538 1868 4590 et
1896 4529 2062 4608 quasi

1827 355 2426 423 I’ROLEGOMENA.

430 501 580 564 simo
598 498 850 575 alboque
889 496 1078 572 vultu,
1114 495 1304 556 oculis
1328 495 1484 557 cavis
1505 504 1563 554 et
1595 492 1880 556 bulbosis.
1923 491 2064 554 Hinc

2160 498 2456 575 μυκτῆρας,
2503 496 2812 576 ὠχρότατος
2845 499 2981 568 μετὰ
3035 505 3128 553 τοῦ
3176 496 3386 577 λευκώ,

3435 497 3646 562 κοίλους
3685 499 3815 560 τοὺς

2157 583 2396 662 νόγχους
2441 592 2546 641 τῶν
2577 585 2861 664 ὀφθαλμῶν
2887 584 3054 665 ἔχων,
3090 589 3177 644 καὶ
3209 585 3430 662 βολϐοῖς
3480 588 3679 644 τούτων
3710 608 3808 642 κε·-

2159 675 2433 753 χρημένος
2466 676 2751 755 μεγάλως
2789 677 2870 753 ἐρ’
2905 679 2994 743 οἷς
3017 683 3102 735 καὶ
3162 677 3452 759 συνέϐαινε,
3514 677 3806 759 χαριέστε-

2157 784 2243 840 ρον
2275 777 2396 828 ταῖς
2431 763 2616 841 ὕψεσιν
2646 764 3008 842 ἀποστίλϐειν,
3043 771 3086 822 εἱ
3112 770 3199 824 καὶ
3254 774 3330 841 τῷ
3387 767 3561 840 λοιπῷ
3617 788 3801 847 χαρα-

2157 859 2310 933 κτῆρι
2341 855 2432 910 τὸν
2467 855 2766 935 ἀχθόμενον
2798 855 3119 932 παρεδήλου’
3175 856 3331 932 ψιλὸς
3368 859 3456 913 καὶ
3514 856 3681 935 μέγας
3743 858 3804 913 τὸ

2157 941 2427 1023 μέτωπον,
2454 946 2541 1000 καὶ
2583 943 2816 1008 πολλαῖς
2841 943 3010 1020 βολίσι
3069 947 3497 1026 κεχαραγμένος⁶
3533 949 3645 1002 ὦτα
3705 966 3811 1002 πειο

2155 1053 2452 1111 ρικειμενος
2489 1033 2721 1111 μεγάλα,
2766 1035 2944 1091 καὶτὸ
2987 1034 3185 1112 γένειον
3244 1037 3432 1114 μικρὸν
3485 1036 3572 1092 καὶ
3629 1035 3810 1112 ἀραιό-

2157 1147 2315 1182 τατον
2359 1127 2461 1182 ὑπὸ
2487 1125 2706 1191 πολιαῖς
2735 1140 2859 1191 ταῖς
2891 1125 3048 1205 θριξὶν
3091 1127 3338 1192 ὶξανθῶν·
3395 1129 3486 1194 τὰς
3560 1129 3809 1207 σιαγόνας

2159 1215 2526 1290 ποπιεσμένας
2572 1214 2706 1273 εἴσω
2738 1215 2907 1297 ἔχων,
2941 1224 3008 1293 τῇ
3041 1219 3257 1290 νηστείᾳ
3301 1219 3372 1282 εἷς
3399 1220 3459 1274 τὸ
3491 1217 3802 1294 ἂκρότατοι,

2159 1313 2419 1362 Τοσοῦτον
2463 1304 2515 1362 δὲ
2561 1308 2677 1385 περὶ
2723 1306 2880 1366 αὒτοῦ
2934 1309 3226 1384 ἀναγκαῖον
3275 1310 3468 1380 εἶπετν,
3536 1305 3616 1363 ὅτι
3662 1306 3809 1385 λόγῳ

2155 1395 2356 1457 πάντας
2391 1399 2477 1452 καὶ
2508 1398 2627 1459 τοὺς
2680 1396 3085 1476 παρ’,”Ε)λησι
3137 1398 3327 1475 σοφοὺς
3376 1399 3658 1477 ὖπερῆρεν,
3718 1398 3804 1463 ἐξ-

2157 1483 2378 1561 αιρέτως
2440 1483 2492 1540 δὲ
2552 1484 2815 1554 δεινότητι
2878 1492 2945 1562 τῇ
2989 1486 3107 1543 κατ’
3159 1486 3385 1561 ἔννοιαν,
3445 1488 3532 1543 καὶ
3579 1493 3654 1561 τῷ
3685 1485 3810 1563 λείῷ

2154 1577 2239 1628 καὶ
2274 1574 2482 1652 ἀνθηρῴ
2543 1582 2640 1643 τῆς
2688 1578 2928 1656 φράσεως
2965 1596 2976 1608 '
3035 1579 3106 1639 εἷς
3159 1575 3491 1633 τοσοῦτονδὲ
3536 1577 3636 1644 τὴν
3665 1579 3806 1635 θείαν

2158 1665 2364 1741 Γραιρὴν
2399 1664 2740 1744 ἐσαφήνισεν,
2789 1669 2859 1730 ὡς
2906 1669 3012 1722 τῶν
3079 1665 3254 1721 ἄλλων
3305 1664 3468 1730 οὐδεὶς
3504 1685 3518 1700 ⁸
3567 1669 3653 1723 καὶ
3709 1669 3811 1724 ὑπὸ

2153 1758 2228 1824 τῷ
2290 1755 2620 1829 εὒαγγελιιῷ
2658 1755 2956 1834 κηρύγματί
3014 1753 3380 1828 συνετέλεσεν,
3446 1757 3518 1817 ὡς
3551 1756 3593 1810 εἷ
3622 1756 3699 1828 μὴ
3743 1761 3808 1822 ἦν

1339 1862 1531 1924 usque
1554 1843 1703 1905 adeo
1730 1854 1788 1906 et
1819 1844 2058 1923 virtute,

2154 1840 2306 1904 οὗτος
2338 1841 2370 1896 ὅ
2397 1841 2605 1920 ’³Αγιεις
2631 1847 2707 1918 (εἱ
2739 1847 2825 1898 καὶ
2859 1842 3128 1921 τολμηρὸν
3162 1845 3364 1922 φάναι),
3399 1841 3502 1898 ἔδει
3535 1844 3694 1902 πάλιν
3726 1845 3812 1900 ἐπὶ

2146 1931 2247 2005 γῆς
2282 1929 2524 2008 δευτέραν
2557 1939 2650 1987 τοὺ
2699 1939 2923 2009 Χριστοῦ
2977 1932 3265 2006 παρουσίαν
3309 1931 3549 2008 γενέσθαι
3590 1951 3599 1960 ·
3638 1935 3711 1995 εἷς
3755 1932 3808 1986 δὲ

2148 2019 2340 2096 ἆρετζν
2393 2021 2481 2075 καὶ
2543 2020 2726 2090 πρᾶξιν
2791 2022 2875 2076 καὶ
2909 2021 3129 2099 θεωρίαν
3161 2028 3413 2085 τοσοῦτος
3445 2020 3676 2098 ἐγένετο,
3733 2023 3806 2082 ὡς

2145 2113 2232 2164 καὶ
2290 2111 2492 2172 πάντας
2558 2109 2720 2189 ἄρδην
2782 2108 3172 2188 ὓπερϐαλέσθαι
3213 2131 3227 2144 ·
3295 2110 3661 2184 ἐλεημοσύνης
3721 2108 3807 2165 καὶ

2145 2199 2357 2276 ἀγάπης
2403 2202 2746 2279 χρηματίσας
2794 2201 2970 2279 πηγη,
3033 2201 3120 2256 καὶ
3172 2199 3331 2272 ζῆλος
3371 2200 3632 2279 Ξίντικρυς,
3671 2197 3805 2279 φιλ-

2146 2287 2366 2368 α⁹ελιρίᾳ
2401 2310 2456 2344 τε
2481 2291 2568 2345 καὶ
2599 2287 2933 2364 διδασκαλίᾳ,

2223 2463 2284 2523 Ὀ
2345 2462 2398 2521 δὲ
2459 2466 2626 2544 μέγας
2705 2467 2975 2533 Βασίλειος
3034 2469 3100 2536 ἦν
3173 2467 3273 2534 τὴν
3335 2465 3477 2523 θέσιν
3549 2473 3638 2523 τοῦ
3692 2468 3803 2522 σώ-

2145 2577 2313 2629 ματος
2347 2556 2417 2620 εἰς
2448 2557 2586 2612 πολὺ
2617 2561 2817 2630 μῆκος,
2855 2557 2940 2614 ἐπὶ
2969 2556 3061 2614 τοῦ
3094 2557 3263 2636 ὀρθίου
3309 2557 3601 2634 σχήματος
3666 2555 3797 2611 ἁνα-

2144 2643 2364 2725 ξραμὸν,
2412 2645 2566 2723 Ξηρὸς
2625 2651 2713 2704 καὶ
2772 2647 3148 2726 λειπόσαρκος,
3214 2647 3382 2723 μέλας
3451 2649 3513 2704 τὸ
3576 2653 3798 2728 χρῶμα,

2144 2735 2422 2815 ὠχρότητι
2497 2738 2558 2794 τὸ
2619 2736 2905 2815 πρόσωπον
2978 2739 3296 2817 σύγκρατος,
3381 2737 3667 2814 ἐπίρῥινος,
3727 2739 3801 2800 εἷς

2146 2826 2340 2882 κύκλον
2388 2827 2480 2891 τὰς
2531 2828 2688 2908 ὸφρῦς
2740 2827 3127 2906 περιηγμένος,
3191 2830 3252 2884 τὸ
3311 2828 3624 2897 ἐπισκῆνιον
3676 2851 3801 2884 σ.›ν⁸

2145 2915 2418 2994 εσπακὼς,
2475 2922 2830 2995 φροντιστικῷ
2888 2917 3103 2992 ἐοικὼς,
3171 2917 3375 2995 ὸλίγαις
3424 2919 3482 2974 τὸ
3515 2920 3802 2996 πρόσωπον

2145 3005 2446 3082 ἀμαρυγαϊς
2477 3003 2866 3086 ῥυτιδούμενος,
2902 3007 3174 3080 ἐπιμήκης
3242 3007 3334 3069 τὰς
3381 3014 3624 3086 παρείας,
3673 3021 3801 3062 κοτ-

2144 3091 2235 3156 λος
2288 3095 2412 3157 τοὺς
2473 3091 2790 3174 κροτάφους,
2852 3095 3028 3174 ἡρέμα
3072 3094 3216 3176 ἔχων
3274 3099 3330 3151 ἓν
3390 3102 3510 3175 χρῴ
3566 3102 3798 3174 κουρίας,

2149 3183 2247 3249 τὴν
2293 3184 2503 3252 ὑπήνην
2545 3184 2842 3262 ἀρκούντως
2901 3187 3238 3261 καθειμένος,
3272 3187 3359 3242 καὶ
3419 3185 3797 3261 μεσαιπόλνος,

2151 3271 2312 3335 Οὗτος
2369 3272 2420 3328 ἐν
2467 3271 2647 3352 λόγοις
2692 3279 2750 3333 οὔ
2787 3275 2950 3349 μόνον
2980 3277 3103 3340 τοὺς
3127 3274 3245 3331 κατ’
3287 3276 3465 3354 αὗτον,
3529 3274 3664 3330 ἀλλὰ
3716 3277 3802 3330 καὶ

2150 3363 2270 3426 τοὺς
2305 3360 2559 3428 παλαιοὺς
2589 3361 2878 3442 ὑπερέϐαλε
2917 3385 2928 3397 ⁸
2986 3363 3068 3425 διὰ
3118 3365 3218 3442 γάρ
3248 3365 3425 3431 πάσης
3459 3364 3621 3420 ἐλθὼν
3668 3387 3798 3419 παι-

2149 3449 2401 3532 δεύσεως,
2463 3451 2518 3507 ὲν
2572 3454 2771 3532 ἑκάστῃ
2825 3456 2884 3511 το
2916 3456 3108 3532 κράτος
3140 3453 3404 3522 ἐκτήσατο
3442 3472 3453 3484 ·
3490 3458 3592 3533 οὔχ
3635 3455 3798 3520 ἧττον

2149 3540 2202 3597 δὲ
2255 3543 2350 3610 τὴν
2424 3541 2510 3600 διὰ
2567 3544 2804 3622 πράξεως
2858 3547 3100 3615 ἀσκιξσας
3173 3543 3514 3624 φιλοσοφίαν,
3571 3547 3656 3601 καὶ
3715 3544 3800 3598 διὰ

2147 3632 2342 3699 ταύτης
2371 3637 2441 3708 τῇ
2483 3634 2674 3712 θεωρίᾳ
2721 3639 2832 3690 τῶν
2887 3632 3052 3690 ὄντων
3104 3632 3320 3704 προϐάς.
3372 3631 3491 3690 Ἰὲπὶ
3522 3638 3612 3689 τον
3669 3633 3793 3709 θρόο

2143 3745 2230 3780 νον
2282 3723 2379 3790 τῆς
2440 3723 2838 3802 αρχιερωσύνης
2887 3724 3102 3802 ἀνήχθη
3162 3725 3554 3800 τεσσαρακοντά
3585 3724 3796 3802 χρόνων

2144 3813 2456 3891 γενόμενος,
2523 3811 2607 3867 ἐπὶ
2666 3812 2820 3868 πέντε
2901 3811 3040 3867 ἔτεσι
3103 3815 3200 3879 τῆς
3266 3810 3586 3877 Ἐκκλησίας
3659 3834 3795 3892 προ-

2147 3903 2300 3965 στάς,

2229 3986 2288 4045 Ὀ
2365 3987 2418 4043 δέ
2490 3990 2976 4068 ἱερὶςιΓρηγόριος
3063 3991 3091 4045 ὁ
3151 3987 3440 4066 Θεολόγος,
3499 3992 3636 4046 κατὰ
3707 3994 3798 4048 τὸν

2146 4077 2308 4132 τύπον
2354 4078 2452 4144 τῆς,
2515 4076 2721 4145 ἡλικίας
2771 4089 2865 4138 τοῦ
2922 4080 3192 4154 σώματος,
3241 4078 3504 4160 ἐτύγχανε
3551 4081 3795 4160 μέτριος,

2147 4165 2424 4245 ὖπωχρος,
2483 4168 2658 4246 βραχὺ
2717 4170 2853 4244 μετὰ
2896 4175 2986 4226 τοῦ
3015 4169 3319 4250 χαρίεντος,
3353 4171 3534 4249 σιμὸς,
3584 4170 3672 4226 ἐπ’
3704 4171 3796 4226 εὖ-

2150 4259 2287 4322 θείας
2319 4261 2413 4321 τὰς
2447 4260 2604 4338 ὁφρῠς
2637 4258 2808 4341 ἔχων,
2841 4260 3040 4338 ἥμερον
3085 4260 3299 4337 βλέπων
3343 4263 3432 4318 καὶ
3484 4265 3746 4342 προσηνές
3784 4283 3799 4298 ⁸

2149 4349 2364 4426 θάτερον
2424 4356 2527 4405 τῶν
2589 4349 2900 4431 ὀφθαλμῶν,
2967 4353 3024 4414 ὃς
3079 4351 3145 4418 ἦν
3203 4349 3392 4426 δεξιὸς,
3456 4353 3802 4432 στυγνότερον

2149 4439 2503 4514 κεκτημένος,
2561 4440 2618 4495 ὃν
2677 4440 2808 4508 οὔλη
2873 4441 3010 4496 κατᾶ
3055 4443 3143 4496 τὸν
3201 4443 3391 4498 κανθὸν
3451 4447 3666 4520 συνῆγε·
3709 4445 3800 4499 τὸν

2147 4528 2380 4606 πώγωνα
2412 4530 2471 4586 οὔ
2501 4529 2681 4606 βαθὺς,
2737 4528 2892 4594 δασῦς
2939 4529 2993 4585 δὲ
3047 4530 3130 4586 ἐπ’
3179 4531 3399 4602 εὐθείας,
3439 4533 3636 4595 ἱκανῶς
3694 4553 3800 4612 φα-

420 4621 905 4685 infumatus.Hoc
931 4637 1068 4680 vero
1099 4617 1342 4695 dignum
1369 4626 1457 4680 est
1488 4619 1643 4700 quod
1679 4619 1753 4679 de
1779 4618 1880 4682 illo
1911 4619 2041 4680 dira

2154 4618 2369 4696 λακρὸς,
2417 4617 2605 4683 λευκὸς
2655 4633 2776 4681 ταῖς
2831 4618 2982 4699 θριξὶ,
3035 4621 3101 4676 τὰ
3131 4620 3262 4698 ἄκρα
3294 4626 3391 4687 τῆς
3425 4619 3694 4699 γενειάδος
3724 4623 3798 4683 ὡς

420 4721 560 4776 tur:
595 4711 775 4793 quod,
821 4717 868 4771 si
919 4709 1049 4790 quis
1108 4727 1176 4770 ex
1219 4708 1451 4789 integro
1505 4709 1810 4770 hominum
1845 4726 2063 4788 genere

416 4804 1330 4886 proponendusesset,tanquam
1354 4801 1544 4880 imago
1558 4800 1750 4882 aliqua
1767 4799 2064 4878 etefﬁgies

415 4894 917 4973 simulacrumque
937 4891 1209 4952 virtutum
1239 4891 1527 4960 omnium,
1559 4891 1602 4952 is
1639 4899 1790 4951 esset
1823 4888 2064 4966 Magnus

415 4983 771 5062 Gregorius:
831 4989 1033 5062 utpote
1067 4979 1164 5061 qui
1199 4979 1520 5058 splendore
1548 4981 1676 5040 vita
1711 4977 2061 5060 probatissi-

415 5090 576 5133 mum
612 5089 913 5152 quemque
963 5069 1310 5149 longissime
1358 5069 1624 5142 anteivit,
1679 5071 1739 5129 in
1770 5068 2064 5147 theologia

419 5170 641 5222 tantum
681 5161 960 5240 profecit,
996 5169 1060 5221 ut
1090 5177 1300 5224 omnes
1330 5157 1612 5221 habuerit
1647 5159 1978 5233 inferiores,
2005 5167 2065 5219 et

415 5251 712 5329 elegantia
729 5251 1114 5325 sermonis,et
1131 5248 1563 5310 sententiarum
1586 5247 2064 5329 gravitate,unde

417 5350 475 5402 et
507 5337 791 5417 Theologi
819 5359 1149 5417 cognomen
1183 5339 1893 5403 invenit.Administravit
1913 5337 2062 5400 Con-

415 5428 992 5510 stantinopolitanam
1029 5429 1356 5491 Ecclesiam
1397 5428 1716 5491 duodecim
1743 5430 1937 5501 annis,
1973 5428 2063 5488 vi-

415 5519 498 5580 xit
527 5527 722 5580 autem
748 5517 1001 5599 amplius
1033 5520 1352 5600 octoginta.

490 5699 714 5765 Horum
768 5704 943 5764 trium
995 5696 1384 5781 omniumque
1431 5705 1775 5763 sanctorum
1837 5697 2062 5782 depre-

2147 4709 2670 4787 περικεκαπνισμένα
2729 4710 3055 4790 ὑποφαίνων.
3123 4713 3288 4767 Τοῦτο
3345 4709 3398 4766 δὲ
3459 4712 3630 4767 εἰπεῖν
3685 4715 3799 4790 περὶ

2147 4801 2304 4855 αὒτοῦ
2336 4797 2502 4873 aiam,
2537 4799 2619 4856 ὅτι
2667 4801 2710 4855 ei
2755 4796 2857 4854 ἔδει
2905 4799 3144 4877 γενέσθαι
3198 4799 3252 4855 ἐν
3297 4800 3588 4879 ἀνθρώποις
3623 4802 3799 4858 εἰκόνα

2145 4888 2262 4944 τινὰ
2314 4889 2402 4943 καὶ
2466 4887 2668 4956 στήλην
2722 4889 2857 4944 κατᾶ
2912 4888 3098 4964 μέρος,
3153 4888 3212 4944 ἐκ
3276 4897 3458 4946 πασῶν
3523 4891 3801 4969 συγκειμέ-

2147 4999 2242 5044 νην
2306 4977 2529 5055 ἀρετῶν,
2567 4987 2720 5035 τοῦτο
2751 4978 2816 5046 ἦν
2851 4981 2878 5034 ὁ
2938 4977 3105 5057 μέγας
3155 4982 3468 5059 Γρηγόριος,
3504 4981 3618 5056 βίου
3652 4994 3797 5056 Λαμυ-

2146 5068 2371 5146 πρότητι
2425 5069 2544 5133 τοὺς
2627 5069 2762 5124 κατὰ
2825 5067 3008 5143 πρᾶξιν
3089 5068 3394 5143 εὖδοκίμους
3460 5068 3793 5149 ὑπερϐαλών.

2149 5155 2269 5213 Ἐπὶ
2328 5165 2577 5214 τοσοῦτον
2630 5157 2901 5235 θεολογίὰς
2954 5159 3236 5238 προήχθη,
3286 5161 3356 5223 ὼς
3391 5161 3591 5221 πάντας
3627 5162 3797 5228 ἡττᾶ-

2147 5248 2263 5301 σθαι
2316 5251 2414 5312 τῆς
2462 5248 2647 5327 σοφίας
2703 5247 2884 5326 αὺτοῦ,
2945 5252 3042 5314 τῆς
3073 5268 3129 5302 τε
3175 5247 3229 5303 ἐν
3274 5248 3483 5327 λόγοις,
3521 5254 3616 5316 τῆς
3651 5270 3707 5305 τε
3743 5251 3802 5304 ἒν

2145 5333 2428 5414 δόγμασιν,
2491 5337 2607 5392 ὅθεν
2651 5339 2738 5393 καὶ
2784 5339 2881 5404 τὴν
2938 5334 3196 5414 Θεολόγος
3245 5341 3602 5416 προσηγορίαν
3630 5341 3799 5409 ἱκτη-

2150 5441 2297 5480 σατο’
2333 5425 2566 5504 προέστη
2618 5425 2672 5482 δὲ
2713 5427 2802 5481 καὶ
2851 5430 2946 5492 τῆς
3007 5428 3614 5492 Κωνσταντινουπόλεως
3661 5427 3798 5486 Ἐκ-

2147 5513 2374 5582 κλησίας
2404 5517 2629 5596 χρόνους
2661 5513 2880 5590 δώδεκα,
2919 5515 3048 5594 ὑπὲρ
3091 5517 3156 5574 τὰ
3200 5515 3526 5596 ὀγδοήκοντα
3571 5517 3666 5587 ἔτη
3702 5539 3798 5594 γε-

2151 5602 2400 5682 νόμενος.

2229 5694 2346 5755 Τῶν
2413 5699 2574 5774 τριῶν
2650 5694 2850 5754 τούτων
2933 5692 3252 5776 πρεσϐείαις,
3315 5696 3507 5777 Χριστὶ
3565 5697 3594 5754 ὁ
3663 5697 3796 5763 Θεὸς
