4176 6388
435 247 735 297 OGCXCXW

1855 235 2450 314 PBOLEGOMENA.

445 377 537 430 tus
557 373 777 451 optime
798 369 1254 447 circumcidisti,
1291 371 1470 432 Basili
1501 391 1517 448 ;
1551 380 1730 452 teque
1760 371 1953 451 ipsum
1982 372 2084 433 Dos

2216 372 2264 428 αὶ
2306 373 2373 430 τὰ
2403 383 2493 433 τοῦ
2525 377 2772 450 σώματος
2832 376 2886 432 ἐν
2933 384 3010 452 τῷ
3066 387 3157 437 τοῦ
3217 379 3524 452 Πνεύματος
3583 379 3832 459 περιέτε-

450 461 607 520 mino
639 459 902 520 obtulisti
942 459 1323 522 sacriﬁcium.

515 639 728 700 Factus
757 637 1144 700 ineli‘abilium
1177 658 1529 702 arcanorum
1591 647 1836 718 mystes,
1873 657 1904 698 ο
1974 641 2086 698 Ba-

2175 483 2270 535 μες
2331 462 2484 544 ξίφει*
2538 469 2722 526 ςαυτὸν
2769 465 2824 523 δὲ
2869 473 2944 540 τῷ
3006 469 3256 544 Δεσπότη
3333 472 3470 543 θῦμα
3533 471 3834 549 προσήνεγ-

2173 573 2298 614 καις.

2255 643 2327 697 Σὺ
2387 645 2621 721 γεγονὼς
2683 648 2887 720 μύστης
2941 647 3207 728 ἆρῤήτων,
3273 646 3537 721 Βασίλειε,
3600 647 3831 722 ἐμυστο-

436 727 551 789 sili.
587 732 1098 816 consecrationem
1125 729 1382 808 adeptus
1416 747 1499 806 es,
1545 728 1716 790 Pater
1751 751 1765 805 ;
1803 736 1860 789 et
1916 725 2084 788 nobis

2216 731 2424 809 ώγησας
2479 734 2785 811 ἱεράτευμα,
2845 725 3038 816 Πάτερ,
3110 725 3295 814 σαφῶς
3339 739 3400 792 τὸ
3454 741 3550 803 τῆς
3611 735 3832 816 Τριάδος

437 818 638 880 lumen
665 815 974 881 Trinitatis
997 818 1378 882 manifestati.

1057 996 1207 1060 ODE
1253 998 1329 1061 Ill
1368 996 1443 1077 ta)
1459 1047 1472 1060 .

510 1174 686 1239 Omni
712 1175 977 1255 repletus
1010 1175 1346 1256 disciplina,
1384 1194 1500 1237 non
1534 1184 1728 1236 sotum
1766 1175 1927 1236 humi
1979 1192 2078 1235 re.

434 1273 612 1347 pente
633 1272 810 1347 atque
840 1266 1141 1347 calcanda,
1174 1269 1280 1328 sed
1327 1269 1506 1328 etiam
1577 1265 1760 1326 multo
1822 1264 2076 1344 meliori,

439 1356 659 1417 mundo
689 1356 890 1416 lumen
925 1355 1249 1435 praebuisti,
1288 1377 1320 1418 o
1351 1355 1554 1419 Basili.

517 1444 758 1507 Timore
785 1445 1021 1506 Domini
1050 1447 1435 1510 confirmatus
1465 1446 1724 1526 (initium
1761 1445 1920 1505 enim
1981 1444 2082 1505 ille

437 1543 526 1596 est
559 1536 886 1615 sapientiae)
916 1536 1036 1596 alas
1072 1538 1313 1617 potioris
1343 1537 1644 1617 sapientia:
1683 1534 2078 1615 assumpsisti,

437 1645 470 1686 o
498 1624 699 1687 Basili.

515 1715 712 1776 Palam
746 1733 994 1776 exorsus
1022 1717 1094 1776 ab
1126 1715 1383 1789 actione,
1421 1717 1494 1777 ab
1541 1715 1647 1776 hac
1707 1714 1958 1793 gradum
2009 1711 2078 1773 ad
2110 1753 2144 1802 Β

431 1805 992 1884 contemplationem
1028 1803 1384 1867 diviniorem
1428 1806 1625 1866 facere
1658 1823 1765 1865 nos
1819 1804 1990 1873 doce,
2026 1811 2084 1862 et

433 1911 663 1976 eorum,
688 1912 824 1973 quae
849 1913 986 1960 vere
1017 1894 1172 1958 bona
1194 1904 1333 1958 sunt
1381 1897 1718 1976 cognitione
1776 1893 2083 1954 manifesta

435 2003 544 2046 nos
575 1983 800 2048 imbue.

514 2073 659 2138 Cum
689 2074 908 2137 Christi
942 2073 1121 2136 natali
1151 2075 1334 2154 fulget
1364 2084 1424 2137 et
1453 2072 1757 2135 concurrit
1812 2088 2080 2135 comme-

434 2164 685 2225 moratio
717 2171 840 2244 tua,
873 2163 1065 2245 Pater,
1093 2169 1196 2242 qui
1244 2164 1586 2246 mysterium
1647 2161 1951 2226 ineffabile
1984 2169 2082 2223 tua

435 2254 604 2317 nobis
635 2254 907 2317 doctrina
940 2255 1287 2318 manifestas

1102 2433 1249 2498 ODE
1294 2433 1394 2496 ιν.

504 2618 665 2679 Sicut
693 2616 985 2692 Ecclesia,
1050 2613 1270 2677 Christi
1329 2631 1570 2693 sponsa,
1634 2619 1894 2674 ornatur
1953 2611 2084 2690 ejus

424 2705 747 2789 nativitate,
791 2706 898 2785 ita,
960 2717 1057 2768 tua
1101 2702 1702 2777 commemoratione,
1766 2722 1798 2762 ο
1860 2700 2082 2762 beatis-

427 2813 596 2857 alme.

505 2887 772 2951 Graviter
802 2889 1223 2953 demonstrans
1255 2903 1390 2949 esse
1450 2881 1801 2960 [Christum]
1861 2879 2076 2944 Filium

2173 827 2280 902 φῶς
2318 823 2668 902 ἀπαστράψας
2709 830 2845 904 ἡμῖν
2858 876 2872 892 .

2863 1013 3002 1064 sua
3051 1004 3134 1068 Γ’.

2246 1180 2486 1248 Παιδείας
2519 1185 2759 1261 γεγονὼς
2808 1183 3021 1252 ἁπάσης
3084 1184 3341 1260 ἔμπλεος,
3408 1185 3468 1242 οὗ
3524 1186 3684 1260 μόνον
3727 1189 3829 1252 τῆς

2163 1271 2311 1330 κάτω
2358 1274 2444 1328 καὶ
2499 1273 2860 1348 πατουμένης,
2919 1275 3105 1349 πολλῴ
3156 1273 3209 1329 δὲ
3258 1272 3461 1336 μᾶλλον
3523 1281 3623 1342 τῆς
3654 1277 3830 1355 κρείτο

2166 1382 2337 1424 τονος.
2372 1360 2690 1443 ὰναδεὶχθης
2719 1368 2793 1436 τῷ
2829 1365 3013 1440 ἀόσμῳ
3043 1373 3179 1445 φῶς,
3229 1364 3496 1438 Βασίλειε,

2249 1459 2337 1524 Τῷ
2388 1451 2535 1531 φόϐῳ
2590 1457 2681 1509 τοῦ
2743 1457 2926 1534 Κυρίου
2982 1455 3444 1534 στοιχειούμενος,
3506 1456 3654 1536 ἀρχὴ
3726 1457 3827 1534 γὰρ

2167 1546 2353 1621 coepiat:
2384 1543 2531 1604 οὗτος
2562 1544 2817 1624 ὑπάρχει,
2877 1551 2944 1621 τῇ
2987 1543 3133 1624 φιλίᾳ
3172 1549 3270 1609 τῆς
3324 1544 3598 1618 ἀμείνονος
3651 1544 3825 1601 ἐπτε-

2168 1635 2341 1706 ρώθης
2379 1636 2584 1714 σοφίας,
2619 1636 2664 1691 ὦ
2699 1636 2968 1716 Βασίλειε,

2250 1724 2510 1796 Βασίλειε,
2566 1733 2739 1804 σοφῶς
2789 1725 2986 1792 ἐπέϐης
3035 1723 3270 1802 πραξεω;
3321 1729 3409 1780 καὶ
3473 1726 3656 1803 πρᾶξιν
3705 1729 3830 1784 ἐπί-

2167 1810 2319 1868 ϐασιν
2385 1814 2599 1889 θεωρίας
2672 1812 2935 1891 θειοτέρας
2994 1812 3274 1884 ὲπέδειξες,
3331 1815 3417 1870 καὶ
3469 1821 3574 1870 τῶν
3662 1819 3829 1872 ὀντων

2165 1905 2265 1968 τὴν
2288 1909 2482 1979 γνῶσιν
2515 1902 2752 1976 ἐμυήθης
2786 1911 2974 1984 σα-ξῶς

2246 2079 2544 2158 Συνέδραμε
2575 2090 2797 2159 Χριστοῦ
2826 2083 2913 2138 καὶ
2945 2080 3335 2154 συνεξὲλαμψεν
3368 2081 3402 2146 ἠ
3451 2082 3641 2155 μνήμη
3696 2103 3816 2142 σου,

2166 2173 2360 2250 Πάτερ,
2421 2187 2538 2236 τοῖς
2603 2173 2909 2250 γενεθλίοις,
2964 2175 3039 2226 ὡν
3083 2171 3143 2227 τὸ
3193 2171 3458 2248 ἄφραστον
3523 2170 3822 2248 μυστήριον

2165 2276 2284 2326 ταῖς
2314 2275 2436 2325 σαῖς
2468 2261 2825 2328 διδασκαλὶαις
2858 2261 3205 2341 φανέρωσας.

2855 2445 2996 2496 ΩΔΒ
3043 2435 3128 2496 A’.

2251 2617 2673 2690 Καλλωπίζεται,
2723 2619 2904 2697 ὥσπτρ
2945 2625 3022 2692 τῷ
3060 2619 3204 2693 τόκῳ
3261 2631 3514 2702 Χριστοῦ,
3578 2623 3612 2690 ἦ
3684 2621 3818 2691 νύμ-

2165 2732 2239 2788 φη
2313 2706 2628 2785 Ἐκκλησῖα,
2689 2708 2826 2765 οὕτω
2895 2710 2984 2765 καὶ
3043 2715 3110 2784 τῇ
3166 2714 3357 2790 μνήμῃ
3416 2735 3536 2787 σου,
3597 2732 3821 2787 παμμα-

2161 2799 2399 2874 κάριστε.

2242 2888 2639 2963 Σεμνυνὸμενος
2671 2890 2855 2946 τέκνον
2913 2888 3172 2968 ὑπάρχων
3230 2899 3384 2966 Θεοῦ,
3455 2893 3696 2958 θεότητα
3757 2891 3832 2952 εἰς

424 2975 554 3050 Dei,
603 2979 880 3057 religiose
904 2977 1226 3040 distinxisti
1253 2975 1624 3038 divinitatem
1655 2991 1689 3034 a
1719 2980 2018 3044 creatura,
2045 2989 2080 3030 o

2216 2979 2336 3034 :iotv
2367 2977 2617 3052 εὐσεϐῶς,
2653 2979 2925 3053 Βασίλειε,
2964 2981 3021 3034 οὺ
3065 2982 3400 3059 κατήγαγες.

475 3067 628 3129 asili.

475 3067 628 3129 asili.

425 3065 472 3131 Β
506 3157 610 3219 Dei
643 3179 760 3222 non
785 3159 1084 3241 abjectum
1118 3155 1606 3228 commilitonem,
1631 3165 1688 3214 te
1734 3149 2073 3230 ostendisti,

2244 3157 2638 3222 Ἀταπείνωτος
2682 3158 2863 3239 ὤφθης
2926 3163 3260 3238 συμμαχῶν,
3318 3159 3586 3235 Βασίλειε,
3660 3160 3831 3215 ἅπασι

426 3248 629 3322 Basili,
675 3259 893 3331 quanto
925 3255 986 3313 te
1015 3247 1294 3311 omnibus
1323 3247 1494 3326 juxta
1556 3241 1896 3303 mandatum
1948 3241 2080 3321 ejus

2216 3256 2238 3322 ᾖ
2266 3252 2424 3308 αὐτοῦ
2451 3250 2818 3328 φροστάγματι
2849 3249 3288 3323 ταπεινούμενος.

427 3338 771 3402 inferiorem
817 3338 1143 3403 credidisti.

507 3427 835 3492 Ecclesiam
868 3429 976 3493 Dei
1013 3429 1149 3493 forti
1178 3421 1635 3490 circumvallasti
1663 3438 1854 3498 muro,
1902 3419 2080 3484 Basili

427 3517 789 3582 beatissime.

505 3609 611 3669 Dei
641 3610 912 3674 hostibus
941 3610 1097 3672 fuisti
1133 3613 1301 3669 acuta
1337 3601 1640 3684 bipennis,
1674 3606 1732 3663 et
1759 3599 1914 3680 ignis
1945 3599 2070 3662 dis-

423 3699 663 3763 solvens
692 3719 897 3763 eorum
930 3699 1224 3772 fraudem,
1253 3697 1426 3760 Pater
1446 3691 1654 3754 Basili.

1107 3873 1266 3941 ODE
1311 3872 1380 3935 V.

2246 3433 2324 3505 Τῇ
2356 3427 2645 3500 Ἐκκλησία
2676 3426 2897 3484 δέδωεαι
2927 3429 3069 3500 παρὰ
3141 3435 3274 3486 Θεοῦ
3341 3427 3672 3509 χαράκωμα,
3727 3450 3819 3486 και
3851 3477 3860 3482 .

2156 3532 2286 3599 τετχ
2292 3541 2347 3583 ος
2379 3521 2604 3599 ὀχυρὸδ,
2634 3517 2869 3575 Βασίλειε
2900 3517 3344 3596 παμμακάριστε,

2238 3619 2363 3670 Τοῖς
2414 3607 2669 3670 ἀντιθέοις
2719 3606 2943 3669 πέλεκυς
3017 3606 3333 3671 ἐκκοπτικὸς
3381 3607 3470 3663 καὶ
3515 3608 3614 3684 πῦρ
3666 3627 3810 3662 κατ-

2157 3696 2437 3754 αναλίσκον
2470 3697 2568 3763 τὴν
2601 3696 2812 3762 ἀπάτην
2840 3695 3044 3774 ὤφθης,
3094 3695 3266 3772 Πάτερ
3312 3693 3555 3751 Βασίλειε

2852 3876 2994 3926 ΩΔΗ
3046 3869 3128 3932 Ε’.

504 4049 692 4112 Hodie
723 4047 1372 4129 agitEcclesiafestum
1429 4059 1570 4103 vere
1627 4038 1878 4129 duplex,
1936 4035 2071 4099 Cir-

2241 4037 2623 4118 ”Αγειδιπλῆν
2655 4037 2868 4105 ἀληθῶς
2927 4043 2963 4110 ἡ
3009 4037 3304 4106 Ἐκκλησία
3369 4040 3556 4116 ἑορτὴν
3627 4042 3803 4116 σήμε-

422 4127 858 4202 cumcisionem
889 4138 1119 4199 scilicet
1168 4131 1428 4211 Domini,
1486 4128 1720 4211 quando
1777 4127 1834 4186 in
1911 4135 2074 4184 terra

2216 4154 2264 4192 ιν,
2349 4134 2644 4207 περιτομῆς
2727 4131 2799 4194 ὡς
2895 4129 3085 4209 βρέφος
3175 4129 3449 4185 Δεσωότου
3559 4129 3803 4210 ὀφθέντος

423 4228 699 4309 apparuit
739 4227 955 4304 infans,
991 4236 1048 4288 et
1072 4225 1420 4288 memoriam
1455 4220 1608 4283 servi
1656 4214 1948 4299 sapientis
2005 4231 2074 4276 ac

2216 4221 2241 4276 τὶ
2297 4223 2422 4298 γῆς,
2484 4221 2568 4274 καὶ
2628 4219 2848 4293 μνήμην
2907 4218 3114 4278 οἰκέτου
3166 4225 3331 4299 σοφοῦ
3414 4220 3502 4275 καὶ
3578 4223 3805 4297 τρισμά-

426 4327 517 4378 ter
550 4317 732 4378 beati.

2216 4331 2310 4386 ιρος
2321 4355 2334 4368 .

508 4407 729 4466 Lumen
763 4402 1374 4485 incomprehensibile
1431 4401 1492 4463 in
1548 4408 1630 4479 te,
1682 4402 1908 4470 sancte,
1965 4411 2064 4456 re-

2234 4401 2306 4458 Τὸ
2378 4397 2756 4466 ἀκατάληπνον
2869 4405 2980 4477 φῶς
3064 4399 3507 4475 ἀναπαυσάμενος
3594 4397 3648 4454 ἒν
3739 4403 3818 4458 συὶ

424 4495 760 4575 quiescere,
796 4494 917 4556 imo
941 4512 1072 4557 esse
1103 4501 1161 4554 te
1190 4491 1551 4573 lampadem,
1597 4506 1733 4568 quae
1764 4485 2059 4548 illuminat

2216 4511 2301 4570 ιε,
2387 4491 2714 4569 φωτιστικην
2795 4487 3049 4563 λαμπάδα
3128 4497 3204 4564 τῷ
3264 4490 3450 4564 κόσμῳ
3518 4510 3577 4544 σε
3647 4487 3803 4556 ἔδειξε

427 4583 659 4658 orbem,
695 4581 951 4646 ostendit
985 4581 1277 4645 Christus.
1312 4583 1453 4645 Ideo
1489 4592 1670 4653 tuam,
1725 4575 1925 4652 Basili,
1959 4593 2062 4638 ce-

2216 4581 2394 4646 ιιστὸς·
2468 4577 2547 4635 διὸ
2621 4602 2714 4636 σου
2799 4579 2896 4644 τὴν
2982 4581 3204 4653 μνήμην
3257 4581 3545 4653 ὑμνοῦμεν,
3626 4581 3791 4637 Βατία

426 4673 729 4736 lebramus
759 4675 1131 4737 memoriam.
2150 4669 2285 4728 λειε.

504 4763 631 4827 Non
666 4765 965 4845 legislator
992 4766 1242 4846 Moyses,
1279 4781 1395 4826 non
1427 4770 1564 4824 ante
1595 4762 1788 4841 legem
1843 4760 2064 4839 Joseph

2236 4761 2307 4828 οὗ
2346 4757 2638 4834 νομοθέτης
2701 4756 2920 4828 Μωσῆς,
2973 4759 3031 4814 οὗ
3087 4761 3182 4833 πρὸ
3251 4760 3347 4814 τοῦ
3399 4779 3562 4833 νομου
3626 4759 3799 4839 [manu

424 4855 529 4918 fuit
557 4854 907 4917 distributor
939 4855 1068 4934 ejus
1099 4873 1230 4935 quae
1261 4874 1330 4916 ex
1362 4864 1417 4915 te
1450 4854 1626 4916 datur
1676 4870 1830 4914 escae
1862 4868 1874 4910 :
1945 4849 2071 4930 ipse

2221 4871 2340 4925 γονε
2399 4850 2498 4916 τῆς
2550 4849 2684 4907 atavi
2742 4847 2799 4902 σὲ
2867 4852 3066 4926 τροφῆς
3123 4847 3467 4923 σιτομέτρης·
3515 4847 3616 4915 τῆς
3666 4850 3797 4914 θείας

424 4945 583 5005 enim
618 4944 776 5006 fuisti
809 4943 1006 5008 carnis
1038 4945 1251 5006 divinm
1281 4954 1602 5006 comestor.

2216 4962 2254 5016 ιρ
2300 4940 2490 5016 σαρκὸς
2525 4937 2684 5002 αὐτὸς
2711 4940 2968 5012 ἐστιατωρ
2993 4935 3264 5018 ἐδείχθης,
3302 4936 3573 4996 Βασίλειε.

506 5033 774 5097 Universi
810 5053 1017 5096 novam
1052 5034 1416 5098 nativitatem
1451 5034 1507 5095 in
1540 5035 1739 5096 Monte
1772 5030 1908 5095 Sina
1937 5028 2074 5090 sub-

2237 5028 2346 5095 Τὴν
2401 5036 2493 5085 τοῦ
2565 5029 2763 5091 πάντὸς
2845 5028 3078 5106 ἀμυδρὰν
3135 5032 3507 5106 ἱστορηθεῖσαν
3564 5028 3621 5082 ὲν
3670 5035 3792 5084 Σινᾶ

427 5121 680 5184 obscure
708 5126 1010 5202 figuratam
1045 5127 1250 5207 Moysi,
1276 5132 1341 5186 ut
1371 5124 1793 5204 interpretatus
1817 5138 1904 5200 es,
1935 5117 2074 5181 bea-

2216 5139 2403 5184 wnow
2473 5124 2548 5192 τῷ
2602 5117 2788 5174 Μωσεῖ
2847 5118 3002 5181 αὐτὸς
3083 5117 3412 5192 ἑρμηνεύων,
3517 5116 3578 5172 ἐκ
3650 5116 3794 5172 θείων

512 5330 596 5412 (a)
621 5327 718 5391 Sic
753 5330 906 5409 apud
938 5327 1207 5390 Bolland.
1244 5333 1424 5394 Deest
1455 5348 1616 5391 num.
1655 5329 1714 5391 2.
