4176 6410
1575 379 1833 441 CANON
1878 379 1976 439 DE
2022 379 2082 440 S.
2140 378 2466 441 BASILIO.

1807 518 1967 574 Βασί-
1988 523 2024 569 Α
2054 513 2281 575 tissime
2309 514 2517 594 Basili,
2564 533 2635 576 ex
2666 515 2882 576 divinis
2914 514 3208 576 thesauris
3235 533 3365 575 eam
3417 514 3695 577 omnibus

1120 526 1247 575 πᾶσι

698 519 990 585 ἀνάπτυξας
1120 526 1273 600 πᾶσι,

315 526 593 591 θησαυρῶν

319 612 455 671 λειε.

1396 521 1693 597 παμμάκαρ

990 788 1129 837 ΩΔΗ
1174 779 1275 853 ς’.

400 951 671 1029 ’Ἒθρεψας
736 950 877 1024 λιμῷ
936 951 1181 1011 τακείσας
1236 949 1417 1026 ψυχὰς
1452 949 1664 1006 πάντων
1697 948 1956 1026 ἀρθόνως,

318 1043 403 1097 καὶ
462 1042 555 1102 τὰς
607 1046 711 1095 τῶν
760 1041 1064 1095 πεινώντων
1123 1036 1337 1115 καρδίας
1397 1039 1573 1104 πάσης
1635 1037 1958 1107 ἐνέπλησας,

318 1129 581 1197 Βασίλειε,
616 1133 805 1196 θεϊκῆς
838 1128 1182 1206 εὐφροσύνης.

393 1217 674 1295 ’Ἒθρεψας
732 1220 912 1297 ψυχὰς
973 1217 1241 1279 πεινώσας
1300 1222 1468 1294 τροφῇ
1521 1222 1588 1291 τῇ
1641 1218 1955 1291 ἒπουρανίω’

318 1308 470 1385 ἄρτος
521 1310 620 1386 γὰρ
666 1314 772 1363 τῶν
824 1306 1066 1383 ἀγγέλων
1118 1306 1350 1384 ὑπάρχει
1397 1308 1422 1358 ὃ
1459 1304 1641 1383 λόγος,
1699 1303 1957 1371 Βασίλειε,

317 1399 378 1452 οὗ
407 1398 616 1474 ἀριστος
652 1395 927 1462 σιτοόότης
956 1396 1152 1473 ἐγένου.

402 1485 703 1562 ’Ἤθροισας
735 1493 809 1559 τῷ
870 1488 963 1551 τῆς
1016 1484 1292 1559 μελίσσης,
1337 1482 1603 1555 Βασίλειε,
1666 1482 1965 1562 φιλοπόνως

320 1577 516 1654 ἀρετῆς
552 1577 766 1641 ἁπάσης
819 1577 877 1630 τὸ
941 1573 1091 1636 ἄνθος

320 1666 509 1727 αὐταῖς
536 1663 826 1739 μακαρίζει.

1101 1624 1116 1655 ,
1153 1576 1236 1630 καὶ
1268 1572 1554 1652 περιδέξιος
1588 1575 1870 1649 γενόμενος
1915 1573 1968 1628 ἐν

402 1750 716 1815 ’Ἔσπευσας
760 1754 964 1827 κόσμου
1023 1753 1273 1830 ῥαγῖναι,
1330 1757 1415 1809 καὶ
1478 1761 1592 1825 Θεῷ
1652 1750 1967 1828 συμϐιοτεύ-

320 1865 406 1898 σαι
443 1860 455 1872 ⁸
491 1842 571 1899 διὸ
601 1857 717 1907 τοῖς
748 1844 993 1906 ὰστάτοις
1052 1844 1141 1897 καὶ
1190 1844 1459 1919 ῥευστοϊς,
1498 1845 1666 1921 Πάτερ
1702 1843 1965 1915 Βασίλειε,

318 1932 384 1986 τὰ
416 1930 640 2005 μένοντα
670 1934 742 1994 ὡς
776 1933 936 2010 σοφὸς
969 1933 1310 2000 κατεκτήσω.

1008 2108 1143 2156 tua
1188 2099 1265 2159 κ’.

403 2273 569 2327 Εἰκὼν
618 2278 710 2327 τοῦ
745 2273 1067 2344 -Πνεύτιατος
1128 2274 1155 2325 ὁ
1218 2273 1361 2345 Υἱὸς,
1416 2274 1502 2327 καὶ
1577 2281 1669 2329 τοῦ
1734 2274 1851 2328 1⁸ἱοῦ
1909 2273 1968 2326 τὸ

320 2366 555 2438 Πνεῦμα,
604 2360 665 2414 σὺ
710 2358 759 2415 δὲ
825 2360 915 2416 τοῦ
968 2360 1293 2435 Πειεύματος,
1334 2363 1593 2431 Βασίλειε,
1636 2359 1968 2426 ἆκηλίδωτον

320 2447 615 2525 ἕσωπτρον,
677 2449 831 2514 οἶκος
891 2447 943 2503 δὲ
1014 2451 1111 2515 τῆς
1188 2449 1320 2516 ὅλης
1400 2448 1663 2526 Τριάδος·
1737 2451 1970 2525 μακαρία

319 2540 353 2605 ἠ
415 2539 603 2613 μνήμη
661 2560 775 2611 σου,
838 2540 923 2593 καὶ
987 2540 1033 2591 οἱ
1091 2536 1392 2609 δοξάζοντες
1469 2538 1629 2605 αἰῖὴν
1690 2536 1963 2603 ἀντιδοξά-

320 2637 521 2701 ζονται.

405 2718 621 2781 Βυθίσας
657 2722 747 2775 τὸν
795 2726 909 2775 νοῦν
966 2720 1039 2782 εἰς
1095 2719 1160 2775 τὰ
1204 2720 1337 2794 βάθη
1370 2727 1462 2775 τοῦ
1493 2727 1624 2775 Θεοῦ
1655 2720 1716 2775 τὰ
1768 2720 1971 2775 ἀκατά-

324 2808 528 2887 ληπτα,
579 2805 963 2883 συλλεξάμενος
1023 2807 1076 2864 δὲ
1131 2811 1221 2863 τὸν
1277 2808 1568 2884 πολύτιμον
1600 2810 1660 2864 σὺ
1706 2810 1970 2887 μαργαρί-

323 2922 419 2965 την
470 2901 569 2964 τῆς
600 2899 871 2977 γνώσεως,
906 2898 1222 2961 ἐπλούτισας
1277 2900 1369 2954 τὸν
1399 2899 1600 2973 κόσμον
1645 2899 1853 2979 σοφίας,
1886 2900 1972 2954 καὶ

325 2989 647 3068 κραυγάζειν
687 2986 920 3054 ἐδίδαξας
956 3005 969 3018 '
998 2987 1301 3066 Εὐλογητὸς
1352 2990 1379 3044 ὁ
1411 2990 1538 3053 Θεὸς
1581 2996 1687 3045 τῶν
1733 2988 1972 3067 πατέρων

324 3080 481 3154 ἡμῶν
494 3125 505 3139 .

406 3156 433 3179 τ

426 3167 469 3221 Ω
530 3168 791 3243 σύμπνοια
838 3170 929 3224 νοῦ
970 3168 1085 3246 ἱερά
1142 3189 1201 3224 τε
1261 3168 1500 3247 ξυνωρὶς,
1558 3170 1592 3235 ἡ
1652 3167 1833 3246 ὥσπερ
1876 3168 1972 3244 μία

3474 394 3619 443 CCCX
3626 394 3702 443 CV

2049 603 2382 665 recludens.

2719 774 2873 837 ODE
2918 772 3018 837 VI.

2124 942 2370 1006 Animas
2397 962 2749 1024 pauperum,
2788 944 3163 1007 tabescentes
3193 943 3511 1021 fame,sine
3538 943 3695 1005 invi-

2045 1030 2142 1091 dia
2175 1035 2489 1105 nutrivisti,
2525 1044 2582 1094 et
2615 1034 3011 1095 esurientium
3045 1033 3249 1113 corda,
3285 1033 3481 1108 Basili,
3532 1033 3696 1093 omni

2045 1120 2245 1183 divina
2278 1123 2593 1201 prudentia
2629 1122 2976 1203 implevisti.

2126 1212 2376 1273 Animas
2405 1213 2741 1274 esurientes
2769 1211 3063 1274 nutrivisti
3096 1211 3320 1274 caelesti
3351 1211 3640 1273 alimento
3676 1233 3691 1275 :

2048 1317 2180 1360 nam
2215 1302 2383 1382 panis
2412 1306 2784 1382 angelorum,
2822 1323 2855 1363 ο
2887 1301 3091 1379 Basili,
3127 1310 3218 1362 est
3270 1319 3492 1383 sermo,
3526 1304 3697 1382 cujus

2049 1406 2182 1452 eras
2215 1391 2459 1471 largitor
2490 1393 2771 1473 optimus.

2133 1480 2297 1541 Sicut
2348 1481 2500 1562 apis,
2561 1482 2761 1557 Basili,
2828 1499 3079 1561 operose
3137 1480 3428 1560 collegisti
3484 1484 3695 1543 ﬂorem

2051 1568 2247 1629 omnis
2272 1571 2522 1644 virtutis,
2561 1581 2619 1633 et
2678 1583 2738 1634 ut
2796 1571 3034 1651 sapiens
3093 1588 3200 1651 per
3227 1587 3359 1634 eam
3390 1571 3698 1636 beatiﬁca-

2051 1676 2156 1720 TIS.

2133 1748 2493 1810 Accelerasti
2519 1749 2787 1811 abscinili
2813 1767 2847 1809 a
2869 1748 3089 1810 mundo
3121 1758 3180 1811 et
3203 1748 3325 1810 Deo
3350 1750 3564 1811 vivere.
3593 1748 3691 1808 Id-

2016 1894 2027 1919 2
2052 1835 2213 1897 circo
2239 1856 2344 1917 pro
2368 1839 2546 1900 rebus
2567 1837 2943 1900 instabilibus
2973 1857 3041 1901 ac
3070 1839 3271 1919 ﬂuxis,
3289 1837 3464 1900 Pater
3491 1838 3697 1917 Basili,

1996 1911 2028 1939 ³³
2054 1911 2278 1989 aeterna
2307 1928 2610 2008 sapienter
2640 1939 2999 1990 consecutus
3028 1948 3112 1991 es.

2726 2096 2876 2160 ODE
2914 2096 3039 2160 VII.

2133 2267 2318 2330 Filius
2346 2268 2538 2347 imago
2571 2274 2662 2330 est
2694 2266 2977 2347 Spiritus,
3033 2278 3091 2331 et
3124 2270 3382 2352 Spiritus
3430 2269 3604 2348 Filii;
3642 2278 3701 2331 tu

2057 2376 2212 2437 vero,
2243 2356 2444 2437 Basili,
2480 2359 2735 2437 Spiritus
2774 2359 3222 2422 immaculatum
3277 2363 3611 2440 speculum,
3645 2370 3704 2422 et

2054 2448 2455 2508 habitaculum
2482 2448 2659 2507 totius
2683 2446 3016 2510 Trinitatis.
3046 2453 3224 2512 Beata
3255 2458 3344 2513 est
3375 2451 3452 2511 tni
3479 2468 3708 2513 memo-

2051 2543 2161 2616 ria,
2195 2546 2252 2598 et
2302 2536 2405 2616 qui
2439 2554 2569 2597 eam
2600 2537 2896 2603 recolunt.
2930 2539 3234 2620 recipiunt
3262 2541 3702 2605 remuneratio-

2055 2644 2217 2686 nem.

2135 2717 2391 2776 Mentem
2424 2714 3017 2795 incomprehensibili
3050 2718 3432 2797 profunditati
3456 2719 3695 2781 immer-

2055 2823 2221 2883 gens,
2248 2813 2305 2867 et
2327 2803 2613 2882 colligens
2636 2804 3134 2884 pretiosissimam
3161 2808 3518 2888 cognitionis
3549 2827 3702 2873 mar-

2056 2894 2331 2974 garitam,
2383 2894 2754 2974 locupletasti
2805 2895 3014 2957 orbem
3046 2898 3357 2977 sapientia,
3394 2908 3455 2961 et
3484 2900 3695 2961 docui-

2057 2983 2134 3046 sti
2166 2985 2428 3044 clamare
2466 3004 2477 3044 :
2518 2983 2874 3047 Benedictus
2903 2989 3157 3061 es,l)eus
3187 2997 3422 3068 patrum
3454 2999 3700 3052 nostro-

2055 3089 2213 3136 rum.

2135 3160 2184 3226 Ο
2209 3162 2523 3225 consensio
2546 3161 2886 3251 animorum
2916 3172 2976 3225 et
3003 3172 3207 3229 sancta
3255 3168 3510 3231 societas
3537 3189 3551 3231 :
3586 3186 3701 3251 qua

328 3257 481 3338 ῴυχὴ
531 3256 584 3312 ἐν
635 3255 745 3314 δυσὶ
803 3258 1046 3333 σώμασιν
1102 3255 1415 3336 ἀδιαίρετος,
1451 3258 1506 3313 ἐν
1536 3258 1809 3337 Γρηγορίῳ
1862 3265 1968 3314 Βα-

2072 3251 2216 3314 velut
2244 3271 2401 3315 unus
2432 3262 2489 3313 et
2519 3250 2862 3313 individuus
2893 3253 2955 3313 in
2977 3254 3214 3333 gemino
3239 3275 3490 3339 corpore
3509 3250 3723 3340 Spiri—.

323 3347 540 3424 σίλειος,
608 3347 755 3420 πόθῳ
810 3350 998 3421 θειϊκῴ
1047 3346 1398 3426 συνημμένοι,
1449 3351 1504 3402 ἐν
1537 3347 1802 3421 Κασιλείῳ
1833 3354 1972 3426 Γρη-

322 3439 501 3517 γόριος
536 3454 550 3468 ⁸
642 3444 729 3492 νῦν
805 3438 1105 3494 ἱκετεύσατε
1196 3437 1420 3516 Χριστὸν
1500 3436 1631 3516 ὑπὲρ
1685 3437 1782 3504 τῆς
1842 3438 1969 3494 ποί-

322 3550 482 3603 tunc.

402 3619 585 3698 Πατὴρ
615 3619 879 3697 ὀρφανῶν,
911 3617 999 3673 καὶ
1033 3615 1222 3697 χηρῶν
1252 3615 1644 3693 προασπιστῆς,
1684 3615 1773 3671 καὶ
1805 3612 1970 3671 πλοῦ-

318 3730 408 3771 τος
438 3708 654 3786 πένησι,
688 3709 795 3765 τῶν
828 3708 1188 3765 ἀσθενούντων
1223 3707 1257 3773 ἠ
1315 3705 1660 3778 παράκλησις
1717 3706 1803 3762 καὶ
1863 3704 1967 3760 τῶν

320 3797 642 3854 πλοιούντων
693 3794 1030 3878 κυϐέρνησις,
1093 3788 1288 3877 γήρους
1373 3797 1637 3875 βακτηρία
1694 3793 1962 3874 ἐδείχθης,

321 3886 653 3967 παιδαγωγία
716 3887 993 3965 νεότητος,
1056 3888 1144 3946 καὶ
1180 3884 1515 3963 μοναζόντων
1548 3886 1740 3965 ἀρετῆς
1768 3885 1963 3956 κανὼν,

325 3975 564 4033 Βασίλειε
575 4018 588 4036 .

1015 4161 1154 4214 nan
1200 4152 1286 4213 θ’.

414 4334 517 4391 Τὸν
564 4332 816 4412 ἀφράστῳ
862 4335 1081 4411 προνοίᾳ
1138 4332 1513 4411 δωρησάμενον
1570 4332 1844 4391 Βασίλειον
1902 4334 1978 4408 τῷ

322 4426 536 4503 κόσμῳ,
591 4428 702 4503 φῶς
778 4420 1041 4487 εὒσεϐείας
1100 4422 1377 4500 σάλπιγγα
1446 4444 1501 4478 τε
1552 4422 1650 4489 τῆς
1704 4425 1977 4500 θεολογίας

328 4512 639 4593 [ύμνοῦντες
671 4511 932 4591 λέγομεν]
964 4530 979 4546 ·
1036 4511 1348 4587 Εὖλογεῖτε,
1380 4513 1446 4567 τὰ
1471 4510 1597 4591 ἔργα
1626 4521 1717 4569 του
1764 4514 1972 4588 Κυρίου,

325 4606 417 4659 τὸν
452 4605 659 4683 Κύριον.

408 4696 507 4751 Τὸν
561 4691 781 4768 δαψιλεῖ
837 4691 1073 4771 ἐνεργείᾳ
1128 4690 1479 4760 ἐνοικήσαντα
1510 4696 1587 4764 τῷ
1629 4699 1775 4769 σοφῷ
1805 4698 1973 4747 Βασι-

324 4780 472 4862 λείῳ,
530 4784 615 4840 καὶ
666 4780 733 4837 δι’
792 4781 950 4837 αὐτοῦ
982 4777 1209 4843 εὐσεϐῶς
1242 4778 1631 4857 θεολογηθέντα
1666 4798 1682 4816 °
1720 4780 1978 4859 Εὖλογετ-

325 4893 407 4945 τε;
439 4873 507 4928 τὰ
536 4871 663 4949 ἔργα
692 4874 785 4928 τού
824 4872 1045 4951 Κυρίου,
1078 4873 1171 4927 τὸν
1202 4870 1421 4949 Κύριον,

414 4963 475 5020 Οἱ
504 4966 611 5017 τῶν
662 4962 813 5017 θείων
862 4985 956 5019 σου
1031 4960 1205 5040 λόγων
1261 4957 1651 5035 ἀπολαϐόντες,
1705 4957 1971 5035 Βασίλειε,

330 5051 613 5116 ἀπαύστως
638 5051 691 5106 ἐν
723 5055 791 5127 τῇ
822 5074 916 5107 σου
969 5053 1159 5128 μνήμη
1210 5050 1651 5128 πανηγυρίζοντες
1713 5050 1923 5126 βοῶμεν
1959 5067 1972 5083 ·

334 5138 643 5219 Εὐλογεϊτε,
691 5142 755 5196 τὰ
784 5140 910 5219 ἔργα
938 5148 1030 5198 τοῦ
1064 5139 1278 5220 Κυρίου,
1310 5141 1401 5196 τὸν
1433 5137 1649 5218 Κύριον.

416 5232 517 5296 Τὰς
573 5231 796 5293 ἀκτῖνας
848 5237 953 5286 τῶν
1012 5230 1185 5309 λόγων
1246 5228 1652 5310 ἐξαπέστειλας,
1717 5228 1976 5306 Βασίλειε,

336 5325 414 5394 τῷ
486 5324 544 5377 ιιό
552 5344 693 5400 σμῳ,
771 5323 1186 5401 φυταγωγούσας

1293 5320 1417 5395 μίαν
1495 5316 1668 5375 σέϐειν
1766 5316 1983 5398 Τριάδος

2055 3348 2170 3416 tus,
2206 3342 2265 3403 in
2300 3340 2587 3422 Gregorio
2618 3340 2879 3403 Basilius
2909 3342 3121 3407 divino
3143 3363 3347 3409 amore
3377 3348 3603 3429 unitus,
3639 3355 3700 3411 in

2054 3431 2272 3493 Basilio
2303 3430 2628 3509 Gregorius
2654 3430 2786 3493 fuit.
2821 3429 3000 3494 Orate
3026 3452 3184 3497 nunc
3214 3454 3322 3516 pro
3353 3455 3535 3518 grege
3556 3458 3702 3501 nos-

2052 3528 2143 3582 tro
2177 3519 2505 3582 Christum.

2137 3608 2514 3690 Pupillorum
2544 3617 3047 3691 pater,protector
3062 3613 3706 3698 viduarum,opulentia

2053 3718 2410 3780 pauperum,
2439 3701 2847 3778 aegrotantium
2881 3701 3174 3784 solamen,
3209 3712 3268 3765 et
3306 3705 3367 3766 in
3411 3707 3524 3769 hoc
3556 3710 3707 3771 mari

2053 3788 2464 3850 ﬂuctuantium
2487 3786 3235 3866 gubernaculum,baculus
3256 3796 3706 3877 senectutis,ju-

2052 3878 2319 3940 ventutis
2348 3877 3091 3958 instructio,solitariorum
3124 3881 3332 3961 regula
3354 3884 3427 3946 ad
3460 3903 3701 3949 omnem

2061 3969 2341 4031 virtutem
2373 3987 2461 4044 es,
2497 3988 2530 4029 ο
2562 3967 2762 4032 Basili.

2697 4147 2849 4212 ODE
2892 4147 3046 4215 VIII.

2142 4326 2434 4391 Ineﬂ'abili
2486 4327 2855 4408 providentia
2899 4349 3251 4394 concessum
3284 4334 3505 4399 mundo
3536 4335 3709 4401 Basi-

2060 4418 2233 4495 lium,
2270 4418 2504 4508 pietatis
2564 4419 2894 4495 lucernam,
2956 4422 3157 4484 tubam
3204 4424 3517 4506 theologia:
3548 4427 3708 4508 [lau-

2062 4508 2272 4570 dantes
2302 4507 2585 4589 dicimus]
2623 4528 2635 4568 :
2672 4508 3042 4589 Benedicite,
3077 4532 3259 4594 opera
3285 4507 3705 4599 Domini,ﬂDo-

2000 4624 2045 4676 ο
2066 4599 2317 4659 minum.

2141 4688 2395 4780 C_0piosa
2420 4689 2767 4780 operatione
2790 4690 3219 4755 inhabitantem
3246 4690 3555 4773 Basilio,et
3576 4698 3707 4780 ipso

2060 4778 2358 4840 mediante
2390 4779 2486 4859 pie
2545 4779 2877 4860 expositum
2914 4798 2928 4841 :
2968 4782 3331 4864 Benedicite,
3374 4804 3552 4867 opera
3584 4778 3705 4851 Do-

2062 4869 2230 4944 mini,
2264 4867 2606 4933 Dominum.

2143 4957 2257 5032 Qui
2279 4957 2492 5020 divinis
2518 4956 2636 5019 tuis
2659 4958 3038 5022 sermonibus
3068 4959 3386 5039 fruimur,o
3421 4966 3617 5043 Basili,
3641 4968 3703 5031 in

2064 5049 2149 5112 tui
2179 5049 2531 5112 memoriam
2560 5049 2767 5111 festive
2797 5051 3160 5130 congregati.
3185 5055 3508 5120 clamamus
3544 5075 3558 5119 :
3597 5061 3709 5122 Be-

2066 5138 2347 5214 nedicite,
2381 5157 2564 5220 Opera
2592 5138 2854 5221 Domini,
2889 5140 3236 5207 Dominum.

2146 5228 2367 5292 Radios
2393 5247 2738 5292 sermonum
2763 5237 2999 5293 tuorum
3015 5234 3236 5296 mundo
3260 5236 3579 5317 emisisti,o
3601 5245 3710 5306 Ba-

2067 5319 2538 5395 sili,illuminans
2568 5327 3001 5402 eum,utunam
3036 5324 3096 5384 in
3129 5322 3706 5397 Trinitatenaturam

336 5411 485 5490 φύσιν
512 5427 527 5442 ⁸
611 5411 924 5488 Εὒλογεῖτε,
988 5412 1054 5467 τὰ
1132 5410 1258 5488 ἔργα
1317 5415 1407 5465 τοῦ
1465 5406 1659 5487 Κυρίου
1716 5410 1810 5464 τὸν
1866 5406 1968 5471 Κύ-

2072 5410 2586 5488 venerans,dicat:
2620 5407 2991 5491 Benedicite,
3028 5430 3212 5495 opera
3239 5414 3707 5503 Domini,Domi.

332 5522 467 5580 ριον,

2068 5517 2234 5562 num.
