4176 6384
725 694 1299 791 MONlTUM
1381 691 1545 786 AD
1636 692 2232 794 HUMILIAS
2313 700 2374 792 Il

1730 692 2232 794 UMILIAS
2313 700 2434 793 IN
2516 699 3374 798 HEXAEMERON

439 1176 583 1241 Sunt
614 1178 714 1261 qui
746 1177 1088 1239 existiment
1113 1178 1394 1240 Basilium
1431 1180 1709 1254 Magnum
1742 1175 2293 1270 commentariosin
2320 1187 2500 1241 totam
2532 1181 2899 1265 Scripturam
2934 1190 3319 1253 contexuisse
3351 1189 3579 1270 (l):sed
3602 1209 3738 1253 cum

360 1274 483 1336 haec
513 1274 716 1355 opinio
748 1273 872 1333 sola
902 1271 1221 1333 Cassidiori
1253 1270 1601 1333 auctoritate
1635 1270 1955 1364 nitatur,ea
1985 1268 2059 1329 de
2088 1287 2154 1330 re
2185 1269 2447 1333 dubitari
2482 1294 2653 1355 posse
2707 1279 3088 1358 arbitramur,
3125 1268 3452 1364 praesertim
3498 1303 3631 1345 cum
3664 1285 3740 1348 de

360 1366 467 1428 hac
498 1367 1064 1428 commentariorum
1101 1366 1256 1427 mole
1272 1364 1455 1427 altum
1487 1364 1563 1425 sit
1593 1361 1908 1424 selentium
1937 1364 2092 1441 apud
2125 1368 2513 1445 antiquiores.
2533 1370 2835 1438 Habemus
2868 1361 3191 1439 etiamnum
3223 1378 3501 1441 bomilias
3529 1398 3739 1442 novem

359 1461 417 1521 in
451 1480 601 1542 opus
634 1479 732 1521 sex
765 1459 1024 1535 dierum,
1059 1460 1169 1521 boc
1200 1469 1312 1539 est,
1366 1462 1431 1552 in
1468 1458 1910 1552 Hexaemeron,
1948 1457 2246 1521 orationes
2298 1461 2505 1523 decem
2539 1474 2595 1526 et
2624 1478 2850 1547 septem
2885 1470 2945 1531 in
2976 1470 3261 1552 quosdam
3294 1470 3581 1548 Psalmos,
3608 1491 3739 1535 am-

358 1555 699 1635 plissimum
735 1554 793 1613 in
831 1553 1027 1633 priora
1076 1554 1380 1616 sexdecim
1406 1551 1575 1615 Isaiae
1612 1550 1807 1630 capita
1837 1554 2356 1614 commentarium.
2402 1554 2590 1620 Pauca
2623 1560 2863 1642 quidem
2898 1550 3024 1626 haec
3049 1573 3207 1640 sunt,
3241 1564 3294 1625 si
3324 1575 3745 1647 comparentur

359 1669 493 1711 cum
532 1649 614 1742 iis,
636 1647 1085 1742 commentariis
1121 1648 1229 1742 qui
1258 1648 1398 1709 olim
1432 1644 1891 1742 Basiliotributi
1925 1644 2134 1742 fuere}
2161 1646 2264 1742 sed
2301 1656 2496 1742 tamen
2536 1657 2933 1732 quorumdam
2977 1661 3296 1737 γνησιὸτης,
3333 1669 3398 1721 ut
3429 1644 3572 1722 mibi
3605 1661 3743 1742 qui-

360 1743 492 1803 dem
526 1741 782 1815 videtur,
822 1740 953 1819 jure
985 1759 1052 1801 ac
1086 1740 1299 1803 merito
1333 1748 1608 1818 suspecta
1637 1736 1831 1831 videri
1850 1746 2061 1818 potest.
2100 1738 2182 1801 De
2206 1740 2300 1801 his
2328 1743 2385 1803 in
2412 1741 2897 1825 Praefationembi
2921 1736 2999 1811 de
3020 1750 3283 1831 qualibet
3300 1768 3365 1815 re
3396 1770 3504 1815 suo
3540 1736 3747 1816 ordine

359 1855 426 1897 ac
458 1838 586 1898 loco
620 1835 970 1914 disputatur.
1010 1834 1258 1897 Veteres
1289 1846 1486 1895 autem
1542 1832 1743 1925 quanti
1776 1830 2198 1897 Hexaemeron
2228 1834 2503 1915 fecerint,
2556 1859 2688 1902 esse
2739 1830 3051 1905 hominem,
3072 1846 3174 1925 qui
3223 1846 3455 1923 ignoret
3484 1848 3744 1911 arbitror

361 1930 685 1993 neminem.
722 1930 870 2008 Ejus
893 1928 1224 1989 meminere
1248 1927 1570 2007 Gregorius
1602 1923 2033 1999 Nazianzenus,
2070 1929 2389 2007 Gregorius
2422 1932 2746 2012 Nyssenus,
2803 1923 3220 2018 Hieronymus,
3261 1938 3537 2004 Socrates
3570 1942 3658 2022 (9)
3690 1950 3749 2003 et

353 2024 476 2087 alii.
506 2024 843 2105 Optandum
876 2031 1038 2085 certe
1061 2035 1247 2104 esset,
1281 2032 1345 2083 ut
1378 2022 1632 2084 lectores
1663 2020 1756 2081 his
1788 2020 2150 2081 orationibus
2182 2022 2452 2099 legendis
2482 2026 2562 2087 ita
2596 2027 2776 2090 hodie
2828 2029 3234 2105 afﬁcerentur,
3286 2040 3349 2093 ut
3375 2020 3748 2097 afficiebatur

354 2118 493 2179 olim
521 2116 843 2196 Gregorius
881 2116 1308 2199 Nazianzenus,
1346 2117 1520 2195 cujus
1548 2115 1673 2176 haec
1705 2120 1845 2174 sunt
1873 2114 2003 2175 verb

2091 2132 2101 2178 ἰ
2138 2112 2317 2173 ’Ὅταν
2347 2120 2444 2186 τὴν
2477 2120 2802 2199 Ἐξαήμερον
2836 2124 2994 2181 αὐτοῦ
3025 2128 3508 2206 μεεθςπιχειρίζιιι.δι.ι.πιι²
3542 2132 3628 2187 καὶ
3658 2128 3740 2186 διὰ

363 2214 618 2291 γλώσσης
667 2212 835 2292 φέρω,
868 2215 1005 2288 μετὰ
1034 2220 1127 2268 τοῦ
1160 2217 1380 2291 Κρίστου
1409 2213 1646 2289 γῗνομαι,
1679 2210 1766 2266 καὶ
1797 2208 2043 2287 γινώσκω
2085 2209 2305 2272 κτίσεως
2339 2210 2549 2289 ὶόγυυς,
2582 2218 2668 2271 καὶ
2691 2218 2941 2292 θαυμάζω
2971 2220 3061 2274 τὸν
3094 2220 3324 2287 Κτίστην
3350 2219 3512 2279 πλέον
3543 2222 3579 2291 ἢ
3607 2226 3738 2301 πρό-

352 2328 524 2386 τερον,
559 2306 684 2381 ὅψει
733 2306 873 2380 μόνῃ
904 2303 1204 2377 διδασκάλῳ
1234 2306 1536 2383 χρώμενος,
1568 2327 1593 2358 α
1621 2303 1767 2365 Cum
1802 2300 2001 2362 ﬂexae

2093 2317 2223 2363 eron
2272 2304 2429 2367 illius
2483 2307 2543 2367 in
2603 2327 2816 2371 manus
2861 2328 3055 2387 sumo,
3089 2321 3264 2394 atque
3294 2314 3354 2375 in
3387 2334 3492 2377 ore
3523 2315 3742 2397 habeo,

352 2418 485 2464 cum
518 2401 802 2463 Creatore
834 2398 1187 2478 conjungor,
1218 2416 1286 2458 ac
1318 2395 1643 2492 creationis
1673 2394 1933 2492 rationes
1958 2412 2240 2473 agnosco,
2291 2400 2755 2482 Creatoremque
2811 2405 2995 2484 magis
3045 2406 3311 2469 admiror
3358 2426 3426 2469 ac
3452 2394 3742 2492 suspicio,

352 2514 531 2576 quam
569 2492 734 2574 prius
765 2492 1057 2565 solebam,
1088 2510 1222 2553 cum
1257 2490 1385 2551 solo
1422 2498 1668 2583 aspectu
1701 2488 1978 2564 magistro
2012 2496 2234 2583 uterer.
2264 2513 2290 2546 ι
2325 2490 2575 2553 Ascriba
2607 2504 2665 2555 et
2694 2494 2878 2557 verba
2902 2496 3177 2577 Gregorii
3226 2500 3514 2580 Nysseni,
3546 2488 3648 2583 qui
3670 2488 3744 2564 de

353 2586 568 2649 eodem
603 2586 706 2645 illo
740 2602 924 2665 opere
956 2592 1071 2645 tam
1104 2583 1419 2662 magnifice
1444 2582 1682 2644 locutus
1713 2590 1827 2660 est,
1862 2588 1926 2641 ut
1951 2580 2192 2641 modum
2218 2583 2511 2676 essedere
2534 2585 2826 2651 videatur.
2861 2587 2946 2650 Ita
2965 2599 3162 2652 autem
3187 2592 3423 2672 scripsit
3456 2614 3470 2652 :
3506 2580 3622 2653 Τῶν
3643 2598 3742 2676 γὰρ

348 2684 483 2740 κατὰ
509 2682 649 2737 θείαν
681 2681 955 2736 ἐπίπνοιαν
1000 2681 1055 2734 ἓν
1086 2685 1153 2755 τῇ
1180 2680 1506 2756 κοσμογονίᾳ
1535 2676 2000 2757 φιλοσοφηθέντων
2031 2682 2107 2749 τῷ
2138 2674 2358 2752 μεγάλῳ
2391 2684 2696 2755 Μωῦσῇ....
2732 2680 2987 2747 ἐπέταξας
3031 2682 3168 2759 ἡμῖν
3200 2683 3283 2741 διά
3312 2707 3453 2750 τινος
3497 2674 3732 2744 ἆκολούέ-

345 2781 436 2833 οου
464 2774 695 2839 διανοίας
725 2775 795 2838 εἰς
827 2774 1005 2851 εἱρμὸν
1037 2771 1284 2852 ἕιιγαιγιῐν³
1317 2775 1404 2828 καὶ
1435 2778 1816 2851 συμφωνοῦσαν
1846 2769 1978 2848 πρὸς
2027 2770 2221 2837 ἑαυτὴν
2255 2769 2525 2837 ἀποδείξαι
2557 2775 2657 2841 τὴν
2686 2774 2839 2853 ἆγίαν
2884 2781 3121 2855 Γραφτψ
3156 2778 3243 2834 καὶ
3269 2786 3433 2835 ταῦτα
3478 2780 3616 2854 μετὰ
3644 2782 3740 2848 τὴν

346 2872 697 2928 θεόπνευστον
725 2867 931 2934 ἐκείνην
961 2873 1054 2923 τοῦ
1082 2868 1282 2945 [ἰατρὸς
1320 2867 1469 2942 ἡμῶν
1518 2866 1591 2927 εἷς
1636 2865 1696 2920 τὸ
1741 2864 2088 2941 προκείμενον
2117 2864 2359 2932 θεωρίαν,
2394 2864 2460 2932 ἢν
2512 2866 2559 2920 οἱ
2604 2867 2900 2944 ἔγνωκά-τες
2943 2868 3164 2945 πάντες,
3200 2868 3347 2926 οὐδὲν
3379 2869 3596 2927 ἔλαττον
3636 2880 3742 2929 τῶν

348 2965 494 3038 αὖτῳ
526 2963 723 3039 Μωῦσῇ
754 2960 1269 3041 πεφιλιὶσοφημὲνωυ
1300 2960 1678 3035 θαυμάσωσιν,
1715 2958 1771 3013 εὖ
1802 2958 1890 3014 καὶ
1934 2957 2177 3037 εἱκόαιτως⁷
2212 2957 2398 3033 οἶμαι,
2435 2966 2590 3015 τοῦτο
2622 2968 2918 3024 ποιοῦντες,
2960 2986 2985 3016 α
3016 2960 3122 3023 Vis
3152 2962 3313 3024 enim
3362 2971 3428 3024 ut
3463 2983 3594 3045 qua
3614 2981 3741 3029 σω.-

351 3058 481 3118 lesti
515 3059 757 3119 nurnine
786 3055 1016 3117 afﬂatus
1062 3054 1137 3115 de
1177 3054 1380 3114 mundi
1439 3051 1850 3133 procreatione
1884 3067 2129 3129 magnus
2159 3052 2390 3130 Moyses
2418 3051 2689 3131 prodidit
2722 3053 3110 3117 monimentis
3140 3055 3495 3131 litterarum,
3527 3056 3739 3120 ordine

349 3149 605 3230 quodam
640 3150 972 3230 disponam,
1001 3156 1511 3228 sanctamqueque
1542 3142 1910 3224 Scripturam
1946 3143 2063 3205 sibi
2107 3144 2223 3224 ipsi
2253 3146 2732 3207 consentientem
2766 3165 2838 3208 ac
2870 3156 3239 3210 constantem
3291 3168 3424 3214 esse
3454 3148 3737 3213 demens-

350 3253 532 3320 trem;
568 3244 746 3324 idque
780 3251 910 3321 post
945 3240 1200 3302 divinam
1224 3239 1384 3301 illam
1416 3237 1607 3300 Patris
1635 3238 1826 3299 nostri
1859 3238 1918 3298 in
1953 3238 2112 3299 idem
2141 3251 2560 3318 argumentum
2618 3242 3212 3318 commentationem,
3247 3262 3424 3325 quam
3452 3245 3554 3323 qui
3577 3244 3741 3324 lege-

347 3344 507 3417 runt,
537 3355 652 3397 non
681 3335 877 3396 minus
897 3353 1072 3415 quam
1108 3351 1201 3413 ea,
1234 3350 1367 3413 quae
1396 3330 1468 3393 ab
1492 3332 1623 3411 ipso
1649 3332 1839 3411 Moyse
1863 3330 2193 3412 prescripta
2216 3338 2379 3411 sunt,
2417 3350 2627 3394 omnes
2664 3332 3076 3397 admirantur:
3111 3345 3169 3399 et
3200 3342 3433 3413 merito,
3462 3355 3593 3400 mea
3615 3337 3743 3418 qni-

353 3431 491 3492 dem
533 3429 854 3493 sententia.
897 3454 925 3485 ι

430 3523 563 3587 Alia
595 3524 831 3604 quidem
868 3522 1122 3596 ratione,
1152 3520 1255 3582 sed
1289 3518 1627 3581 efficaciore
1656 3519 1840 3581 multo
1873 3527 1930 3580 et
1953 3521 2025 3581 ad
2057 3519 2536 3599 persuadendum
2578 3521 2810 3601 aptiore
2840 3522 2953 3583 hoc
2984 3523 3142 3585 idem
3177 3541 3326 3603 opus
3351 3525 3741 3590 commenda-

351 3622 430 3682 vit
460 3618 835 3699 Ambrosius,
864 3618 1032 3692 dum,
1065 3615 1223 3697 quod
1247 3614 1510 3678 Basilius
1539 3614 1859 3695 scripserat
1890 3612 2123 3688 Graece,
2164 3613 2221 3673 id
2274 3613 2403 3693 ipse
2453 3613 2669 3675 Latine
2701 3614 2981 3679 reddidit.
3014 3615 3087 3678 Et
3116 3636 3254 3679 vero
3295 3637 3471 3679 nemo
3502 3620 3737 3700 opinor,

353 3716 530 3777 homo
564 3714 665 3795 qui
695 3720 1016 3793 utrumque
1044 3729 1195 3792 opus
1223 3708 1457 3789 legerit,
1492 3706 1856 3770 inficiabitur
1877 3706 2263 3769 Ambrosium
2291 3710 2349 3768 in
2384 3707 2502 3769 illis
2519 3708 2640 3769 suis
2670 3709 3038 3773 orationibus
3066 3712 3558 3793 interpretis,non
3590 3731 3738 3775 auc-

353 3807 500 3871 toris
534 3825 781 3868 muuere
804 3806 1178 3887 perfunctum
1212 3803 1394 3865 fusse.
1429 3800 1644 3863 Fateor
1677 3800 1921 3879 quidem
1946 3799 2331 3863 Ambrosium
2370 3821 2484 3863 non
2519 3802 2665 3864 nihil
2698 3803 2772 3864 de
2798 3824 2905 3866 suo
2941 3805 3190 3882 addere,
3237 3806 3505 3887 demere,
3539 3817 3737 3868 trans-

351 3921 595 3984 ponere,
649 3903 791 3963 imm
820 3909 1037 3963 utare:
1074 3898 1178 3960 sed
1238 3899 1317 3958 ita
1368 3906 1589 3978 tamen,
1655 3908 1716 3957 ut
1768 3897 2156 3976 interpretem
2208 3906 2366 3975 agat,
2404 3900 2820 3979 interpretem,
2847 3901 3108 3982 inquam,
3147 3920 3265 3962 non
3291 3902 3734 3983 scrupulosum,

351 3999 454 4059 sed
481 3997 849 4059 liberiorem.
885 3992 1079 4066 Quare
1097 3993 1149 4054 si
1181 3991 1423 4070 quando
1457 3992 1515 4052 in
1546 3990 1861 4053 Ambrosio
1894 4002 2217 4056 occurrunt
2242 3993 2369 4056 loca
2402 3996 2673 4071 quaedam
2710 3996 2998 4072 difﬁcilia,
3038 3998 3342 4078 perplexa,
3398 3998 3737 4061 subobscu--

350 4108 441 4163 ra,
468 4102 770 4168 corrupta,
804 4107 933 4168 qua:
964 4087 1256 4149 lacessant
1285 4085 1586 4165 negotium
1621 4085 1851 4159 lectori,
1889 4086 1945 4148 ei
1977 4096 2184 4148 auctor
2209 4105 2340 4149 sum
2375 4098 2440 4148 ut
2468 4087 2543 4150 ad
2573 4088 2858 4153 Basiliam
2892 4090 3218 4171 confugiat,
3243 4108 3432 4170 eoque
3456 4090 3735 4169 magistro

350 4201 420 4243 ac
454 4182 608 4243 duce
639 4189 859 4242 utatur.

435 4275 684 4338 Constat
716 4272 997 4335 Basiliam
1032 4272 1125 4334 bis
1150 4273 1248 4334 die
1277 4273 1697 4336 concinnatum
1729 4274 1935 4349 fuisse,
1973 4277 2277 4338 matutinis
2300 4276 2464 4337 horis
2485 4285 2662 4359 atque
2683 4280 3062 4359 vespertinis;
3089 4279 3268 4360 idque
3295 4287 3564 4355 tempore
3583 4278 3734 4353 Qua-

353 4370 711 4449 dragesimae
746 4391 759 4432 :
796 4369 901 4431 sed
934 4387 1050 4447 quo
1075 4385 1255 4447 anno,
1290 4366 1458 4427 valde
1491 4369 1806 4431 incertum.
1834 4371 1962 4431 Non
1994 4369 2244 4431 defuere
2270 4370 2773 4449 quiex,orationis
2802 4382 3020 4434 octavae
3047 4373 3244 4433 verbis
3268 4370 3729 4451 judicarintBa-

354 4462 579 4539 silium,
613 4482 745 4545 quas
766 4472 893 4524 erat
922 4460 1033 4521 viri
1056 4460 1355 4535 facundia,
1391 4462 1714 4525 conciones
1762 4464 1869 4525 has
1925 4463 1999 4525 ad
2051 4463 2335 4544 populum
2372 4483 2443 4526 ex
2475 4475 2742 4549 tempore
2776 4467 3077 4530 habuisse.
3106 4468 3180 4529 Et
3207 4465 3473 4547 quidem,
3509 4467 3563 4529 si
3590 4467 3740 4529 ﬁdes

354 4561 569 4624 Rufino
601 4558 941 4622 adhibenda
972 4556 1042 4617 sit
1082 4555 1190 4637 (3),
1226 4555 1313 4618 sic
1339 4556 1684 4617 concionari
1707 4557 1936 4619 solebat
1964 4556 2243 4619 Basilius.

435 4654 882 4719 Hexaemeron.
917 4650 1123 4714 Basilii
1152 4651 1294 4713 olim
1328 4650 1387 4712 in
1425 4651 1680 4729 linguam
1709 4651 1975 4713 Latinam
1999 4651 2296 4713 transtulit
2324 4653 2706 4718 Eustathius:
2742 4655 2847 4717 sed
2881 4654 3028 4716 nihil
3061 4655 3329 4736 estquod
3361 4654 3460 4716 hic
3495 4654 3572 4715 de
3602 4655 3740 4733 ejus

356 4747 843 4829 interpretatione
875 4744 1333 4827 proloquamur,
1358 4763 1493 4808 cum
1516 4744 1575 4806 id
1599 4764 1749 4825 opus
1784 4745 1843 4806 in
1868 4745 2214 4827 Appendice
2240 4745 2701 4826 editum,videre
2723 4750 2937 4829 cuique
2968 4750 3160 4810 liceat.
3196 4746 3448 4809 Easdem
3485 4746 3589 4807 bas
3620 4746 3739 4808 Ba-

354 4844 469 4907 silii
501 4844 801 4905 orationes
843 4840 1145 4907 transtulit
1171 4859 1426 4922 quoque,
1464 4840 1861 4920 quorumdam
1886 4840 2115 4919 judicio
2150 4841 2263 4921 μ),
2315 4841 2633 4921 Dionysius
2663 4842 2925 4922 Exiguus
2954 4860 2968 4904 :
3001 4841 3106 4903 sed
3138 4858 3254 4921 qua
3301 4838 3656 4902 auctoritate
3678 4847 3744 4900 et

356 4936 577 5019 quibus
606 4934 966 4999 testimoniis
994 4934 1226 4997 dictum
1257 4934 1319 4995 id
1347 4935 1447 5015 sit,
1470 4933 1817 5013 ignoramus

442 5033 701 5096 Necesse
734 5048 850 5091 non
877 5038 967 5093 est
994 5029 1178 5090 multa
1210 5028 1321 5090 hoc
1354 5028 1484 5090 loco
1513 5028 1717 5090 dicere
1742 5027 1817 5090 de
1848 5029 2041 5092 tribus
2085 5031 2481 5107 orationibus,
2520 5049 2771 5113 quarum
2826 5030 2958 5091 dum
2988 5027 3219 5109 priores
3248 5028 3489 5110 scripta;
3513 5028 3745 5091 suntde

358 5125 624 5192 hominis
657 5125 1033 5203 formatione,
1067 5122 1348 5208 tertiade
1373 5123 1671 5205 paradiso.
1710 5123 1853 5185 Nam
1907 5143 1976 5187 ea
2008 5124 2082 5187 de
2128 5144 2195 5189 re
2224 5126 2369 5189 satis
2402 5126 2532 5189 fuse
2564 5127 2621 5187 in
2652 5124 3003 5189 Prmfatione
3032 5123 3366 5205 disputatur
3391 5145 3405 5188 :
3431 5141 3608 5205 quam
3641 5139 3747 5205 qui

360 5223 585 5296 volent,
611 5221 812 5298 legere
845 5217 1177 5299 poterunt§
1206 5215 1251 5299 l,
1287 5236 1347 5281 n.
1392 5216 1481 5282 t3.

444 5379 785 5463 (l)_1}aron.
812 5381 954 5455 978;
988 5378 1256 5463 Cassiod.
1293 5378 1376 5463 υς
1402 5379 1553 5463 inst.
1588 5399 1647 5460 p.
1680 5378 1822 5463 538.

554 5452 1095 5607 Nini-(gat.
1123 5460 1224 5532 90.
1251 5480 1310 5540 p.
1346 5452 1693 5536 363;Gr'eg.
1738 5458 1909 5541 Nyss.
1962 5460 2260 5525 Hexaem.
2308 5482 2367 5545 p.
2421 5466 2473 5538 1,
2502 5463 2537 5527 2
2579 5471 2637 5524 et
2667 5481 2726 5544 p.
2762 5463 2863 5543 45;
2898 5462 3243 5545 Hieronym.
3291 5461 3352 5526 V.
3381 5461 3481 5526 ill.
3522 5479 3578 5525 c.
3602 5461 3747 5533 “6;

434 5588 526 5699 ("ei
548 5588 681 5687 ιζῖῖιζ
703 5588 790 5698 ii,’
815 5588 885 5686 ὲῖῖ
910 5588 1016 5682 εἶν’

437 5706 524 5786 (4)
556 5701 707 5766 Elise
730 5701 984 5785 Dupini,
1021 5708 1136 5764 etc.

678 5840 944 5902 Paeon.
990 5840 1106 5902 Gn.
1152 5835 1380 5903 XXIX.
3271 5843 3296 5903 t
