  <div class='ocr_page' id='page_1' title='image "/cluster/home/n/w/nwhite01/storage/ocr_20150623/29:no.1/coo.31924054873108/417.png"; bbox 0 0 4176 6408; ppageno 0'>
   <div class='ocr_carea' id='block_1_1' title="bbox 343 396 2011 466">
    <p class='ocr_par' dir='ltr' id='par_1_1' title="bbox 343 396 2011 462">
     <span class='ocr_line' id='line_1_1' title="bbox 343 396 2011 462; baseline 0 -4"><span class='ocrx_word' id='word_1_1' title='bbox 343 396 413 458; x_wconf 81' lang='grc'>11</span> <span class='ocrx_word' id='word_1_2' title='bbox 1720 400 1779 461; x_wconf 83' lang='grc'><strong>8.</strong></span> <span class='ocrx_word' id='word_1_3' title='bbox 1830 398 2011 462; x_wconf 81' lang='lat' dir='ltr'><strong>BASIl</strong></span> 
     </span>
    </p>
   </div>
   <div class='ocr_carea' id='block_1_2' title="bbox 2099 396 3735 466">
    <p class='ocr_par' dir='ltr' id='par_1_2' title="bbox 2099 398 3735 466">
     <span class='ocr_line' id='line_1_2' title="bbox 2099 398 3735 466; baseline 0.003 -5"><span class='ocrx_word' id='word_1_4' title='bbox 2099 398 2101 458; x_wconf 75' lang='grc' dir='ltr'><strong>ἶ</strong></span> <span class='ocrx_word' id='word_1_5' title='bbox 2148 402 2391 464; x_wconf 86' lang='lat' dir='ltr'><strong>MAGNI</strong></span> <span class='ocrx_word' id='word_1_6' title='bbox 3660 402 3735 466; x_wconf 75' lang='grc'><strong>12</strong></span> 
     </span>
    </p>
   </div>
   <div class='ocr_carea' id='block_1_3' title="bbox 345 528 2011 620">
    <p class='ocr_par' dir='ltr' id='par_1_3' title="bbox 345 528 1992 620">
     <span class='ocr_line' id='line_1_3' title="bbox 345 528 1992 620; baseline 0.001 -27"><span class='ocrx_word' id='word_1_7' title='bbox 345 529 615 620; x_wconf 77' lang='lat' dir='ltr'><strong>eamdem</strong></span> <span class='ocrx_word' id='word_1_8' title='bbox 637 528 884 620; x_wconf 75' lang='lat' dir='ltr'><strong>gloriam</strong></span> <span class='ocrx_word' id='word_1_9' title='bbox 914 536 1091 612; x_wconf 87' lang='lat' dir='ltr'><strong>atque</strong></span> <span class='ocrx_word' id='word_1_10' title='bbox 1131 530 1726 620; x_wconf 86' lang='lat' dir='ltr'><strong>incomprehensibili</strong></span> <span class='ocrx_word' id='word_1_11' title='bbox 1759 545 1992 595; x_wconf 61' lang='lat' dir='ltr'><strong>natura:</strong></span> 
     </span>
    </p>
   </div>
   <div class='ocr_carea' id='block_1_4' title="bbox 2099 528 3735 620">
    <p class='ocr_par' dir='ltr' id='par_1_4' title="bbox 2099 534 3735 620">
     <span class='ocr_line' id='line_1_4' title="bbox 2099 534 3735 620; baseline 0.006 -33"><span class='ocrx_word' id='word_1_12' title='bbox 2099 556 2161 597; x_wconf 73' lang='lat' dir='ltr'><strong>rec</strong></span> <span class='ocrx_word' id='word_1_13' title='bbox 2225 534 2343 617; x_wconf 77' lang='lat'><strong>(29)</strong></span> <span class='ocrx_word' id='word_1_14' title='bbox 2406 538 2494 593; x_wconf 81' lang='grc' dir='ltr'><strong>τὸν</strong></span> <span class='ocrx_word' id='word_1_15' title='bbox 2580 536 3075 615; x_wconf 66' lang='grc' dir='ltr'><strong>περιγεγραμμένον</strong></span> <span class='ocrx_word' id='word_1_16' title='bbox 3142 540 3232 594; x_wconf 89' lang='grc' dir='ltr'><strong>καὶ</strong></span> <span class='ocrx_word' id='word_1_17' title='bbox 3308 543 3464 614; x_wconf 82' lang='grc' dir='ltr'>σῶμα</span> <span class='ocrx_word' id='word_1_18' title='bbox 3534 541 3735 620; x_wconf 81' lang='grc' dir='ltr'>ἔχοντα</span> 
     </span>
    </p>
   </div>
   <div class='ocr_carea' id='block_1_5' title="bbox 343 617 2011 709">
    <p class='ocr_par' dir='ltr' id='par_1_5' title="bbox 343 617 1987 709">
     <span class='ocr_line' id='line_1_5' title="bbox 343 617 1987 709; baseline 0 -26"><span class='ocrx_word' id='word_1_19' title='bbox 343 627 405 683; x_wconf 86' lang='lat' dir='ltr'><strong>et</strong></span> <span class='ocrx_word' id='word_1_20' title='bbox 424 617 708 681; x_wconf 84' lang='lat' dir='ltr'><strong>invisibili</strong></span> <span class='ocrx_word' id='word_1_21' title='bbox 730 619 886 681; x_wconf 91' lang='lat' dir='ltr'><strong>tribu</strong></span> <span class='ocrx_word' id='word_1_22' title='bbox 898 621 1183 683; x_wconf 89' lang='lat' dir='ltr'><strong>entes.Ne</strong></span> <span class='ocrx_word' id='word_1_23' title='bbox 1209 619 1581 709; x_wconf 83' lang='lat' dir='ltr'><strong>hocquidem</strong></span> <span class='ocrx_word' id='word_1_24' title='bbox 1606 623 1843 683; x_wconf 82' lang='lat' dir='ltr'><strong>animad</strong></span> <span class='ocrx_word' id='word_1_25' title='bbox 1856 641 1987 684; x_wconf 78' lang='lat' dir='ltr'><strong>ver-</strong></span> 
     </span>
    </p>
   </div>
   <div class='ocr_carea' id='block_1_6' title="bbox 2099 617 3736 709">
    <p class='ocr_par' dir='ltr' id='par_1_6' title="bbox 2099 617 3736 709">
     <span class='ocr_line' id='line_1_6' title="bbox 2099 617 3736 709; baseline 0.005 -32"><span class='ocrx_word' id='word_1_26' title='bbox 2099 621 2276 697; x_wconf 72' lang='grc' dir='ltr'>»λικὸν,</span> <span class='ocrx_word' id='word_1_27' title='bbox 2341 630 2409 701; x_wconf 79' lang='grc' dir='ltr'><strong>τῇ</strong></span> <span class='ocrx_word' id='word_1_28' title='bbox 2501 624 2849 705; x_wconf 79' lang='grc' dir='ltr'>ἀπεριλήπτῳ</span> <span class='ocrx_word' id='word_1_29' title='bbox 2924 627 3012 681; x_wconf 81' lang='grc' dir='ltr'><strong>καὶ</strong></span> <span class='ocrx_word' id='word_1_30' title='bbox 3076 625 3285 703; x_wconf 77' lang='grc' dir='ltr'><strong>ἀοράτῳ</strong></span> <span class='ocrx_word' id='word_1_31' title='bbox 3357 629 3531 709; x_wconf 66' lang='grc' dir='ltr'>φύσει,</span> <span class='ocrx_word' id='word_1_32' title='bbox 3566 617 3736 704; x_wconf 17' lang='grc' dir='ltr'>Ϋμηδέ</span> 
     </span>
    </p>
   </div>
   <div class='ocr_carea' id='block_1_7' title="bbox 347 708 2011 799">
    <p class='ocr_par' dir='ltr' id='par_1_7' title="bbox 347 708 1995 799">
     <span class='ocr_line' id='line_1_7' title="bbox 347 708 1995 799; baseline 0.002 -29"><span class='ocrx_word' id='word_1_33' title='bbox 347 718 473 772; x_wconf 89' lang='lat' dir='ltr'><strong>tere</strong></span> <span class='ocrx_word' id='word_1_34' title='bbox 492 709 999 789; x_wconf 87' lang='lat' dir='ltr'><strong>potuerunt,quod</strong></span> <span class='ocrx_word' id='word_1_35' title='bbox 1023 727 1269 799; x_wconf 84' lang='lat' dir='ltr'><strong>necesse</strong></span> <span class='ocrx_word' id='word_1_36' title='bbox 1296 708 1371 799; x_wconf 84' lang='lat' dir='ltr'><strong>sit</strong></span> <span class='ocrx_word' id='word_1_37' title='bbox 1402 718 1459 770; x_wconf 85' lang='lat' dir='ltr'><strong>et</strong></span> <span class='ocrx_word' id='word_1_38' title='bbox 1474 718 1659 771; x_wconf 88' lang='lat' dir='ltr'><strong>totum</strong></span> <span class='ocrx_word' id='word_1_39' title='bbox 1677 713 1847 790; x_wconf 87' lang='lat' dir='ltr'><strong>cujus</strong></span> <span class='ocrx_word' id='word_1_40' title='bbox 1869 730 1995 791; x_wconf 84' lang='lat' dir='ltr'><strong>par-</strong></span> 
     </span>
    </p>
   </div>
   <div class='ocr_carea' id='block_1_8' title="bbox 2099 708 3729 799">
    <p class='ocr_par' dir='ltr' id='par_1_8' title="bbox 2099 714 3729 799">
     <span class='ocr_line' id='line_1_8' title="bbox 2099 714 3729 799; baseline 0.004 -31"><span class='ocrx_word' id='word_1_41' title='bbox 2099 720 2327 770; x_wconf 76' lang='grc' dir='ltr'>τοσοῦτον</span> <span class='ocrx_word' id='word_1_42' title='bbox 2357 714 2663 783; x_wconf 73' lang='grc' dir='ltr'><strong>δυνηθέντες</strong></span> <span class='ocrx_word' id='word_1_43' title='bbox 2721 714 3055 788; x_wconf 81' lang='grc' dir='ltr'>ἐννοηθῆναι,</span> <span class='ocrx_word' id='word_1_44' title='bbox 3110 715 3192 771; x_wconf 76' lang='grc' dir='ltr'><strong>ὅτι</strong></span> <span class='ocrx_word' id='word_1_45' title='bbox 3243 715 3302 772; x_wconf 75' lang='grc' dir='ltr'>οὗ</span> <span class='ocrx_word' id='word_1_46' title='bbox 3330 717 3396 773; x_wconf 71' lang='grc' dir='ltr'>τὲ</span> <span class='ocrx_word' id='word_1_47' title='bbox 3426 718 3565 797; x_wconf 82' lang='grc' dir='ltr'>μέρη</span> <span class='ocrx_word' id='word_1_48' title='bbox 3597 722 3729 799; x_wconf 80' lang='grc' dir='ltr'><strong>φθο-</strong></span> 
     </span>
    </p>
   </div>
   <div class='ocr_carea' id='block_1_9' title="bbox 346 798 2011 883">
    <p class='ocr_par' dir='ltr' id='par_1_9' title="bbox 346 798 1995 879">
     <span class='ocr_line' id='line_1_9' title="bbox 346 798 1995 879; baseline -0.001 -19"><span class='ocrx_word' id='word_1_49' title='bbox 346 811 438 861; x_wconf 79' lang='lat' dir='ltr'><strong>tes</strong></span> <span class='ocrx_word' id='word_1_50' title='bbox 458 799 824 879; x_wconf 88' lang='lat' dir='ltr'><strong>corruptioni</strong></span> <span class='ocrx_word' id='word_1_51' title='bbox 851 808 909 861; x_wconf 89' lang='lat' dir='ltr'><strong>et</strong></span> <span class='ocrx_word' id='word_1_52' title='bbox 932 798 1241 861; x_wconf 76' lang='lat' dir='ltr'><strong>mutationi</strong></span> <span class='ocrx_word' id='word_1_53' title='bbox 1267 798 1598 879; x_wconf 88' lang='lat' dir='ltr'><strong>subjacent,</strong></span> <span class='ocrx_word' id='word_1_54' title='bbox 1647 800 1860 863; x_wconf 85' lang='lat' dir='ltr'><strong>iisdem</strong></span> <span class='ocrx_word' id='word_1_55' title='bbox 1885 802 1995 863; x_wconf 84' lang='lat' dir='ltr'><strong>ali-</strong></span> 
     </span>
    </p>
   </div>
   <div class='ocr_carea' id='block_1_10' title="bbox 2099 798 3736 883">
    <p class='ocr_par' dir='ltr' id='par_1_10' title="bbox 2099 798 3736 878">
     <span class='ocr_line' id='line_1_10' title="bbox 2099 798 3736 878; baseline 0.001 -18"><span class='ocrx_word' id='word_1_56' title='bbox 2099 817 2203 865; x_wconf 77' lang='grc' dir='ltr'>›αϊς</span> <span class='ocrx_word' id='word_1_57' title='bbox 2250 806 2336 862; x_wconf 89' lang='grc' dir='ltr'><strong>καὶ</strong></span> <span class='ocrx_word' id='word_1_58' title='bbox 2380 804 2725 862; x_wconf 85' lang='grc' dir='ltr'>ἀλλοιώσεσιν</span> <span class='ocrx_word' id='word_1_59' title='bbox 2781 804 3086 878; x_wconf 75' lang='grc' dir='ltr'>ὑπόκειται,</span> <span class='ocrx_word' id='word_1_60' title='bbox 3148 806 3335 864; x_wconf 77' lang='grc' dir='ltr'>τούτου</span> <span class='ocrx_word' id='word_1_61' title='bbox 3390 808 3478 863; x_wconf 87' lang='grc' dir='ltr'>καὶ</span> <span class='ocrx_word' id='word_1_62' title='bbox 3519 808 3581 863; x_wconf 81' lang='grc' dir='ltr'>τὸ</span> <span class='ocrx_word' id='word_1_63' title='bbox 3612 798 3736 863; x_wconf 72' lang='grc' dir='ltr'>ὅλον</span> 
     </span>
    </p>
   </div>
   <div class='ocr_carea' id='block_1_11' title="bbox 346 886 2011 975">
    <p class='ocr_par' dir='ltr' id='par_1_11' title="bbox 346 886 1998 970">
     <span class='ocr_line' id='line_1_11' title="bbox 346 886 1998 970; baseline 0.001 -23"><span class='ocrx_word' id='word_1_64' title='bbox 346 887 580 969; x_wconf 89' lang='lat' dir='ltr'><strong>quando</strong></span> <span class='ocrx_word' id='word_1_65' title='bbox 612 887 933 950; x_wconf 80' lang='lat' dir='ltr'><strong>obnoxium</strong></span> <span class='ocrx_word' id='word_1_66' title='bbox 959 907 1091 950; x_wconf 89' lang='lat' dir='ltr'><strong>esse</strong></span> <span class='ocrx_word' id='word_1_67' title='bbox 1119 886 1553 961; x_wconf 75' lang='lat' dir='ltr'><strong>affectionibus,</strong></span> <span class='ocrx_word' id='word_1_68' title='bbox 1603 896 1778 970; x_wconf 88' lang='lat' dir='ltr'><strong>atque</strong></span> <span class='ocrx_word' id='word_1_69' title='bbox 1810 891 1998 970; x_wconf 87' lang='lat' dir='ltr'><strong>ipsius</strong></span> 
     </span>
    </p>
   </div>
   <div class='ocr_carea' id='block_1_12' title="bbox 2099 886 3736 975">
    <p class='ocr_par' dir='ltr' id='par_1_12' title="bbox 2099 892 3736 975">
     <span class='ocr_line' id='line_1_12' title="bbox 2099 892 3736 975; baseline 0.001 -24"><span class='ocrx_word' id='word_1_70' title='bbox 2099 895 2291 973; x_wconf 70' lang='grc' dir='ltr'>ἱνάγκη</span> <span class='ocrx_word' id='word_1_71' title='bbox 2335 895 2463 951; x_wconf 77' lang='grc' dir='ltr'>ποτὲ</span> <span class='ocrx_word' id='word_1_72' title='bbox 2514 896 2580 951; x_wconf 77' lang='grc' dir='ltr'>τὰ</span> <span class='ocrx_word' id='word_1_73' title='bbox 2626 894 2758 950; x_wconf 74' lang='grc' dir='ltr'>αὖτά</span> <span class='ocrx_word' id='word_1_74' title='bbox 2806 892 3093 968; x_wconf 75' lang='grc' dir='ltr'>παθήματα</span> <span class='ocrx_word' id='word_1_75' title='bbox 3136 907 3254 960; x_wconf 74' lang='grc' dir='ltr'>τοῖς</span> <span class='ocrx_word' id='word_1_76' title='bbox 3297 897 3511 960; x_wconf 77' lang='grc' dir='ltr'><strong>οἰκείοις</strong></span> <span class='ocrx_word' id='word_1_77' title='bbox 3570 896 3736 975; x_wconf 78' lang='grc' dir='ltr'>μέρε-</span> 
     </span>
    </p>
   </div>
   <div class='ocr_carea' id='block_1_13' title="bbox 347 977 1992 1059">
    <p class='ocr_par' dir='ltr' id='par_1_13' title="bbox 347 977 1992 1059">
     <span class='ocr_line' id='line_1_13' title="bbox 347 977 1992 1059; baseline 0.001 -20"><span class='ocrx_word' id='word_1_78' title='bbox 347 977 689 1058; x_wconf 82' lang='lat' dir='ltr'><strong>partes.Sed</strong></span> <span class='ocrx_word' id='word_1_79' title='bbox 722 997 909 1058; x_wconf 85' lang='lat' dir='ltr'><strong>usque</strong></span> <span class='ocrx_word' id='word_1_80' title='bbox 935 977 1085 1039; x_wconf 88' lang='lat' dir='ltr'><strong>adeo</strong></span> <span class='ocrx_word' id='word_1_81' title='bbox 1110 978 1507 1039; x_wconf 79' lang='lat' dir='ltr'><strong>Evanuerunt</strong></span> <span class='ocrx_word' id='word_1_82' title='bbox 1525 979 1591 1040; x_wconf 81' lang='lat' dir='ltr'><strong>in</strong></span> <span class='ocrx_word' id='word_1_83' title='bbox 1622 981 1992 1059; x_wconf 72' lang='lat' dir='ltr'><strong>cogitationi-</strong></span> 
     </span>
    </p>
   </div>
   <div class='ocr_carea' id='block_1_14' title="bbox 349 1066 2006 1138">
    <p class='ocr_par' dir='ltr' id='par_1_14' title="bbox 349 1066 2006 1138">
     <span class='ocr_line' id='line_1_14' title="bbox 349 1066 2006 1138; baseline 0.001 -14"><span class='ocrx_word' id='word_1_84' title='bbox 349 1067 446 1124; x_wconf 81' lang='lat' dir='ltr'><strong>bus</strong></span> <span class='ocrx_word' id='word_1_85' title='bbox 478 1069 613 1132; x_wconf 67' lang='lat' dir='ltr'><strong>suis,</strong></span> <span class='ocrx_word' id='word_1_86' title='bbox 647 1070 699 1123; x_wconf 79' lang='lat' dir='ltr'><strong>et</strong></span> <span class='ocrx_word' id='word_1_87' title='bbox 716 1066 1050 1123; x_wconf 76' lang='lat' dir='ltr'><strong>obscuratum</strong></span> <span class='ocrx_word' id='word_1_88' title='bbox 1081 1071 1159 1123; x_wconf 75' lang='lat' dir='ltr'><strong>est</strong></span> <span class='ocrx_word' id='word_1_89' title='bbox 1189 1066 1439 1138; x_wconf 71' lang='lat' dir='ltr'><strong>insipiens</strong></span> <span class='ocrx_word' id='word_1_90' title='bbox 1466 1082 1556 1122; x_wconf 88' lang='lat' dir='ltr'><strong>cor</strong></span> <span class='ocrx_word' id='word_1_91' title='bbox 1584 1083 1787 1134; x_wconf 81' lang='lat' dir='ltr'><strong>eorum,</strong></span> <span class='ocrx_word' id='word_1_92' title='bbox 1833 1077 1883 1125; x_wconf 82' lang='lat' dir='ltr'><strong>et</strong></span> <span class='ocrx_word' id='word_1_93' title='bbox 1911 1069 2006 1125; x_wconf 79' lang='lat' dir='ltr'><strong>di-</strong></span> 
     </span>
    </p>
   </div>
   <div class='ocr_carea' id='block_1_15' title="bbox 345 1158 2005 1234">
    <p class='ocr_par' dir='ltr' id='par_1_15' title="bbox 345 1158 2005 1234">
     <span class='ocr_line' id='line_1_15' title="bbox 345 1158 2005 1234; baseline 0.001 -14"><span class='ocrx_word' id='word_1_94' title='bbox 345 1168 518 1220; x_wconf 74' lang='lat' dir='ltr'><strong>centes</strong></span> <span class='ocrx_word' id='word_1_95' title='bbox 545 1177 600 1218; x_wconf 77' lang='lat' dir='ltr'><strong>se</strong></span> <span class='ocrx_word' id='word_1_96' title='bbox 629 1176 739 1219; x_wconf 76' lang='lat' dir='ltr'><strong>esse</strong></span> <span class='ocrx_word' id='word_1_97' title='bbox 774 1161 1058 1233; x_wconf 65' lang='lat' dir='ltr'><strong>sapientes,</strong></span> <span class='ocrx_word' id='word_1_98' title='bbox 1101 1162 1175 1218; x_wconf 85' lang='lat' dir='ltr'><strong>ita</strong></span> <span class='ocrx_word' id='word_1_99' title='bbox 1203 1158 1361 1218; x_wconf 66' lang='lat' dir='ltr'><strong>stulti</strong></span> <span class='ocrx_word' id='word_1_100' title='bbox 1388 1162 1525 1234; x_wconf 77' lang='lat' dir='ltr'><strong>facti</strong></span> <span class='ocrx_word' id='word_1_101' title='bbox 1572 1171 1700 1218; x_wconf 74' lang='lat' dir='ltr'><strong>sunt</strong></span> <span class='ocrx_word' id='word_1_102' title='bbox 1732 1162 1778 1232; x_wconf 77' lang='lat'><strong>7,</strong></span> <span class='ocrx_word' id='word_1_103' title='bbox 1819 1174 1881 1220; x_wconf 90' lang='lat' dir='ltr'><strong>ut</strong></span> <span class='ocrx_word' id='word_1_104' title='bbox 1912 1164 2005 1222; x_wconf 77' lang='lat' dir='ltr'><strong>alii</strong></span> 
     </span>
    </p>
   </div>
   <div class='ocr_carea' id='block_1_16' title="bbox 348 1248 2003 1332">
    <p class='ocr_par' dir='ltr' id='par_1_16' title="bbox 348 1248 2003 1332">
     <span class='ocr_line' id='line_1_16' title="bbox 348 1248 2003 1332; baseline 0 -21"><span class='ocrx_word' id='word_1_105' title='bbox 348 1250 589 1332; x_wconf 87' lang='lat' dir='ltr'><strong>quidem</strong></span> <span class='ocrx_word' id='word_1_106' title='bbox 620 1248 795 1309; x_wconf 88' lang='lat' dir='ltr'><strong>simul</strong></span> <span class='ocrx_word' id='word_1_107' title='bbox 821 1267 954 1309; x_wconf 93' lang='lat' dir='ltr'><strong>cum</strong></span> <span class='ocrx_word' id='word_1_108' title='bbox 987 1248 1107 1310; x_wconf 90' lang='lat' dir='ltr'><strong>Deo</strong></span> <span class='ocrx_word' id='word_1_109' title='bbox 1143 1249 1359 1311; x_wconf 60' lang='lat' dir='ltr'><strong>caelum</strong></span> <span class='ocrx_word' id='word_1_110' title='bbox 1394 1248 1465 1311; x_wconf 91' lang='lat' dir='ltr'><strong>ab</strong></span> <span class='ocrx_word' id='word_1_111' title='bbox 1504 1258 1729 1311; x_wconf 69' lang='lat' dir='ltr'><strong>aeterno</strong></span> <span class='ocrx_word' id='word_1_112' title='bbox 1763 1252 2003 1313; x_wconf 80' lang='lat' dir='ltr'><strong>exsiste-</strong></span> 
     </span>
    </p>
   </div>
   <div class='ocr_carea' id='block_1_17' title="bbox 348 1338 2001 1418">
    <p class='ocr_par' dir='ltr' id='par_1_17' title="bbox 348 1338 2001 1418">
     <span class='ocr_line' id='line_1_17' title="bbox 348 1338 2001 1418; baseline -0.001 -16"><span class='ocrx_word' id='word_1_113' title='bbox 348 1358 415 1402; x_wconf 88' lang='lat' dir='ltr'><strong>re</strong></span> <span class='ocrx_word' id='word_1_114' title='bbox 437 1340 793 1414; x_wconf 82' lang='lat' dir='ltr'><strong>aﬂimarent;</strong></span> <span class='ocrx_word' id='word_1_115' title='bbox 829 1338 925 1399; x_wconf 86' lang='lat' dir='ltr'><strong>alii</strong></span> <span class='ocrx_word' id='word_1_116' title='bbox 952 1356 1092 1399; x_wconf 89' lang='lat' dir='ltr'><strong>vero</strong></span> <span class='ocrx_word' id='word_1_117' title='bbox 1124 1338 1271 1400; x_wconf 91' lang='lat' dir='ltr'><strong>illud</strong></span> <span class='ocrx_word' id='word_1_118' title='bbox 1304 1338 1496 1418; x_wconf 89' lang='lat' dir='ltr'><strong>ipsum</strong></span> <span class='ocrx_word' id='word_1_119' title='bbox 1546 1358 1679 1401; x_wconf 90' lang='lat' dir='ltr'><strong>esse</strong></span> <span class='ocrx_word' id='word_1_120' title='bbox 1708 1339 1893 1402; x_wconf 91' lang='lat' dir='ltr'><strong>Deum</strong></span> <span class='ocrx_word' id='word_1_121' title='bbox 1920 1343 2001 1401; x_wconf 89' lang='lat' dir='ltr'><strong>si-</strong></span> 
     </span>
    </p>
   </div>
   <div class='ocr_carea' id='block_1_18' title="bbox 347 1427 2002 1510">
    <p class='ocr_par' dir='ltr' id='par_1_18' title="bbox 347 1427 2002 1510">
     <span class='ocr_line' id='line_1_18' title="bbox 347 1427 2002 1510; baseline -0.001 -18"><span class='ocrx_word' id='word_1_122' title='bbox 347 1449 423 1492; x_wconf 89' lang='lat' dir='ltr'><strong>ne</strong></span> <span class='ocrx_word' id='word_1_123' title='bbox 453 1428 748 1510; x_wconf 90' lang='lat' dir='ltr'><strong>principio</strong></span> <span class='ocrx_word' id='word_1_124' title='bbox 783 1435 841 1487; x_wconf 92' lang='lat' dir='ltr'><strong>et</strong></span> <span class='ocrx_word' id='word_1_125' title='bbox 873 1427 1003 1489; x_wconf 87' lang='lat' dir='ltr'><strong>sine</strong></span> <span class='ocrx_word' id='word_1_126' title='bbox 1035 1428 1173 1503; x_wconf 84' lang='lat' dir='ltr'><strong>ﬁne,</strong></span> <span class='ocrx_word' id='word_1_127' title='bbox 1210 1435 1392 1509; x_wconf 90' lang='lat' dir='ltr'><strong>atque</strong></span> <span class='ocrx_word' id='word_1_128' title='bbox 1417 1427 1873 1507; x_wconf 77' lang='lat' dir='ltr'><strong>gubernationis</strong></span> <span class='ocrx_word' id='word_1_129' title='bbox 1904 1449 2002 1492; x_wconf 88' lang='lat' dir='ltr'><strong>re-</strong></span> 
     </span>
    </p>
   </div>
   <div class='ocr_carea' id='block_1_19' title="bbox 350 1517 1681 1596">
    <p class='ocr_par' dir='ltr' id='par_1_19' title="bbox 350 1517 1681 1596">
     <span class='ocr_line' id='line_1_19' title="bbox 350 1517 1681 1596; baseline 0 -15"><span class='ocrx_word' id='word_1_130' title='bbox 350 1538 482 1581; x_wconf 91' lang='lat' dir='ltr'><strong>rum</strong></span> <span class='ocrx_word' id='word_1_131' title='bbox 519 1517 880 1596; x_wconf 86' lang='lat' dir='ltr'><strong>singularum</strong></span> <span class='ocrx_word' id='word_1_132' title='bbox 906 1535 1145 1580; x_wconf 82' lang='lat' dir='ltr'><strong>causam</strong></span> <span class='ocrx_word' id='word_1_133' title='bbox 1175 1535 1306 1579; x_wconf 89' lang='lat' dir='ltr'><strong>esse</strong></span> <span class='ocrx_word' id='word_1_134' title='bbox 1338 1519 1681 1582; x_wconf 85' lang='lat' dir='ltr'><strong>statuerint.</strong></span> 
     </span>
    </p>
   </div>
   <div class='ocr_carea' id='block_1_20' title="bbox 432 1606 2007 1689">
    <p class='ocr_par' dir='ltr' id='par_1_20' title="bbox 432 1606 2007 1689">
     <span class='ocr_line' id='line_1_20' title="bbox 432 1606 2007 1689; baseline -0.001 -17"><span class='ocrx_word' id='word_1_135' title='bbox 432 1607 774 1688; x_wconf 69' lang='lat' dir='ltr'><strong>4.qut‘ecto</strong></span> <span class='ocrx_word' id='word_1_136' title='bbox 807 1606 975 1667; x_wconf 88' lang='lat' dir='ltr'><strong>isthae</strong></span> <span class='ocrx_word' id='word_1_137' title='bbox 1008 1606 1327 1668; x_wconf 68' lang='lat' dir='ltr'><strong>mundanae</strong></span> <span class='ocrx_word' id='word_1_138' title='bbox 1377 1609 1686 1687; x_wconf 82' lang='lat' dir='ltr'><strong>sapientiae</strong></span> <span class='ocrx_word' id='word_1_139' title='bbox 1717 1609 1887 1689; x_wconf 89' lang='lat' dir='ltr'><strong>copia</strong></span> <span class='ocrx_word' id='word_1_140' title='bbox 1917 1610 2007 1671; x_wconf 90' lang='lat' dir='ltr'><strong>eis</strong></span> 
     </span>
    </p>
   </div>
   <div class='ocr_carea' id='block_1_21' title="bbox 351 1696 2004 1779">
    <p class='ocr_par' dir='ltr' id='par_1_21' title="bbox 351 1696 2004 1779">
     <span class='ocr_line' id='line_1_21' title="bbox 351 1696 2004 1779; baseline -0.002 -17"><span class='ocrx_word' id='word_1_141' title='bbox 351 1697 668 1779; x_wconf 86' lang='lat' dir='ltr'><strong>aliquando</strong></span> <span class='ocrx_word' id='word_1_142' title='bbox 725 1696 1287 1758; x_wconf 88' lang='lat' dir='ltr'><strong>condemnationem</strong></span> <span class='ocrx_word' id='word_1_143' title='bbox 1344 1705 1615 1758; x_wconf 80' lang='lat' dir='ltr'><strong>accersat</strong></span> <span class='ocrx_word' id='word_1_144' title='bbox 1646 1699 2004 1776; x_wconf 76' lang='lat' dir='ltr'><strong>graviorem,</strong></span> 
     </span>
    </p>
   </div>
   <div class='ocr_carea' id='block_1_22' title="bbox 2087 982 3737 1059">
    <p class='ocr_par' dir='ltr' id='par_1_22' title="bbox 2087 982 3737 1059">
     <span class='ocr_line' id='line_1_22' title="bbox 2087 982 3737 1059; baseline 0.001 -18"><span class='ocrx_word' id='word_1_145' title='bbox 2087 1007 2168 1041; x_wconf 92' lang='grc' dir='ltr'><strong>σιν</strong></span> <span class='ocrx_word' id='word_1_146' title='bbox 2209 986 2504 1051; x_wconf 76' lang='grc' dir='ltr'>ὑποστῆναι</span> <span class='ocrx_word' id='word_1_147' title='bbox 2585 982 2751 1040; x_wconf 84' lang='grc' dir='ltr'><strong>Ἀλλά</strong></span> <span class='ocrx_word' id='word_1_148' title='bbox 2807 990 3058 1039; x_wconf 76' lang='grc' dir='ltr'>τοσοῦτον</span> <span class='ocrx_word' id='word_1_149' title='bbox 3117 982 3562 1059; x_wconf 85' lang='grc' dir='ltr'>Ἐματαιώθησαν</span> <span class='ocrx_word' id='word_1_150' title='bbox 3619 1000 3737 1051; x_wconf 71' lang='grc' dir='ltr'>τοῖς</span> 
     </span>
    </p>
   </div>
   <div class='ocr_carea' id='block_1_23' title="bbox 2088 1071 3738 1153">
    <p class='ocr_par' dir='ltr' id='par_1_23' title="bbox 2088 1071 3738 1153">
     <span class='ocr_line' id='line_1_23' title="bbox 2088 1071 3738 1153; baseline 0.001 -23"><span class='ocrx_word' id='word_1_151' title='bbox 2088 1072 2463 1150; x_wconf 72' lang='grc' dir='ltr'><strong>διαλογισμοῖς</strong></span> <span class='ocrx_word' id='word_1_152' title='bbox 2552 1073 2747 1153; x_wconf 68' lang='grc' dir='ltr'>αὐτῶν,</span> <span class='ocrx_word' id='word_1_153' title='bbox 2835 1073 2921 1129; x_wconf 88' lang='grc' dir='ltr'><strong>καὶ</strong></span> <span class='ocrx_word' id='word_1_154' title='bbox 3005 1071 3282 1141; x_wconf 78' lang='grc' dir='ltr'><strong>ἐσκοτίσθη</strong></span> <span class='ocrx_word' id='word_1_155' title='bbox 3366 1075 3401 1142; x_wconf 80' lang='grc' dir='ltr'><strong>ἡ</strong></span> <span class='ocrx_word' id='word_1_156' title='bbox 3487 1075 3738 1138; x_wconf 82' lang='grc' dir='ltr'>ἀσύνετος</span> 
     </span>
    </p>
   </div>
   <div class='ocr_carea' id='block_1_24' title="bbox 2093 1160 3740 1243">
    <p class='ocr_par' dir='ltr' id='par_1_24' title="bbox 2093 1160 3740 1243">
     <span class='ocr_line' id='line_1_24' title="bbox 2093 1160 3740 1243; baseline -0.001 -23"><span class='ocrx_word' id='word_1_157' title='bbox 2093 1166 2263 1221; x_wconf 69' lang='grc' dir='ltr'>ανῦτιῦν</span> <span class='ocrx_word' id='word_1_158' title='bbox 2320 1160 2526 1243; x_wconf 84' lang='grc' dir='ltr'>καρδία,</span> <span class='ocrx_word' id='word_1_159' title='bbox 2602 1167 2683 1220; x_wconf 66' lang='grc' dir='ltr'>καὶ</span> <span class='ocrx_word' id='word_1_160' title='bbox 2768 1163 3056 1243; x_wconf 75' lang='grc' dir='ltr'><strong>φάσκοντες</strong></span> <span class='ocrx_word' id='word_1_161' title='bbox 3140 1166 3281 1219; x_wconf 82' lang='grc' dir='ltr'>εἶναι</span> <span class='ocrx_word' id='word_1_162' title='bbox 3366 1167 3518 1243; x_wconf 82' lang='grc' dir='ltr'>σοφοὶ</span> <span class='ocrx_word' id='word_1_163' title='bbox 3600 1165 3740 1240; x_wconf 88' lang='grc' dir='ltr'>ἐμω-</span> 
     </span>
    </p>
   </div>
   <div class='ocr_carea' id='block_1_25' title="bbox 2088 1252 3739 1334">
    <p class='ocr_par' dir='ltr' id='par_1_25' title="bbox 2088 1252 3739 1334">
     <span class='ocr_line' id='line_1_25' title="bbox 2088 1252 3739 1334; baseline 0 -23"><span class='ocrx_word' id='word_1_164' title='bbox 2088 1255 2374 1333; x_wconf 74' lang='grc' dir='ltr'>ράνθησαν,</span> <span class='ocrx_word' id='word_1_165' title='bbox 2425 1253 2561 1310; x_wconf 78' lang='grc' dir='ltr'>ὥστε</span> <span class='ocrx_word' id='word_1_166' title='bbox 2620 1257 2668 1310; x_wconf 75' lang='grc' dir='ltr'><strong>οἱ</strong></span> <span class='ocrx_word' id='word_1_167' title='bbox 2739 1254 2838 1329; x_wconf 74' lang='grc' dir='ltr'>μὲν</span> <span class='ocrx_word' id='word_1_168' title='bbox 2897 1253 3249 1334; x_wconf 78' lang='grc' dir='ltr'>συνυπάρχειν</span> <span class='ocrx_word' id='word_1_169' title='bbox 3324 1252 3377 1320; x_wconf 82' lang='grc' dir='ltr'>ἐξ</span> <span class='ocrx_word' id='word_1_170' title='bbox 3433 1252 3605 1311; x_wconf 74' lang='grc' dir='ltr'>ἀϊδίου</span> <span class='ocrx_word' id='word_1_171' title='bbox 3666 1259 3739 1328; x_wconf 81' lang='grc' dir='ltr'>τῷ</span> 
     </span>
    </p>
   </div>
   <div class='ocr_carea' id='block_1_26' title="bbox 2090 1340 3739 1422">
    <p class='ocr_par' dir='ltr' id='par_1_26' title="bbox 2090 1340 3739 1422">
     <span class='ocr_line' id='line_1_26' title="bbox 2090 1340 3739 1422; baseline -0.001 -21"><span class='ocrx_word' id='word_1_172' title='bbox 2090 1350 2204 1418; x_wconf 87' lang='grc' dir='ltr'><strong>Θεῷ</strong></span> <span class='ocrx_word' id='word_1_173' title='bbox 2245 1345 2337 1398; x_wconf 83' lang='grc' dir='ltr'><strong>τὸν</strong></span> <span class='ocrx_word' id='word_1_174' title='bbox 2367 1344 2583 1421; x_wconf 69' lang='grc' dir='ltr'>οὗρανὸν</span> <span class='ocrx_word' id='word_1_175' title='bbox 2614 1343 2953 1422; x_wconf 74' lang='grc' dir='ltr'>ἀπεφήναντο</span> <span class='ocrx_word' id='word_1_176' title='bbox 2989 1359 3003 1372; x_wconf 84' lang='grc'><strong>’</strong></span> <span class='ocrx_word' id='word_1_177' title='bbox 3053 1343 3099 1399; x_wconf 76' lang='grc' dir='ltr'><strong>οἱ</strong></span> <span class='ocrx_word' id='word_1_178' title='bbox 3148 1340 3202 1398; x_wconf 85' lang='grc' dir='ltr'><strong>δέ</strong></span> <span class='ocrx_word' id='word_1_179' title='bbox 3234 1344 3390 1402; x_wconf 76' lang='grc' dir='ltr'>αὒτὸν</span> <span class='ocrx_word' id='word_1_180' title='bbox 3421 1344 3569 1401; x_wconf 78' lang='grc' dir='ltr'>εἶναι</span> <span class='ocrx_word' id='word_1_181' title='bbox 3607 1347 3739 1401; x_wconf 80' lang='grc' dir='ltr'>Θεὸν</span> 
     </span>
    </p>
   </div>
   <div class='ocr_carea' id='block_1_27' title="bbox 2091 1431 3741 1513">
    <p class='ocr_par' dir='ltr' id='par_1_27' title="bbox 2091 1431 3741 1513">
     <span class='ocr_line' id='line_1_27' title="bbox 2091 1431 3741 1513; baseline 0.001 -24"><span class='ocrx_word' id='word_1_182' title='bbox 2091 1433 2324 1513; x_wconf 67' lang='grc' dir='ltr'>ἄναρχόν</span> <span class='ocrx_word' id='word_1_183' title='bbox 2354 1431 2571 1513; x_wconf 89' lang='grc' dir='ltr'><strong>τε</strong></span> <span class='ocrx_word' id='word_1_184' title='bbox 2620 1434 2706 1489; x_wconf 83' lang='grc' dir='ltr'><strong>καὶ</strong></span> <span class='ocrx_word' id='word_1_185' title='bbox 2750 1431 3119 1512; x_wconf 81' lang='grc' dir='ltr'>ἀτελεύτητον,</span> <span class='ocrx_word' id='word_1_186' title='bbox 3184 1435 3272 1490; x_wconf 86' lang='grc' dir='ltr'><strong>καὶ</strong></span> <span class='ocrx_word' id='word_1_187' title='bbox 3321 1439 3420 1501; x_wconf 81' lang='grc' dir='ltr'><strong>τῆς</strong></span> <span class='ocrx_word' id='word_1_188' title='bbox 3470 1436 3575 1490; x_wconf 78' lang='grc' dir='ltr'>τῶν</span> <span class='ocrx_word' id='word_1_189' title='bbox 3606 1436 3741 1490; x_wconf 85' lang='grc' dir='ltr'><strong>κατά</strong></span> 
     </span>
    </p>
   </div>
   <div class='ocr_carea' id='block_1_28' title="bbox 2091 1523 2827 1602">
    <p class='ocr_par' dir='ltr' id='par_1_28' title="bbox 2091 1523 2827 1602">
     <span class='ocr_line' id='line_1_28' title="bbox 2091 1523 2827 1602; baseline 0.003 -23"><span class='ocrx_word' id='word_1_190' title='bbox 2091 1523 2251 1602; x_wconf 80' lang='grc' dir='ltr'>μέρος</span> <span class='ocrx_word' id='word_1_191' title='bbox 2295 1525 2595 1597; x_wconf 69' lang='grc' dir='ltr'>οἰκονομίας</span> <span class='ocrx_word' id='word_1_192' title='bbox 2630 1523 2827 1582; x_wconf 78' lang='grc' dir='ltr'>αἴτιον.</span> 
     </span>
    </p>
   </div>
   <div class='ocr_carea' id='block_1_29' title="bbox 2171 1602 3744 1693">
    <p class='ocr_par' dir='ltr' id='par_1_29' title="bbox 2171 1602 3744 1693">
     <span class='ocr_line' id='line_1_29' title="bbox 2171 1602 3744 1693; baseline -0.001 -23"><span class='ocrx_word' id='word_1_193' title='bbox 2171 1619 2231 1674; x_wconf 63' lang='grc' dir='ltr'><strong>ἆ.</strong></span> <span class='ocrx_word' id='word_1_194' title='bbox 2279 1602 2449 1670; x_wconf 76' lang='grc' dir='ltr'>Ἠπου</span> <span class='ocrx_word' id='word_1_195' title='bbox 2506 1616 2689 1675; x_wconf 68' lang='grc' dir='ltr'>αὐτοῖς</span> <span class='ocrx_word' id='word_1_196' title='bbox 2744 1616 2778 1681; x_wconf 79' lang='grc' dir='ltr'>ἡ</span> <span class='ocrx_word' id='word_1_197' title='bbox 2823 1615 3099 1693; x_wconf 70' lang='grc' dir='ltr'>περιουσία</span> <span class='ocrx_word' id='word_1_198' title='bbox 3155 1615 3251 1679; x_wconf 77' lang='grc' dir='ltr'>τῆς</span> <span class='ocrx_word' id='word_1_199' title='bbox 3299 1616 3389 1669; x_wconf 77' lang='grc' dir='ltr'>τοῦ</span> <span class='ocrx_word' id='word_1_200' title='bbox 3426 1613 3635 1689; x_wconf 79' lang='grc' dir='ltr'>κόσμου</span> <span class='ocrx_word' id='word_1_201' title='bbox 3656 1636 3744 1670; x_wconf 85' lang='grc' dir='ltr'>σο-</span> 
     </span>
    </p>
   </div>
   <div class='ocr_carea' id='block_1_30' title="bbox 2091 1702 3743 1782">
    <p class='ocr_par' dir='ltr' id='par_1_30' title="bbox 2091 1702 3743 1782">
     <span class='ocr_line' id='line_1_30' title="bbox 2091 1702 3743 1782; baseline 0 -23"><span class='ocrx_word' id='word_1_202' title='bbox 2091 1703 2209 1782; x_wconf 88' lang='grc' dir='ltr'>φίας</span> <span class='ocrx_word' id='word_1_203' title='bbox 2254 1704 2564 1781; x_wconf 71' lang='grc' dir='ltr'>προσθήκην</span> <span class='ocrx_word' id='word_1_204' title='bbox 2621 1702 2761 1760; x_wconf 68' lang='grc' dir='ltr'>ο’ίσει</span> <span class='ocrx_word' id='word_1_205' title='bbox 2819 1703 2951 1760; x_wconf 77' lang='grc' dir='ltr'>ποτὲ</span> <span class='ocrx_word' id='word_1_206' title='bbox 3006 1708 3104 1770; x_wconf 81' lang='grc' dir='ltr'>τῆς</span> <span class='ocrx_word' id='word_1_207' title='bbox 3166 1702 3416 1782; x_wconf 76' lang='grc' dir='ltr'>χαλεπῆς</span> <span class='ocrx_word' id='word_1_208' title='bbox 3480 1704 3743 1782; x_wconf 74' lang='grc' dir='ltr'>κατακρί-</span> 
     </span>
    </p>
   </div>
   <div class='ocr_carea' id='block_1_31' title="bbox 354 1786 2011 1877">
    <p class='ocr_par' dir='ltr' id='par_1_31' title="bbox 354 1786 2006 1871">
     <span class='ocr_line' id='line_1_31' title="bbox 354 1786 2006 1871; baseline 0 -23"><span class='ocrx_word' id='word_1_209' title='bbox 354 1788 573 1871; x_wconf 90' lang='lat' dir='ltr'><strong>quippe</strong></span> <span class='ocrx_word' id='word_1_210' title='bbox 594 1790 733 1866; x_wconf 89' lang='lat' dir='ltr'><strong>quia</strong></span> <span class='ocrx_word' id='word_1_211' title='bbox 755 1786 906 1847; x_wconf 90' lang='lat' dir='ltr'><strong>adeo</strong></span> <span class='ocrx_word' id='word_1_212' title='bbox 927 1794 1163 1847; x_wconf 88' lang='lat' dir='ltr'><strong>acutum</strong></span> <span class='ocrx_word' id='word_1_213' title='bbox 1187 1786 1245 1845; x_wconf 92' lang='lat' dir='ltr'><strong>in</strong></span> <span class='ocrx_word' id='word_1_214' title='bbox 1267 1786 1433 1847; x_wconf 84' lang='lat' dir='ltr'><strong>vanis</strong></span> <span class='ocrx_word' id='word_1_215' title='bbox 1459 1786 1644 1848; x_wconf 85' lang='lat' dir='ltr'><strong>rebus</strong></span> <span class='ocrx_word' id='word_1_216' title='bbox 1668 1797 2006 1868; x_wconf 90' lang='lat' dir='ltr'><strong>cernentes,</strong></span> 
     </span>
    </p>
   </div>
   <div class='ocr_carea' id='block_1_32' title="bbox 2099 1786 3741 1877">
    <p class='ocr_par' dir='ltr' id='par_1_32' title="bbox 2099 1791 3741 1867">
     <span class='ocr_line' id='line_1_32' title="bbox 2099 1791 3741 1867; baseline -0.001 -19"><span class='ocrx_word' id='word_1_217' title='bbox 2099 1814 2257 1865; x_wconf 90' lang='grc' dir='ltr'>σεως,</span> <span class='ocrx_word' id='word_1_218' title='bbox 2291 1792 2371 1848; x_wconf 81' lang='grc' dir='ltr'><strong>ὅτι</strong></span> <span class='ocrx_word' id='word_1_219' title='bbox 2400 1793 2565 1856; x_wconf 59' lang='grc' dir='ltr'>οὓτως</span> <span class='ocrx_word' id='word_1_220' title='bbox 2597 1792 2683 1858; x_wconf 68' lang='grc' dir='ltr'><strong>ὀξὸ</strong></span> <span class='ocrx_word' id='word_1_221' title='bbox 2734 1794 2851 1866; x_wconf 85' lang='grc' dir='ltr'>περὶ</span> <span class='ocrx_word' id='word_1_222' title='bbox 2903 1793 2969 1848; x_wconf 78' lang='grc' dir='ltr'>τὰ</span> <span class='ocrx_word' id='word_1_223' title='bbox 3010 1793 3210 1866; x_wconf 72' lang='grc' dir='ltr'>μάταια</span> <span class='ocrx_word' id='word_1_224' title='bbox 3241 1791 3549 1867; x_wconf 76' lang='grc' dir='ltr'>βλέποντες,</span> <span class='ocrx_word' id='word_1_225' title='bbox 3585 1794 3741 1850; x_wconf 68' lang='grc' dir='ltr'>ἐκόν-</span> 
     </span>
    </p>
   </div>
   <div class='ocr_carea' id='block_1_33' title="bbox 352 1874 2007 1959">
    <p class='ocr_par' dir='ltr' id='par_1_33' title="bbox 352 1874 2007 1959">
     <span class='ocr_line' id='line_1_33' title="bbox 352 1874 2007 1959; baseline -0.006 -18"><span class='ocrx_word' id='word_1_226' title='bbox 352 1885 561 1959; x_wconf 91' lang='lat' dir='ltr'><strong>suapte</strong></span> <span class='ocrx_word' id='word_1_227' title='bbox 574 1883 785 1955; x_wconf 85' lang='lat' dir='ltr'><strong>sponte</strong></span> <span class='ocrx_word' id='word_1_228' title='bbox 800 1875 858 1937; x_wconf 91' lang='lat' dir='ltr'><strong>in</strong></span> <span class='ocrx_word' id='word_1_229' title='bbox 875 1874 1265 1953; x_wconf 83' lang='lat' dir='ltr'><strong>intelligenda</strong></span> <span class='ocrx_word' id='word_1_230' title='bbox 1280 1874 1532 1937; x_wconf 85' lang='lat' dir='ltr'><strong>veritate</strong></span> <span class='ocrx_word' id='word_1_231' title='bbox 1547 1874 1781 1938; x_wconf 62' lang='lat' dir='ltr'><strong>obcaaca</strong></span> <span class='ocrx_word' id='word_1_232' title='bbox 1794 1876 1834 1936; x_wconf 89' lang='lat' dir='ltr'><strong>ti</strong></span> <span class='ocrx_word' id='word_1_233' title='bbox 1849 1887 2007 1937; x_wconf 86' lang='lat' dir='ltr'><strong>sunt.</strong></span> 
     </span>
    </p>
   </div>
   <div class='ocr_carea' id='block_1_34' title="bbox 353 1963 2011 2046">
    <p class='ocr_par' dir='ltr' id='par_1_34' title="bbox 353 1963 2011 2046">
     <span class='ocr_line' id='line_1_34' title="bbox 353 1963 2011 2046; baseline -0.001 -18"><span class='ocrx_word' id='word_1_234' title='bbox 353 1967 467 2041; x_wconf 87' lang='lat' dir='ltr'><strong>Qui</strong></span> <span class='ocrx_word' id='word_1_235' title='bbox 491 1982 666 2046; x_wconf 87' lang='lat' dir='ltr'><strong>porro</strong></span> <span class='ocrx_word' id='word_1_236' title='bbox 688 1964 877 2043; x_wconf 84' lang='lat' dir='ltr'><strong>spatia</strong></span> <span class='ocrx_word' id='word_1_237' title='bbox 892 1963 1287 2026; x_wconf 88' lang='lat' dir='ltr'><strong>dimetiuntur</strong></span> <span class='ocrx_word' id='word_1_238' title='bbox 1305 1964 1639 2045; x_wconf 88' lang='lat' dir='ltr'><strong>stellarum,</strong></span> <span class='ocrx_word' id='word_1_239' title='bbox 1665 1966 2011 2045; x_wconf 52' lang='lat' dir='ltr'><strong>assignant-</strong></span> 
     </span>
    </p>
   </div>
   <div class='ocr_carea' id='block_1_35' title="bbox 352 2054 2009 2139">
    <p class='ocr_par' dir='ltr' id='par_1_35' title="bbox 352 2054 2009 2139">
     <span class='ocr_line' id='line_1_35' title="bbox 352 2054 2009 2139; baseline -0.001 -21"><span class='ocrx_word' id='word_1_240' title='bbox 352 2074 470 2139; x_wconf 89' lang='lat' dir='ltr'><strong>que</strong></span> <span class='ocrx_word' id='word_1_241' title='bbox 489 2072 759 2136; x_wconf 57' lang='lat' dir='ltr'><strong>quaenam</strong></span> <span class='ocrx_word' id='word_1_242' title='bbox 812 2072 1050 2135; x_wconf 88' lang='lat' dir='ltr'><strong>semper</strong></span> <span class='ocrx_word' id='word_1_243' title='bbox 1078 2054 1418 2134; x_wconf 76' lang='lat' dir='ltr'><strong>aﬂulgeant,</strong></span> <span class='ocrx_word' id='word_1_244' title='bbox 1459 2063 1517 2116; x_wconf 92' lang='lat' dir='ltr'><strong>et</strong></span> <span class='ocrx_word' id='word_1_245' title='bbox 1543 2074 1814 2135; x_wconf 55' lang='lat' dir='ltr'><strong>quanam</strong></span> <span class='ocrx_word' id='word_1_246' title='bbox 1867 2075 2009 2136; x_wconf 88' lang='lat' dir='ltr'><strong>sep-</strong></span> 
     </span>
    </p>
   </div>
   <div class='ocr_carea' id='block_1_36' title="bbox 360 2142 2006 2225">
    <p class='ocr_par' dir='ltr' id='par_1_36' title="bbox 360 2142 2006 2225">
     <span class='ocr_line' id='line_1_36' title="bbox 360 2142 2006 2225; baseline -0.001 -17"><span class='ocrx_word' id='word_1_247' title='bbox 360 2144 747 2208; x_wconf 87' lang='lat' dir='ltr'><strong>tentrionales</strong></span> <span class='ocrx_word' id='word_1_248' title='bbox 767 2142 1087 2225; x_wconf 84' lang='lat' dir='ltr'><strong>sint,etqui</strong></span> <span class='ocrx_word' id='word_1_249' title='bbox 1111 2144 1254 2205; x_wconf 89' lang='lat' dir='ltr'><strong>sitas</strong></span> <span class='ocrx_word' id='word_1_250' title='bbox 1268 2144 1428 2206; x_wconf 89' lang='lat' dir='ltr'><strong>circa</strong></span> <span class='ocrx_word' id='word_1_251' title='bbox 1450 2144 1781 2206; x_wconf 88' lang='lat' dir='ltr'><strong>austrinum</strong></span> <span class='ocrx_word' id='word_1_252' title='bbox 1808 2146 2006 2224; x_wconf 87' lang='lat' dir='ltr'><strong>polum</strong></span> 
     </span>
    </p>
   </div>
   <div class='ocr_carea' id='block_1_37' title="bbox 358 2232 2007 2315">
    <p class='ocr_par' dir='ltr' id='par_1_37' title="bbox 358 2232 2007 2315">
     <span class='ocr_line' id='line_1_37' title="bbox 358 2232 2007 2315; baseline 0 -18"><span class='ocrx_word' id='word_1_253' title='bbox 358 2236 560 2298; x_wconf 88' lang='lat' dir='ltr'><strong>stellas</strong></span> <span class='ocrx_word' id='word_1_254' title='bbox 594 2234 721 2294; x_wconf 90' lang='lat' dir='ltr'><strong>illic</strong></span> <span class='ocrx_word' id='word_1_255' title='bbox 750 2233 989 2313; x_wconf 84' lang='lat' dir='ltr'><strong>quidem</strong></span> <span class='ocrx_word' id='word_1_256' title='bbox 1015 2232 1420 2296; x_wconf 84' lang='lat' dir='ltr'><strong>habitantibus</strong></span> <span class='ocrx_word' id='word_1_257' title='bbox 1451 2233 1497 2294; x_wconf 68' lang='lat'><strong>5</strong></span> <span class='ocrx_word' id='word_1_258' title='bbox 1517 2236 2007 2315; x_wconf 87' lang='lat' dir='ltr'><strong>conspicuas,no-</strong></span> 
     </span>
    </p>
   </div>
   <div class='ocr_carea' id='block_1_38' title="bbox 364 2322 2009 2405">
    <p class='ocr_par' dir='ltr' id='par_1_38' title="bbox 364 2322 2009 2405">
     <span class='ocr_line' id='line_1_38' title="bbox 364 2322 2009 2405; baseline 0 -18"><span class='ocrx_word' id='word_1_259' title='bbox 364 2325 456 2387; x_wconf 89' lang='lat' dir='ltr'><strong>bis</strong></span> <span class='ocrx_word' id='word_1_260' title='bbox 477 2342 616 2385; x_wconf 89' lang='lat' dir='ltr'><strong>vero</strong></span> <span class='ocrx_word' id='word_1_261' title='bbox 634 2324 910 2401; x_wconf 81' lang='lat' dir='ltr'><strong>ingnotas</strong></span> <span class='ocrx_word' id='word_1_262' title='bbox 933 2322 1365 2403; x_wconf 82' lang='lat' dir='ltr'><strong>describunt,et</strong></span> <span class='ocrx_word' id='word_1_263' title='bbox 1385 2322 1764 2385; x_wconf 84' lang='lat' dir='ltr'><strong>latitudinem</strong></span> <span class='ocrx_word' id='word_1_264' title='bbox 1784 2327 2009 2405; x_wconf 88' lang='lat' dir='ltr'><strong>aquilo-</strong></span> 
     </span>
    </p>
   </div>
   <div class='ocr_carea' id='block_1_39' title="bbox 363 2412 2008 2493">
    <p class='ocr_par' dir='ltr' id='par_1_39' title="bbox 363 2412 2008 2493">
     <span class='ocr_line' id='line_1_39' title="bbox 363 2412 2008 2493; baseline -0.001 -16"><span class='ocrx_word' id='word_1_265' title='bbox 363 2432 566 2477; x_wconf 89' lang='lat' dir='ltr'><strong>narem</strong></span> <span class='ocrx_word' id='word_1_266' title='bbox 601 2432 669 2474; x_wconf 89' lang='lat' dir='ltr'><strong>ac</strong></span> <span class='ocrx_word' id='word_1_267' title='bbox 694 2412 999 2474; x_wconf 89' lang='lat' dir='ltr'><strong>zodiacum</strong></span> <span class='ocrx_word' id='word_1_268' title='bbox 1022 2412 1307 2474; x_wconf 90' lang='lat' dir='ltr'><strong>circulum</strong></span> <span class='ocrx_word' id='word_1_269' title='bbox 1334 2412 1671 2475; x_wconf 89' lang='lat' dir='ltr'><strong>innumeris</strong></span> <span class='ocrx_word' id='word_1_270' title='bbox 1696 2414 1902 2493; x_wconf 90' lang='lat' dir='ltr'><strong>spatiis</strong></span> <span class='ocrx_word' id='word_1_271' title='bbox 1922 2414 2008 2475; x_wconf 86' lang='lat' dir='ltr'><strong>di-</strong></span> 
     </span>
    </p>
   </div>
   <div class='ocr_carea' id='block_1_40' title="bbox 355 2501 2010 2585">
    <p class='ocr_par' dir='ltr' id='par_1_40' title="bbox 355 2501 2010 2585">
     <span class='ocr_line' id='line_1_40' title="bbox 355 2501 2010 2585; baseline 0.001 -20"><span class='ocrx_word' id='word_1_272' title='bbox 355 2504 649 2579; x_wconf 86' lang='lat' dir='ltr'><strong>vidunt,et</strong></span> <span class='ocrx_word' id='word_1_273' title='bbox 670 2508 963 2562; x_wconf 89' lang='lat' dir='ltr'><strong>astrorum</strong></span> <span class='ocrx_word' id='word_1_274' title='bbox 995 2501 1873 2585; x_wconf 85' lang='lat' dir='ltr'><strong>conversiones,stabilitatem,</strong></span> <span class='ocrx_word' id='word_1_275' title='bbox 1910 2505 2010 2567; x_wconf 90' lang='lat' dir='ltr'><strong>de-</strong></span> 
     </span>
    </p>
   </div>
   <div class='ocr_carea' id='block_1_41' title="bbox 358 2591 2007 2674">
    <p class='ocr_par' dir='ltr' id='par_1_41' title="bbox 358 2591 2007 2674">
     <span class='ocr_line' id='line_1_41' title="bbox 358 2591 2007 2674; baseline -0.001 -18"><span class='ocrx_word' id='word_1_276' title='bbox 358 2592 733 2673; x_wconf 87' lang='lat' dir='ltr'><strong>clinationes,</strong></span> <span class='ocrx_word' id='word_1_277' title='bbox 768 2609 1095 2673; x_wconf 89' lang='lat' dir='ltr'><strong>eorumque</strong></span> <span class='ocrx_word' id='word_1_278' title='bbox 1116 2592 1379 2653; x_wconf 87' lang='lat' dir='ltr'><strong>omnium</strong></span> <span class='ocrx_word' id='word_1_279' title='bbox 1406 2591 1477 2653; x_wconf 89' lang='lat' dir='ltr'><strong>ad</strong></span> <span class='ocrx_word' id='word_1_280' title='bbox 1504 2592 1693 2674; x_wconf 87' lang='lat' dir='ltr'><strong>prima</strong></span> <span class='ocrx_word' id='word_1_281' title='bbox 1724 2592 1852 2655; x_wconf 82' lang='lat' dir='ltr'><strong>loca</strong></span> <span class='ocrx_word' id='word_1_282' title='bbox 1887 2614 2007 2655; x_wconf 90' lang='lat' dir='ltr'><strong>mo-</strong></span> 
     </span>
    </p>
   </div>
   <div class='ocr_carea' id='block_1_42' title="bbox 358 2680 2010 2761">
    <p class='ocr_par' dir='ltr' id='par_1_42' title="bbox 358 2680 2010 2761">
     <span class='ocr_line' id='line_1_42' title="bbox 358 2680 2010 2761; baseline 0.001 -18"><span class='ocrx_word' id='word_1_283' title='bbox 358 2691 479 2745; x_wconf 92' lang='lat' dir='ltr'><strong>tum</strong></span> <span class='ocrx_word' id='word_1_284' title='bbox 496 2681 813 2761; x_wconf 75' lang='lat' dir='ltr'><strong>diligenter</strong></span> <span class='ocrx_word' id='word_1_285' title='bbox 833 2680 1174 2757; x_wconf 85' lang='lat' dir='ltr'><strong>observant,</strong></span> <span class='ocrx_word' id='word_1_286' title='bbox 1202 2689 1259 2743; x_wconf 92' lang='lat' dir='ltr'><strong>et</strong></span> <span class='ocrx_word' id='word_1_287' title='bbox 1277 2690 1498 2761; x_wconf 87' lang='lat' dir='ltr'><strong>quanto</strong></span> <span class='ocrx_word' id='word_1_288' title='bbox 1521 2690 1789 2761; x_wconf 85' lang='lat' dir='ltr'><strong>tempore</strong></span> <span class='ocrx_word' id='word_1_289' title='bbox 1804 2703 2010 2744; x_wconf 91' lang='lat' dir='ltr'><strong>unum-</strong></span> 
     </span>
    </p>
   </div>
   <div class='ocr_carea' id='block_1_43' title="bbox 357 2770 2011 2853">
    <p class='ocr_par' dir='ltr' id='par_1_43' title="bbox 357 2770 2011 2853">
     <span class='ocr_line' id='line_1_43' title="bbox 357 2770 2011 2853; baseline 0.001 -20"><span class='ocrx_word' id='word_1_290' title='bbox 357 2772 636 2853; x_wconf 89' lang='lat' dir='ltr'><strong>quodque</strong></span> <span class='ocrx_word' id='word_1_291' title='bbox 656 2770 918 2833; x_wconf 88' lang='lat' dir='ltr'><strong>siderum</strong></span> <span class='ocrx_word' id='word_1_292' title='bbox 943 2771 1271 2833; x_wconf 87' lang='lat' dir='ltr'><strong>errantium</strong></span> <span class='ocrx_word' id='word_1_293' title='bbox 1299 2770 1590 2833; x_wconf 90' lang='lat' dir='ltr'><strong>circulum</strong></span> <span class='ocrx_word' id='word_1_294' title='bbox 1618 2791 1791 2834; x_wconf 88' lang='lat' dir='ltr'><strong>sunm</strong></span> <span class='ocrx_word' id='word_1_295' title='bbox 1814 2773 2011 2853; x_wconf 84' lang='lat' dir='ltr'><strong>exple-</strong></span> 
     </span>
    </p>
   </div>
   <div class='ocr_carea' id='block_1_44' title="bbox 358 2863 2007 2946">
    <p class='ocr_par' dir='ltr' id='par_1_44' title="bbox 358 2863 2007 2946">
     <span class='ocr_line' id='line_1_44' title="bbox 358 2863 2007 2946; baseline -0.002 -17"><span class='ocrx_word' id='word_1_296' title='bbox 358 2866 483 2929; x_wconf 77' lang='lat' dir='ltr'><strong>atzii</strong></span> <span class='ocrx_word' id='word_1_297' title='bbox 497 2882 679 2926; x_wconf 88' lang='lat' dir='ltr'><strong>unam</strong></span> <span class='ocrx_word' id='word_1_298' title='bbox 694 2881 763 2925; x_wconf 84' lang='lat' dir='ltr'><strong>ex</strong></span> <span class='ocrx_word' id='word_1_299' title='bbox 783 2863 1063 2925; x_wconf 84' lang='lat' dir='ltr'><strong>omnibus</strong></span> <span class='ocrx_word' id='word_1_300' title='bbox 1083 2870 1271 2925; x_wconf 90' lang='lat' dir='ltr'><strong>artem</strong></span> <span class='ocrx_word' id='word_1_301' title='bbox 1312 2882 1431 2924; x_wconf 92' lang='lat' dir='ltr'><strong>non</strong></span> <span class='ocrx_word' id='word_1_302' title='bbox 1469 2864 1774 2944; x_wconf 87' lang='lat' dir='ltr'><strong>invenere,</strong></span> <span class='ocrx_word' id='word_1_303' title='bbox 1812 2883 1924 2946; x_wconf 89' lang='lat' dir='ltr'><strong>qua</strong></span> <span class='ocrx_word' id='word_1_304' title='bbox 1940 2884 2007 2926; x_wconf 90' lang='lat' dir='ltr'><strong>a-</strong></span> 
     </span>
    </p>
   </div>
   <div class='ocr_carea' id='block_1_45' title="bbox 359 2952 2008 3036">
    <p class='ocr_par' dir='ltr' id='par_1_45' title="bbox 359 2952 2008 3036">
     <span class='ocr_line' id='line_1_45' title="bbox 359 2952 2008 3036; baseline 0.001 -21"><span class='ocrx_word' id='word_1_305' title='bbox 359 2960 719 3036; x_wconf 80' lang='lat' dir='ltr'><strong>gnoscerent</strong></span> <span class='ocrx_word' id='word_1_306' title='bbox 738 2953 926 3019; x_wconf 90' lang='lat' dir='ltr'><strong>Deum</strong></span> <span class='ocrx_word' id='word_1_307' title='bbox 952 2971 1087 3014; x_wconf 80' lang='lat' dir='ltr'><strong>esse</strong></span> <span class='ocrx_word' id='word_1_308' title='bbox 1104 2952 1367 3015; x_wconf 80' lang='lat' dir='ltr'><strong>universi</strong></span> <span class='ocrx_word' id='word_1_309' title='bbox 1397 2952 1762 3031; x_wconf 86' lang='lat' dir='ltr'><strong>opiﬁcem,et</strong></span> <span class='ocrx_word' id='word_1_310' title='bbox 1775 2954 2008 3034; x_wconf 82' lang='lat' dir='ltr'><strong>juStum</strong></span> 
     </span>
    </p>
   </div>
   <div class='ocr_carea' id='block_1_46' title="bbox 353 3043 2009 3126">
    <p class='ocr_par' dir='ltr' id='par_1_46' title="bbox 353 3043 2009 3126">
     <span class='ocr_line' id='line_1_46' title="bbox 353 3043 2009 3126; baseline -0.002 -19"><span class='ocrx_word' id='word_1_311' title='bbox 353 3044 644 3126; x_wconf 87' lang='lat' dir='ltr'><strong>judicem,</strong></span> <span class='ocrx_word' id='word_1_312' title='bbox 677 3044 946 3106; x_wconf 78' lang='lat' dir='ltr'><strong>actiones</strong></span> <span class='ocrx_word' id='word_1_313' title='bbox 977 3043 1110 3104; x_wconf 77' lang='lat' dir='ltr'><strong>vitae</strong></span> <span class='ocrx_word' id='word_1_314' title='bbox 1133 3062 1239 3124; x_wconf 87' lang='lat' dir='ltr'><strong>pro</strong></span> <span class='ocrx_word' id='word_1_315' title='bbox 1268 3043 1479 3104; x_wconf 90' lang='lat' dir='ltr'><strong>merito</strong></span> <span class='ocrx_word' id='word_1_316' title='bbox 1498 3052 2009 3117; x_wconf 86' lang='lat' dir='ltr'><strong>remunerantem;</strong></span> 
     </span>
    </p>
   </div>
   <div class='ocr_carea' id='block_1_47' title="bbox 358 3112 2074 3215">
    <p class='ocr_par' dir='ltr' id='par_1_47' title="bbox 358 3112 2074 3215">
     <span class='ocr_line' id='line_1_47' title="bbox 358 3112 2074 3215; baseline 0.001 -19"><span class='ocrx_word' id='word_1_317' title='bbox 358 3112 552 3215; x_wconf 69' lang='lat' dir='ltr'><strong>neque</strong></span> <span class='ocrx_word' id='word_1_318' title='bbox 575 3112 731 3194; x_wconf 77' lang='lat' dir='ltr'><strong>hanc</strong></span> <span class='ocrx_word' id='word_1_319' title='bbox 769 3112 1302 3193; x_wconf 71' lang='lat' dir='ltr'><strong>consummationis</strong></span> <span class='ocrx_word' id='word_1_320' title='bbox 1355 3133 1774 3210; x_wconf 82' lang='lat' dir='ltr'><strong>cogitationem</strong></span> <span class='ocrx_word' id='word_1_321' title='bbox 1798 3112 2074 3213; x_wconf 79' lang='lat' dir='ltr'><strong>judiciic</strong></span> 
     </span>
    </p>
   </div>
   <div class='ocr_carea' id='block_1_48' title="bbox 361 3222 2012 3297">
    <p class='ocr_par' dir='ltr' id='par_1_48' title="bbox 361 3222 2012 3297">
     <span class='ocr_line' id='line_1_48' title="bbox 361 3222 2012 3297; baseline -0.002 -8"><span class='ocrx_word' id='word_1_322' title='bbox 361 3223 647 3289; x_wconf 85' lang='lat' dir='ltr'><strong>doctrinae</strong></span> <span class='ocrx_word' id='word_1_323' title='bbox 659 3231 1121 3284; x_wconf 88' lang='lat' dir='ltr'><strong>consentaneam</strong></span> <span class='ocrx_word' id='word_1_324' title='bbox 1143 3223 1201 3282; x_wconf 90' lang='lat' dir='ltr'><strong>in</strong></span> <span class='ocrx_word' id='word_1_325' title='bbox 1218 3222 1479 3283; x_wconf 91' lang='lat' dir='ltr'><strong>animum</strong></span> <span class='ocrx_word' id='word_1_326' title='bbox 1498 3222 1611 3285; x_wconf 87' lang='lat' dir='ltr'><strong>sibi</strong></span> <span class='ocrx_word' id='word_1_327' title='bbox 1629 3222 2012 3297; x_wconf 79' lang='lat' dir='ltr'><strong>induxerunt,</strong></span> 
     </span>
    </p>
   </div>
   <div class='ocr_carea' id='block_1_49' title="bbox 360 3310 2018 3388">
    <p class='ocr_par' dir='ltr' id='par_1_49' title="bbox 360 3310 2018 3388">
     <span class='ocr_line' id='line_1_49' title="bbox 360 3310 2018 3388; baseline -0.001 -13"><span class='ocrx_word' id='word_1_328' title='bbox 360 3313 653 3375; x_wconf 87' lang='lat' dir='ltr'><strong>mundum</strong></span> <span class='ocrx_word' id='word_1_329' title='bbox 682 3310 958 3373; x_wconf 87' lang='lat' dir='ltr'><strong>videlicet</strong></span> <span class='ocrx_word' id='word_1_330' title='bbox 980 3313 1316 3374; x_wconf 81' lang='lat' dir='ltr'><strong>necessario</strong></span> <span class='ocrx_word' id='word_1_331' title='bbox 1336 3320 1625 3374; x_wconf 91' lang='lat' dir='ltr'><strong>mutatum</strong></span> <span class='ocrx_word' id='word_1_332' title='bbox 1649 3313 1803 3388; x_wconf 83' lang='lat' dir='ltr'><strong>iri,si</strong></span> <span class='ocrx_word' id='word_1_333' title='bbox 1826 3316 2018 3374; x_wconf 86' lang='lat' dir='ltr'><strong>etani-</strong></span> 
     </span>
    </p>
   </div>
   <div class='ocr_carea' id='block_1_50' title="bbox 363 3400 2019 3465">
    <p class='ocr_par' dir='ltr' id='par_1_50' title="bbox 363 3400 2019 3465">
     <span class='ocr_line' id='line_1_50' title="bbox 363 3400 2019 3465; baseline -0.001 0"><span class='ocrx_word' id='word_1_334' title='bbox 363 3419 597 3465; x_wconf 85' lang='lat' dir='ltr'><strong>marum</strong></span> <span class='ocrx_word' id='word_1_335' title='bbox 626 3407 815 3462; x_wconf 90' lang='lat' dir='ltr'><strong>status</strong></span> <span class='ocrx_word' id='word_1_336' title='bbox 835 3402 906 3463; x_wconf 89' lang='lat' dir='ltr'><strong>ad</strong></span> <span class='ocrx_word' id='word_1_337' title='bbox 938 3402 1110 3464; x_wconf 82' lang='lat' dir='ltr'><strong>aliam</strong></span> <span class='ocrx_word' id='word_1_338' title='bbox 1153 3402 1285 3462; x_wconf 79' lang='lat' dir='ltr'><strong>vitae</strong></span> <span class='ocrx_word' id='word_1_339' title='bbox 1308 3400 1599 3463; x_wconf 90' lang='lat' dir='ltr'><strong>rationem</strong></span> <span class='ocrx_word' id='word_1_340' title='bbox 1632 3403 1707 3464; x_wconf 87' lang='lat' dir='ltr'><strong>sit</strong></span> <span class='ocrx_word' id='word_1_341' title='bbox 1737 3403 2019 3465; x_wconf 84' lang='lat' dir='ltr'><strong>transitu-</strong></span> 
     </span>
    </p>
   </div>
   <div class='ocr_carea' id='block_1_51' title="bbox 359 3489 2012 3572">
    <p class='ocr_par' dir='ltr' id='par_1_51' title="bbox 359 3489 2012 3572">
     <span class='ocr_line' id='line_1_51' title="bbox 359 3489 2012 3572; baseline -0.001 -17"><span class='ocrx_word' id='word_1_342' title='bbox 359 3511 491 3555; x_wconf 89' lang='lat' dir='ltr'><strong>rus.</strong></span> <span class='ocrx_word' id='word_1_343' title='bbox 527 3489 1040 3563; x_wconf 88' lang='lat' dir='ltr'><strong>Quemadmodum</strong></span> <span class='ocrx_word' id='word_1_344' title='bbox 1092 3494 1253 3554; x_wconf 91' lang='lat' dir='ltr'><strong>enim</strong></span> <span class='ocrx_word' id='word_1_345' title='bbox 1311 3509 1573 3572; x_wconf 62' lang='lat' dir='ltr'><strong>praesens</strong></span> <span class='ocrx_word' id='word_1_346' title='bbox 1594 3493 1711 3555; x_wconf 90' lang='lat' dir='ltr'><strong>vita</strong></span> <span class='ocrx_word' id='word_1_347' title='bbox 1741 3502 2012 3555; x_wconf 85' lang='lat' dir='ltr'><strong>naturam</strong></span> 
     </span>
    </p>
   </div>
   <div class='ocr_carea' id='block_1_52' title="bbox 357 3580 2014 3644">
    <p class='ocr_par' dir='ltr' id='par_1_52' title="bbox 357 3580 2014 3644">
     <span class='ocr_line' id='line_1_52' title="bbox 357 3580 2014 3644; baseline 0 0"><span class='ocrx_word' id='word_1_348' title='bbox 357 3582 499 3644; x_wconf 88' lang='lat' dir='ltr'><strong>huic</strong></span> <span class='ocrx_word' id='word_1_349' title='bbox 523 3580 745 3641; x_wconf 90' lang='lat' dir='ltr'><strong>mundo</strong></span> <span class='ocrx_word' id='word_1_350' title='bbox 774 3583 1015 3644; x_wconf 85' lang='lat' dir='ltr'><strong>afﬁnem</strong></span> <span class='ocrx_word' id='word_1_351' title='bbox 1050 3580 1419 3644; x_wconf 77' lang='lat' dir='ltr'><strong>habebatzita</strong></span> <span class='ocrx_word' id='word_1_352' title='bbox 1457 3581 1635 3643; x_wconf 90' lang='lat' dir='ltr'><strong>etiam</strong></span> <span class='ocrx_word' id='word_1_353' title='bbox 1662 3582 1860 3644; x_wconf 88' lang='lat' dir='ltr'><strong>futura</strong></span> <span class='ocrx_word' id='word_1_354' title='bbox 1879 3584 2014 3644; x_wconf 90' lang='lat' dir='ltr'><strong>ani-</strong></span> 
     </span>
    </p>
   </div>
   <div class='ocr_carea' id='block_1_53' title="bbox 362 3672 2017 3752">
    <p class='ocr_par' dir='ltr' id='par_1_53' title="bbox 362 3672 2017 3752">
     <span class='ocr_line' id='line_1_53' title="bbox 362 3672 2017 3752; baseline 0.001 -19"><span class='ocrx_word' id='word_1_355' title='bbox 362 3687 590 3733; x_wconf 89' lang='lat' dir='ltr'><strong>marum</strong></span> <span class='ocrx_word' id='word_1_356' title='bbox 622 3678 958 3733; x_wconf 90' lang='lat' dir='ltr'><strong>nostrarum</strong></span> <span class='ocrx_word' id='word_1_357' title='bbox 988 3672 1221 3734; x_wconf 89' lang='lat' dir='ltr'><strong>vivendi</strong></span> <span class='ocrx_word' id='word_1_358' title='bbox 1256 3672 1405 3732; x_wconf 88' lang='lat' dir='ltr'><strong>ratio</strong></span> <span class='ocrx_word' id='word_1_359' title='bbox 1433 3678 1654 3732; x_wconf 91' lang='lat' dir='ltr'><strong>sortem</strong></span> <span class='ocrx_word' id='word_1_360' title='bbox 1692 3682 2017 3752; x_wconf 78' lang='lat' dir='ltr'><strong>exceptura</strong></span> 
     </span>
    </p>
   </div>
   <div class='ocr_carea' id='block_1_54' title="bbox 359 3761 2012 3837">
    <p class='ocr_par' dir='ltr' id='par_1_54' title="bbox 359 3761 2012 3837">
     <span class='ocr_line' id='line_1_54' title="bbox 359 3761 2012 3837; baseline 0.001 -15"><span class='ocrx_word' id='word_1_361' title='bbox 359 3770 448 3822; x_wconf 91' lang='lat' dir='ltr'><strong>est</strong></span> <span class='ocrx_word' id='word_1_362' title='bbox 473 3780 577 3821; x_wconf 90' lang='lat' dir='ltr'><strong>suo</strong></span> <span class='ocrx_word' id='word_1_363' title='bbox 601 3761 779 3822; x_wconf 90' lang='lat' dir='ltr'><strong>statui</strong></span> <span class='ocrx_word' id='word_1_364' title='bbox 800 3780 912 3823; x_wconf 90' lang='lat' dir='ltr'><strong>con</strong></span> <span class='ocrx_word' id='word_1_365' title='bbox 926 3762 1366 3825; x_wconf 82' lang='lat' dir='ltr'><strong>venientem.At</strong></span> <span class='ocrx_word' id='word_1_366' title='bbox 1394 3779 1533 3823; x_wconf 88' lang='lat' dir='ltr'><strong>vero</strong></span> <span class='ocrx_word' id='word_1_367' title='bbox 1568 3770 1792 3823; x_wconf 86' lang='lat' dir='ltr'><strong>tantum</strong></span> <span class='ocrx_word' id='word_1_368' title='bbox 1820 3762 2012 3837; x_wconf 90' lang='lat' dir='ltr'><strong>abest,</strong></span> 
     </span>
    </p>
   </div>
   <div class='ocr_carea' id='block_1_55' title="bbox 359 3850 2013 3933">
    <p class='ocr_par' dir='ltr' id='par_1_55' title="bbox 359 3850 2013 3933">
     <span class='ocr_line' id='line_1_55' title="bbox 359 3850 2013 3933; baseline 0.002 -22"><span class='ocrx_word' id='word_1_369' title='bbox 359 3858 425 3911; x_wconf 94' lang='lat' dir='ltr'><strong>ut</strong></span> <span class='ocrx_word' id='word_1_370' title='bbox 456 3850 512 3910; x_wconf 90' lang='lat' dir='ltr'><strong>bi</strong></span> <span class='ocrx_word' id='word_1_371' title='bbox 533 3851 797 3914; x_wconf 84' lang='lat' dir='ltr'><strong>studium</strong></span> <span class='ocrx_word' id='word_1_372' title='bbox 823 3852 1168 3931; x_wconf 89' lang='lat' dir='ltr'><strong>impertiant</strong></span> <span class='ocrx_word' id='word_1_373' title='bbox 1187 3852 1352 3914; x_wconf 90' lang='lat' dir='ltr'><strong>hisce</strong></span> <span class='ocrx_word' id='word_1_374' title='bbox 1378 3850 1815 3933; x_wconf 88' lang='lat' dir='ltr'><strong>veritatibus,ut</strong></span> <span class='ocrx_word' id='word_1_375' title='bbox 1837 3855 2013 3915; x_wconf 79' lang='lat' dir='ltr'><strong>etiam</strong></span> 
     </span>
    </p>
   </div>
   <div class='ocr_carea' id='block_1_56' title="bbox 361 3940 2017 4021">
    <p class='ocr_par' dir='ltr' id='par_1_56' title="bbox 361 3940 2017 4021">
     <span class='ocr_line' id='line_1_56' title="bbox 361 3940 2017 4021; baseline 0 -20"><span class='ocrx_word' id='word_1_376' title='bbox 361 3940 563 4001; x_wconf 80' lang='lat' dir='ltr'><strong>eﬂ&#39;usis</strong></span> <span class='ocrx_word' id='word_1_377' title='bbox 578 3940 887 4002; x_wconf 90' lang='lat' dir='ltr'><strong>cachinnis</strong></span> <span class='ocrx_word' id='word_1_378' title='bbox 905 3940 1193 4003; x_wconf 89' lang='lat' dir='ltr'><strong>irrideant</strong></span> <span class='ocrx_word' id='word_1_379' title='bbox 1226 3961 1499 4016; x_wconf 91' lang='lat' dir='ltr'><strong>nos,cum</strong></span> <span class='ocrx_word' id='word_1_380' title='bbox 1521 3941 1595 4003; x_wconf 87' lang='lat' dir='ltr'><strong>de</strong></span> <span class='ocrx_word' id='word_1_381' title='bbox 1612 3941 1817 4004; x_wconf 90' lang='lat' dir='ltr'><strong>mundi</strong></span> <span class='ocrx_word' id='word_1_382' title='bbox 1842 3944 2017 4021; x_wconf 91' lang='lat' dir='ltr'><strong>hujus</strong></span> 
     </span>
    </p>
   </div>
   <div class='ocr_carea' id='block_1_57' title="bbox 362 4029 2018 4110">
    <p class='ocr_par' dir='ltr' id='par_1_57' title="bbox 362 4029 2018 4110">
     <span class='ocr_line' id='line_1_57' title="bbox 362 4029 2018 4110; baseline -0.001 -18"><span class='ocrx_word' id='word_1_383' title='bbox 362 4030 880 4092; x_wconf 83' lang='lat' dir='ltr'><strong>consummatione</strong></span> <span class='ocrx_word' id='word_1_384' title='bbox 906 4039 966 4092; x_wconf 89' lang='lat' dir='ltr'><strong>et</strong></span> <span class='ocrx_word' id='word_1_385' title='bbox 1000 4029 1077 4093; x_wconf 91' lang='lat' dir='ltr'><strong>de</strong></span> <span class='ocrx_word' id='word_1_386' title='bbox 1107 4032 1307 4093; x_wconf 79' lang='lat' dir='ltr'><strong>saeculi</strong></span> <span class='ocrx_word' id='word_1_387' title='bbox 1343 4030 1799 4110; x_wconf 78' lang='lat' dir='ltr'><strong>regeneratione</strong></span> <span class='ocrx_word' id='word_1_388' title='bbox 1835 4031 2018 4093; x_wconf 90' lang='lat' dir='ltr'><strong>verba</strong></span> 
     </span>
    </p>
   </div>
   <div class='ocr_carea' id='block_1_58' title="bbox 364 4120 2018 4202">
    <p class='ocr_par' dir='ltr' id='par_1_58' title="bbox 364 4120 2018 4202">
     <span class='ocr_line' id='line_1_58' title="bbox 364 4120 2018 4202; baseline 0.001 -22"><span class='ocrx_word' id='word_1_389' title='bbox 364 4121 639 4184; x_wconf 86' lang='lat' dir='ltr'><strong>facimus.</strong></span> <span class='ocrx_word' id='word_1_390' title='bbox 675 4121 820 4183; x_wconf 90' lang='lat' dir='ltr'><strong>Cum</strong></span> <span class='ocrx_word' id='word_1_391' title='bbox 852 4129 1051 4182; x_wconf 90' lang='lat' dir='ltr'><strong>autem</strong></span> <span class='ocrx_word' id='word_1_392' title='bbox 1083 4120 1444 4202; x_wconf 88' lang='lat' dir='ltr'><strong>principium</strong></span> <span class='ocrx_word' id='word_1_393' title='bbox 1478 4120 1810 4183; x_wconf 85' lang='lat' dir='ltr'><strong>secundum</strong></span> <span class='ocrx_word' id='word_1_394' title='bbox 1848 4130 2018 4182; x_wconf 82' lang='lat' dir='ltr'><strong>natu-</strong></span> 
     </span>
    </p>
   </div>
   <div class='ocr_carea' id='block_1_59' title="bbox 361 4209 2019 4291">
    <p class='ocr_par' dir='ltr' id='par_1_59' title="bbox 361 4209 2019 4291">
     <span class='ocr_line' id='line_1_59' title="bbox 361 4209 2019 4291; baseline 0.001 -21"><span class='ocrx_word' id='word_1_395' title='bbox 361 4228 487 4271; x_wconf 86' lang='lat' dir='ltr'><strong>ram</strong></span> <span class='ocrx_word' id='word_1_396' title='bbox 521 4209 685 4291; x_wconf 90' lang='lat' dir='ltr'><strong>prius</strong></span> <span class='ocrx_word' id='word_1_397' title='bbox 733 4218 1046 4287; x_wconf 87' lang='lat' dir='ltr'><strong>statuatur,</strong></span> <span class='ocrx_word' id='word_1_398' title='bbox 1082 4229 1261 4288; x_wconf 90' lang='lat' dir='ltr'><strong>quam</strong></span> <span class='ocrx_word' id='word_1_399' title='bbox 1298 4229 1368 4272; x_wconf 92' lang='lat' dir='ltr'><strong>ea</strong></span> <span class='ocrx_word' id='word_1_400' title='bbox 1404 4229 1535 4291; x_wconf 75' lang='lat' dir='ltr'><strong>quae</strong></span> <span class='ocrx_word' id='word_1_401' title='bbox 1564 4210 1638 4271; x_wconf 88' lang='lat' dir='ltr'><strong>ab</strong></span> <span class='ocrx_word' id='word_1_402' title='bbox 1668 4210 1799 4291; x_wconf 90' lang='lat' dir='ltr'><strong>ipso</strong></span> <span class='ocrx_word' id='word_1_403' title='bbox 1834 4211 2019 4290; x_wconf 84' lang='lat' dir='ltr'><strong>proti-</strong></span> 
     </span>
    </p>
   </div>
   <div class='ocr_carea' id='block_1_60' title="bbox 363 4299 2017 4380">
    <p class='ocr_par' dir='ltr' id='par_1_60' title="bbox 363 4299 2017 4380">
     <span class='ocr_line' id='line_1_60' title="bbox 363 4299 2017 4380; baseline 0 -20"><span class='ocrx_word' id='word_1_404' title='bbox 363 4299 1040 4380; x_wconf 86' lang='lat' dir='ltr'><strong>ciscuntur,necessario</strong></span> <span class='ocrx_word' id='word_1_405' title='bbox 1068 4309 1187 4361; x_wconf 92' lang='lat' dir='ltr'><strong>tum</strong></span> <span class='ocrx_word' id='word_1_406' title='bbox 1221 4317 1355 4363; x_wconf 93' lang='lat' dir='ltr'><strong>cum</strong></span> <span class='ocrx_word' id='word_1_407' title='bbox 1402 4300 1476 4361; x_wconf 91' lang='lat' dir='ltr'><strong>de</strong></span> <span class='ocrx_word' id='word_1_408' title='bbox 1509 4301 1601 4362; x_wconf 87' lang='lat' dir='ltr'><strong>his</strong></span> <span class='ocrx_word' id='word_1_409' title='bbox 1632 4317 1764 4379; x_wconf 64' lang='lat' dir='ltr'><strong>qua;</strong></span> <span class='ocrx_word' id='word_1_410' title='bbox 1796 4318 1828 4359; x_wconf 94' lang='lat' dir='ltr'><strong>a</strong></span> <span class='ocrx_word' id='word_1_411' title='bbox 1861 4308 2017 4361; x_wconf 89' lang='lat' dir='ltr'><strong>tem-</strong></span> 
     </span>
    </p>
   </div>
   <div class='ocr_carea' id='block_1_61' title="bbox 367 4388 2019 4472">
    <p class='ocr_par' dir='ltr' id='par_1_61' title="bbox 367 4388 2019 4472">
     <span class='ocr_line' id='line_1_61' title="bbox 367 4388 2019 4472; baseline 0.001 -23"><span class='ocrx_word' id='word_1_412' title='bbox 367 4406 509 4470; x_wconf 91' lang='lat' dir='ltr'><strong>pore</strong></span> <span class='ocrx_word' id='word_1_413' title='bbox 536 4388 776 4470; x_wconf 88' lang='lat' dir='ltr'><strong>habent,</strong></span> <span class='ocrx_word' id='word_1_414' title='bbox 811 4399 955 4472; x_wconf 90' lang='lat' dir='ltr'><strong>quot</strong></span> <span class='ocrx_word' id='word_1_415' title='bbox 983 4391 1121 4471; x_wconf 89' lang='lat' dir='ltr'><strong>sint,</strong></span> <span class='ocrx_word' id='word_1_416' title='bbox 1157 4389 1519 4466; x_wconf 89' lang='lat' dir='ltr'><strong>dissereret;</strong></span> <span class='ocrx_word' id='word_1_417' title='bbox 1550 4390 1704 4451; x_wconf 91' lang='lat' dir='ltr'><strong>hanc</strong></span> <span class='ocrx_word' id='word_1_418' title='bbox 1735 4388 2019 4451; x_wconf 91' lang='lat' dir='ltr'><strong>omnibus</strong></span> 
     </span>
    </p>
   </div>
   <div class='ocr_carea' id='block_1_62' title="bbox 369 4479 1955 4562">
    <p class='ocr_par' dir='ltr' id='par_1_62' title="bbox 369 4479 1955 4562">
     <span class='ocr_line' id='line_1_62' title="bbox 369 4479 1955 4562; baseline 0 -21"><span class='ocrx_word' id='word_1_419' title='bbox 369 4480 707 4559; x_wconf 89' lang='lat' dir='ltr'><strong>anteposuit</strong></span> <span class='ocrx_word' id='word_1_420' title='bbox 737 4499 965 4557; x_wconf 87' lang='lat' dir='ltr'><strong>vocem,</strong></span> <span class='ocrx_word' id='word_1_421' title='bbox 1001 4479 1282 4562; x_wconf 87' lang='lat' dir='ltr'><strong>inquiens</strong></span> <span class='ocrx_word' id='word_1_422' title='bbox 1313 4503 1327 4544; x_wconf 74' lang='grc' dir='ltr'>ε</span> <span class='ocrx_word' id='word_1_423' title='bbox 1358 4481 1431 4543; x_wconf 86' lang='lat' dir='ltr'><strong>In</strong></span> <span class='ocrx_word' id='word_1_424' title='bbox 1457 4481 1757 4561; x_wconf 75' lang='lat' dir='ltr'><strong>principio</strong></span> <span class='ocrx_word' id='word_1_425' title='bbox 1790 4480 1955 4556; x_wconf 68' lang='lat' dir='ltr'><strong>fecit.</strong></span> 
     </span>
    </p>
   </div>
   <div class='ocr_carea' id='block_1_63' title="bbox 452 4613 1021 4691">
    <p class='ocr_par' dir='ltr' id='par_1_63' title="bbox 452 4613 1021 4691">
     <span class='ocr_line' id='line_1_63' title="bbox 452 4613 1021 4691; baseline 0.009 -17"><span class='ocrx_word' id='word_1_426' title='bbox 452 4613 483 4662; x_wconf 81' lang='lat'><strong>7</strong></span> <span class='ocrx_word' id='word_1_427' title='bbox 512 4614 687 4677; x_wconf 81' lang='lat' dir='ltr'><strong>Rom.</strong></span> <span class='ocrx_word' id='word_1_428' title='bbox 717 4632 757 4687; x_wconf 82' lang='grc' dir='ltr'>Ι,</span> <span class='ocrx_word' id='word_1_429' title='bbox 795 4617 893 4691; x_wconf 71' lang='grc'><strong>21,</strong></span> <span class='ocrx_word' id='word_1_430' title='bbox 924 4614 1021 4679; x_wconf 74' lang='grc'><strong>22.</strong></span> 
     </span>
    </p>
   </div>
   <div class='ocr_carea' id='block_1_64' title="bbox 2096 1879 3736 1960">
    <p class='ocr_par' dir='ltr' id='par_1_64' title="bbox 2096 1879 3736 1960">
     <span class='ocr_line' id='line_1_64' title="bbox 2096 1879 3736 1960; baseline -0.002 -22"><span class='ocrx_word' id='word_1_431' title='bbox 2096 1904 2183 1946; x_wconf 87' lang='grc' dir='ltr'><strong>τες</strong></span> <span class='ocrx_word' id='word_1_432' title='bbox 2214 1884 2346 1959; x_wconf 82' lang='grc' dir='ltr'>πρὸς</span> <span class='ocrx_word' id='word_1_433' title='bbox 2400 1884 2499 1949; x_wconf 78' lang='grc' dir='ltr'>τὴν</span> <span class='ocrx_word' id='word_1_434' title='bbox 2543 1883 2749 1938; x_wconf 78' lang='grc' dir='ltr'>σύνεσιν</span> <span class='ocrx_word' id='word_1_435' title='bbox 2794 1886 2892 1947; x_wconf 76' lang='grc' dir='ltr'>τῆς</span> <span class='ocrx_word' id='word_1_436' title='bbox 2948 1879 3196 1947; x_wconf 81' lang='grc' dir='ltr'>ἀληθείας</span> <span class='ocrx_word' id='word_1_437' title='bbox 3254 1881 3736 1960; x_wconf 74' lang='grc' dir='ltr'>ἀπετυφλώθησαν.</span> 
     </span>
    </p>
   </div>
   <div class='ocr_carea' id='block_1_65' title="bbox 2098 1967 3745 2049">
    <p class='ocr_par' dir='ltr' id='par_1_65' title="bbox 2098 1967 3745 2049">
     <span class='ocr_line' id='line_1_65' title="bbox 2098 1967 3745 2049; baseline -0.001 -22"><span class='ocrx_word' id='word_1_438' title='bbox 2098 1970 2251 2033; x_wconf 75' lang='grc' dir='ltr'>Ἀλλ’</span> <span class='ocrx_word' id='word_1_439' title='bbox 2309 1976 2355 2030; x_wconf 79' lang='grc' dir='ltr'><strong>οἱ</strong></span> <span class='ocrx_word' id='word_1_440' title='bbox 2413 1974 2517 2028; x_wconf 77' lang='grc' dir='ltr'>τῶν</span> <span class='ocrx_word' id='word_1_441' title='bbox 2575 1970 2703 2049; x_wconf 86' lang='grc'><strong>(31)</strong></span> <span class='ocrx_word' id='word_1_442' title='bbox 2744 1967 2949 2047; x_wconf 76' lang='grc' dir='ltr'>ἄστρων</span> <span class='ocrx_word' id='word_1_443' title='bbox 3000 1970 3064 2024; x_wconf 80' lang='grc' dir='ltr'>τὰ</span> <span class='ocrx_word' id='word_1_444' title='bbox 3114 1967 3451 2044; x_wconf 67' lang='grc' dir='ltr'>δαπτήματα</span> <span class='ocrx_word' id='word_1_445' title='bbox 3511 1991 3745 2044; x_wconf 86' lang='grc' dir='ltr'>καταμε-</span> 
     </span>
    </p>
   </div>
   <div class='ocr_carea' id='block_1_66' title="bbox 2094 2059 3743 2141">
    <p class='ocr_par' dir='ltr' id='par_1_66' title="bbox 2094 2059 3743 2141">
     <span class='ocr_line' id='line_1_66' title="bbox 2094 2059 3743 2141; baseline -0.001 -25"><span class='ocrx_word' id='word_1_446' title='bbox 2094 2073 2361 2141; x_wconf 73' lang='grc' dir='ltr'>τροῦντες,</span> <span class='ocrx_word' id='word_1_447' title='bbox 2420 2065 2507 2119; x_wconf 86' lang='grc' dir='ltr'><strong>καὶ</strong></span> <span class='ocrx_word' id='word_1_448' title='bbox 2564 2062 2682 2118; x_wconf 71' lang='grc' dir='ltr'>τοὺς</span> <span class='ocrx_word' id='word_1_449' title='bbox 2740 2060 3013 2138; x_wconf 76' lang='grc' dir='ltr'>ἀειφανεϊς</span> <span class='ocrx_word' id='word_1_450' title='bbox 3091 2062 3267 2117; x_wconf 73' lang='grc' dir='ltr'>αὖτῶν</span> <span class='ocrx_word' id='word_1_451' title='bbox 3326 2062 3411 2115; x_wconf 82' lang='grc' dir='ltr'>καὶ</span> <span class='ocrx_word' id='word_1_452' title='bbox 3474 2059 3743 2136; x_wconf 69' lang='grc' dir='ltr'>ἀρκτῴους</span> 
     </span>
    </p>
   </div>
   <div class='ocr_carea' id='block_1_67' title="bbox 2091 2147 3745 2232">
    <p class='ocr_par' dir='ltr' id='par_1_67' title="bbox 2091 2147 3745 2232">
     <span class='ocr_line' id='line_1_67' title="bbox 2091 2147 3745 2232; baseline -0.002 -24"><span class='ocrx_word' id='word_1_453' title='bbox 2091 2152 2527 2232; x_wconf 76' lang='grc' dir='ltr'>ἀπογραφόμενοι</span> <span class='ocrx_word' id='word_1_454' title='bbox 2587 2148 2741 2227; x_wconf 68' lang='grc'>(32),</span> <span class='ocrx_word' id='word_1_455' title='bbox 2785 2149 2875 2204; x_wconf 83' lang='grc' dir='ltr'><strong>καὶ</strong></span> <span class='ocrx_word' id='word_1_456' title='bbox 2929 2147 3047 2204; x_wconf 76' lang='grc' dir='ltr'>ὅσοι</span> <span class='ocrx_word' id='word_1_457' title='bbox 3077 2163 3195 2227; x_wconf 81' lang='grc' dir='ltr'>περι</span> <span class='ocrx_word' id='word_1_458' title='bbox 3228 2151 3317 2205; x_wconf 81' lang='grc' dir='ltr'>τὸν</span> <span class='ocrx_word' id='word_1_459' title='bbox 3349 2149 3520 2205; x_wconf 86' lang='grc' dir='ltr'>νότιον</span> <span class='ocrx_word' id='word_1_460' title='bbox 3580 2149 3745 2207; x_wconf 87' lang='grc' dir='ltr'>πόλον</span> 
     </span>
    </p>
   </div>
   <div class='ocr_carea' id='block_1_68' title="bbox 2091 2237 3739 2317">
    <p class='ocr_par' dir='ltr' id='par_1_68' title="bbox 2091 2237 3739 2317">
     <span class='ocr_line' id='line_1_68' title="bbox 2091 2237 3739 2317; baseline -0.002 -19"><span class='ocrx_word' id='word_1_461' title='bbox 2091 2243 2321 2317; x_wconf 85' lang='grc' dir='ltr'>κείμενοι</span> <span class='ocrx_word' id='word_1_462' title='bbox 2366 2254 2484 2303; x_wconf 76' lang='grc' dir='ltr'>τοῖς</span> <span class='ocrx_word' id='word_1_463' title='bbox 2541 2238 2638 2312; x_wconf 87' lang='grc' dir='ltr'><strong>μέν</strong></span> <span class='ocrx_word' id='word_1_464' title='bbox 2682 2239 2778 2293; x_wconf 86' lang='grc' dir='ltr'>εἰσι</span> <span class='ocrx_word' id='word_1_465' title='bbox 2836 2239 3073 2317; x_wconf 81' lang='grc' dir='ltr'>φανεροὶ,</span> <span class='ocrx_word' id='word_1_466' title='bbox 3130 2240 3267 2312; x_wconf 76' lang='grc' dir='ltr'>ἡμῖν</span> <span class='ocrx_word' id='word_1_467' title='bbox 3324 2237 3380 2295; x_wconf 73' lang='grc' dir='ltr'>δὲ</span> <span class='ocrx_word' id='word_1_468' title='bbox 3424 2238 3688 2316; x_wconf 60' lang='grc' dir='ltr'>ἄγνωστοι</span> <span class='ocrx_word' id='word_1_469' title='bbox 3725 2254 3739 2268; x_wconf 86' lang='grc'><strong>’</strong></span> 
     </span>
    </p>
   </div>
   <div class='ocr_carea' id='block_1_69' title="bbox 2092 2326 3746 2410">
    <p class='ocr_par' dir='ltr' id='par_1_69' title="bbox 2092 2326 3746 2410">
     <span class='ocr_line' id='line_1_69' title="bbox 2092 2326 3746 2410; baseline -0.001 -23"><span class='ocrx_word' id='word_1_470' title='bbox 2092 2332 2179 2388; x_wconf 90' lang='grc' dir='ltr'><strong>καὶ</strong></span> <span class='ocrx_word' id='word_1_471' title='bbox 2226 2332 2431 2410; x_wconf 85' lang='grc' dir='ltr'>βόρειον</span> <span class='ocrx_word' id='word_1_472' title='bbox 2489 2327 2716 2407; x_wconf 75' lang='grc' dir='ltr'>πλάτος,</span> <span class='ocrx_word' id='word_1_473' title='bbox 2797 2328 2887 2383; x_wconf 83' lang='grc' dir='ltr'><strong>καὶ</strong></span> <span class='ocrx_word' id='word_1_474' title='bbox 2957 2326 3214 2400; x_wconf 79' lang='grc' dir='ltr'>ζωδιακὸν</span> <span class='ocrx_word' id='word_1_475' title='bbox 3289 2327 3481 2386; x_wconf 78' lang='grc' dir='ltr'>κύκλον</span> <span class='ocrx_word' id='word_1_476' title='bbox 3542 2330 3746 2409; x_wconf 84' lang='grc' dir='ltr'>μυρίοις</span> 
     </span>
    </p>
   </div>
   <div class='ocr_carea' id='block_1_70' title="bbox 2092 2416 3744 2500">
    <p class='ocr_par' dir='ltr' id='par_1_70' title="bbox 2092 2416 3744 2500">
     <span class='ocr_line' id='line_1_70' title="bbox 2092 2416 3744 2500; baseline -0.003 -23"><span class='ocrx_word' id='word_1_477' title='bbox 2092 2421 2415 2495; x_wconf 71' lang='grc' dir='ltr'>διαστήμασι</span> <span class='ocrx_word' id='word_1_478' title='bbox 2487 2416 2804 2497; x_wconf 80' lang='grc' dir='ltr'>διαιροῦντες</span> <span class='ocrx_word' id='word_1_479' title='bbox 2838 2433 2852 2447; x_wconf 87' lang='lat'><strong><em>°</em></strong></span> <span class='ocrx_word' id='word_1_480' title='bbox 2930 2419 3018 2475; x_wconf 84' lang='grc' dir='ltr'><strong>καὶ</strong></span> <span class='ocrx_word' id='word_1_481' title='bbox 3094 2420 3431 2500; x_wconf 74' lang='grc' dir='ltr'>ἐπαναφορᾶς</span> <span class='ocrx_word' id='word_1_482' title='bbox 3512 2417 3744 2499; x_wconf 74' lang='grc' dir='ltr'>ἄστρων,</span> 
     </span>
    </p>
   </div>
   <div class='ocr_carea' id='block_1_71' title="bbox 2091 2507 3744 2588">
    <p class='ocr_par' dir='ltr' id='par_1_71' title="bbox 2091 2507 3744 2588">
     <span class='ocr_line' id='line_1_71' title="bbox 2091 2507 3744 2588; baseline -0.004 -21"><span class='ocrx_word' id='word_1_483' title='bbox 2091 2512 2179 2567; x_wconf 85' lang='grc' dir='ltr'>καὶ</span> <span class='ocrx_word' id='word_1_484' title='bbox 2237 2508 2586 2588; x_wconf 79' lang='grc' dir='ltr'>στηριγμοὺς,</span> <span class='ocrx_word' id='word_1_485' title='bbox 2675 2508 2763 2564; x_wconf 85' lang='grc' dir='ltr'><strong>καὶ</strong></span> <span class='ocrx_word' id='word_1_486' title='bbox 2820 2507 3155 2579; x_wconf 79' lang='grc' dir='ltr'>ἀποκλίσεις,</span> <span class='ocrx_word' id='word_1_487' title='bbox 3214 2511 3301 2565; x_wconf 84' lang='grc' dir='ltr'><strong>καὶ</strong></span> <span class='ocrx_word' id='word_1_488' title='bbox 3374 2509 3585 2565; x_wconf 80' lang='grc' dir='ltr'>πάντων</span> <span class='ocrx_word' id='word_1_489' title='bbox 3649 2510 3744 2575; x_wconf 73' lang='grc' dir='ltr'>τὴν</span> 
     </span>
    </p>
   </div>
   <div class='ocr_carea' id='block_1_72' title="bbox 2092 2595 3741 2677">
    <p class='ocr_par' dir='ltr' id='par_1_72' title="bbox 2092 2595 3741 2677">
     <span class='ocr_line' id='line_1_72' title="bbox 2092 2595 3741 2677; baseline -0.004 -21"><span class='ocrx_word' id='word_1_490' title='bbox 2092 2600 2178 2657; x_wconf 82' lang='grc' dir='ltr'><strong>ἐπὶ</strong></span> <span class='ocrx_word' id='word_1_491' title='bbox 2220 2599 2285 2658; x_wconf 74' lang='grc' dir='ltr'>τὰ</span> <span class='ocrx_word' id='word_1_492' title='bbox 2343 2599 2720 2677; x_wconf 70' lang='grc' dir='ltr'>προηγούμενα</span> <span class='ocrx_word' id='word_1_493' title='bbox 2762 2598 2970 2664; x_wconf 69' lang='grc' dir='ltr'>κίνησιν</span> <span class='ocrx_word' id='word_1_494' title='bbox 3031 2595 3098 2653; x_wconf 77' lang='grc' dir='ltr'><strong>δι’</strong></span> <span class='ocrx_word' id='word_1_495' title='bbox 3151 2596 3418 2676; x_wconf 80' lang='grc' dir='ltr'>ἀκριϐείας</span> <span class='ocrx_word' id='word_1_496' title='bbox 3464 2597 3741 2673; x_wconf 75' lang='grc' dir='ltr'>τηρήσαν-</span> 
     </span>
    </p>
   </div>
   <div class='ocr_carea' id='block_1_73' title="bbox 2092 2685 3737 2767">
    <p class='ocr_par' dir='ltr' id='par_1_73' title="bbox 2092 2685 3737 2767">
     <span class='ocr_line' id='line_1_73' title="bbox 2092 2685 3737 2767; baseline -0.004 -21"><span class='ocrx_word' id='word_1_497' title='bbox 2092 2711 2180 2755; x_wconf 87' lang='grc' dir='ltr'><strong>τες</strong></span> <span class='ocrx_word' id='word_1_498' title='bbox 2217 2708 2230 2721; x_wconf 85' lang='grc'><em>’</em></span> <span class='ocrx_word' id='word_1_499' title='bbox 2277 2688 2364 2744; x_wconf 87' lang='grc' dir='ltr'><strong>καὶ</strong></span> <span class='ocrx_word' id='word_1_500' title='bbox 2408 2685 2492 2744; x_wconf 80' lang='grc' dir='ltr'><strong>διὰ</strong></span> <span class='ocrx_word' id='word_1_501' title='bbox 2538 2690 2705 2745; x_wconf 81' lang='grc' dir='ltr'>πόσου</span> <span class='ocrx_word' id='word_1_502' title='bbox 2754 2688 2955 2767; x_wconf 86' lang='grc' dir='ltr'>χρόνου</span> <span class='ocrx_word' id='word_1_503' title='bbox 2983 2693 3089 2743; x_wconf 84' lang='grc' dir='ltr'><strong>τῶν</strong></span> <span class='ocrx_word' id='word_1_504' title='bbox 3119 2686 3482 2761; x_wconf 82' lang='grc' dir='ltr'>πλανωμένων</span> <span class='ocrx_word' id='word_1_505' title='bbox 3516 2685 3737 2751; x_wconf 78' lang='grc' dir='ltr'>ἕκαστος</span> 
     </span>
    </p>
   </div>
   <div class='ocr_carea' id='block_1_74' title="bbox 2091 2775 3745 2857">
    <p class='ocr_par' dir='ltr' id='par_1_74' title="bbox 2091 2775 3745 2857">
     <span class='ocr_line' id='line_1_74' title="bbox 2091 2775 3745 2857; baseline -0.007 -20"><span class='ocrx_word' id='word_1_506' title='bbox 2091 2780 2191 2847; x_wconf 73' lang='grc' dir='ltr'>τὴν</span> <span class='ocrx_word' id='word_1_507' title='bbox 2236 2779 2424 2837; x_wconf 79' lang='grc' dir='ltr'>ἑαυτοῦ</span> <span class='ocrx_word' id='word_1_508' title='bbox 2470 2776 2708 2857; x_wconf 85' lang='grc' dir='ltr'>περίοδον</span> <span class='ocrx_word' id='word_1_509' title='bbox 2752 2775 3021 2856; x_wconf 75' lang='grc' dir='ltr'>ἐκπληροῖ</span> <span class='ocrx_word' id='word_1_510' title='bbox 3056 2795 3069 2809; x_wconf 94' lang='grc'><strong>·</strong></span> <span class='ocrx_word' id='word_1_511' title='bbox 3106 2776 3231 2851; x_wconf 86' lang='grc' dir='ltr'>μίαν</span> <span class='ocrx_word' id='word_1_512' title='bbox 3275 2781 3382 2831; x_wconf 84' lang='grc' dir='ltr'><strong>τῶν</strong></span> <span class='ocrx_word' id='word_1_513' title='bbox 3413 2777 3598 2830; x_wconf 79' lang='grc' dir='ltr'>πασῶν</span> <span class='ocrx_word' id='word_1_514' title='bbox 3632 2798 3745 2848; x_wconf 73' lang='grc' dir='ltr'>μη-</span> 
     </span>
    </p>
   </div>
   <div class='ocr_carea' id='block_1_75' title="bbox 2092 2864 3752 2951">
    <p class='ocr_par' dir='ltr' id='par_1_75' title="bbox 2092 2864 3752 2951">
     <span class='ocr_line' id='line_1_75' title="bbox 2092 2864 3752 2951; baseline -0.003 -25"><span class='ocrx_word' id='word_1_515' title='bbox 2092 2870 2269 2951; x_wconf 79' lang='grc' dir='ltr'>χανὴν</span> <span class='ocrx_word' id='word_1_516' title='bbox 2325 2872 2420 2929; x_wconf 79' lang='grc' dir='ltr'>οὒκ</span> <span class='ocrx_word' id='word_1_517' title='bbox 2467 2866 2673 2947; x_wconf 81' lang='grc' dir='ltr'>ἐξεῦρον</span> <span class='ocrx_word' id='word_1_518' title='bbox 2716 2868 2843 2946; x_wconf 81' lang='grc' dir='ltr'>πρὸς</span> <span class='ocrx_word' id='word_1_519' title='bbox 2888 2868 2948 2922; x_wconf 81' lang='grc' dir='ltr'>τὸ</span> <span class='ocrx_word' id='word_1_520' title='bbox 2990 2868 3080 2922; x_wconf 82' lang='grc' dir='ltr'><strong>τὸν</strong></span> <span class='ocrx_word' id='word_1_521' title='bbox 3127 2866 3255 2921; x_wconf 82' lang='grc' dir='ltr'>Θεὸν</span> <span class='ocrx_word' id='word_1_522' title='bbox 3310 2864 3557 2931; x_wconf 79' lang='grc' dir='ltr'>ἐννοῆσαι</span> <span class='ocrx_word' id='word_1_523' title='bbox 3622 2887 3752 2921; x_wconf 81' lang='grc' dir='ltr'>ποι·-</span> 
     </span>
    </p>
   </div>
   <div class='ocr_carea' id='block_1_76' title="bbox 2095 2952 3748 3038">
    <p class='ocr_par' dir='ltr' id='par_1_76' title="bbox 2095 2952 3748 3038">
     <span class='ocr_line' id='line_1_76' title="bbox 2095 2952 3748 3038; baseline -0.004 -23"><span class='ocrx_word' id='word_1_524' title='bbox 2095 2960 2232 3029; x_wconf 77' lang='grc' dir='ltr'>ητὴν</span> <span class='ocrx_word' id='word_1_525' title='bbox 2262 2960 2354 3016; x_wconf 74' lang='grc' dir='ltr'>τοῦ</span> <span class='ocrx_word' id='word_1_526' title='bbox 2383 2958 2608 3038; x_wconf 76' lang='grc' dir='ltr'>παντὸς,</span> <span class='ocrx_word' id='word_1_527' title='bbox 2653 2958 2739 3013; x_wconf 89' lang='grc' dir='ltr'><strong>καὶ</strong></span> <span class='ocrx_word' id='word_1_528' title='bbox 2768 2957 2954 3035; x_wconf 75' lang='grc' dir='ltr'>κριτὴν</span> <span class='ocrx_word' id='word_1_529' title='bbox 3000 2952 3221 3033; x_wconf 77' lang='grc' dir='ltr'>δίκαιον,</span> <span class='ocrx_word' id='word_1_530' title='bbox 3260 2954 3359 3021; x_wconf 77' lang='grc' dir='ltr'>τὴν</span> <span class='ocrx_word' id='word_1_531' title='bbox 3404 2952 3550 3019; x_wconf 77' lang='grc' dir='ltr'>ἀξίαν</span> <span class='ocrx_word' id='word_1_532' title='bbox 3595 2955 3748 3011; x_wconf 80' lang='grc' dir='ltr'>ἀντί-</span> 
     </span>
    </p>
   </div>
   <div class='ocr_carea' id='block_1_77' title="bbox 2097 3045 3749 3127">
    <p class='ocr_par' dir='ltr' id='par_1_77' title="bbox 2097 3045 3749 3127">
     <span class='ocr_line' id='line_1_77' title="bbox 2097 3045 3749 3127; baseline -0.004 -18"><span class='ocrx_word' id='word_1_533' title='bbox 2097 3051 2239 3109; x_wconf 87' lang='grc' dir='ltr'>δοσιν</span> <span class='ocrx_word' id='word_1_534' title='bbox 2268 3064 2386 3115; x_wconf 73' lang='grc' dir='ltr'>τοτς</span> <span class='ocrx_word' id='word_1_535' title='bbox 2444 3048 2791 3127; x_wconf 77' lang='grc' dir='ltr'>βεϐιωμένοις</span> <span class='ocrx_word' id='word_1_536' title='bbox 2850 3047 3115 3124; x_wconf 75' lang='grc' dir='ltr'>ἐπάγοντα</span> <span class='ocrx_word' id='word_1_537' title='bbox 3148 3063 3163 3078; x_wconf 81' lang='grc'><strong>⁸</strong></span> <span class='ocrx_word' id='word_1_538' title='bbox 3223 3045 3337 3102; x_wconf 73' lang='grc' dir='ltr'>οὗδὲ</span> <span class='ocrx_word' id='word_1_539' title='bbox 3391 3054 3466 3121; x_wconf 81' lang='grc' dir='ltr'>τῷ</span> <span class='ocrx_word' id='word_1_540' title='bbox 3500 3051 3614 3116; x_wconf 78' lang='grc' dir='ltr'>περὶ</span> <span class='ocrx_word' id='word_1_541' title='bbox 3653 3053 3749 3115; x_wconf 78' lang='grc' dir='ltr'>τῆς</span> 
     </span>
    </p>
   </div>
   <div class='ocr_carea' id='block_1_78' title="bbox 2100 3135 3752 3222">
    <p class='ocr_par' dir='ltr' id='par_1_78' title="bbox 2100 3135 3752 3222">
     <span class='ocr_line' id='line_1_78' title="bbox 2100 3135 3752 3222; baseline -0.004 -22"><span class='ocrx_word' id='word_1_542' title='bbox 2100 3144 2319 3222; x_wconf 80' lang='grc' dir='ltr'>κρίσεως</span> <span class='ocrx_word' id='word_1_543' title='bbox 2351 3141 2498 3221; x_wconf 87' lang='grc' dir='ltr'>λόγῳ</span> <span class='ocrx_word' id='word_1_544' title='bbox 2551 3141 2651 3207; x_wconf 76' lang='grc' dir='ltr'><strong>τὴν</strong></span> <span class='ocrx_word' id='word_1_545' title='bbox 2708 3138 3001 3195; x_wconf 84' lang='grc' dir='ltr'>ἀκόλουθον</span> <span class='ocrx_word' id='word_1_546' title='bbox 3059 3135 3155 3203; x_wconf 73' lang='grc' dir='ltr'>τῆς</span> <span class='ocrx_word' id='word_1_547' title='bbox 3209 3136 3503 3199; x_wconf 79' lang='grc' dir='ltr'>συντελείας</span> <span class='ocrx_word' id='word_1_548' title='bbox 3550 3137 3752 3194; x_wconf 77' lang='grc' dir='ltr'>ἔννοιαν</span> 
     </span>
    </p>
   </div>
   <div class='ocr_carea' id='block_1_79' title="bbox 2100 3228 3753 3310">
    <p class='ocr_par' dir='ltr' id='par_1_79' title="bbox 2100 3228 3753 3310">
     <span class='ocr_line' id='line_1_79' title="bbox 2100 3228 3753 3310; baseline -0.002 -22"><span class='ocrx_word' id='word_1_549' title='bbox 2100 3232 2411 3310; x_wconf 80' lang='grc' dir='ltr'>ἐπιγνῶναι,</span> <span class='ocrx_word' id='word_1_550' title='bbox 2472 3230 2554 3287; x_wconf 77' lang='grc' dir='ltr'><strong>ὅτι</strong></span> <span class='ocrx_word' id='word_1_551' title='bbox 2599 3228 2807 3306; x_wconf 79' lang='grc' dir='ltr'>ἀνάγκη</span> <span class='ocrx_word' id='word_1_552' title='bbox 2859 3230 3285 3299; x_wconf 80' lang='grc' dir='ltr'>μεταποιηθῆναι</span> <span class='ocrx_word' id='word_1_553' title='bbox 3317 3228 3406 3283; x_wconf 78' lang='grc' dir='ltr'>τὸν</span> <span class='ocrx_word' id='word_1_554' title='bbox 3436 3228 3663 3308; x_wconf 71' lang='grc' dir='ltr'>κόσμον,</span> <span class='ocrx_word' id='word_1_555' title='bbox 3711 3231 3753 3285; x_wconf 82' lang='grc' dir='ltr'><strong>εί</strong></span> 
     </span>
    </p>
   </div>
   <div class='ocr_carea' id='block_1_80' title="bbox 2101 3316 3751 3400">
    <p class='ocr_par' dir='ltr' id='par_1_80' title="bbox 2101 3316 3751 3400">
     <span class='ocr_line' id='line_1_80' title="bbox 2101 3316 3751 3400; baseline -0.004 -21"><span class='ocrx_word' id='word_1_556' title='bbox 2101 3321 2289 3400; x_wconf 80' lang='grc' dir='ltr'>μέλλοι</span> <span class='ocrx_word' id='word_1_557' title='bbox 2346 3322 2435 3377; x_wconf 88' lang='grc' dir='ltr'><strong>καὶ</strong></span> <span class='ocrx_word' id='word_1_558' title='bbox 2483 3322 2518 3388; x_wconf 75' lang='grc' dir='ltr'><strong>ἦ</strong></span> <span class='ocrx_word' id='word_1_559' title='bbox 2573 3326 2679 3375; x_wconf 81' lang='grc' dir='ltr'><strong>τῶν</strong></span> <span class='ocrx_word' id='word_1_560' title='bbox 2734 3322 2927 3397; x_wconf 75' lang='grc' dir='ltr'>ψυχῶν</span> <span class='ocrx_word' id='word_1_561' title='bbox 2997 3316 3319 3380; x_wconf 84' lang='grc' dir='ltr'>κατάστασις</span> <span class='ocrx_word' id='word_1_562' title='bbox 3377 3320 3506 3395; x_wconf 82' lang='grc' dir='ltr'>πρὸς</span> <span class='ocrx_word' id='word_1_563' title='bbox 3572 3317 3751 3396; x_wconf 76' lang='grc' dir='ltr'>ἕτερον</span> 
     </span>
    </p>
   </div>
   <div class='ocr_carea' id='block_1_81' title="bbox 2100 3404 3754 3486">
    <p class='ocr_par' dir='ltr' id='par_1_81' title="bbox 2100 3404 3754 3486">
     <span class='ocr_line' id='line_1_81' title="bbox 2100 3404 3754 3486; baseline -0.011 -17"><span class='ocrx_word' id='word_1_564' title='bbox 2100 3410 2245 3477; x_wconf 76' lang='grc' dir='ltr'>εἶδος</span> <span class='ocrx_word' id='word_1_565' title='bbox 2303 3410 2445 3481; x_wconf 78' lang='grc' dir='ltr'>ζωῆς</span> <span class='ocrx_word' id='word_1_566' title='bbox 2508 3404 2884 3484; x_wconf 77' lang='grc' dir='ltr'>μεταϐάλλειν,</span> <span class='ocrx_word' id='word_1_567' title='bbox 2959 3404 3181 3483; x_wconf 75' lang='grc' dir='ltr'>’Ὠσπερ</span> <span class='ocrx_word' id='word_1_568' title='bbox 3258 3406 3356 3483; x_wconf 79' lang='grc' dir='ltr'><strong>γὰρ</strong></span> <span class='ocrx_word' id='word_1_569' title='bbox 3410 3408 3444 3475; x_wconf 75' lang='grc' dir='ltr'>ἡ</span> <span class='ocrx_word' id='word_1_570' title='bbox 3504 3410 3754 3486; x_wconf 63' lang='grc' dir='ltr'>παροῦσα</span> 
     </span>
    </p>
   </div>
   <div class='ocr_carea' id='block_1_82' title="bbox 2099 3495 3749 3578">
    <p class='ocr_par' dir='ltr' id='par_1_82' title="bbox 2099 3495 3749 3578">
     <span class='ocr_line' id='line_1_82' title="bbox 2099 3495 3749 3578; baseline -0.004 -20"><span class='ocrx_word' id='word_1_571' title='bbox 2099 3501 2212 3574; x_wconf 80' lang='grc' dir='ltr'>ζωὴ</span> <span class='ocrx_word' id='word_1_572' title='bbox 2272 3503 2501 3577; x_wconf 77' lang='grc' dir='ltr'>συγγενῆ</span> <span class='ocrx_word' id='word_1_573' title='bbox 2583 3496 2716 3578; x_wconf 65' lang='grc' dir='ltr'>ἔσχε</span> <span class='ocrx_word' id='word_1_574' title='bbox 2784 3502 2876 3551; x_wconf 80' lang='grc' dir='ltr'><strong>τοῦ</strong></span> <span class='ocrx_word' id='word_1_575' title='bbox 2946 3495 3149 3570; x_wconf 83' lang='grc' dir='ltr'>κόσμου</span> <span class='ocrx_word' id='word_1_576' title='bbox 3247 3496 3434 3553; x_wconf 80' lang='grc' dir='ltr'>τούτου</span> <span class='ocrx_word' id='word_1_577' title='bbox 3500 3497 3593 3565; x_wconf 78' lang='grc' dir='ltr'>τὴν</span> <span class='ocrx_word' id='word_1_578' title='bbox 3647 3498 3749 3577; x_wconf 84' lang='grc' dir='ltr'><strong>φύ-</strong></span> 
     </span>
    </p>
   </div>
   <div class='ocr_carea' id='block_1_83' title="bbox 2100 3583 3745 3665">
    <p class='ocr_par' dir='ltr' id='par_1_83' title="bbox 2100 3583 3745 3665">
     <span class='ocr_line' id='line_1_83' title="bbox 2100 3583 3745 3665; baseline -0.01 -18"><span class='ocrx_word' id='word_1_579' title='bbox 2100 3613 2205 3661; x_wconf 90' lang='grc' dir='ltr'>σιν,</span> <span class='ocrx_word' id='word_1_580' title='bbox 2262 3587 2400 3645; x_wconf 67' lang='grc' dir='ltr'>οὕτω</span> <span class='ocrx_word' id='word_1_581' title='bbox 2450 3588 2538 3644; x_wconf 87' lang='grc' dir='ltr'>καὶ</span> <span class='ocrx_word' id='word_1_582' title='bbox 2596 3589 2630 3655; x_wconf 78' lang='grc' dir='ltr'>ἡ</span> <span class='ocrx_word' id='word_1_583' title='bbox 2689 3583 2960 3662; x_wconf 88' lang='grc' dir='ltr'>μέλλουσα</span> <span class='ocrx_word' id='word_1_584' title='bbox 3011 3590 3116 3642; x_wconf 80' lang='grc' dir='ltr'>τῶν</span> <span class='ocrx_word' id='word_1_585' title='bbox 3178 3588 3371 3665; x_wconf 77' lang='grc' dir='ltr'>ψυχῶν</span> <span class='ocrx_word' id='word_1_586' title='bbox 3423 3587 3578 3661; x_wconf 78' lang='grc' dir='ltr'>ἡμῶν</span> <span class='ocrx_word' id='word_1_587' title='bbox 3624 3585 3745 3643; x_wconf 63' lang='grc' dir='ltr'>δια-</span> 
     </span>
    </p>
   </div>
   <div class='ocr_carea' id='block_1_84' title="bbox 2099 3673 3755 3758">
    <p class='ocr_par' dir='ltr' id='par_1_84' title="bbox 2099 3673 3755 3758">
     <span class='ocr_line' id='line_1_84' title="bbox 2099 3673 3755 3758; baseline -0.004 -23"><span class='ocrx_word' id='word_1_588' title='bbox 2099 3680 2250 3758; x_wconf 77' lang='grc' dir='ltr'>γωγὴ</span> <span class='ocrx_word' id='word_1_589' title='bbox 2309 3678 2504 3734; x_wconf 75' lang='grc' dir='ltr'>οἰκείαν</span> <span class='ocrx_word' id='word_1_590' title='bbox 2555 3673 2674 3753; x_wconf 78' lang='lat'><strong>(33)</strong></span> <span class='ocrx_word' id='word_1_591' title='bbox 2733 3680 2800 3751; x_wconf 79' lang='grc' dir='ltr'><strong>τῇ</strong></span> <span class='ocrx_word' id='word_1_592' title='bbox 2886 3675 3209 3731; x_wconf 85' lang='grc' dir='ltr'>καταστάσει</span> <span class='ocrx_word' id='word_1_593' title='bbox 3268 3673 3573 3739; x_wconf 77' lang='grc' dir='ltr'>ὑποδέξεται</span> <span class='ocrx_word' id='word_1_594' title='bbox 3649 3678 3755 3743; x_wconf 77' lang='grc' dir='ltr'>τὴν</span> 
     </span>
    </p>
   </div>
   <div class='ocr_carea' id='block_1_85' title="bbox 2100 3763 3754 3843">
    <p class='ocr_par' dir='ltr' id='par_1_85' title="bbox 2100 3763 3754 3843">
     <span class='ocr_line' id='line_1_85' title="bbox 2100 3763 3754 3843; baseline -0.001 -19"><span class='ocrx_word' id='word_1_595' title='bbox 2100 3768 2271 3836; x_wconf 66' lang='grc' dir='ltr'>λῆξιν.</span> <span class='ocrx_word' id='word_1_596' title='bbox 2324 3769 2385 3826; x_wconf 76' lang='grc' dir='ltr'><strong>Οἱ</strong></span> <span class='ocrx_word' id='word_1_597' title='bbox 2441 3765 2495 3823; x_wconf 76' lang='grc' dir='ltr'>δὲ</span> <span class='ocrx_word' id='word_1_598' title='bbox 2554 3774 2803 3824; x_wconf 80' lang='grc' dir='ltr'>τοσοῦτον</span> <span class='ocrx_word' id='word_1_599' title='bbox 2859 3764 3155 3843; x_wconf 80' lang='grc' dir='ltr'>ἀπέχουσιν</span> <span class='ocrx_word' id='word_1_600' title='bbox 3202 3766 3273 3826; x_wconf 84' lang='grc' dir='ltr'>ὡς</span> <span class='ocrx_word' id='word_1_601' title='bbox 3332 3763 3553 3832; x_wconf 83' lang='grc' dir='ltr'>ἀληθέσι</span> <span class='ocrx_word' id='word_1_602' title='bbox 3638 3766 3754 3822; x_wconf 73' lang='grc' dir='ltr'>τού-</span> 
     </span>
    </p>
   </div>
   <div class='ocr_carea' id='block_1_86' title="bbox 2098 3852 3754 3937">
    <p class='ocr_par' dir='ltr' id='par_1_86' title="bbox 2098 3852 3754 3937">
     <span class='ocr_line' id='line_1_86' title="bbox 2098 3852 3754 3937; baseline -0.003 -22"><span class='ocrx_word' id='word_1_603' title='bbox 2098 3881 2211 3923; x_wconf 88' lang='grc' dir='ltr'>τοις</span> <span class='ocrx_word' id='word_1_604' title='bbox 2256 3856 2567 3937; x_wconf 83' lang='grc' dir='ltr'>προσέχειν,</span> <span class='ocrx_word' id='word_1_605' title='bbox 2628 3854 2767 3912; x_wconf 81' lang='grc' dir='ltr'>ὥστε</span> <span class='ocrx_word' id='word_1_606' title='bbox 2846 3856 2935 3910; x_wconf 84' lang='grc' dir='ltr'><strong>καὶ</strong></span> <span class='ocrx_word' id='word_1_607' title='bbox 3010 3852 3210 3909; x_wconf 80' lang='grc' dir='ltr'>πλατὺν</span> <span class='ocrx_word' id='word_1_608' title='bbox 3289 3852 3501 3931; x_wconf 85' lang='grc' dir='ltr'>γέλωτα</span> <span class='ocrx_word' id='word_1_609' title='bbox 3580 3876 3754 3911; x_wconf 81' lang='grc' dir='ltr'>κατα-</span> 
     </span>
    </p>
   </div>
   <div class='ocr_carea' id='block_1_87' title="bbox 2100 3942 3758 4029">
    <p class='ocr_par' dir='ltr' id='par_1_87' title="bbox 2100 3942 3758 4029">
     <span class='ocr_line' id='line_1_87' title="bbox 2100 3942 3758 4029; baseline -0.002 -24"><span class='ocrx_word' id='word_1_610' title='bbox 2100 3948 2319 4029; x_wconf 80' lang='grc' dir='ltr'>χέουσιν</span> <span class='ocrx_word' id='word_1_611' title='bbox 2390 3949 2546 4023; x_wconf 79' lang='grc' dir='ltr'>ἡμῶν</span> <span class='ocrx_word' id='word_1_612' title='bbox 2606 3946 2723 4024; x_wconf 88' lang='grc' dir='ltr'>περὶ</span> <span class='ocrx_word' id='word_1_613' title='bbox 2795 3942 3092 4005; x_wconf 89' lang='grc' dir='ltr'>συντελείας</span> <span class='ocrx_word' id='word_1_614' title='bbox 3154 3945 3248 3998; x_wconf 72' lang='grc' dir='ltr'><strong>τοῦ</strong></span> <span class='ocrx_word' id='word_1_615' title='bbox 3304 3943 3507 4019; x_wconf 83' lang='grc' dir='ltr'>κόσμου</span> <span class='ocrx_word' id='word_1_616' title='bbox 3571 3945 3758 4002; x_wconf 84' lang='grc' dir='ltr'>τούτου</span> 
     </span>
    </p>
   </div>
   <div class='ocr_carea' id='block_1_88' title="bbox 2100 4030 3753 4115">
    <p class='ocr_par' dir='ltr' id='par_1_88' title="bbox 2100 4030 3753 4115">
     <span class='ocr_line' id='line_1_88' title="bbox 2100 4030 3753 4115; baseline -0.007 -20"><span class='ocrx_word' id='word_1_617' title='bbox 2100 4041 2187 4095; x_wconf 81' lang='grc' dir='ltr'><strong>καὶ</strong></span> <span class='ocrx_word' id='word_1_618' title='bbox 2249 4036 2657 4115; x_wconf 83' lang='grc' dir='ltr'>παλιγγενεσίας</span> <span class='ocrx_word' id='word_1_619' title='bbox 2728 4035 2918 4095; x_wconf 69' lang='grc' dir='ltr'>ατῶνος</span> <span class='ocrx_word' id='word_1_620' title='bbox 2974 4030 3451 4111; x_wconf 85' lang='grc' dir='ltr'>ἀπαγγελλόντων,</span> <span class='ocrx_word' id='word_1_621' title='bbox 3527 4031 3753 4101; x_wconf 74' lang='grc' dir='ltr'>Ἐπειδὴ</span> 
     </span>
    </p>
   </div>
   <div class='ocr_carea' id='block_1_89' title="bbox 2100 4121 3756 4207">
    <p class='ocr_par' dir='ltr' id='par_1_89' title="bbox 2100 4121 3756 4207">
     <span class='ocr_line' id='line_1_89' title="bbox 2100 4121 3756 4207; baseline -0.001 -25"><span class='ocrx_word' id='word_1_622' title='bbox 2100 4128 2155 4185; x_wconf 75' lang='grc' dir='ltr'>δὲ</span> <span class='ocrx_word' id='word_1_623' title='bbox 2190 4130 2222 4196; x_wconf 73' lang='grc' dir='ltr'>ἦ</span> <span class='ocrx_word' id='word_1_624' title='bbox 2281 4127 2428 4207; x_wconf 61' lang='grc' dir='ltr'><strong>ιῖιρχῖν1</strong></span> <span class='ocrx_word' id='word_1_625' title='bbox 2473 4126 2608 4183; x_wconf 80' lang='grc' dir='ltr'>κατὰ</span> <span class='ocrx_word' id='word_1_626' title='bbox 2652 4125 2803 4204; x_wconf 72' lang='grc' dir='ltr'>φύσιν</span> <span class='ocrx_word' id='word_1_627' title='bbox 2849 4122 3199 4201; x_wconf 83' lang='grc' dir='ltr'>προτέτακται</span> <span class='ocrx_word' id='word_1_628' title='bbox 3245 4128 3347 4177; x_wconf 77' lang='grc' dir='ltr'>τῶν</span> <span class='ocrx_word' id='word_1_629' title='bbox 3412 4121 3506 4179; x_wconf 84' lang='grc' dir='ltr'><strong>ἀπ’</strong></span> <span class='ocrx_word' id='word_1_630' title='bbox 3564 4124 3756 4205; x_wconf 68' lang='grc' dir='ltr'>αὗτῆς,</span> 
     </span>
    </p>
   </div>
   <div class='ocr_carea' id='block_1_90' title="bbox 2104 4211 3757 4295">
    <p class='ocr_par' dir='ltr' id='par_1_90' title="bbox 2104 4211 3757 4295">
     <span class='ocr_line' id='line_1_90' title="bbox 2104 4211 3757 4295; baseline -0.003 -21"><span class='ocrx_word' id='word_1_631' title='bbox 2104 4218 2402 4295; x_wconf 82' lang='grc' dir='ltr'>ἀναγκαίως</span> <span class='ocrx_word' id='word_1_632' title='bbox 2458 4219 2575 4294; x_wconf 82' lang='grc' dir='ltr'>περὶ</span> <span class='ocrx_word' id='word_1_633' title='bbox 2622 4219 2730 4271; x_wconf 80' lang='grc' dir='ltr'><strong>τῶν</strong></span> <span class='ocrx_word' id='word_1_634' title='bbox 2782 4212 2889 4269; x_wconf 85' lang='grc' dir='ltr'>ἀπὸ</span> <span class='ocrx_word' id='word_1_635' title='bbox 2947 4211 3144 4293; x_wconf 78' lang='grc' dir='ltr'>χρόνου</span> <span class='ocrx_word' id='word_1_636' title='bbox 3187 4214 3249 4267; x_wconf 76' lang='grc' dir='ltr'>τὸ</span> <span class='ocrx_word' id='word_1_637' title='bbox 3308 4214 3453 4268; x_wconf 82' lang='grc' dir='ltr'>εἶναι</span> <span class='ocrx_word' id='word_1_638' title='bbox 3515 4212 3757 4292; x_wconf 73' lang='grc' dir='ltr'>ἐχόντων</span> 
     </span>
    </p>
   </div>
   <div class='ocr_carea' id='block_1_91' title="bbox 2102 4301 3755 4384">
    <p class='ocr_par' dir='ltr' id='par_1_91' title="bbox 2102 4301 3755 4384">
     <span class='ocr_line' id='line_1_91' title="bbox 2102 4301 3755 4384; baseline -0.007 -21"><span class='ocrx_word' id='word_1_639' title='bbox 2102 4305 2502 4384; x_wconf 66' lang='grc' dir='ltr'>διαλεγόμενος,</span> <span class='ocrx_word' id='word_1_640' title='bbox 2543 4302 2739 4369; x_wconf 84' lang='grc' dir='ltr'>ταύτην</span> <span class='ocrx_word' id='word_1_641' title='bbox 2790 4302 3037 4358; x_wconf 76' lang='grc' dir='ltr'>ἁπάντων</span> <span class='ocrx_word' id='word_1_642' title='bbox 3088 4301 3338 4378; x_wconf 77' lang='grc' dir='ltr'>προέταξε</span> <span class='ocrx_word' id='word_1_643' title='bbox 3392 4301 3490 4367; x_wconf 78' lang='grc' dir='ltr'>τὴν</span> <span class='ocrx_word' id='word_1_644' title='bbox 3547 4303 3755 4380; x_wconf 66' lang='grc' dir='ltr'>φωνὴν,</span> 
     </span>
    </p>
   </div>
   <div class='ocr_carea' id='block_1_92' title="bbox 2103 4388 3147 4473">
    <p class='ocr_par' dir='ltr' id='par_1_92' title="bbox 2103 4388 3147 4473">
     <span class='ocr_line' id='line_1_92' title="bbox 2103 4388 3147 4473; baseline -0.004 -20"><span class='ocrx_word' id='word_1_645' title='bbox 2103 4395 2265 4453; x_wconf 78' lang='grc' dir='ltr'>εἰπών</span> <span class='ocrx_word' id='word_1_646' title='bbox 2301 4412 2316 4429; x_wconf 86' lang='grc'>⁶</span> <span class='ocrx_word' id='word_1_647' title='bbox 2365 4393 2455 4451; x_wconf 83' lang='grc' dir='ltr'>Ἐν</span> <span class='ocrx_word' id='word_1_648' title='bbox 2498 4394 2645 4473; x_wconf 78' lang='grc' dir='ltr'>ἀρχῇ</span> <span class='ocrx_word' id='word_1_649' title='bbox 2692 4391 2941 4459; x_wconf 88' lang='grc' dir='ltr'>ἐποίησεν</span> <span class='ocrx_word' id='word_1_650' title='bbox 2986 4388 3147 4470; x_wconf 80' lang='grc'><strong>(34).</strong></span> 
     </span>
    </p>
   </div>
   <div class='ocr_carea' id='block_1_93' title="bbox 451 4747 2312 4831">
    <p class='ocr_par' dir='ltr' id='par_1_93' title="bbox 451 4747 2312 4831">
     <span class='ocr_line' id='line_1_93' title="bbox 451 4747 2312 4831; baseline -0.001 -23"><span class='ocrx_word' id='word_1_651' title='bbox 451 4747 767 4831; x_wconf 69' lang='grc' dir='ltr'><strong>(29)(1ο11).</strong></span> <span class='ocrx_word' id='word_1_652' title='bbox 800 4751 1103 4815; x_wconf 88' lang='lat' dir='ltr'><strong>secundus</strong></span> <span class='ocrx_word' id='word_1_653' title='bbox 1134 4752 1376 4830; x_wconf 74' lang='grc' dir='ltr'>ἄγοντες.</span> <span class='ocrx_word' id='word_1_654' title='bbox 1417 4751 1539 4813; x_wconf 88' lang='lat' dir='ltr'><strong>Nec</strong></span> <span class='ocrx_word' id='word_1_655' title='bbox 1562 4748 1647 4811; x_wconf 91' lang='lat' dir='ltr'><strong>ita</strong></span> <span class='ocrx_word' id='word_1_656' title='bbox 1672 4749 1859 4811; x_wconf 91' lang='lat' dir='ltr'><strong>multo</strong></span> <span class='ocrx_word' id='word_1_657' title='bbox 1886 4757 2024 4831; x_wconf 87' lang='lat' dir='ltr'><strong>post</strong></span> <span class='ocrx_word' id='word_1_658' title='bbox 2046 4747 2312 4831; x_wconf 66' lang='lat' dir='ltr'><strong>Deipt&#39;et.</strong></span> 
     </span>
    </p>
   </div>
   <div class='ocr_carea' id='block_1_94' title="bbox 370 4829 1421 4912">
    <p class='ocr_par' dir='ltr' id='par_1_94' title="bbox 370 4829 1421 4912">
     <span class='ocr_line' id='line_1_94' title="bbox 370 4829 1421 4912; baseline -0.005 -17"><span class='ocrx_word' id='word_1_659' title='bbox 370 4829 541 4912; x_wconf 68' lang='lat' dir='ltr'><strong>Coll).</strong></span> <span class='ocrx_word' id='word_1_660' title='bbox 573 4830 798 4912; x_wconf 71' lang='lat' dir='ltr'><strong>primus</strong></span> <span class='ocrx_word' id='word_1_661' title='bbox 827 4836 913 4889; x_wconf 85' lang='grc' dir='ltr'>καὶ</span> <span class='ocrx_word' id='word_1_662' title='bbox 942 4829 1222 4912; x_wconf 64' lang='grc' dir='ltr'>ἀσωμάτιρ</span> <span class='ocrx_word' id='word_1_663' title='bbox 1245 4833 1421 4912; x_wconf 74' lang='grc' dir='ltr'>φῦσει.</span> 
     </span>
    </p>
   </div>
   <div class='ocr_carea' id='block_1_95' title="bbox 448 4910 1842 4989">
    <p class='ocr_par' dir='ltr' id='par_1_95' title="bbox 448 4910 1842 4989">
     <span class='ocr_line' id='line_1_95' title="bbox 448 4910 1842 4989; baseline -0.002 -14"><span class='ocrx_word' id='word_1_664' title='bbox 448 4910 583 4989; x_wconf 77' lang='lat'><strong>(30)</strong></span> <span class='ocrx_word' id='word_1_665' title='bbox 608 4910 706 4974; x_wconf 90' lang='lat' dir='ltr'><strong>Sic</strong></span> <span class='ocrx_word' id='word_1_666' title='bbox 737 4912 874 4973; x_wconf 92' lang='lat' dir='ltr'><strong>libri</strong></span> <span class='ocrx_word' id='word_1_667' title='bbox 906 4921 1157 4975; x_wconf 84' lang='lat' dir='ltr'><strong>veteres.</strong></span> <span class='ocrx_word' id='word_1_668' title='bbox 1196 4910 1374 4973; x_wconf 85' lang='lat' dir='ltr'><strong>Deest</strong></span> <span class='ocrx_word' id='word_1_669' title='bbox 1392 4934 1448 4968; x_wconf 90' lang='grc' dir='ltr'><strong>τε</strong></span> <span class='ocrx_word' id='word_1_670' title='bbox 1482 4911 1541 4972; x_wconf 89' lang='lat' dir='ltr'><strong>in</strong></span> <span class='ocrx_word' id='word_1_671' title='bbox 1567 4910 1842 4989; x_wconf 84' lang='lat' dir='ltr'><strong>vulgatis.</strong></span> 
     </span>
    </p>
   </div>
   <div class='ocr_carea' id='block_1_96' title="bbox 2194 4817 3757 4906">
    <p class='ocr_par' dir='ltr' id='par_1_96' title="bbox 2194 4817 3757 4906">
     <span class='ocr_line' id='line_1_96' title="bbox 2194 4817 3757 4906; baseline -0.007 -17"><span class='ocrx_word' id='word_1_672' title='bbox 2194 4824 2312 4906; x_wconf 70' lang='lat'><strong>(34)</strong></span> <span class='ocrx_word' id='word_1_673' title='bbox 2345 4822 2732 4906; x_wconf 8' lang='lat' dir='ltr'><strong>Antiquiﬁduo</strong></span> <span class='ocrx_word' id='word_1_674' title='bbox 2765 4820 2898 4883; x_wconf 89' lang='lat' dir='ltr'><strong>libri</strong></span> <span class='ocrx_word' id='word_1_675' title='bbox 2930 4822 3236 4906; x_wconf 47' lang='grc' dir='ltr'>ἐποίησεν-ὀ</span> <span class='ocrx_word' id='word_1_676' title='bbox 3261 4817 3757 4906; x_wconf 63' lang='grc' dir='ltr'>Θεὸς.]1ίυό,ᾳυρᾴ</span> 
     </span>
    </p>
   </div>
   <div class='ocr_carea' id='block_1_97' title="bbox 2113 4899 3758 4988">
    <p class='ocr_par' dir='ltr' id='par_1_97' title="bbox 2113 4899 3758 4988">
     <span class='ocr_line' id='line_1_97' title="bbox 2113 4899 3758 4988; baseline -0.007 -19"><span class='ocrx_word' id='word_1_677' title='bbox 2113 4899 2405 4988; x_wconf 85' lang='lat' dir='ltr'><strong>sequitur,</strong></span> <span class='ocrx_word' id='word_1_678' title='bbox 2436 4899 2635 4988; x_wconf 52' lang='grc' dir='ltr'>’ᾖν-γάρ</span> <span class='ocrx_word' id='word_1_679' title='bbox 2669 4926 2742 4978; x_wconf 83' lang='grc' dir='ltr'><strong>τι,</strong></span> <span class='ocrx_word' id='word_1_680' title='bbox 2767 4901 3072 4988; x_wconf 74' lang='lat' dir='ltr'><strong>e_tc.,_mal_e</strong></span> <span class='ocrx_word' id='word_1_681' title='bbox 3103 4920 3137 4963; x_wconf 90' lang='lat' dir='ltr'><strong>a</strong></span> <span class='ocrx_word' id='word_1_682' title='bbox 3169 4899 3758 4988; x_wconf 39' lang='lat' dir='ltr'><strong>Combetisiohaccipi</strong></span> 
     </span>
    </p>
   </div>
   <div class='ocr_carea' id='block_1_98' title="bbox 369 4980 3759 5069">
    <p class='ocr_par' dir='ltr' id='par_1_98' title="bbox 369 4980 3759 5069">
     <span class='ocr_line' id='line_1_98' title="bbox 369 4980 3759 5069; baseline -0.003 -15"><span class='ocrx_word' id='word_1_683' title='bbox 369 4980 487 5066; x_wconf 41' lang='lat'><strong>(31‘)</strong></span> <span class='ocrx_word' id='word_1_684' title='bbox 518 4980 686 5055; x_wconf 78' lang='lat' dir='ltr'><strong>Colb.</strong></span> <span class='ocrx_word' id='word_1_685' title='bbox 730 4994 1032 5055; x_wconf 87' lang='lat' dir='ltr'><strong>secundus</strong></span> <span class='ocrx_word' id='word_1_686' title='bbox 1085 4992 1237 5050; x_wconf 70' lang='grc' dir='ltr'>ἄλλοι</span> <span class='ocrx_word' id='word_1_687' title='bbox 1266 5000 1370 5049; x_wconf 80' lang='grc' dir='ltr'>τῶν</span> <span class='ocrx_word' id='word_1_688' title='bbox 1401 5013 1413 5051; x_wconf 91' lang='lat'>:</span> <span class='ocrx_word' id='word_1_689' title='bbox 1445 4991 1542 5054; x_wconf 91' lang='lat' dir='ltr'><strong>cui</strong></span> <span class='ocrx_word' id='word_1_690' title='bbox 1576 4980 1819 5053; x_wconf 69' lang='lat' dir='ltr'><strong>lectioni</strong></span> <span class='ocrx_word' id='word_1_691' title='bbox 1877 4990 2031 5051; x_wconf 78' lang='lat' dir='ltr'><strong>favet</strong></span> <span class='ocrx_word' id='word_1_692' title='bbox 2115 4980 2431 5069; x_wconf 76' lang='lat' dir='ltr'><strong>puto.Ejus</strong></span> <span class='ocrx_word' id='word_1_693' title='bbox 2454 4980 2580 5046; x_wconf 66' lang='lat' dir='ltr'><strong>hazc</strong></span> <span class='ocrx_word' id='word_1_694' title='bbox 2609 4980 3000 5046; x_wconf 24' lang='lat' dir='ltr'><strong>&#39;suntzBas‘iliz&#39;</strong></span> <span class='ocrx_word' id='word_1_695' title='bbox 3020 4980 3759 5069; x_wconf 56' lang='grc' dir='ltr'><strong>Ιιεεοδθηίθηιὶαβωοο-</strong></span> 
     </span>
    </p>
   </div>
   <div class='ocr_carea' id='block_1_99' title="bbox 370 5070 2016 5154">
    <p class='ocr_par' dir='ltr' id='par_1_99' title="bbox 370 5070 2016 5154">
     <span class='ocr_line' id='line_1_99' title="bbox 370 5070 2016 5154; baseline -0.001 -21"><span class='ocrx_word' id='word_1_696' title='bbox 370 5070 737 5154; x_wconf 75' lang='lat' dir='ltr'><strong>Eustathius,</strong></span> <span class='ocrx_word' id='word_1_697' title='bbox 763 5074 862 5154; x_wconf 92' lang='lat' dir='ltr'><strong>qui</strong></span> <span class='ocrx_word' id='word_1_698' title='bbox 914 5074 1000 5137; x_wconf 90' lang='lat' dir='ltr'><strong>sic</strong></span> <span class='ocrx_word' id='word_1_699' title='bbox 1036 5074 1253 5136; x_wconf 85' lang='lat' dir='ltr'><strong>vertit:</strong></span> <span class='ocrx_word' id='word_1_700' title='bbox 1290 5071 1422 5133; x_wconf 76' lang='lat' dir='ltr'><strong>Alii</strong></span> <span class='ocrx_word' id='word_1_701' title='bbox 1450 5070 1764 5135; x_wconf 80' lang='lat' dir='ltr'><strong>stellarum</strong></span> <span class='ocrx_word' id='word_1_702' title='bbox 1821 5076 2016 5133; x_wconf 72' lang='lat' dir='ltr'><strong>inter-</strong></span> 
     </span>
    </p>
   </div>
   <div class='ocr_carea' id='block_1_100' title="bbox 369 5152 979 5219">
    <p class='ocr_par' dir='ltr' id='par_1_100' title="bbox 369 5152 979 5219">
     <span class='ocr_line' id='line_1_100' title="bbox 369 5152 979 5219; baseline 0.002 -5"><span class='ocrx_word' id='word_1_703' title='bbox 369 5152 538 5214; x_wconf 81' lang='lat' dir='ltr'><strong>valla</strong></span> <span class='ocrx_word' id='word_1_704' title='bbox 567 5152 979 5219; x_wconf 75' lang='lat' dir='ltr'><strong>dinumerant.</strong></span> 
     </span>
    </p>
   </div>
   <div class='ocr_carea' id='block_1_101' title="bbox 453 5232 2016 5316">
    <p class='ocr_par' dir='ltr' id='par_1_101' title="bbox 453 5232 2016 5316">
     <span class='ocr_line' id='line_1_101' title="bbox 453 5232 2016 5316; baseline 0.001 -22"><span class='ocrx_word' id='word_1_705' title='bbox 453 5232 571 5314; x_wconf 67' lang='lat'><strong>(32)</strong></span> <span class='ocrx_word' id='word_1_706' title='bbox 606 5232 690 5295; x_wconf 90' lang='lat' dir='ltr'><strong>Ita</strong></span> <span class='ocrx_word' id='word_1_707' title='bbox 718 5235 958 5300; x_wconf 87' lang='lat' dir='ltr'><strong>codices</strong></span> <span class='ocrx_word' id='word_1_708' title='bbox 986 5232 1396 5316; x_wconf 67' lang='lat' dir='ltr'><strong>septem.E_diti</strong></span> <span class='ocrx_word' id='word_1_709' title='bbox 1423 5235 2016 5316; x_wconf 51' lang='grc' dir='ltr'>ὑπογραφιὸμενοιτΜοχ</span> 
     </span>
    </p>
   </div>
   <div class='ocr_carea' id='block_1_102' title="bbox 371 5313 2012 5396">
    <p class='ocr_par' dir='ltr' id='par_1_102' title="bbox 371 5313 2012 5396">
     <span class='ocr_line' id='line_1_102' title="bbox 371 5313 2012 5396; baseline -0.001 -21"><span class='ocrx_word' id='word_1_710' title='bbox 371 5313 625 5396; x_wconf 83' lang='lat' dir='ltr'><strong>quatuor</strong></span> <span class='ocrx_word' id='word_1_711' title='bbox 663 5335 806 5380; x_wconf 91' lang='lat' dir='ltr'><strong>mss.</strong></span> <span class='ocrx_word' id='word_1_712' title='bbox 836 5318 933 5374; x_wconf 84' lang='grc' dir='ltr'>εἰσὶ</span> <span class='ocrx_word' id='word_1_713' title='bbox 963 5313 1220 5396; x_wconf 73' lang='grc' dir='ltr'>κείμενοι.</span> <span class='ocrx_word' id='word_1_714' title='bbox 1253 5313 1376 5377; x_wconf 86' lang='lat' dir='ltr'><strong>Vox</strong></span> <span class='ocrx_word' id='word_1_715' title='bbox 1400 5315 1495 5396; x_wconf 77' lang='grc' dir='ltr'>εἰσί</span> <span class='ocrx_word' id='word_1_716' title='bbox 1516 5313 1685 5376; x_wconf 77' lang='lat' dir='ltr'><strong>deest</strong></span> <span class='ocrx_word' id='word_1_717' title='bbox 1714 5314 1771 5374; x_wconf 88' lang='lat' dir='ltr'><strong>in</strong></span> <span class='ocrx_word' id='word_1_718' title='bbox 1794 5313 2012 5392; x_wconf 45' lang='lat' dir='ltr'><strong>aliqui‘</strong></span> 
     </span>
    </p>
   </div>
   <div class='ocr_carea' id='block_1_103' title="bbox 370 5393 2020 5475">
    <p class='ocr_par' dir='ltr' id='par_1_103' title="bbox 370 5393 2020 5475">
     <span class='ocr_line' id='line_1_103' title="bbox 370 5393 2020 5475; baseline -0.001 -19"><span class='ocrx_word' id='word_1_719' title='bbox 370 5393 481 5456; x_wconf 70' lang='lat' dir='ltr'><strong>lius</strong></span> <span class='ocrx_word' id='word_1_720' title='bbox 508 5408 718 5459; x_wconf 82' lang='lat' dir='ltr'><strong>mss.et</strong></span> <span class='ocrx_word' id='word_1_721' title='bbox 741 5397 801 5458; x_wconf 91' lang='lat' dir='ltr'><strong>in</strong></span> <span class='ocrx_word' id='word_1_722' title='bbox 834 5396 1165 5459; x_wconf 87' lang='lat' dir='ltr'><strong>editis.Hoc</strong></span> <span class='ocrx_word' id='word_1_723' title='bbox 1186 5395 1315 5475; x_wconf 82' lang='lat' dir='ltr'><strong>ipso</strong></span> <span class='ocrx_word' id='word_1_724' title='bbox 1349 5396 1408 5457; x_wconf 92' lang='lat' dir='ltr'><strong>in</strong></span> <span class='ocrx_word' id='word_1_725' title='bbox 1439 5395 1567 5456; x_wconf 92' lang='lat' dir='ltr'><strong>loco</strong></span> <span class='ocrx_word' id='word_1_726' title='bbox 1592 5403 1844 5472; x_wconf 83' lang='lat' dir='ltr'><strong>uterque</strong></span> <span class='ocrx_word' id='word_1_727' title='bbox 1873 5396 2020 5457; x_wconf 91' lang='lat' dir='ltr'><strong>Duc.</strong></span> 
     </span>
    </p>
   </div>
   <div class='ocr_carea' id='block_1_104' title="bbox 369 5475 2021 5557">
    <p class='ocr_par' dir='ltr' id='par_1_104' title="bbox 369 5475 2021 5557">
     <span class='ocr_line' id='line_1_104' title="bbox 369 5475 2021 5557; baseline -0.005 -19"><span class='ocrx_word' id='word_1_728' title='bbox 369 5494 503 5538; x_wconf 88' lang='lat' dir='ltr'><strong>cum</strong></span> <span class='ocrx_word' id='word_1_729' title='bbox 534 5483 786 5557; x_wconf 89' lang='lat' dir='ltr'><strong>utroque</strong></span> <span class='ocrx_word' id='word_1_730' title='bbox 817 5476 1055 5557; x_wconf 78' lang='lat' dir='ltr'><strong>Colb.et</strong></span> <span class='ocrx_word' id='word_1_731' title='bbox 1087 5494 1221 5539; x_wconf 93' lang='lat' dir='ltr'><strong>cum</strong></span> <span class='ocrx_word' id='word_1_732' title='bbox 1244 5475 1619 5557; x_wconf 75' lang='lat' dir='ltr'><strong>Reg.quinto</strong></span> <span class='ocrx_word' id='word_1_733' title='bbox 1650 5488 1765 5537; x_wconf 75' lang='grc' dir='ltr'>τοῖς</span> <span class='ocrx_word' id='word_1_734' title='bbox 1799 5476 1903 5557; x_wconf 52' lang='grc' dir='ltr'><strong>μέν</strong></span> <span class='ocrx_word' id='word_1_735' title='bbox 1924 5477 2021 5557; x_wconf 74' lang='grc' dir='ltr'>εἰσι</span> 
     </span>
    </p>
   </div>
   <div class='ocr_carea' id='block_1_105' title="bbox 368 5554 2021 5637">
    <p class='ocr_par' dir='ltr' id='par_1_105' title="bbox 368 5554 2021 5637">
     <span class='ocr_line' id='line_1_105' title="bbox 368 5554 2021 5637; baseline 0.002 -25"><span class='ocrx_word' id='word_1_736' title='bbox 368 5558 601 5636; x_wconf 84' lang='grc' dir='ltr'>φανεροί,</span> <span class='ocrx_word' id='word_1_737' title='bbox 629 5554 785 5620; x_wconf 72' lang='grc' dir='ltr'><strong>Εᾶἱῐί</strong></span> <span class='ocrx_word' id='word_1_738' title='bbox 816 5576 949 5619; x_wconf 89' lang='lat' dir='ltr'><strong>cum</strong></span> <span class='ocrx_word' id='word_1_739' title='bbox 982 5556 1138 5637; x_wconf 78' lang='lat' dir='ltr'><strong>Reg.</strong></span> <span class='ocrx_word' id='word_1_740' title='bbox 1166 5554 1365 5637; x_wconf 15' lang='lat' dir='ltr'><strong>primo,</strong></span> <span class='ocrx_word' id='word_1_741' title='bbox 1388 5554 1486 5613; x_wconf 69' lang='grc' dir='ltr'>εἶσὶ</span> <span class='ocrx_word' id='word_1_742' title='bbox 1516 5554 2021 5637; x_wconf 72' lang='grc' dir='ltr'>φαινόμενοι,Ηᾶυ(Ῐ</span> 
     </span>
    </p>
   </div>
   <div class='ocr_carea' id='block_1_106' title="bbox 368 5634 2018 5717">
    <p class='ocr_par' dir='ltr' id='par_1_106' title="bbox 368 5634 2018 5717">
     <span class='ocr_line' id='line_1_106' title="bbox 368 5634 2018 5717; baseline -0.001 -19"><span class='ocrx_word' id='word_1_743' title='bbox 368 5634 543 5717; x_wconf 81' lang='lat' dir='ltr'><strong>longe</strong></span> <span class='ocrx_word' id='word_1_744' title='bbox 629 5637 812 5700; x_wconf 90' lang='lat' dir='ltr'><strong>editio</strong></span> <span class='ocrx_word' id='word_1_745' title='bbox 893 5634 1103 5699; x_wconf 46' lang='lat' dir='ltr'><strong>Basil.’</strong></span> <span class='ocrx_word' id='word_1_746' title='bbox 1161 5634 1538 5707; x_wconf 69' lang='grc' dir='ltr'>ἀποκλείσεις,</span> <span class='ocrx_word' id='word_1_747' title='bbox 1597 5634 2018 5717; x_wconf 59' lang='lat' dir='ltr'><strong>exclusiones,</strong></span> 
     </span>
    </p>
   </div>
   <div class='ocr_carea' id='block_1_107' title="bbox 367 5717 2020 5797">
    <p class='ocr_par' dir='ltr' id='par_1_107' title="bbox 367 5717 2020 5797">
     <span class='ocr_line' id='line_1_107' title="bbox 367 5717 2020 5797; baseline -0.005 -17"><span class='ocrx_word' id='word_1_748' title='bbox 367 5727 667 5797; x_wconf 89' lang='lat' dir='ltr'><strong>corrupte.</strong></span> <span class='ocrx_word' id='word_1_749' title='bbox 714 5717 915 5780; x_wconf 88' lang='lat' dir='ltr'><strong>Editio</strong></span> <span class='ocrx_word' id='word_1_750' title='bbox 960 5718 1145 5782; x_wconf 90' lang='lat' dir='ltr'><strong>Paris.</strong></span> <span class='ocrx_word' id='word_1_751' title='bbox 1193 5737 1329 5779; x_wconf 86' lang='lat' dir='ltr'><strong>cum</strong></span> <span class='ocrx_word' id='word_1_752' title='bbox 1384 5717 1585 5781; x_wconf 90' lang='lat' dir='ltr'><strong>multis</strong></span> <span class='ocrx_word' id='word_1_753' title='bbox 1621 5734 1759 5777; x_wconf 90' lang='lat' dir='ltr'><strong>mss.</strong></span> <span class='ocrx_word' id='word_1_754' title='bbox 1798 5717 2020 5773; x_wconf 73' lang='grc' dir='ltr'>ἀποκλί-</span> 
     </span>
    </p>
   </div>
   <div class='ocr_carea' id='block_1_108' title="bbox 368 5799 880 5881">
    <p class='ocr_par' dir='ltr' id='par_1_108' title="bbox 368 5799 880 5881">
     <span class='ocr_line' id='line_1_108' title="bbox 368 5799 880 5881; baseline 0.004 -20"><span class='ocrx_word' id='word_1_755' title='bbox 368 5821 510 5881; x_wconf 72' lang='grc' dir='ltr'>σεις,</span> <span class='ocrx_word' id='word_1_756' title='bbox 542 5799 880 5881; x_wconf 85' lang='lat' dir='ltr'><strong>emendate.</strong></span> 
     </span>
    </p>
   </div>
   <div class='ocr_carea' id='block_1_109' title="bbox 446 5876 2018 5977">
    <p class='ocr_par' dir='ltr' id='par_1_109' title="bbox 446 5876 2018 5977">
     <span class='ocr_line' id='line_1_109' title="bbox 446 5876 2018 5977; baseline -0.029 -22"><span class='ocrx_word' id='word_1_757' title='bbox 593 5879 760 5977; x_wconf 74' lang='lat' dir='ltr'><strong>qub.</strong></span> <span class='ocrx_word' id='word_1_758' title='bbox 791 5883 1026 5977; x_wconf 84' lang='lat' dir='ltr'><strong>primus</strong></span> <span class='ocrx_word' id='word_1_759' title='bbox 1057 5882 1252 5955; x_wconf 74' lang='grc' dir='ltr'>οἰκείαν</span> <span class='ocrx_word' id='word_1_760' title='bbox 1286 5883 1379 5950; x_wconf 74' lang='grc' dir='ltr'>τὴν</span> <span class='ocrx_word' id='word_1_761' title='bbox 1432 5880 1755 5937; x_wconf 69' lang='grc' dir='ltr'>κατάστατιν</span> <span class='ocrx_word' id='word_1_762' title='bbox 1776 5876 2018 5977; x_wconf 51' lang='grc' dir='ltr'><strong>⁷ἀποδέξε-</strong></span> 
     </span>
    </p>
   </div>
   <div class='ocr_carea' id='block_1_110' title="bbox 366 5957 2018 6048">
    <p class='ocr_par' dir='ltr' id='par_1_110' title="bbox 366 5957 2018 6048">
     <span class='ocr_line' id='line_1_110' title="bbox 366 5957 2018 6048; baseline 0.003 -31"><span class='ocrx_word' id='word_1_763' title='bbox 366 5979 479 6017; x_wconf 73' lang='lat' dir='ltr'><strong>mu</strong></span> <span class='ocrx_word' id='word_1_764' title='bbox 508 5957 595 6020; x_wconf 79' lang='grc' dir='ltr'><strong>καὶ</strong></span> <span class='ocrx_word' id='word_1_765' title='bbox 626 5962 723 6033; x_wconf 78' lang='grc' dir='ltr'><strong>τὴν</strong></span> <span class='ocrx_word' id='word_1_766' title='bbox 752 5957 923 6046; x_wconf 64' lang='grc' dir='ltr'>λῆξιν,</span> <span class='ocrx_word' id='word_1_767' title='bbox 972 5964 1302 6048; x_wconf 74' lang='lat' dir='ltr'><strong>proprium</strong></span> <span class='ocrx_word' id='word_1_768' title='bbox 1342 5968 1569 6027; x_wconf 77' lang='lat' dir='ltr'><strong>statum</strong></span> <span class='ocrx_word' id='word_1_769' title='bbox 1599 5965 1658 6024; x_wconf 79' lang='lat' dir='ltr'><strong>et</strong></span> <span class='ocrx_word' id='word_1_770' title='bbox 1686 5957 1884 6024; x_wconf 83' lang='lat' dir='ltr'><strong>sedem</strong></span> <span class='ocrx_word' id='word_1_771' title='bbox 1916 5976 2018 6022; x_wconf 75' lang='lat' dir='ltr'><strong>ea:-</strong></span> 
     </span>
    </p>
   </div>
   <div class='ocr_carea' id='block_1_111' title="bbox 2103 5061 3759 5144">
    <p class='ocr_par' dir='ltr' id='par_1_111' title="bbox 2103 5061 3759 5144">
     <span class='ocr_line' id='line_1_111' title="bbox 2103 5061 3759 5144; baseline -0.006 -13"><span class='ocrx_word' id='word_1_772' title='bbox 2103 5061 2239 5131; x_wconf 70' lang='lat' dir='ltr'><strong>i‘um</strong></span> <span class='ocrx_word' id='word_1_773' title='bbox 2264 5061 2861 5141; x_wconf 50' lang='lat' dir='ltr'><strong>cohimunismreatos</strong></span> <span class='ocrx_word' id='word_1_774' title='bbox 2879 5063 3127 5144; x_wconf 81' lang='lat' dir='ltr'><strong>angelos</strong></span> <span class='ocrx_word' id='word_1_775' title='bbox 3141 5072 3277 5123; x_wconf 64' lang='grc' dir='ltr'>αηκε</span> <span class='ocrx_word' id='word_1_776' title='bbox 3298 5061 3595 5144; x_wconf 78' lang='lat' dir='ltr'><strong>mundum</strong></span> <span class='ocrx_word' id='word_1_777' title='bbox 3620 5078 3759 5124; x_wconf 82' lang='lat' dir='ltr'><strong>cor-</strong></span> 
     </span>
    </p>
   </div>
   <div class='ocr_carea' id='block_1_112' title="bbox 2097 5142 3763 5228">
    <p class='ocr_par' dir='ltr' id='par_1_112' title="bbox 2097 5142 3763 5228">
     <span class='ocr_line' id='line_1_112' title="bbox 2097 5142 3763 5228; baseline -0.007 -17"><span class='ocrx_word' id='word_1_778' title='bbox 2097 5148 2443 5228; x_wconf 73' lang='lat' dir='ltr'><strong>poreum,z&#39;n</strong></span> <span class='ocrx_word' id='word_1_779' title='bbox 2464 5163 2643 5225; x_wconf 85' lang='lat' dir='ltr'><strong>quam</strong></span> <span class='ocrx_word' id='word_1_780' title='bbox 2665 5142 3523 5228; x_wconf 44' lang='lat' dir='ltr'><strong>nihildum—statutumcst,sed</strong></span> <span class='ocrx_word' id='word_1_781' title='bbox 3545 5147 3608 5203; x_wconf 76' lang='lat' dir='ltr'><strong>in</strong></span> <span class='ocrx_word' id='word_1_782' title='bbox 3627 5159 3763 5203; x_wconf 81' lang='lat' dir='ltr'><strong>car-</strong></span> 
     </span>
    </p>
   </div>
   <div class='ocr_carea' id='block_1_113' title="bbox 2099 5221 3760 5306">
    <p class='ocr_par' dir='ltr' id='par_1_113' title="bbox 2099 5221 3760 5306">
     <span class='ocr_line' id='line_1_113' title="bbox 2099 5221 3760 5306; baseline -0.006 -14"><span class='ocrx_word' id='word_1_783' title='bbox 2099 5221 2293 5292; x_wconf 77' lang='lat' dir='ltr'><strong>cerem</strong></span> <span class='ocrx_word' id='word_1_784' title='bbox 2311 5221 2663 5289; x_wconf 62' lang='lat' dir='ltr'><strong>animarum</strong></span> <span class='ocrx_word' id='word_1_785' title='bbox 2688 5221 3292 5306; x_wconf 49' lang='lat' dir='ltr'><strong>OrigemgmumSed</strong></span> <span class='ocrx_word' id='word_1_786' title='bbox 3316 5229 3630 5306; x_wconf 80' lang='lat' dir='ltr'><strong>propterea</strong></span> <span class='ocrx_word' id='word_1_787' title='bbox 3645 5240 3760 5283; x_wconf 87' lang='lat' dir='ltr'><strong>non</strong></span> 
     </span>
    </p>
   </div>
   <div class='ocr_carea' id='block_1_114' title="bbox 2099 5304 3764 5382">
    <p class='ocr_par' dir='ltr' id='par_1_114' title="bbox 2099 5304 3764 5382">
     <span class='ocr_line' id='line_1_114' title="bbox 2099 5304 3764 5382; baseline -0.005 -12"><span class='ocrx_word' id='word_1_788' title='bbox 2099 5309 2296 5372; x_wconf 88' lang='lat' dir='ltr'><strong>statim</strong></span> <span class='ocrx_word' id='word_1_789' title='bbox 2316 5304 3221 5370; x_wconf 72' lang='lat' dir='ltr'><strong>debuitCombeﬁsiusBasilium</strong></span> <span class='ocrx_word' id='word_1_790' title='bbox 3247 5321 3540 5382; x_wconf 80' lang='lat' dir='ltr'><strong>reponere</strong></span> <span class='ocrx_word' id='word_1_791' title='bbox 3572 5304 3629 5362; x_wconf 91' lang='lat' dir='ltr'><strong>in</strong></span> <span class='ocrx_word' id='word_1_792' title='bbox 3652 5322 3764 5362; x_wconf 88' lang='lat' dir='ltr'><strong>nu-</strong></span> 
     </span>
    </p>
   </div>
   <div class='ocr_carea' id='block_1_115' title="bbox 2113 5384 3770 5469">
    <p class='ocr_par' dir='ltr' id='par_1_115' title="bbox 2113 5384 3770 5469">
     <span class='ocr_line' id='line_1_115' title="bbox 2113 5384 3770 5469; baseline -0.005 -17"><span class='ocrx_word' id='word_1_793' title='bbox 2113 5408 2276 5452; x_wconf 88' lang='lat' dir='ltr'><strong>mero</strong></span> <span class='ocrx_word' id='word_1_794' title='bbox 2325 5406 2555 5460; x_wconf 79' lang='lat' dir='ltr'><strong>eorum,</strong></span> <span class='ocrx_word' id='word_1_795' title='bbox 2581 5388 2683 5469; x_wconf 90' lang='lat' dir='ltr'><strong>qui</strong></span> <span class='ocrx_word' id='word_1_796' title='bbox 2716 5393 3083 5469; x_wconf 60' lang='lat' dir='ltr'><strong>expresseet</strong></span> <span class='ocrx_word' id='word_1_797' title='bbox 3115 5392 3532 5444; x_wconf 68' lang='lat' dir='ltr'><strong>asseveranter</strong></span> <span class='ocrx_word' id='word_1_798' title='bbox 3566 5384 3770 5444; x_wconf 86' lang='lat' dir='ltr'><strong>dicunt</strong></span> 
     </span>
    </p>
   </div>
   <div class='ocr_carea' id='block_1_116' title="bbox 2107 5464 3769 5548">
    <p class='ocr_par' dir='ltr' id='par_1_116' title="bbox 2107 5464 3769 5548">
     <span class='ocr_line' id='line_1_116' title="bbox 2107 5464 3769 5548; baseline -0.004 -16"><span class='ocrx_word' id='word_1_799' title='bbox 2107 5470 2352 5548; x_wconf 86' lang='lat' dir='ltr'><strong>angelos</strong></span> <span class='ocrx_word' id='word_1_800' title='bbox 2370 5476 2506 5529; x_wconf 90' lang='lat' dir='ltr'><strong>ante</strong></span> <span class='ocrx_word' id='word_1_801' title='bbox 2522 5464 2809 5529; x_wconf 80' lang='lat' dir='ltr'><strong>mundum</strong></span> <span class='ocrx_word' id='word_1_802' title='bbox 2829 5464 3125 5548; x_wconf 78' lang='lat' dir='ltr'><strong>visibilem</strong></span> <span class='ocrx_word' id='word_1_803' title='bbox 3142 5482 3619 5548; x_wconf 67' lang='lat' dir='ltr'><strong>purpureumque</strong></span> <span class='ocrx_word' id='word_1_804' title='bbox 3630 5482 3769 5548; x_wconf 80' lang='lat' dir='ltr'><strong>esse</strong></span> 
     </span>
    </p>
   </div>
   <div class='ocr_carea' id='block_1_117' title="bbox 2108 5544 3772 5625">
    <p class='ocr_par' dir='ltr' id='par_1_117' title="bbox 2108 5544 3772 5625">
     <span class='ocr_line' id='line_1_117' title="bbox 2108 5544 3772 5625; baseline -0.005 -12"><span class='ocrx_word' id='word_1_805' title='bbox 2108 5544 2506 5622; x_wconf 78' lang='lat' dir='ltr'><strong>créatos,cum</strong></span> <span class='ocrx_word' id='word_1_806' title='bbox 2528 5548 2786 5612; x_wconf 90' lang='lat' dir='ltr'><strong>Basilius</strong></span> <span class='ocrx_word' id='word_1_807' title='bbox 2816 5549 2968 5611; x_wconf 89' lang='lat' dir='ltr'><strong>hanc</strong></span> <span class='ocrx_word' id='word_1_808' title='bbox 2990 5546 3336 5625; x_wconf 87' lang='lat' dir='ltr'><strong>opinionem</strong></span> <span class='ocrx_word' id='word_1_809' title='bbox 3364 5563 3481 5606; x_wconf 90' lang='lat' dir='ltr'><strong>non</strong></span> <span class='ocrx_word' id='word_1_810' title='bbox 3510 5544 3772 5625; x_wconf 79' lang='lat' dir='ltr'><strong>proferat</strong></span> 
     </span>
    </p>
   </div>
   <div class='ocr_carea' id='block_1_118' title="bbox 2108 5625 3762 5713">
    <p class='ocr_par' dir='ltr' id='par_1_118' title="bbox 2108 5625 3762 5713">
     <span class='ocr_line' id='line_1_118' title="bbox 2108 5625 3762 5713; baseline -0.005 -20"><span class='ocrx_word' id='word_1_811' title='bbox 2108 5640 2385 5713; x_wconf 85' lang='lat' dir='ltr'><strong>tanquam</strong></span> <span class='ocrx_word' id='word_1_812' title='bbox 2424 5639 2644 5692; x_wconf 91' lang='lat' dir='ltr'><strong>certam</strong></span> <span class='ocrx_word' id='word_1_813' title='bbox 2678 5634 2860 5710; x_wconf 87' lang='lat' dir='ltr'><strong>atque</strong></span> <span class='ocrx_word' id='word_1_814' title='bbox 2886 5625 3308 5713; x_wconf 81' lang='lat' dir='ltr'><strong>indubitatam,</strong></span> <span class='ocrx_word' id='word_1_815' title='bbox 3344 5625 3446 5686; x_wconf 85' lang='lat' dir='ltr'><strong>sed</strong></span> <span class='ocrx_word' id='word_1_816' title='bbox 3484 5634 3762 5713; x_wconf 53' lang='lat' dir='ltr'><strong>tanquaq&quot;.</strong></span> 
     </span>
    </p>
   </div>
   <div class='ocr_carea' id='block_1_119' title="bbox 2102 5705 3767 5791">
    <p class='ocr_par' dir='ltr' id='par_1_119' title="bbox 2102 5705 3767 5791">
     <span class='ocr_line' id='line_1_119' title="bbox 2102 5705 3767 5791; baseline -0.004 -18"><span class='ocrx_word' id='word_1_817' title='bbox 2102 5705 2513 5786; x_wconf 76' lang='lat' dir='ltr'><strong>verisimilem,</strong></span> <span class='ocrx_word' id='word_1_818' title='bbox 2555 5720 2613 5773; x_wconf 93' lang='lat' dir='ltr'><strong>et</strong></span> <span class='ocrx_word' id='word_1_819' title='bbox 2668 5705 2845 5791; x_wconf 80' lang='lat' dir='ltr'><strong>quam</strong></span> <span class='ocrx_word' id='word_1_820' title='bbox 2893 5709 3058 5770; x_wconf 90' lang='lat' dir='ltr'><strong>multi</strong></span> <span class='ocrx_word' id='word_1_821' title='bbox 3092 5706 3551 5791; x_wconf 74' lang='lat' dir='ltr'><strong>amplectantur.</strong></span> <span class='ocrx_word' id='word_1_822' title='bbox 3589 5705 3767 5791; x_wconf 79' lang='lat' dir='ltr'><strong>Addit</strong></span> 
     </span>
    </p>
   </div>
   <div class='ocr_carea' id='block_1_120' title="bbox 2102 5788 3765 5878">
    <p class='ocr_par' dir='ltr' id='par_1_120' title="bbox 2102 5788 3765 5878">
     <span class='ocr_line' id='line_1_120' title="bbox 2102 5788 3765 5878; baseline -0.006 -22"><span class='ocrx_word' id='word_1_823' title='bbox 2102 5793 2369 5878; x_wconf 56' lang='grc' dir='ltr'>εηίιηεῲς</span> <span class='ocrx_word' id='word_1_824' title='bbox 2402 5792 2641 5878; x_wconf 47' lang='lat' dir='ltr'><strong>igneam</strong></span> <span class='ocrx_word' id='word_1_825' title='bbox 2664 5788 3557 5878; x_wconf 40' lang='grc' dir='ltr'><strong>ν’ριςὶεἱηιίιερδιθιρρἱᾷειιινλᾳι</strong></span> <span class='ocrx_word' id='word_1_826' title='bbox 3578 5788 3765 5878; x_wconf 52' lang='lat' dir='ltr'><strong>conii-</strong></span> 
     </span>
    </p>
   </div>
   <div class='ocr_carea' id='block_1_121' title="bbox 2102 5868 3765 5959">
    <p class='ocr_par' dir='ltr' id='par_1_121' title="bbox 2102 5868 3765 5959">
     <span class='ocr_line' id='line_1_121' title="bbox 2102 5868 3765 5959; baseline -0.01 -22"><span class='ocrx_word' id='word_1_827' title='bbox 2102 5892 2241 5959; x_wconf 68' lang='lat' dir='ltr'><strong>cere</strong></span> <span class='ocrx_word' id='word_1_828' title='bbox 2266 5873 2580 5953; x_wconf 72' lang='lat' dir='ltr'><strong>licetJmo,</strong></span> <span class='ocrx_word' id='word_1_829' title='bbox 2615 5871 2774 5959; x_wconf 85' lang='lat' dir='ltr'><strong>quod</strong></span> <span class='ocrx_word' id='word_1_830' title='bbox 2802 5890 2959 5959; x_wconf 76' lang='lat' dir='ltr'><strong>szepe</strong></span> <span class='ocrx_word' id='word_1_831' title='bbox 2988 5868 3343 5959; x_wconf 81' lang='lat' dir='ltr'><strong>tit,si_illud,</strong></span> <span class='ocrx_word' id='word_1_832' title='bbox 3374 5869 3645 5959; x_wconf 40' lang='lat' dir='ltr'><strong>dictam,</strong></span> 
     </span>
    </p>
   </div>
   <div class='ocr_carea' id='block_1_122' title="bbox 2102 5946 3765 6039">
    <p class='ocr_par' dir='ltr' id='par_1_122' title="bbox 2102 5946 3765 6039">
     <span class='ocr_line' id='line_1_122' title="bbox 2102 5946 3765 6039; baseline -0.004 -20"><span class='ocrx_word' id='word_1_833' title='bbox 2102 5946 2607 6039; x_wconf 74' lang='lat' dir='ltr'><strong>interpretemur:</strong></span> <span class='ocrx_word' id='word_1_834' title='bbox 2633 5946 2712 6018; x_wconf 80' lang='grc' dir='ltr'><strong>ἰιι</strong></span> <span class='ocrx_word' id='word_1_835' title='bbox 2738 5946 2962 6038; x_wconf 66' lang='lat' dir='ltr'><strong>fertur,</strong></span> <span class='ocrx_word' id='word_1_836' title='bbox 2990 5959 3055 6015; x_wconf 76' lang='lat' dir='ltr'><strong>ut</strong></span> <span class='ocrx_word' id='word_1_837' title='bbox 3096 5952 3297 6027; x_wconf 72' lang='lat' dir='ltr'><strong>aiunt;</strong></span> <span class='ocrx_word' id='word_1_838' title='bbox 3323 5946 3511 6039; x_wconf 71' lang='lat' dir='ltr'><strong>magis</strong></span> <span class='ocrx_word' id='word_1_839' title='bbox 3534 5946 3765 6033; x_wconf 85' lang='lat' dir='ltr'><strong>patebit</strong></span> 
     </span>
    </p>
   </div>
  </div>
