4176 6406
312 368 397 436 29
1430 364 1767 432 HUMILIA‘
1803 370 1858 432 II
1901 362 1980 432 IN
2026 356 2591 435 HEXAEMERON.
3632 370 3711 437 30

312 517 380 589 τῇ
433 509 653 587 βοηθείᾳ
700 509 794 564 τοῦ
852 507 1182 581 Πνεύματος,
1229 506 1314 561 καὶ
1344 505 1491 561 αὒτοὶ
1535 505 1630 561 οὒκ
1658 504 1950 571 ἀπόϐλητοι

2049 498 2799 577 segniores.Nam,tatnetsi
2832 517 3034 565 rerum
3062 518 3179 565 non
3208 520 3530 583 possumus
3544 522 3707 567 asse-

313 598 594 661 παντελῶς
624 594 1002 675 κριθησόμεθα,
1040 595 1125 650 sui
1154 592 1222 669 τῇ
1282 592 1555 670 συνεργείᾳ
1603 596 1702 658 τῆς
1735 593 1950 671 χάριτος

2049 590 2147 669 qui
2178 589 2556 668 dignitatem;
2590 598 2814 672 tamen,
2853 592 2905 653 si
2936 612 2969 654 a
3015 591 3343 673 Scriptura
3374 593 3701 675 praposito,

314 686 602 762 οἰκοδομήν
648 708 768 743 τινα
824 690 893 761 τῇ
950 682 1245 755 Ἐκκλησία
1291 682 1383 738 τοῦ
1444 689 1575 738 Θεοῦ
1606 680 1950 759 παρεξόμεθα.

2049 678 2270 757 Spiritu
2305 679 2656 753 auxiliante,
2693 699 2812 742 non
2840 679 3396 753 excidamus,etiam
3428 682 3543 762 ipsi
3580 701 3701 744 non

319 769 381 836 Ἠ
426 775 478 832 δέ
538 780 609 854 γῆ
668 777 760 849 ἦν,
820 775 1003 854 φησὶν,
1064 773 1287 849 ἀόρατος
1338 771 1425 827 καὶ
1482 773 1960 830 ἱκατασκεύαστος.

315 872 435 930 Πῶς
494 865 807 944 ἀμφοτέρων
886 862 1160 937 ὁμοτίμως
1241 859 1543 939 γενομένων
1604 859 1821 936 οὖρανοῦ
1880 862 1965 914 καὶ

313 958 437 1031 γῆς,
471 957 498 1010 6
533 954 629 1030 μὲν
686 954 904 1031 οὐρανὸς
952 951 1275 1029 ἀπηρτίσθη,
1340 951 1374 1016 ἡ
1437 947 1492 1004 δὲ
1522 950 1594 1026 γῆ
1642 948 1718 1004 ἔτι
1768 948 1966 1019 ἀτελής

310 1044 418 1100 ἐστι
450 1045 537 1099 καὶ
570 1042 953 1121 ἀνεξίργαστος
984 1040 1102 1114 (86)
1132 1058 1148 1119 ;
1213 1036 1298 1095 ’Ἥ
1358 1037 1524 1114 ὅλως,
1572 1038 1622 1094 τί
1653 1041 1713 1094 τὸ
1756 1037 1965 1094 ἀκατά-

314 1155 499 1189 σκευον
529 1131 661 1213 (87)
689 1137 791 1196 τῆς
848 1131 995 1210 ﬂe;
1057 1131 1144 1186 καὶ
1194 1126 1278 1184 διὰ
1328 1128 1485 1185 ποίαν
1527 1129 1697 1183 αἰτίαν
1741 1128 1965 1205 ἀόρατος

2051 767 2295 829 omnino
2328 769 2652 849 rejectanei
2687 770 3125 850 judicabimur;
3157 789 3226 831 ac
3257 771 3445 849 gratia
3475 790 3703 851 coope-

2051 868 2243 941 rante,
2278 879 2397 922 non
2429 861 2579 923 nihil
2613 861 3030 942 praestabimus
3060 862 3472 924 aedificationis
3501 860 3703 925 Eccle-

2050 951 2154 1012 siae
2186 950 2315 1013 Dei.
2359 951 2547 1013 Terra
2577 958 2809 1025 autem,
2863 951 3077 1032 inquit,
3131 959 3264 1014 erat
3293 951 3618 1014 invisibilis
3646 960 3705 1014 et

2050 1040 2471 1120 incomposita.
2531 1040 2846 1113 Quomodo
2895 1040 3150 1101 conditis
3183 1039 3406 1120 pariter
3436 1041 3702 1119 utrisque

2049 1128 2205 1191 cmlo
2231 1140 2289 1190 et
2321 1137 2507 1203 terra,
2542 1130 2760 1193 caelum
2819 1128 3063 1211 quidem
3124 1129 3402 1192 omnibus
3434 1132 3704 1193 numeris

311 1225 378 1291 ἦν
406 1240 421 1297 ;
455 1222 624 1281 ’Ἔστι
656 1224 754 1298 μὲν
780 1231 867 1280 οὖν
899 1219 1076 1276 τελεία
1108 1218 1413 1285 κατασκευὴ
1443 1218 1568 1297 γῆς’
1602 1218 1638 1284 ἡ
1672 1215 1764 1272 ἀπ’
1798 1216 1950 1284 αὐτῆς

2049 1216 2533 1301 ιδεοιιιιιιῐηιθει,
2561 1226 2721 1282 terra
2752 1238 2888 1281 vero
2919 1220 3117 1282 adhuc
3151 1220 3502 1300 imperfecta
3530 1228 3620 1281 est
3644 1228 3703 1283 et

311 1314 523 1379 εὖθηνία
558 1333 571 1345 ο
630 1318 807 1392 φυτῶν
878 1307 1233 1366 παντοδαπῶν
1316 1308 1639 1384 βλαστήσεις
1675 1326 1690 1342 ·
1755 1304 1950 1383 δένδροη

2049 1307 2246 1371 rudis?
2269 1308 2385 1370 Aut
2418 1309 2688 1389 omnino,
2713 1309 2815 1389 qui
2837 1318 2926 1370 est
2955 1317 3114 1371 terra
3144 1309 3571 1388 incomposita?
3600 1318 3702 1370 aut

308 1400 663 1478 ὑψηλοτάτων
717 1396 977 1477 προϐολαὶ
1035 1398 1316 1475 καρπίμων
1373 1418 1429 1452 τε
1491 1398 1578 1452 καὶ
1649 1396 1903 1473 ἀκάρπων
1942 1415 1950 1432 ί

2049 1396 2122 1457 ob
2153 1416 2330 1478 quam
2362 1416 2601 1461 causam
2636 1407 2762 1460 erat
2810 1397 3174 1460 invisibilis?
3214 1402 3370 1461 Sane
3404 1398 3702 1480 perfectus

310 1491 479 1547 ἀνθῶν
536 1490 781 1570 εὔχροιαι
832 1490 920 1544 καὶ
979 1483 1186 1545 εὒωδίαι
1224 1505 1238 1518 ο
1286 1487 1375 1542 καὶ
1424 1484 1522 1541 ὅσα
1581 1488 1770 1565 μικρὸν
1800 1484 1950 1541 ὕστε-

2049 1493 2221 1547 terrae
2246 1496 2562 1568 apparatus
2583 1487 2713 1567 ipsa
2736 1487 2899 1551 illius
2922 1487 3195 1550 fertilitas
3219 1497 3328 1561 est,
3356 1487 3699 1567 generatio-

309 1601 397 1645 ρον
449 1579 584 1656 (88)
630 1578 813 1652 μέλλει
846 1585 923 1649 τῷ
952 1576 1323 1655 προστάγματι
1359 1597 1453 1633 του
1498 1584 1632 1631 Θεοῦ
1677 1575 1950 1657 ἐπανατεί-

2049 1592 2155 1636 nes
2178 1594 2681 1654 quarumcunque
2709 1577 3501 1657 plantarum,altissimarum
3524 1577 3699 1639 arbo-

307 1670 473 1724 λιντα
541 1675 610 1743 τῇ
664 1672 735 1744 γῇ
794 1669 893 1733 τὴν
957 1664 1360 1740 γεννησαμένην
1417 1678 1804 1739 κατακοσμεῖν.
1867 1653 1950 1720 τω

2049 1684 2177 1726 rum
2213 1675 2333 1726 tum
2373 1653 2794 1745 frugiferarum
2851 1674 2974 1729 tum
3008 1665 3461 1728 infecundarum
3495 1673 3697 1743 ortus;

308 1755 493 1823 ἐπειδὴ
525 1755 674 1815 οὗδὲν
731 1754 876 1812 οὔπω
918 1756 1009 1826 ἦν,
1064 1755 1428 1811 ἀκατάσκελον
1479 1754 1647 1822 αὐτὴν
1678 1756 1950 1811 εἰκότωδέ

2049 1755 2258 1815 florum
2279 1755 2514 1817 colores
2537 1757 2796 1836 speciosi
2820 1775 2888 1817 ac
2920 1755 3137 1818 odores
3162 1757 3402 1836 grati,et
3423 1775 3704 1837 quascun-

305 1846 467 1924 λόγος
498 1846 770 1920 ὠνὸμασε,
833 1846 908 1901 Τὰ
939 1845 1070 1901 αὒτὰ
1114 1842 1364 1901 δὲταῦτα
1407 1844 1494 1899 καὶ
1544 1845 1663 1921 περὶ
1706 1840 1826 1922 (89)
1862 1843 1950 1899 οὗ-

2049 1862 2160 1924 que
2187 1845 2360 1925 paulo
2383 1854 2514 1925 post
2532 1845 2639 1907 Dei
2645 1846 2819 1926 jussu
2840 1854 3047 1908 eterra
3059 1844 3426 1924 emergentia
3449 1846 3700 1926 genitri-

305 1938 462 2015 ρανοῦ
492 1934 743 2009 εἴποιμεν
781 1953 793 1967 ο
829 1933 908 1989 ὅτι
939 1935 1035 1990 οὐκ
1065 1934 1369 2011 ἐξείργαστο
1412 1930 1560 1989 οὔπω
1610 1931 1726 1989 οὐδὲ
1772 1933 1950 2013 αὐτὸς,

2049 1950 2170 1994 cem
2204 1952 2371 1995 suam
2391 1941 2563 1995 erant
2576 1936 3151 2008 ornatura.Quarum
3176 1951 3377 1998 rerum
3409 1934 3694 2012 quoniam

306 2024 420 2081 οὒδέ
445 2027 538 2079 τὸν
569 2022 768 2080 οἰκεῖον
800 2020 1086 2102 ἀπειλήφει
1116 2024 1347 2096 κὸσμον,
1379 2020 1473 2077 ἅτε
1514 2023 1682 2097 μήπω
1712 2022 1836 2102 (90)
1871 2043 1950 2078 σε·

2049 2022 2338 2084 nihildum
2362 2037 2512 2099 erat,
2550 2023 2765 2085 merito
2794 2023 3101 2105 Scriptura
3129 2023 3322 2104 ipsam
3371 2024 3699 2089 nominavit

305 2112 443 2189 λήνη
474 2113 611 2188 μήτε
641 2111 778 2184 ἡλίῳ
808 2109 1457 2189 πεαιλαμπὸμενος,μηδὲ
1482 2127 1598 2174 τοῖς
1632 2126 1827 2191 χοροῖς
1849 2118 1950 2168 τῶν

2049 2110 2528 2193 incompositam.
2565 2111 2699 2176 Haec
2732 2113 2944 2175 eadem
2978 2122 3035 2175 et
3062 2114 3139 2175 de
3164 2112 3315 2175 cmlo
3345 2112 3694 2189 dixerimus;

303 2204 504 2280 ἄστρων
530 2202 986 2277 κατεστεμμένος.
1042 2200 1206 2259 Οὕπω
1244 2198 1354 2279 γὰρ
1384 2207 1550 2257 ταῦτα
1605 2200 1734 2281 (91)
1758 2202 1950 2280 ἑγεγὸ-

2049 2200 2524 2281 quandoquidem
2558 2201 2646 2264 vel
2677 2201 2871 2283 ipsum
2904 2202 3165 2264 nondum
3218 2210 3346 2263 erat
3369 2205 3694 2278 excultum,

303 2314 404 2354 νει,
438 2290 622 2347 ’Ὥστε
650 2293 747 2348 οὒκ
780 2291 1110 2369 ἀμαρτήοεις
1158 2288 1254 2355 τῆς
1299 2288 1574 2360 ἀληθείας,
1608 2290 1706 2347 κᾶν
1736 2294 1829 2347 τὸν
1860 2296 1950 2353 οὐ·

2049 2291 2572 2372 [ιείιυθςρνορτίιιω
2604 2299 2918 2372 receperat
2967 2300 3267 2371 ornatum,
3302 2298 3504 2371 utpote
3534 2292 3697 2372 quod

311 2382 467 2460 ρανὸν
500 2380 862 2436 ἀκατάσκευον
891 2378 1080 2455 εἴπῃς.
1116 2379 1374 2456 Ἀδρατον
1405 2377 1458 2433 δὲ
1509 2382 1608 2446 τὴν
1650 2384 1751 2457 γῆν
1784 2403 1950 2459 προσ-

2049 2378 2304 2440 nondum
2334 2379 2462 2443 sole
2483 2390 2583 2441 aut
2614 2380 2755 2443 luna
2784 2379 3259 2462 splendesceret,
3282 2398 3476 2462 neque
3499 2390 3698 2443 astro-

309 2483 430 2526 εϊπε
462 2468 545 2525 διὰ
578 2467 669 2525 δύο
718 2469 888 2531 αἰτίας
918 2484 933 2499 ‘
981 2467 1017 2535 ἢ
1077 2464 1157 2524 ὅτι
1218 2465 1367 2524 οὔπω
1394 2467 1461 2535 ἦν
1506 2470 1670 2536 αὖτῆς
1701 2471 1730 2524 6
1759 2471 1950 2538 θεατὴς

2049 2485 2170 2531 rum
2203 2468 2403 2531 choris
2425 2470 3118 2533 coronaretur.Necdum
3143 2469 3304 2531 enim
3327 2470 3533 2533 isthmc
3557 2489 3698 2535 con-

304 2558 575 2637 ἅνθρωπος
606 2555 761 2638 (92),
795 2556 831 2625 ἢ
876 2559 959 2613 ’ὁτι
1010 2554 1333 2636 ὑποϐρύχιος
1377 2556 1503 2612 οὗτε
1548 2560 1608 2613 εκ
1638 2564 1730 2615 τοῦ
1757 2557 1950 2615 ἐπιπο-

2049 2554 2161 2620 dita
2193 2566 2389 2620 erant.
2423 2559 2629 2630 Quare
2684 2577 2718 2620 a
2766 2558 3014 2621 veritate
3063 2577 3181 2620 non
3212 2558 3607 2637 aberraveris,
3643 2563 3694 2624 si

304 2647 557 2719 λάζοντός
618 2649 685 2722 τῇ
726 2644 1004 2725 ἒπιφανείᾳ
1054 2644 1240 2710 ὕδατος
1295 2644 1389 2702 οὐκ
1444 2644 1667 2713 ἠδύνατο
1721 2651 1950 2725 καθορᾶ-

2049 2645 2256 2709 uelum
2286 2664 2525 2728 quoque
2556 2646 2783 2710 dixeris
2814 2647 2997 2710 fuisse
3031 2647 3515 2728 incompositum.
3540 2649 3690 2711 Ter-

304 2740 444 2798 σθαι.
504 2734 666 2795 Οὔπω
724 2736 826 2815 γὰρ
881 2735 947 2803 ἦν
1008 2733 1335 2815 συναχθέντα
1391 2735 1458 2791 τά
1486 2734 1647 2792 ὕδατα
1678 2738 1752 2800 εἰς
1778 2738 1845 2793 τὰ
1876 2739 1950 2793 οἶ-

2049 2754 2164 2798 ram
2194 2743 2394 2797 autem
2430 2735 2577 2798 duas
2605 2735 2680 2798 ob
2712 2755 2924 2800 causas
2953 2735 3271 2817 appellavit
3304 2737 3692 2819 invisibilem;

304 2840 430 2883 κεϊα
490 2826 821 2903 συστήματα,
880 2826 1017 2903 ἅπερ
1082 2824 1297 2904 ὕστερον
1349 2827 1377 2881 6
1450 2827 1581 2889 Θεὸς
1639 2827 1950 2905 συναγαγὼν

2049 2824 2305 2907 sutquod
2332 2826 2596 2888 nondum
2621 2829 2892 2907 essetqui
2920 2843 3051 2888 eam
3079 2824 3457 2905 conspiceret
3478 2827 3687 2909 homo,

305 2915 701 2997 προσηγόρευσε
757 2914 1045 2980 θαλάσσας.
1094 2913 1349 2993 ’Λόρατον
1403 2921 1495 2970 οὖν
1563 2916 1614 2971 τί
1679 2937 1834 2991 seu;
1882 2917 1950 2975 Τὸ

2049 2923 2142 2976 sut
2159 2913 2321 2996 quod
2346 2933 2417 2977 es
2442 2914 2634 2978 videri
2670 2917 2758 2977 15
2788 2915 3034 2979 minime
3066 2923 3288 2996 posset,
3320 2918 3541 2998 quippe
3560 2935 3693 2998 qua

307 2979 426 3083 μὲν,
456 2979 607 3083 θ’μῆ
636 3006 867 3085 πέφυκεν
923 2979 1221 3083 ὀφθαλμοῖς
1270 3007 1465 3080 σαρκὸς
1509 2979 1849 3088 καθορᾶσθαί,
1881 3009 1950 3071 ὡς

2049 2979 2210 3082 squis
2240 3020 2426 3083 super
2454 3005 2645 3085 ipsius
2675 2979 3083 3086 superﬁciem'
3102 2979 3505 3067 innatantibus
3534 2979 3694 3070 esset

303 3101 332 3153 6
367 3103 484 3161 νοῦς
514 3098 542 3151 6
571 3095 828 3175 ἡμέτερος
854 3113 869 3129 °
902 3095 965 3151 τὸ
997 3092 1079 3173 δὲ,
1108 3094 1136 3149 ὃ
1169 3100 1238 3170 τῇ
1285 3094 1436 3174 φύσει
1467 3096 1657 3174 ὁρατὸν
1683 3096 1950 3178 ὑπάρχον,

2049 3093 2371 3157 submersa.
2407 3094 2685 3157 Nondum
2719 3096 2880 3157 enim
2930 3103 3105 3157 erant
3122 3112 3294 3172 aquae
3318 3096 3375 3157 in
3405 3111 3543 3158 suas
3563 3104 3691 3158 sta-

305 3184 391 3242 διὰ
431 3185 531 3253 τὴν
560 3185 934 3264 ὶπιπρόσθεσιν
964 3189 1059 3241 τοῦ
1115 3182 1455 3259 ἐπικειμένου
1505 3186 1649 3260 αὐτῷ
1706 3186 1950 3262 σώματος

2049 3183 2238 3247 tiones
2265 3192 2647 3264 congregatae
2675 3202 2691 3248 :
2725 3202 2877 3266 quas
2924 3192 3129 3266 postea
3158 3194 3503 3265 aggressus
3533 3185 3691 3249 Deus

307 3275 723 3355 ἀποκρύπτεται,
757 3277 828 3339 ὡς
880 3276 908 3330 6
962 3274 1016 3329 ἐν
1064 3279 1141 3347 τῷ
1357 3272 1591 3351 σίδηρος.
1629 3272 1754 3332 Καθ’
1786 3276 1816 3331 ὃ
1846 3298 1950 3344 ση-

2049 3274 2228 3336 maria
2256 3273 2655 3354 nuncupavit.
2684 3272 2992 3337 lnvisibile
3022 3273 3203 3353 igitur
3229 3274 3375 3352 quid
3406 3282 3527 3339 est?
3556 3276 3693 3339 Ali-

250 3366 259 3391 ’
305 3365 625 3444 μαινόμενον
693 3371 781 3420 νῦν
837 3363 1064 3440 ἀόρατον
1106 3363 1379 3441 ἡγούμεθα
1429 3365 1810 3441 προσειρῆσθαι
1856 3364 1950 3432 τὴν

2049 3363 2275 3444 quando
2309 3364 2552 3445 quidem
2587 3364 2645 3425 id
2679 3364 2839 3445 quod
2870 3382 2941 3427 ex
2971 3383 3037 3428 se
3077 3362 3270 3427 oculis
3298 3366 3497 3428 carnis
3524 3367 3693 3429 cerni

300 3456 404 3536 γῆν
425 3452 834 3530 καλυπτομένην
856 3454 960 3508 ὑπὸ
989 3458 1085 3508 τοῦ
1112 3449 1320 3517 ὕδατος.
1346 3449 1597 3510 ’Ἔπειτα
1628 3452 1835 3528 μέντοι,
1868 3455 1950 3512 καὶ

2049 3471 2158 3515 non
2191 3459 2409 3532 potest,
2444 3453 2780 3532 cujusmodi
2799 3463 2889 3518 est
2919 3472 3091 3516 mens
3115 3462 3336 3516 nostra:
3367 3454 3691 3537 aliquando

304 3548 470 3621 μήπω
541 3550 632 3600 τοῦ
682 3545 856 3622 φωτὸς
915 3540 1247 3619 γενηθέντος,
1324 3539 1470 3601 οὐδὲν
1527 3540 1591 3609 ἧν
1648 3546 1950 3617 θαυμαστὸν

2049 3560 2176 3604 vero
2209 3541 2267 3603 id
2299 3542 2457 3622 quod
2502 3561 2573 3603 ex
2628 3548 2838 3605 natura
2891 3563 2997 3605 sua
3030 3552 3227 3624 potest
3255 3547 3547 3625 conspici,
3580 3548 3687 3609 sed

300 3636 400 3703 τὴν
437 3635 490 3690 ἐν
553 3638 728 3707 σκὸτῳ
777 3630 896 3708 (93)
953 3630 1225 3708 κειμένην,
1257 3629 1344 3687 διὰ
1386 3633 1448 3687 τὸ
1481 3631 1779 3710 ἀφώτιστον
1812 3632 1950 3690 εἶναι

2049 3630 2447 3693 incumbentis
2476 3632 2531 3693 ei
2556 3633 2828 3712 corporis
2856 3632 3188 3694 occultatur
3214 3631 3685 3714 interjectu,vel-

299 3727 392 3782 τὸν
421 3725 548 3802 ὑπὲρ
580 3724 743 3790 αὒτής
788 3721 942 3801 ἀέρα,
994 3721 1217 3799 ἀὸρατον
1267 3722 1354 3778 καὶ
1408 3725 1547 3780 κατά
1599 3731 1759 3781 τοῦτο
1815 3723 1950 3801 παρᾶ

2049 3720 2126 3781 uti
2156 3720 2405 3796 ferrum,
2427 3720 2585 3801 quod
2622 3721 2679 3781 in
2716 3721 2833 3783 imo
2864 3722 3099 3800 gurgite
3114 3720 3479 3800 jacetJuxta
3509 3743 3685 3804 quam

299 3820 399 3882 τῆς
446 3818 655 3893 Γραφῆς
686 3813 1089 3890 προσειρῆσθαι.

2049 3810 2371 3892 notionem,
2391 3828 2552 3874 nunc
2580 3810 2937 3874 invisibilem
2970 3811 3247 3873 ducimus
3266 3827 3532 3874 vocatam
3553 3832 3687 3877 esse

300 3910 545 3977 terram,
580 3910 780 3981 utpote
811 3917 945 3981 quas
972 3898 1047 3961 ab
1068 3898 1238 3981 aquis
1266 3897 1690 3961 occultaretur.
1718 3898 1949 3962 Deinde
1968 3916 2109 3962 vero
2130 3917 2268 3961 cum
2296 3899 2550 3961 necdum
2592 3909 2752 3962 esset
2776 3901 2931 3963 facta
2965 3900 3083 3972 lux,
3119 3899 3270 3961 nihil
3316 3912 3443 3963 erat
3475 3901 3610 3963 miri
3638 3904 3689 3965 si

296 3999 456 4053 terra
486 3992 546 4052 in
574 3989 841 4052 tenebris
872 3989 1007 4065 sita,
1041 3988 1198 4069 quod
1225 4006 1330 4051 aer
1371 4006 1556 4070 super
1588 4005 1718 4051 eam
1745 4007 1863 4051 non
1887 3990 2355 4069 illuminaretur,
2386 3988 2463 4050 ob
2508 3988 2565 4051 id
2593 3990 2774 4052 etiam
2805 4008 2840 4052 a
2869 3989 3181 4071 Scriptura
3227 3989 3545 4054 invisibilis
3574 3985 3684 4073 ap-

306 4081 523 4163 pellata
548 4078 646 4143 sit.

383 4171 444 4232 2,
491 4166 641 4225 Ἀλλ’
699 4171 745 4224 οἶ
805 4168 1220 4247 παραχαράκται
1271 4171 1372 4235 τῆς
1432 4167 1707 4242 ἀληθείας,
1751 4172 1798 4225 οἱ
1832 4172 1955 4250 οὖχὶ

297 4266 369 4337 τῇ
411 4259 714 4339 Γραφῇιτὸν
762 4257 959 4312 ἑαυτῶν
1011 4262 1129 4312 νοῦν
1190 4256 1501 4315 ἀκολουθεῖν
1530 4254 1948 4334 ἐκδιδάσκοντες,

2117 4169 2178 4230 2.
2215 4168 2290 4231 At
2315 4187 2456 4230 vero
2485 4167 2749 4230 veritatis
2768 4168 3200 4232 adulteratores
3221 4171 3319 4249 qui
3340 4188 3506 4233 suam
3524 4170 3687 4252 ipso-

2034 4274 2168 4319 rum
2205 4268 2467 4320 mentem
2493 4254 2819 4339 Scripturas
2868 4258 3286 4339 obtemperare
3312 4279 3684 4343 nequaquam

300 4351 438 4407 ἀλλά
468 4350 601 4428 πρὸς
647 4349 709 4402 τὸ
739 4348 942 4402 οἰκεῖον
991 4344 1239 4420 βούλημα
1263 4346 1363 4413 τὴν
1389 4346 1628 4402 διάνοιαν
1657 4353 1766 4402 τῶν
1810 4353 1948 4427 Γραο

300 4446 412 4520 φῶν
457 4436 883 4516 διαστρέφοντες,
936 4434 1032 4501 τὴν
1081 4432 1215 4500 ὕλην
1282 4436 1409 4514 φασὶ
1468 4433 1553 4491 διὰ
1613 4434 1718 4491 τῶν
1760 4435 1951 4501 λέξεων

300 4532 501 4588 τούτων
558 4524 1015 4607 παραδηλοῦσθαι.
1081 4523 1223 4590 Αὕτη
1281 4526 1403 4603 γὰρ,
1464 4526 1588 4604 φασὶ
1639 4523 1799 4606 (94),
1867 4526 1954 4582 καὶ

304 4622 525 4700 ἀὸρατος
584 4619 653 4693 τῇ
694 4616 845 4697 φύσει
905 4616 992 4671 καὶ
1043 4613 1533 4688 ἇιιωιτοισκεύαστοης¹
1581 4612 1768 4681 ἄποιος
1824 4616 1956 4672 οὖσα

2036 4346 2276 4427 docent,
2311 4347 2415 4409 sed
2449 4348 2522 4409 ad
2576 4346 2881 4428 propriam
2923 4350 3280 4411 sententiam
3332 4351 3691 4431 detorquent

2036 4434 2478 4515 Scripturarum
2512 4442 3097 4507 sensum,materiam
3125 4439 3291 4501 hisce
3313 4440 3511 4503 verbis
3524 4441 3690 4503 aiunt

2036 4523 2535 4604 significarillasc
2567 4527 3164 4609 enim,inquiunt,est
3192 4539 3251 4590 et
3282 4528 3599 4592 invisibilis
3630 4541 3690 4593 et

2036 4612 2441 4694 incomposita
2489 4622 2698 4696 suapte
2758 4625 2967 4679 natura
3000 4636 3013 4677 :
3048 4618 3274 4699 quippe
3305 4636 3442 4680 cum
3475 4635 3550 4681 ex
3581 4639 3688 4683 sua

386 4780 500 4860 (86)
525 4778 938 4860 Οοᾶεξηιιηυε
992 4792 1128 4836 cum
1172 4773 1354 4860 editis
1384 4775 1705 4852 ἁνὲργαστος
1730 4776 1817 4832 καὶ
1846 4776 1944 4831 ἀν-

2049 4855 2052 4860 _
2112 4774 2237 4853 (91)
2261 4768 2591 4860 Εάίιίοίξπω
2641 4800 2742 4856 γαρ
2772 4776 2924 4837 αὐτά.
2955 4778 3042 4860 _At
3072 4795 3217 4838 mss.
3273 4778 3543 4860 quipque
3594 4779 3679 4841 uti

308 4854 649 4939 απάρτιστος.
684 4857 799 4920 Alii
829 4874 932 4918 sex
966 4873 1106 4939 mss.
1143 4854 1298 4939 utin
1329 4863 1630 4939 contextu.

394 4934 524 5020 (87)
555 4939 802 5019 Antiqui
832 4946 967 4999 octo
1017 4935 1159 5020 libri
1212 4936 1595 4997 ἀκατάσκευον.
1632 4934 1793 4999 Editi
1822 4954 1957 4999 cum

299 5018 459 5088 Cois]
470 5070 484 5085 .
502 5018 712 5102 primo
728 5018 1204 5102 ἀκατασκξύαστον
1215 5061 1230 5076 .

386 5095 742 5183 (88)(Ῑοάθκ
779 5115 934 5183 unus
977 5095 1076 5152 ὅσα
1121 5104 1325 5175 μικρῶς
1357 5096 1473 5172 μετῗ
1507 5096 1686 5177 ὀλίγον
1715 5095 1954 5177 ὕστερον.

302 5178 428 5245 Net:
471 5178 548 5244 ita
582 5181 774 5246 multo
805 5178 959 5241 infra
1004 5185 1136 5239 octo
1196 5194 1340 5240 mss.
1396 5179 1762 5235 ἀκατάσκευον
1793 5180 1959 5245 αὐτὴν

302 5265 520 5327 εἰκότως
554 5267 581 5320 6
612 5262 794 5340 λόγος.
830 5258 983 5321 Edili
1015 5258 1478 5316 ὰκατασκεόαστον
1524 5260 1687 5328 αὐτὴν
1718 5262 1745 5315 6
1790 5257 1950 5336 λόγος

300 5345 519 5409 εἰκότως
580 5339 761 5405 COiSl.
817 5339 1047 5421 primus
1098 5339 1563 5396 ἀκατασκεύαστον
1598 5340 1758 5407 αὐτὴν
1802 5341 1947 5395 εἰκό-

298 5448 401 5489 τως
435 5447 485 5487 0.

382 5505 502 5585 (89)
528 5503 777 5567 Codices
801 5499 1160 5585 septemAaiiv
1191 5522 1328 5585 περι.
1363 5498 1523 5585 Editi
1551 5517 1683 5561 cum
1714 5518 1829 5561 uno
1850 5507 1951 5560 aut

298 5579 494 5647 altero
520 5604 664 5648 mss.
695 5586 781 5640 καὶ
838 5579 977 5647 περί.
1020 5583 1159 5661 γνοι
1191 5580 1338 5638 οὔπω
1370 5579 1545 5661 paulo
1575 5590 1711 5661 post
1738 5598 1953 5642 recens

297 5665 553 5727 accessit
584 5684 651 5727 ex
688 5682 787 5726 sex
818 5660 1150 5724 codicibus.

381 5744 508 5822 (90)
530 5745 778 5807 Veteres
803 5743 1070 5824 quinque
1097 5740 1232 5824 libri
1262 5742 1354 5798 ἅτε
1385 5745 1592 5824 μήπω.
1629 5739 1782 5802 Editi
1815 5757 1951 5802 cum

296 5819 494 5890 Coisl.
517 5827 710 5907 primo
747 5819 839 5904 8γέ
863 5827 1051 5899 μήπω.
1090 5819 1259 5886 Alius
1290 5819 1476 5886 codex
1499 5822 1639 5902 ὥσγε
1675 5824 1750 5897 μή
1764 5845 1865 5883 πω.

2036 4854 2098 4916 in
2128 4861 2431 4919 contextu.
2458 4854 2586 4918 Mox
2621 4854 2762 4919 mss.
2793 4865 2925 4919 octo
2945 4854 3331 4918 ἀκατάσκευον.
3369 4854 3520 4918 Εάἶιὶ
3548 4876 3681 4921 cum

2043 4933 2227 4999 Coisl.
2261 4936 2454 5016 primo
2478 4938 2962 4996 ἀκατασκεύαστον.

2127 5013 2375 5098 (92)ί81ε
2400 5016 2628 5098 antiqui
2661 5024 2891 5096 septem
2941 5014 3100 5098 libri.
3148 5015 3273 5080 Vox
3304 5017 3581 5098 ἅνθρωπος
3626 5019 3689 5081 in

2043 5095 2221 5234 6editis
2250 5095 2917 5161 desiderabatur.ilnlra
2938 5095 3107 5161 Colb.
3135 5095 3437 5161 secundus
3464 5100 3686 5158 ἐκάλεσε

2074 5202 2103 5234 α
2143 5200 2335 5234 ασσας.

2041 5179 2335 5239 θαλάσσας.

2113 5257 2236 5333 (93)
2268 5256 2514 5341 Editi_et
2543 5257 2661 5341 duo
2686 5276 2829 5319 mss.
2863 5259 2918 5315 ἐν
2949 5259 3158 5341 κόσμῳ,
3190 5265 3257 5322 in
3288 5262 3534 5338 mundo,
3569 5262 3685 5324 de-

2036 5346 2293 5418 pravate.
2331 5343 2399 5399 At
2428 5338 2593 5417 Regii
2617 5340 2734 5400 duo
2766 5358 2901 5400 cum
2932 5339 3101 5403 Colb.
3145 5338 3417 5403 Secundo
3446 5353 3504 5404 et
3550 5362 3685 5407 cum

2034 5418 2211 5501 Coisl.
2234 5418 2440 5501 itidem
2462 5420 2727 5501 secundo
2751 5420 2804 5477 ἐν
2836 5423 3037 5501 σκότῳ,
3061 5423 3127 5484 in
3158 5425 3446 5497 tenebris,
3473 5441 3686 5488 emen-

2034 5500 2187 5561 date.
2221 5500 2418 5562 Codex
2451 5499 2791 5564 Combef.et
2819 5500 2915 5563 alii
2948 5499 3066 5563 duo
3096 5521 3237 5566 mss.
3274 5503 3327 5559 ἐν
3357 5503 3689 5568 σκότει,Νει

2034 5580 2110 5641 ita
2146 5580 2333 5642 multo
2369 5590 2498 5662 post
2525 5580 2790 5662 quinque
2841 5600 2986 5645 mss.
3020 5600 3156 5644 cum
3183 5583 3445 5646 editione
3501 5585 3685 5648 Basil.

2035 5664 2259 5743 ἀόρατον
2282 5660 2398 5743 καί.
2436 5660 2628 5743 Editio
2653 5660 2841 5724 νει-15.
2876 5667 2961 5719 καὶ
3006 5664 3252 5743 ἀορατον.

2073 5820 2084 5832 ⁸
2120 5740 2244 5821 (94)
2279 5739 2472 5832 Εάίίὶο
2505 5742 2688 5808 Basil.
2725 5762 2861 5806 cum
2890 5761 2998 5806 sex
3031 5739 3173 5806 mss.
3200 5742 3552 5825 φησί.Εόίῐὶο
3579 5748 3686 5809 Pa-

2035 5825 2144 5884 ris.
2180 5825 2328 5902 φασί,
2454 5832 2455 5835 “
2568 5836 2573 5839 ’
