4176 6390
363 446 436 516 3⁵7

1478 440 1798 510 HOMILIA
1849 442 1891 507 ll
1943 446 2018 509 IN
2070 440 2635 509 HEXAEMERON.

3693 446 3771 514 38

361 587 561 647 πεδόνα
631 609 711 652 τις
739 594 847 646 τῶν
881 582 1218 651 Ἐκκλησιῶν
1273 583 1577 663 προσειπὼν
1614 584 1716 662 οὐχ
1775 583 2048 662 ἀμαρτήε

2131 578 2353 653 ιίπιιηι,
2390 598 2423 639 a
2456 580 2673 640 decoro
2730 599 2849 641 non
2902 572 3251 645 aberrabit?
3287 582 3441 655 Quid
3498 586 3762 664 procula

370 701 519 736 σεται
573 676 702 756 (20)
748 684 843 733 τοῦ
898 674 1313 754 προσήκοντος,
1357 674 1416 730 Τί
1473 673 1674 750 μακρὸν
1705 671 2028 751 ἀποτρέχεις

365 769 465 835 τῆς
536 764 813 845 ἀληθείας,
877 765 1142 841 ἄνθρωπε,
1196 762 1436 840 ἀφορμὰς
1496 763 1702 835 σεαυτῷ
1762 766 1861 827 τῆς
1918 761 2027 817 ἀπ-

366 857 554 921 ωλείας
607 855 835 911 ἐπινοῶν
867 876 882 925 ;
919 846 1144 917 Ἀπλοῦς
1173 854 1200 907 ὁ
1222 850 1408 930 λόγος,
1436 853 1524 906 καὶ
1554 857 1711 907 πᾶσιν
1736 849 2023 917 εὖληπτος,

456 948 463 962 .
764 946 777 962 ρ
861 949 886 958 .-
1080 944 1090 963 ν
1368 942 1380 961 ,
1426 942 1436 961 ν
1563 940 1580 959 ι
1727 939 1771 959 κ.
1866 937 1927 957 ..ρ

368 948 625 1024 Ἀορατος
659 949 726 1012 ἦν
757 968 791 1011 η
822 967 919 1021 γη,
960 965 1111 1023 φησι.
1148 943 1237 1003 Τίς
1264 943 1297 1008 ἡ
1334 964 1470 997 αιτια
1500 961 1516 1015 ;
1590 949 1787 1008 Επειοη
1860 963 2027 996 αουσ-

370 1058 461 1091 σον
509 1038 666 1115 εἶχεν
717 1032 1139 1103 ἐπιπολάζουσαν
1194 1033 1380 1106 ἑαυτῇ,
1432 1029 1699 1092 Ἀϐύσσου
1743 1028 1796 1085 δὲ
1856 1030 2029 1086 ἔννοια

366 1126 442 1187 τίς
480 1140 495 1196 ;
530 1122 721 1200 ’Ὗδωρ
763 1122 897 1179 πολὺ
955 1120 1263 1199 δυσέφικτον
1323 1118 1455 1198 ἕχον
1512 1120 1700 1177 ἑαυτοῦ
1751 1122 1812 1175 τὸ
1864 1120 2027 1197 πέρας

370 1215 453 1269 ἐπὶ
538 1216 599 1269 τὸ
637 1214 810 1271 κάτω.
871 1209 1021 1265 Ἀλλ’
1052 1209 1293 1288 ἔγνωμεν
1317 1208 1491 1266 πολλά
1519 1216 1624 1265 τῶν
1656 1210 1923 1285 σωμάτων
1944 1202 2032 1263 καὶ

370 1302 437 1358 δι’
467 1301 654 1366 ὕδατος
711 1300 1029 1378 λεπτοτέρου
1078 1302 1166 1355 καὶ
1198 1299 1449 1377 διαυγοῦς
1496 1296 1757 1364 πολλάκις
1805 1298 2029 1377 διαφαι-

372 1394 589 1468 νόμενα,
652 1397 771 1455 Πῶς
832 1397 923 1446 οὖν
981 1386 1128 1445 οὐδὲν
1158 1388 1320 1467 μέρος
1350 1394 1449 1455 τῆς
1484 1390 1583 1465 γῆς
1632 1387 1716 1444 διὰ
1766 1394 1870 1444 τῶν
1900 1385 2031 1442 ὑδά-

374 1506 480 1539 των
554 1479 864 1558 ἐδείκνυτο,
926 1478 1061 1535 ’Ότι
1094 1478 1349 1554 ἀλαμπὴς
1402 1476 1477 1533 ἔτι
1538 1478 1627 1533 καὶ
1653 1477 2033 1551 ὲσκοτισμένος

381 1569 502 1651 (21)
528 1571 594 1637 ἧν
639 1572 665 1624 δ
696 1570 827 1637 ὑπὲρ
856 1571 1015 1625 αὐτοῦ
1073 1569 1371 1646 κεχυμένος
1432 1566 1557 1643 ἀὴρ.
1588 1564 1773 1630 Ἀκτὶς
1808 1566 1905 1642 μὲν
1936 1568 2035 1643 γὰρ

374 1659 546 1731 ἡλίου,
586 1656 647 1712 ἳι⁸
681 1656 883 1712 ὑδάτων
928 1654 1328 1735 διιεκνουμένη,
1378 1654 1606 1714 δείκνυσι
1634 1654 1893 1720 πολλάκις
1946 1656 2038 1720 τὰς

375 1752 428 1806 ὲν
476 1753 553 1819 τῷ
600 1748 744 1823 βάθει
817 1744 1083 1826 ψηφῖδας·
1117 1750 1170 1801 ἓν
1228 1748 1372 1802 νυκτὶ
1403 1743 1457 1801 δέ
1506 1768 1591 1809 τις
1634 1747 1816 1823 βάθείᾳ
1862 1742 2035 1803 οὐδενί

380 1839 444 1894 ἂν
504 1836 685 1913 τρόπῳ
754 1836 819 1891 τά
861 1837 962 1891 ὑπὸ
994 1836 1055 1890 τὸ
1086 1834 1222 1913 ὕδωρ
1280 1832 1505 1895 κατιδοι.
1543 1832 1720 1890 "uate
1751 1841 1844 1890 τοῦ
1866 1834 2036 1910 ἀόρα-

2117 669 2359 729 veritate
2394 670 2657 749 recedis,
2680 688 2714 730 ο
2743 670 3063 737 homo.tibi
3091 671 3206 751 ipsi
3231 672 3391 733 exitii
3414 691 3622 735 causas
3652 692 3758 738 ex-

2112 757 2376 836 cogitans
2401 766 2425 819 ‘t
2448 757 2710 838 Simplex
2739 769 2828 820 est
2859 760 3061 841 dictio,
3091 769 3150 823 et
3179 762 3251 823 ab
3283 762 3560 825 omnibus
3590 784 3760 827 com»-

2113 847 2401 925 prehendi
2418 846 2589 908 facile
2606 848 3558 930 potest.Erat,inquit,inviaibilis
3572 863 3759 919 terra.

2113 936 2391 1008 Quaenam
2426 946 2513 998 est
2543 953 2720 999 causa
2742 937 2772 997 ?
2797 937 2947 1010 Quia
2970 940 3392 1002 circumfusam
3445 942 3555 1004 sibi
3586 944 3760 1025 abys-

2114 1045 2249 1087 sum
2280 1026 2563 1089 habebat.
2599 1026 2748 1099 Quid
2783 1037 2979 1090 autem
3011 1028 3256 1111 abyssus
3286 1031 3575 1109 signiﬁcat
3598 1033 3623 1094 Υ
3648 1036 3762 1095 Co-

2116 1115 2345 1196 piosam
2410 1134 2646 1196 aquam,
2684 1117 2857 1196 cujus
2910 1116 3129 1179 fundus
3169 1119 3266 1179 vix
3326 1130 3519 1200 potest.
3561 1125 3765 1203 attingi

2116 1205 2394 1267 deorsum
2429 1223 2660 1267 versus.
2686 1210 2763 1267 At
2792 1206 3099 1287 complura
3126 1226 3374 1289 corpora
3398 1229 3503 1290 per
3527 1220 3765 1274 tenuem

2117 1305 2175 1355 et
2214 1294 2680 1356 translucentem
2728 1314 2941 1376 aquam
2976 1297 3206 1358 scimus
3238 1316 3352 1359 non
3385 1318 3519 1363 raro
3547 1301 3762 1365 videri.

2122 1385 2210 1444 16
2233 1384 2541 1457 Quomodo
2563 1386 2744 1465 igitur
2770 1386 2929 1447 nulla
2956 1395 3128 1448 terra).
3164 1406 3299 1466 pars
3320 1390 3428 1451 sub
3463 1400 3766 1472 aspectum

2118 1474 2376 1537 cadebat
2410 1493 2517 1554 per
2547 1476 2772 1555 aquas?
2818 1475 2965 1547 Quia
3010 1478 3232 1538 eﬁ'usus
3263 1497 3443 1559 super
3485 1499 3614 1542 eam
3638 1500 3767 1562 aer,

2122 1564 2410 1625 obscurus
2441 1564 2633 1625 adhuc
2669 1574 2817 1640 erat,
2850 1574 2909 1627 et
2961 1566 3226 1628 tenebris
3271 1568 3587 1631 obductus.
3623 1573 3770 1632 Nam

2122 1654 2267 1714 solis
2298 1654 2503 1714 radius
2536 1673 2671 1714 cum
2709 1673 2820 1735 per
2851 1673 3033 1734 aquas
3064 1665 3357 1736 penetrat,
3384 1676 3543 1738 saepe
3564 1659 3625 1720 in
3650 1661 3771 1721 imo

2122 1743 2347 1822 gurgite
2371 1743 2630 1806 calculos
2656 1744 2946 1819 ostendit;
2969 1752 3031 1805 at
3050 1746 3262 1806 veroin
3289 1747 3581 1826 profunda
3598 1759 3773 1811 nocte

2125 1851 2299 1893 nemo
2323 1851 2390 1893 ea
2414 1850 2542 1911 qua:
2577 1832 2687 1894 sub
2718 1852 2873 1914 aqua
2903 1842 3067 1908 sunt,
3090 1834 3214 1895 ullo
3245 1845 3415 1915 pacto
3445 1835 3647 1899 videre
3674 1858 3769 1917 po-

375 1949 469 1984 τον
528 1926 669 1981 εἶναι
732 1925 827 1992 τὴν
880 1928 983 2001 γῆν
1026 1924 1506 1980 κατασκεέοστικὸν
1539 1924 1651 1979 έστι
1711 1926 1771 1979 τὸ
1831 1923 2035 2000 ἐπαγό-

2131 1930 2257 1982 test.
2293 1926 2487 2002 Itaque
2510 1921 2566 1981 id
2594 1922 2751 2003 quod
2772 1911 3433 2004 subjungiturabyssus
3455 1911 3773 1989 incumbe-

619 2013 629 2032 ι
849 2011 911 2032 ww
1096 2014 1121 2033 τ
1260 2012 1279 2045 λ
1340 2014 1348 2029 ι
1767 2036 1778 2045 ,
1837 2015 1851 2032 .
1939 2011 1963 2031 η

376 2038 557 2093 μενον,
602 2015 684 2069 ὅτι
723 2014 811 2069 καὶ
843 2034 1070 2075 αουσσος
1092 2036 1160 2078 ην
1190 2014 1224 2081 ἡ
1258 2035 1529 2092 ιπεχουσα
1570 2012 1730 2092 (22),
1769 2036 1853 2070 και
1904 2035 2037 2078 αυιη

380 2105 760 2180 ἐσκοτωμένη.
847 2100 975 2160 Οὔτε
1034 2102 1123 2159 οὖν
1210 2100 1432 2167 ἄϐυσσος
1503 2101 1775 2179 δυνάμεων
1835 2102 2039 2171 πλῆθος

380 2192 785 2271 ἀντικειμένων,
829 2193 901 2255 ὣς
960 2212 1101 2255 τινες
1159 2191 1589 2270 ἐφαντασθησαν,
1662 2191 1778 2249 οὕτε
1850 2192 2041 2255 σκότος

388 2283 589 2362 ἀρχικὴ
628 2303 707 2343 τις
770 2282 856 2337 καὶ
928 2280 1136 2357 πονηρά
1183 2278 1404 2355 δύναμις
1506 2280 1901 2357 ἀντεξαγομένη
1968 2288 2044 2354 τῷ

389 2375 590 2449 ἀγαθῷ.
650 2370 753 2426 ¹δύο
804 2370 905 2447 γὰρ
966 2368 1271 2439 ἐξισάζοντα
1331 2368 1589 2438 ἀλλήλοις
1625 2369 1745 2425 κατ’
1787 2371 2044 2426 ἐναντίω-

391 2484 473 2517 σιν
531 2458 789 2540 φθαρτικὰ
836 2456 983 2514 ἔσται
1057 2457 1268 2520 πάντως
1303 2458 1401 2523 τῆς
1434 2456 1683 2524 ἀλλήλων
1716 2459 2042 2521 συστάσεως⁶

390 2553 476 2606 καὶ
538 2550 830 2627 πράγματα
888 2544 989 2611 ἕξει
1063 2545 1326 2613 διηνεκῶς
1383 2548 1471 2603 καὶ
1514 2546 1728 2627 παρέξει
1761 2548 2047 2610 ἀπαύστως

390 2642 524 2718 πρὸς
580 2636 790 2704 ἂλληλα
848 2636 1183 2715 συνεχόμενα
1216 2641 1293 2709 τῷ
1320 2635 1566 2709 πολέμῳ.
1605 2635 1712 2695 Κᾶν
1738 2634 2047 2712 ὑπερϐάλλῃ

390 2728 611 2801 δυνάμει
670 2733 777 2783 τῶν
836 2726 1217 2796 ἀντικειμένων
1269 2724 1391 2805 (23)
1428 2726 1487 2782 τὰ
1517 2726 1721 2802 ἕτερον,
1747 2724 2047 2794 δαπανητι-

2125 2010 2244 2091 bat,
2282 2019 2339 2073 et
2386 2023 2506 2072 erat
2574 2012 2844 2073 tenebris
2902 2011 3185 2094 obducta,
3220 2014 3277 2074 in
3332 2033 3506 2076 causa
3534 2025 3624 2077 est
3669 2035 3777 2079 cur

2126 2112 2287 2163 terra
2305 2100 2479 2161 fuerit
2503 2100 3059 2181 invisibilis.Neque
3092 2103 3267 2179 igitur
3286 2106 3535 2183 abyssus
3558 2105 3772 2167 adver—

2126 2190 2417 2253 sariarum
2446 2199 2800 2271 potestatum
2820 2198 2911 2251 est
2935 2191 3346 2273 multitudo,ut
3370 2194 3609 2273 quidam
3630 2195 3772 2256 ima-

2129 2281 2307 2359 ginati
2345 2289 2519 2341 sunt:
2561 2298 2755 2360 neque
2784 2279 3048 2341 tenebrae
3066 2290 3203 2341 sunt
3228 2282 3578 2362 principalis
3603 2302 3771 2362 quaa-

2130 2372 2264 2430 dam
2299 2389 2366 2430 ac
2402 2371 2551 2431 mala
2601 2369 2890 2449 potentia,
2929 2370 3085 2432 bono
3134 2373 3422 2451 opposita.
3457 2374 3582 2435 Duo
3616 2375 3774 2435 enim

2131 2459 2285 2520 inter
2306 2478 2369 2519 se
2403 2461 2826 2520 contrarietate
2857 2461 3025 2539 paria
3067 2469 3271 2521 mutuo
3305 2479 3469 2523 suam
3503 2472 3773 2525 naturam

2131 2547 2439 2609 destruent
2465 2569 2480 2628 ;
2503 2567 2569 2609 ac
2600 2549 3013 2609 indesinenter
3033 2551 3780 2634 capient,exltibebuntque

2134 2636 2453 2706 molestias,
2482 2637 2612 2716 jugi
2648 2637 2805 2697 inter
2836 2655 2899 2696 se
2949 2636 3104 2697 bello
3153 2640 3479 2718 implicata.
3528 2641 3698 2714 Quod
3729 2644 3780 2704 si

2130 2725 2569 2786 adversantium
2587 2725 2836 2786 alterum
2854 2726 3023 2787 alteri
3044 2726 3268 2787 viribus
3292 2732 3777 2807 praestet,victum

391 2821 484 2874 κον
536 2817 588 2883 ἐξ
645 2816 879 2877 ἅπαντος
910 2821 1004 2872 τοῦ
1023 2815 1374 2892 κρατηθέντος
1414 2816 1639 2893 γίνεται.
1673 2814 1853 2872 ’Ὥστε
1886 2818 1928 2871 εἰ
1954 2817 2048 2893 μὲν

2134 2815 2378 2875 omnino
2400 2813 2883 2886 absumit.Qoare
2899 2822 2947 2876 si
2974 2816 3108 2876 mali
3133 2818 3619 2881 contrarietatem
3643 2840 3776 2882 cum

393 2906 671 2985 ἰσόρῤοπον
731 2904 943 2983 λέγουσι
1001 2912 1093 2962 τοῦ
1164 2914 1332 2963 κακοῦ
1401 2906 1499 2972 τὴν
1548 2906 1680 2983 πρὸς
1742 2907 1804 2961 τὸ
1853 2905 2048 2985 ἀγαθόν

2135 2906 2290 2967 bono
2322 2905 2689 2985 aequilibrem
2753 2924 2885 2967 esse
2916 2905 3134 2977 dicant.
3171 2908 3521 2971 contionum
3557 2910 3779 2972 bellum

393 2998 730 3067 ἐναντίωσιν,
778 2995 1047 3051 ἄπαυστον
1090 2995 1361 3073 εἰσάγουσι
1422 2993 1661 3069 πόλεμον
1708 2997 1797 3051 καὶ
1829 2994 2048 3062 διηνεκῆ

2136 3004 2603 3077 perpetuamque
2622 2996 3063 3075 corruptionem
3080 2996 3781 3081 inducunt;quandoqui-

403 3088 502 3142 τὴν
579 3088 796 3167 φθορὰν,
862 3085 1194 3164 κρατούντων
1253 3083 1307 3139 ἐν
1341 3087 1486 3163 μέρει
1516 3086 1605 3140 καὶ
1650 3083 2047 3163 κρατουμένων

2136 3085 2271 3145 dein
2329 3085 2543 3163 partim
2610 3084 2873 3159 vincunt,
2914 3086 3125 3163 partim
3187 3089 3522 3149 vincuntur.
3570 3087 3701 3151 Jam
3735 3091 3785 3151 si

399 3179 442 3232 ti
503 3177 558 3231 δὲ
628 3176 880 3254 ὑπερέχει
925 3172 1141 3250 δυνάμει
1194 3175 1255 3231 τὸ
1309 3174 1527 3252 ἀγαθὸν,
1577 3176 1653 3238 τίς
1697 3176 1731 3242 ἡ
1779 3176 1915 3231 αἰτία
1958 3181 2048 3232 τοῦ

2136 3174 2361 3235 viribus
2385 3174 2693 3255 praepollet
2724 3173 2971 3251 bouum;
2999 3175 3141 3252 quid
3164 3175 3271 3237 fuit
3292 3195 3623 3249 causae,cur
3645 3179 3782 3241 mali

396 3268 498 3333 τὴν
549 3267 699 3345 φύσιν
737 3267 832 3322 τοῦ
892 3272 1061 3321 κακοῦ
1121 3265 1198 3337 μὴ
1248 3262 1525 3326 παντελῶς
1591 3262 1881 3341 ἀνῃρῆσθαι
1922 3312 1937 3337 ,
1991 3266 2044 3321 Εἰ

2137 3274 2347 3325 natura
2380 3282 2496 3324 non
2530 3263 2794 3324 funditus
2845 3262 3075 3325 sublata
3120 3265 3237 3325 sit?
3263 3264 3367 3328 Sin
3398 3266 3590 3347 aliter,
3625 3270 3782 3348 quod

397 3354 473 3434 δέ,
535 3354 562 3409 ὅ
621 3355 698 3430 μὴ
773 3352 904 3435 (24)
941 3353 1092 3429 θέμις
1125 3354 1324 3425 εἰπεῖν,
1358 3352 1608 3428 θαυμάζω
1639 3358 1753 3414 πῶς
1779 3354 1901 3432 οὖχῖ
1927 3354 2045 3432 φεύ.

2132 3372 2249 3414 nun
2278 3352 2413 3413 licet
2436 3352 2855 3426 dicere,miror
2882 3353 3184 3432 quoinodo
3205 3372 3267 3414 se
3291 3354 3402 3433 ipsi
3423 3374 3539 3417 non
3563 3356 3784 3418 abhor-

397 3466 576 3523 γουσιν
638 3445 782 3502 αὐτοὶ
840 3443 1056 3507 ἑαυτοὺς
1110 3444 1239 3521 πρὸς
1272 3441 1437 3505 οὕτως
1472 3440 1748 3516 ἀθεμίτους
1810 3440 2048 3521 βλασφη-

2132 3450 2323 3514 reant,
2350 3441 2418 3501 ad
2447 3451 2561 3501 tam
2589 3442 2841 3502 nefanda
2872 3442 3187 3504 maledicta
3212 3444 3460 3522 delapsi.
3491 3449 3561 3507 At
3588 3464 3783 3523 neque

396 3535 521 3610 μίας
586 3534 998 3612 ὑποφερόμενοι,
1073 3535 1145 3589 Οὒ
1175 3532 1284 3607 μὴν
1343 3530 1460 3587 ούδὲ
1520 3532 1665 3609 παρὰ
1697 3533 1831 3587 Θεοῦ
1856 3534 1917 3587 τὸ
1947 3552 2053 3587 κα-

396 3628 488 3681 κὸν
548 3624 647 3692 τὴν
678 3622 883 3702 γένεσιν
935 3622 1085 3702 ἔχειν
1118 3619 1328 3686 εὐσεϐές
1361 3624 1473 3677 ἔστι
1505 3620 1704 3699 λέγειν,
1739 3619 1823 3679 διὰ
1853 3621 1914 3677 τὸ
1936 3643 2053 3695 μη·-

397 3713 481 3771 δὲν
521 3718 629 3769 τῶν
679 3713 929 3768 ἐναντίων
981 3712 1123 3790 παρὰ
1162 3721 1255 3769 τοῦ
1311 3710 1551 3767 ἐναντίου
1610 3710 1868 3788 γίνεσθαι.
1922 3708 2053 3767 Οὔτε

397 3806 501 3882 γὰρ
546 3805 581 3870 ἡ
610 3804 723 3873 ζωὴ
751 3802 974 3859 θάνατον
1004 3806 1186 3880 γεννᾷ²
1224 3799 1342 3857 οὔτε
1377 3801 1438 3855 τὸ
1484 3800 1673 3863 σκότος
1701 3800 1878 3879 φωτός
1911 3799 2053 3856 ἐστιν

397 3893 567 3973 ἀρχὴ,
626 3892 743 3949 οὔτε
805 3893 840 3959 ἠ
887 3892 1040 3955 νόσος
1069 3891 1269 3969 ὑγιείας
1292 3888 1679 3969 δημιουργφὸς,
1714 3888 1835 3946 ἀλλ’
1860 3890 1914 3946 έν
1959 3889 2056 3965 μὲν

396 3995 521 4046 ταῖς
579 3978 906 4058 μεταϐολαῖς
959 3980 1067 4037 τῶν
1096 3978 1385 4037 διαθέσεων
1411 3980 1471 4036 ἐκ
1502 3980 1610 4036 τῶν
1639 3980 1891 4035 ἱναντίων
1923 3980 2053 4057 πρὸς

396 4073 463 4128 τὰ
512 4072 723 4128 ἓναντία
772 4073 825 4127 αἱ
885 4070 1264 4145 μεταστάσειςο
1313 4073 1369 4125 ἓν
1402 4068 1457 4125 δὲ
1503 4084 1627 4134 ταῖς
1661 4068 1940 4148 γενέσεσιν
1968 4070 2063 4126 οὒκ

396 4162 458 4215 ὲκ
514 4167 622 4215 τῶν
690 4159 961 4234 ἐναντίων,
1014 4159 1133 4216 ἀλλ’
1169 4160 1228 4216 ὲκ
1256 4166 1364 4216 τῶν
1392 4161 1668 4237 ὁμογενῶν
1700 4159 1923 4216 ἕκαστον
1956 4164 2065 4217 τῶν

398 4248 690 4327 γινομένων
747 4248 1091 4327 προέρχεται,
1152 4251 1209 4307 Εἰ
1280 4249 1475 4328 τοίνυν,
1538 4248 1860 4329 φησῖκίὲὃ),
1925 4252 2064 4326 μήτε

398 4338 716 4419 ἀγέννητον,
779 4339 921 4415 παρά
973 4340 1103 4394 Θεοῦ
1154 4340 1396 4416 γεγονὸς,
1452 4340 1610 4394 πόθεν
1664 4338 1782 4418 ἔχει
1829 4339 1929 4406 τὴν
1960 4341 2062 4418 φύ-

398 4451 482 4487 σιν
516 4446 533 4505 ;
594 4433 665 4487 Τὸ
714 4429 815 4507 γὰρ
872 4431 1016 4483 εἴναι
1068 4428 1135 4482 τά
1168 4428 1306 4483 κατά
1330 4425 1495 4490 οὐδεὶς
1529 4427 1745 4507 ἀντερεῖ
1770 4429 1878 4485 τῶν
1910 4450 2066 4504 μετε-

2138 3531 2358 3591 malum
2395 3550 2427 3589 a
2458 3532 2577 3591 Deo
2602 3537 2955 3608 generatum
2983 3550 3137 3612 esse,
3163 3532 3365 3594 dicere
3394 3532 3480 3593 fas
3506 3543 3612 3613 est,
3639 3555 3782 3615 pro-

2138 3628 2340 3699 pterea
2377 3620 2530 3699 quod
2557 3619 2783 3680 nullum
2812 3621 3174 3681 contrarium
3201 3639 3232 3682 a
3257 3624 3558 3683 contrario
3577 3625 3782 3702 gigna—

2139 3706 2467 3788 tur.Neque
2492 3708 2651 3768 enim
2678 3709 2795 3769 vita
2821 3719 3071 3770 mortem
3098 3720 3364 3790 generat,
3394 3730 3585 3793 neque
3613 3722 3784 3775 tene-

2141 3796 2258 3858 brae
2292 3796 2441 3857 lucis
2474 3796 2832 3877 principium
2886 3806 3045 3877 sunt,
3085 3817 3278 3879 neque
3310 3800 3551 3862 morbus
3585 3802 3784 3883 opifex

2141 3894 2230 3947 est
2247 3887 2551 3948 sanitatis:
2580 3887 2685 3947 sed
2706 3885 2766 3947 in
2790 3886 3171 3948 affectionum
3190 3890 3787 3965 commutationibus,

2141 3993 2175 4037 e
2204 3974 2520 4036 contrariis
2544 3974 2614 4035 ad
2644 3976 2954 4037 contraria
2986 3978 3131 4036 ﬁunt
3165 3978 3544 4040 transitiones
3570 4001 3583 4042 :
3610 3980 3669 4042 in
3693 4001 3795 4060 ge-

2151 4063 2561 4126 nerationibus
2594 4082 2752 4138 vero,
2791 4084 2889 4126 res
2920 4065 3173 4144 singulae
3204 4086 3335 4148 quae
3368 4068 3540 4143 ﬁunt,
3574 4088 3693 4131 non
3724 4090 3790 4130 ex

2151 4155 2597 4233 contrariis,sed
2627 4173 2697 4215 ex
2716 4155 3152 4233 congeneribus
3174 4156 3603 4235 producuntur.
3644 4163 3788 4222 Pro-

2154 4243 2315 4323 inde,
2337 4244 2634 4324 inquiunt,
2666 4244 2712 4304 si
2737 4263 2931 4325 neque
2959 4245 3284 4323 ingenitum
3311 4258 3398 4309 est
3426 4250 3792 4316 malum.ne—

2152 4352 2268 4415 que
2302 4353 2337 4395 a
2369 4337 2489 4396 Deo
2540 4335 2830 4412 genitum,
2868 4334 3026 4395 unde
3076 4342 3345 4396 naturam
3389 4335 3616 4401 habet?
3647 4341 3794 4401 Nam

2155 4423 2305 4485 male
2327 4441 2460 4485 esse
2486 4442 2659 4483 nemo
2679 4425 2813 4484 vitae
2839 4424 3135 4504 particeps
3168 4426 3653 4504 negaverit.Quid
3677 4428 3795 4506 igi-

400 4520 613 4600 χόντων
682 4525 774 4574 τοῦ
829 4518 964 4594 βίου.
1026 4518 1086 4575 Τί
1107 4520 1194 4574 οὖν
1226 4536 1401 4597 φαμεν
1439 4514 1613 4591 ς”Οτι
1644 4518 1708 4572 τὸ
1732 4517 1899 4573 κακόν
1925 4518 2048 4575 ἐστκ

2131 4522 2250 4575 itur
2265 4513 2572 4575 dicimus?
2598 4512 2808 4574 Malum
2843 4513 3067 4576 scilicet
3101 4534 3215 4575 non
3251 4516 3639 4578 substantiam
3666 4534 3801 4578 esse

401 4612 524 4690 οὐχὶ
582 4610 729 4666 οὐσία
782 4608 929 4678 ζῶσα
970 4609 1057 4665 καὶ
1097 4606 1371 4687 ἔμψυχος,
1418 4604 1558 4663 ἀλλά
1600 4603 1831 4670 διάθεσις
1864 4606 1918 4663 ἐν
1951 4613 2048 4683 eo.

2154 4603 2473 4677 viventem,
2508 4609 2607 4663 aut
2632 4602 2949 4663 animatam
2981 4626 2993 4661 :
3032 4603 3134 4665 sed
3168 4604 3383 4665 animae
3425 4605 3797 4667 affectionem

402 4700 482 4780 χῇ
553 4699 803 4762 ἐναντίως
860 4697 1063 4773 ἔγουσα
1114 4698 1245 4775 προς
1296 4696 1512 4769 ἀρετὴν,
1561 4693 1645 4754 διὰ
1687 4698 1789 4767 τήν
1818 4697 1925 4753 ἀπὸ
1969 4706 2048 4755 τοι

2146 4693 2344 4754 virtuti
2369 4691 3082 4769 contrariam,desidiosis
3103 4711 3171 4754 ac
3194 4692 3795 4776 inertibus,propter-

404 4790 572 4847 καλοῦ
596 4790 903 4846 ἀπόπτωσιν
936 4803 1052 4851 τοῖς
1084 4788 1329 4864 ῥᾳθύμοις
1366 4786 1710 4865 ἐγγινομένη,

490 4882 546 4940 5.
600 4882 683 4947 Μὴ
710 4882 882 4935 τοίνυν
916 4877 1103 4943 ἔξωθεν
1161 4880 1220 4933 τὸ
1276 4878 1441 4933 κακὸν
1516 4875 1859 4954 περισκόπει,
1923 4876 2058 4950 μηδὲ

497 5037 635 5117 (⁸20)
659 5039 896 5119 Antiqui
923 5048 1041 5099 tres
1071 5036 1209 5099 libri
1244 5040 1631 5116 ἁμαρτήσεται,
1667 5035 1829 5119 Edili
1882 5038 2062 5117 ἁμαρ-

416 5121 580 5187 τήσει.
614 5116 831 5182 Εοηιξ
891 5119 1118 5198 primus
1162 5121 1457 5197 ἁμαρτήσει
1513 5126 1602 5174 τοῦ
1662 5116 1871 5198 δέοντος
1931 5116 2067 5181 Μοι

418 5199 585 5273 Colb,
618 5196 935 5272 secundus,
974 5201 1213 5278 ἀφορμὰς
1268 5196 1445 5275 σαυτῷ
1488 5204 1585 5265 τῆς
1642 5196 1906 5273 ἀσεϐείας,
1956 5204 2070 5262 im-

415 5283 657 5358 pietatis
682 5284 1022 5343 occasiones

502 5361 623 5442 (21)
674 5360 920 5423 Veteres
966 5361 1081 5421 duo
1156 5359 1293 5420 libri
1344 5358 1792 5442 διεσκοτισμένος.
1844 5356 2072 5421 Ibidem

2146 4802 2213 4845 ea
2238 4782 2395 4863 quod
2429 4801 2462 4843 a
2493 4781 2650 4842 bono
2678 4781 3058 4858 deciderunt,
3092 4781 3367 4843 inditam.

2226 4876 2285 4937 5.
2319 4872 2537 4935 Malum
2572 4870 2769 4952 itaque.
2809 4870 3145 4934 forinsecus
3197 4890 3270 4932 ne
3304 4872 3789 4954 circumspicias,

2147 5043 2217 5114 τῇ
2253 5036 2600 5097 referretur.
2632 5030 2811 5095 Paulo
2842 5032 2993 5095 infra
3022 5032 3285 5113 quinque
3318 5050 3459 5093 mss.
3494 5032 3653 5102 ἡλίου
3677 5032 3803 5091 ὑδά-

2152 5142 2175 5173 τ
2185 5142 2253 5172 ω’)
2268 5164 2278 5175 .

2166 5142 2352 5292 Tuis”)
2399 5192 2552 5256 Εάίῐί
2612 5194 2675 5262 ἧν
2748 5194 3041 5274 ἐπέχουσι.
3102 5193 3179 5256 At
3242 5211 3382 5255 mss.
3455 5212 3557 5257 sex
3608 5197 3644 5264 ἡ
3702 5199 3807 5254 ἒπ-

2418 5354 2613 5419 Ειίἰιίο
2646 5354 2832 5416 Paris.
2868 5357 2961 5411 τοῦ
3008 5354 3391 5430 ἀντικειμένου.
3441 5355 3634 5419 Editio
3667 5374 3809 5418 vero

422 5434 801 5503 editio'Basil.
833 5450 890 5500 et
920 5449 1171 5520 quatuor
1232 5458 1372 5501 mss.
1411 5438 1581 5518 Regii
1632 5458 1764 5499 cum
1819 5447 2078 5520 utroque
2162 5438 2343 5500 Basil.
2376 5446 2427 5497 et
2451 5434 2941 5520 codeaCombef.
2977 5453 3116 5520 cum
3145 5435 3281 5496 aliis
3320 5446 3551 5520 septem
3573 5444 3678 5494 τῶν
3708 5438 3807 5491 ἀν·-

422 5522 587 5609 Golb.
630 5527 656 5578 ὁ
687 5524 815 5609 ὺπέ
847 5516 1027 5579 avie—ovs.
1064 5539 1197 5597 qum
1224 5537 1339 5609 _vox
1404 5516 1560 5609 αὐτοῦ
1584 5519 1851 5609 referri
1887 5516 2048 5609 pot—es

2165 5523 2499 5591 τικειμένων.
2528 5518 2694 5579 Coll).
2734 5516 3064 5607 primusozqi
3095 5516 3465 5609 ἀντικειμένας..

421 5604 495 5662 ad
532 5621 733 5663 vocem
759 5602 918 5679 ὕδωρ,
953 5620 1083 5680 qum
1104 5603 1277 5680 paulo
1310 5611 1450 5662 ante
1484 5600 1722 5676 legitur.
1750 5599 1942 5660 Editio
1968 5600 2078 5661 Pa-

422 5684 562 5742 risa
592 5685 721 5760 ὺπέρ
779 5686 965 5747 αὖτῆς.
1000 5680 1374 5741 Arbitramur
1433 5690 1629 5741 autem
1666 5682 1745 5740 ita
1777 5682 2072 5741 emenda-

424 5772 546 5822 tum
580 5763 652 5823 ab
677 5762 1005 5839 aliquo,qui
1038 5761 1153 5821 sibi
1183 5760 1326 5822 falso
1362 5761 1753 5839 persuasisset
1785 5778 2073 5821 necessa-

424 5842 516 5904 tio
550 5842 664 5923 legi
698 5850 974 5923 Oportere
1000 5843 1261 5919 a'3:7,<,ut
1281 5840 1396 5902 hcc
1416 5856 1747 5921 pronomen
1767 5840 1839 5901 ad
1866 5858 2068 5903 vocem

2247 5598 2372 5674 (Q4)
2403 5599 2465 5659 ln
2490 5614 2633 5659 mss.
2663 5614 2779 5656 non
2811 5595 3011 5674 paucis
3044 5595 3257 5673 legitur
3288 5597 3313 5650 ὅ
3344 5596 3503 5672 μηδέ,

2247 5600 2347 5666 (Q4
2403 5600 2465 5659 ln
2490 5614 2633 5659 mss.
2663 5614 2779 5656 non
2811 5600 3011 5674 paucis
3044 5600 3257 5673 legitur
3288 5600 3313 5650 ὅ
3344 5600 3503 5672 μηδέ,

2243 5600 2372 5775 (τὶὸζ
2402 5676 2487 5739 Ita
2521 5696 2660 5740 mss.
2699 5694 2831 5737 cum
2868 5676 3129 5737 editione
3154 5674 3333 5737 Basil.
3384 5675 3581 5738 Editio
3614 5673 3805 5739 Paris.

2156 5785 2305 5841 φασι,
