4176 6414
344 320 423 385 73

1431 314 1752 382 HOMILIA
1805 317 1894 380 III
1937 318 2021 382 IN
2066 317 2631 396 HEXAEMERON.

3645 321 3726 388 ’14

341 460 482 514 νάων
511 434 873 535 ταςΐιύλογίας
927 453 1159 535 δίδωσιν,
1217 457 1292 518 ὡς
1347 461 1440 512 τοῦ
1495 457 1612 533 περὶ
1660 458 1764 534 γῆν
1811 454 1978 512 τόπου

2080 469 2274 512 torum
2299 453 2652 530 temperiem
2669 450 3219 525 fecundetur.Quin
3233 455 3368 516 etin
3395 457 3730 520 maledictis

341 547 426 604 διὰ
452 547 546 614 τῆς
593 543 658 602 ἐν¹
686 547 890 608 τούτοις
937 545 1172 611 εὒταξίας
1232 543 1644 613 εὐθηνουμένου.
1706 541 1875 602 Ἀλλὰ
1905 546 1992 600 καὶ

344 638 397 692 ὲν
429 650 554 700 ταῖς
608 636 856 714 κατάραις
903 643 978 710 τῷ
1011 633 1226 714 ἰσραῆλ
1276 632 1424 712 (39),
1456 632 1662 691 ’Ἔσται
1721 655 1825 707 σοι,
1878 657 1990 713 φη·-

344 730 446 801 σὶν,
481 729 508 783 ὁ
538 728 668 805 ὑπὲρ
697 725 935 802 κεφαλῆς
986 730 1201 805 οὖρανος
1261 723 1540 805 χαλκοῦς,
1579 724 1638 780 Τί
1695 731 1848 780 τοῦτο
1892 721 1988 779 λέ-

345 835 495 892 γων;
548 817 655 883 Τὴν
702 814 939 884 παντελῆ
993 815 1242 893 ξηρασίαν
1294 815 1382 870 καὶ
1439 812 1710 889 ἐπίλειψιν
1760 819 1864 869 τῶν
1891 812 1988 869 ἀε-

343 907 464 978 ρίων
494 902 716 979 ὑδάτων,
737 903 837 983 ’δι’
893 905 966 960 ὧν
1018 912 1085 981 τῇ
1134 911 1206 982 γῇ
1257 905 1318 960 τὸ
1365 903 1584 983 γόνιμον
1616 908 1721 958 τῶν
1772 907 1991 981 καρπῶν

343 958 428 978 r‘“
501 958 659 966 ““*””
701 958 716 979 Σ
781 958 816 961 V'
901 958 927 960 ‘7
1032 958 1085 981 ”ι¹
1148 958 1206 982 Η·
1273 958 1310 960 7V
1380 958 1422 983 I7
1471 958 1576 978 rr‘VV
1797 958 1801 959 7
1844 958 1862 981 Γ

343 995 653 1074 ἒνυπάρχει.
708 958 891 1052 ~[Cum
925 994 1013 1051 οὖν
1053 994 1114 1050 ἐκ
1162 1003 1254 1053 τοῦ
1297 993 1516 1073 οὖρανοῦ
1564 993 1805 1074 φέρεσθαι
1854 992 1989 1072 λέγῃ

343 1083 527 1162 δρόσον
585 1083 620 1152 ἢ
665 1086 815 1141 ὑετὸν
845 1131 860 1157 ,
923 1087 1039 1162 περὶ
1090 1082 1290 1140 ὑδάτων
1342 1091 1562 1160 νοοῦμεν
1616 1082 1714 1138 ὅσα
1753 1081 1851 1150 τήν
1881 1081 1991 1138 ἅνω

347 1175 600 1255 κατέχειν
659 1172 993 1232 διατέτακται
1042 1174 1249 1254 χώραν.
1283 1172 1669 1252 Συναγομένων
1727 1173 1826 1250 γὰρ
1883 1178 1987 1228 τῶν

344 1263 738 1340 ἀναθυμιάσεων
785 1267 901 1340 περὶ
972 1265 1032 1319 τὸ
1081 1263 1237 1338 ὕψος,
1315 1265 1401 1318 καὶ
1473 1262 1832 1336 πυκνουμένου
1901 1283 1993 1317 του

343 1352 496 1432 ἀέρος
555 1369 675 1420 ταῖς
725 1354 784 1409 ἐκ
841 1359 947 1410 τῶν
1010 1354 1323 1428 πνευμάτων
1383 1351 1686 1426 πιλήσεσιν,
1721 1350 1847 1408 ὅταν
1892 1352 1991 1427 μὲν

344 1445 394 1499 αἰ
443 1443 576 1508 τέως
629 1441 920 1517 ἀτμοειδῶς
972 1444 1061 1498 καὶ
1092 1442 1301 1506 λεπτῶς
1359 1441 1744 1517 ἓνεσπαρμέναι
1791 1447 1866 1515 τῷ
1897 1441 1985 1496 νέ-

344 1556 427 1612 φει
473 1530 670 1591 νοτίδες
723 1531 984 1601 ἀλλήλαις
1035 1532 1465 1611 προσχωρήσωσι
1499 1577 1514 1604 ,
1577 1531 1830 1606 σταγόνες
1898 1531 1985 1608 γί-

2078 540 2302 618 lsraeli,
2330 541 2410 602 Et
2431 543 2574 620 erit,
2604 539 2819 622 inquit,
2849 542 2964 603 tibi
2988 542 3197 604 uatium
3225 546 3387 624 quod
3407 563 3590 625 super
3618 564 3727 610 ca-

2075 636 2578 708 putest;ameum
2600 630 2664 680 52
2712 629 2865 702 Quid
2915 632 3009 692 his
3047 632 3242 693 verbis
3264 634 3528 695 indicare
3558 637 3728 699 vult?

2073 717 2490 783 Omnimodam
2525 719 2882 793 siccitatem,
2907 727 2966 781 et
2995 738 3277 800 aquarum
3310 723 3604 785 aeriarum
3627 725 3725 786 de-

2077 809 2317 881 fectum,
2381 807 2596 888 quibus
2649 810 2849 870 telluri
2906 810 3176 872 fertilitas
3235 811 3531 874 fructuum
3577 833 3726 876 con-

2078 900 2288 960 fertur.
2315 897 2459 959 Cum
2489 897 2666 976 igitur
2697 898 2917 960 deferri
2949 899 3024 960 de
3051 901 3200 961 coelo
3225 919 3424 964 rorem
3464 912 3562 963 aut
3593 904 3726 982 plu-

2076 990 2225 1048 viam
2251 987 2549 1067 dicit,tum
2582 1005 2767 1068 aquas
2791 1007 2890 1049 eas
2913 1009 3047 1069 quae
3078 1009 3398 1070 supernam
3421 993 3725 1072 regionem

2075 1096 2368 1157 occupare
2393 1078 2577 1156 jussze
2608 1087 2765 1153 sunt,
2805 1080 3213 1156 intelligimus.
3249 1081 3532 1144 Collectis
3565 1081 3724 1144 enim

2079 1169 2134 1228 iu
2169 1166 2406 1228 sublimi
2445 1166 2780 1246 vaporibus,
2817 1177 2875 1230 et
2906 1185 3042 1229 aere
3073 1187 3178 1248 per
3206 1178 3516 1232 ventorum
3551 1191 3721 1232 com-

2080 1257 2446 1337 pressionem
2511 1256 2901 1338 condensato,
2963 1258 3063 1321 ubi
3120 1260 3526 1336 humiditates,
3563 1263 3726 1342 prius

2076 1348 2134 1408 iu
2171 1346 2412 1408 modum
2467 1347 2706 1427 vaporis
2766 1349 3146 1429 tenuiterque
3205 1351 3348 1410 nubi
3408 1354 3722 1436 inspersa),

2076 1439 2232 1498 inter
2255 1455 2319 1498 se
2345 1447 2549 1499 mutuo
2581 1437 2979 1511 cohaeserunt,
3009 1451 3149 1499 tunc
3170 1439 3495 1518 gignuntur
3520 1449 3725 1528 guttae,

2072 1527 2141 1588 ad
2165 1526 2279 1586 ima
2293 1535 2706 1590 concretorum
2725 1527 3042 1588 humorum
3066 1529 3332 1608 pondere
3346 1526 3729 1612 decidentes;

344 1644 583 1699 γνονται,
630 1627 705 1693 τῷ
734 1621 880 1697 βάρει
903 1627 1007 1676 τῶν
1040 1619 1421 1698 συγκριοέντων
1450 1618 1736 1699 φερόμεναι
1767 1620 1898 1697 πρὸς
1930 1622 1989 1674 τὸ

2080 1625 2251 1696 atque
2275 1617 2370 1677 hic
2395 1626 2485 1678 est
2505 1616 2716 1696 pluvia;
2736 1617 3074 1681 ortus.Cum
3101 1637 3239 1680 vero
3263 1621 3480 1682 humor
3500 1621 3558 1682 vi
3580 1643 3726 1686 ven-

343 1711 512 1766 κάτω·
574 1712 660 1766 καὶ
737 1711 867 1778 αὕτη
926 1713 1077 1769 ὑετοῦ
1147 1711 1374 1787 γένεσις’
1435 1707 1554 1764 ὅτον
1615 1707 1668 1763 δὲ
1725 1709 1784 1764 τὸ
1836 1709 1989 1787 ὑγρόν

2080 1715 2270 1766 torum
2300 1706 2614 1780 dissectus,
2641 1705 2701 1766 in
2737 1726 3005 1788 spumam
3029 1708 3306 1772 redactus
3331 1719 3441 1794 est,
3468 1731 3727 1794 cumque

344 1796 669 1879 ἐξαφριστῇ,
730 1814 853 1865 ταῖς
896 1802 1034 1876 βίαις
1087 1803 1193 1856 τῶν
1233 1799 1443 1874 ἀνέμων
1487 1797 1752 1854 ἀνακοπὲν
1788 1845 1803 1871 ,
1869 1798 1989 1854 εἶτα

2080 1794 2362 1874 deinceps
2384 1815 2616 1856 summe
2635 1796 3225 1874 refrigescens,totus
3247 1793 3490 1862 omnino
3512 1793 3726 1882 conge-

343 1889 414 1942 εἰν
460 1887 620 1965 ἄκρον
665 1891 1030 1968 καταψυχθὲν,
1092 1889 1215 1945 ὅλον
1280 1887 1452 1944 Βιόλοῦ
1495 1893 1669 1964 παγῇ,
1726 1887 1984 1964 θραυομέ-

341 1997 433 2030 νου
476 1985 566 2033 τού
611 1977 816 2054 νέφους,
849 1980 882 2046 ἡ
926 1981 1066 2057 χιὼν
1121 1976 1495 2058 καταφέρεται.
1530 1982 1628 2034 Καὶ
1657 1976 1821 2050 ὅλως,
1853 1977 1990 2034 κατὰ

340 2065 428 2119 τὸν
483 2065 634 2122 αὐτὸν
693 2065 870 2143 λόγον,
923 2066 1086 2132 ἔξεστί
1135 2089 1218 2124 σοι
1281 2067 1407 2145 ὂρᾷν
1454 2072 1630 2123 πᾶσαν
1675 2068 1768 2123 τοῦ
1827 2068 1989 2144 ὑγροῦ

337 2154 436 2220 τὴν
480 2155 632 2235 φύσιν
703 2158 819 2233 περὶ
862 2158 950 2212 τὸν
1003 2157 1135 2234 ὑπὲρ
1194 2155 1434 2236 κεφαλῆς
1494 2160 1650 2230 ἡμῶν
1693 2156 1821 2234 ἀέρα
1857 2178 1986 2212 συν-

340 2245 652 2320 ισταμένην,
705 2248 800 2303 Καὶ
845 2244 1032 2321 μηδεὶς
1075 2252 1144 2322 τῇ
1174 2247 1444 2325 περιεργίᾳ
1497 2252 1603 2301 τῶν
1660 2247 1779 2324 περὶ
1823 2249 1988 2324 οὖρα-

341 2341 431 2390 νοῦ
461 2334 939 2413 φιλοσοφησάντων
987 2338 1077 2391 τὸν
1108 2335 1308 2392 ἀπλιῠν
1353 2337 1438 2392 καὶ
1478 2335 1839 2393 ἀκατάσκευον
1880 2342 1989 2391 τῶν

343 2432 711 2500 πνευματικῶν
763 2424 938 2503 λόγων
998 2423 1408 2503 παραϐαλλέτω.
1471 2422 1633 2498 ’Ὂσῳ
1674 2425 1775 2502 γὰρ
1815 2426 1876 2480 τὸ
1933 2423 1988 2480 ἐν

341 2529 462 2579 τατς
495 2514 728 2592 σώφροσι
772 2514 896 2594 (40)
949 2515 1144 2578 κάλλος
1190 2521 1283 2571 τοῦ
1335 2515 1601 2592 ἑταιρικοῦ
1658 2515 1984 2592 προτιμότε-

340 2625 448 2682 ρον,
508 2611 760 2662 τοσοῦτον
803 2609 889 2662 καὶ
938 2606 1046 2662 τῶν
1101 2604 1374 2680 ἡμετέρων
1432 2602 1609 2682 λόγων
1673 2605 1806 2681 πρὸς
1859 2604 1985 2666 τοὺς

341 2692 526 2758 ἔξωθεν
573 2697 634 2751 τὸ
694 2693 962 2774 διάφορον,
1011 2697 1071 2752 0i
1119 2695 1216 2770 μὲν
1246 2694 1345 2772 γὰρ
1376 2691 1883 2771 κατηναγκασμένον
1925 2693 1989 2748 τὸ

339 2784 555 2839 πιθανὸν
594 2797 701 2848 τοῖς
734 2782 912 2863 λόγοις
943 2783 1246 2860 ἐπάγουσιν·
1296 2782 1514 2841 ἐνταῦθα
1566 2780 1620 2838 δὲ
1672 2782 1848 2860 γυμνὴ
1892 2801 1987 2836 τε-

340 2874 730 2951 χνασμάτωνὴ
783 2874 1006 2944 ἀλήθεια
1062 2875 1360 2946 πρόκειται.
1430 2877 1525 2930 Καὶ
1584 2872 1634 2929 τί
1667 2869 1751 2928 δεῖ
1809 2871 1988 2950 πράγ-

339 2985 481 3037 ματα
527 2963 679 3042 ἔχειν
728 2965 872 3038 ἡμᾶς
923 2971 984 3019 τὸ
1033 2961 1219 3038 ψευδὲς
1252 2965 1420 3018 αὐτῶν
1467 2959 1866 3042 διελέγχοντας,
1902 2964 1986 3024 οἷς

340 3052 549 3128 ἐξαρκεῖ
594 3054 686 3117 τὰς
738 3055 908 3110 αὐτῶν
960 3054 1174 3109 ἐκείνῶν
1227 3051 1436 3128 βίϐλους
1468 3050 1730 3118 ἀλληλαις
1757 3050 1987 3107 ἀντιπα-

343 3143 592 3219 ραθὲντας
626 3144 679 3198 ἐν
711 3145 912 3224 ἡσυχίᾳ
941 3145 1119 3218 πολλῇ
1163 3145 1352 3206 θεατὰς
1410 3147 1572 3201 οὔτῶν
1620 3141 1713 3197 τοῦ
1750 3139 1989 3216 πολέμου

2077 1885 2233 1946 latus
2258 1894 2368 1961 est,
2395 1893 2516 1946 tum
2539 1886 2722 1947 fracta
2745 1886 2902 1948 nube
2923 1887 3021 1948 nix
3046 1888 3445 1951 delabitur.Et
3467 1891 3528 1951 in
3553 1910 3722 1953 sum-

2077 1974 2275 2051 ma,oh
2288 1974 2562 2036 eamdem
2581 1976 2879 2038 rationem
2906 1977 3046 2038 licet
3063 1975 3165 2038 tibi
3190 1997 3428 2039 omnem
3452 1981 3723 2045 humoris

2077 2073 2342 2125 naturam
2370 2066 2596 2126 circum
2625 2084 2826 2126 aerem
2852 2067 3033 2147 capiti
3054 2077 3255 2128 nostro
3282 2078 3719 2148 superstantem

2072 2172 2343 2216 cernere.
2372 2152 2556 2216 Nemo
2575 2164 2771 2217 autem
2788 2157 3181 2236 spiritualium
3221 2177 3564 2220 sermonum
3587 2163 3727 2222 sim-

2075 2244 2396 2324 plicitatem
2417 2263 2484 2306 ac
2501 2245 2790 2308 incultum
2805 2265 2940 2307 cum
2959 2247 3300 2310 curiositate
3321 2267 3522 2311 eorum
3539 2249 3724 2330 quide

2073 2335 2223 2395 ρωΙο
2249 2335 2643 2414 philosophati
2668 2338 3415 2418 sunt,comparet.Quanto
3439 2340 3600 2403 enim
3622 2360 3726 2406 ca—

2074 2433 2293 2485 starum
2348 2423 2728 2503 pulchritudo
2769 2427 3112 2488 meretricia
3160 2429 3552 2508 prmstabilior
3610 2438 3723 2512 est,

2077 2522 2235 2573 tanto
2251 2531 2562 2575 sermones
2586 2515 2770 2574 nostri
2797 2518 3055 2577 externis
3074 2519 3453 2598 praestantJii
3471 2539 3726 2604 namque

2075 2602 2546 2682 probabilitatem
2579 2603 2632 2662 vi
2666 2611 2954 2664 extortam
2997 2608 3120 2667 suis
3165 2608 3484 2670 sententiis
3507 2602 3715 2672 Conci-

2074 2693 2255 2752 liant-
2286 2691 2381 2753 hic
2404 2710 2542 2753 vero
2566 2692 2723 2753 nuda
2747 2694 2827 2752 5|
2869 2694 3030 2755 etab
3063 2695 3336 2757 artificiis
3365 2715 3547 2759 vacua
3577 2717 3722 2778 pro-

2077 2782 2315 2861 ponitur
2337 2783 2569 2843 veritas.
2591 2781 2709 2844 Sed
2731 2781 2872 2863 quid
2894 2802 3044 2862 opus
3069 2793 3160 2846 est
3181 2804 3287 2845 nos
3311 2787 3370 2846 in
3396 2787 3727 2851 mendaciis

2077 2872 2339 2950 ipsorum
2375 2870 2751 2933 confutandis
2802 2871 3055 2951 fatigari.
3091 2873 3308 2953 quibus
3349 2875 3491 2935 satis
3523 2876 3722 2954 fuerit,

2075 2961 2124 3020 si
2158 2961 2326 3021 libris
2356 2960 2623 3041 ipsorum
2657 2961 2814 3022 inter
2843 2980 2907 3023 se
2966 2963 3218 3043 collatis,
3253 2964 3399 3026 belli
3452 2965 3721 3046 ipsorum

2073 3060 2442 3130 spectatores
2472 3050 2534 3111 in
2556 3069 2789 3110 summo
2808 3052 2930 3114 otio
2962 3053 3280 3114 sedeamus
3307 3055 3332 3114 Υ
3355 3056 3500 3118 Nam
3528 3074 3726 3138 neque

2076 3159 2325 3202 numero
2361 3140 2673 3220 pauciores
2697 3158 2891 3222 neque
2914 3141 3203 3221 dignitate
3243 3144 3583 3220 inferiores,
3620 3147 3726 3208 sed

343 3235 600 3298 καθῆσθαι
660 3234 820 3311 (11);
889 3234 1019 3291 Οὔτε
1077 3236 1176 3313 γὰρ
1249 3235 1454 3312 ἀριθμῷ
1505 3231 1801 3310 ἐλάττους,
1875 3230 1989 3286 οὔτε

2082 3230 2436 3306 loquacitate
2468 3231 2642 3292 etiam
2674 3231 2846 3311 longe
2882 3240 3233 3311 praestantes
3264 3233 3580 3297 contrariae
3610 3235 3726 3299 sibi

349 3319 605 3396 ἀξιώματι
662 3323 931 3403 ὑφειμένοι
967 3370 984 3398 ,
1043 3322 1352 3402 πολυφωνίᾳ
1421 3320 1475 3376 δὲ
1525 3322 1612 3377 καὶ
1661 3320 1804 3399 παρὰ
1859 3317 1989 3375 πολὺ

2082 3320 2352 3400 opinioni
2383 3319 2773 3398 refragantur,
2801 3320 2842 3380 ii
2863 3321 2962 3401 qui
2988 3322 3336 3385 universum
3365 3323 3531 3385 aiunt
3568 3343 3732 3386 com—

345 3408 672 3492 διαφέροντες
728 3415 856 3492 πρὸς
915 3415 1004 3469 τὸν
1057 3413 1286 3467 ἐναντιον
1344 3413 1528 3474 αὒτοϊς
1587 3409 1989 3466 ἀντικαθιστάν-

2080 3408 2239 3483 buri,
2267 3428 2333 3470 ac
2352 3411 2566 3472 iterum
2589 3429 2658 3472 ex
2681 3410 3072 3473 seminalibus
3095 3413 3449 3490 quibusdam
3480 3415 3727 3476 rationi-

340 3525 425 3560 ται
457 3502 638 3581 λόγον,
674 3506 719 3560 οἱ
751 3505 811 3558 τὸ
844 3508 947 3558 πᾶν
1006 3503 1354 3581 ἐκπυροῦσθαι
1398 3499 1669 3577 Αέγοντες,
1721 3498 1807 3552 καὶ
1865 3497 1995 3553 ἆναο

337 3590 654 3650 ϐιώσκεσθαι
715 3591 875 3648 πάλιν
930 3593 990 3648 ἐκ
1049 3598 1153 3647 τῶν
1213 3587 1588 3668 σπερματικῶν
1657 3586 1832 3665 λόγων
1891 3589 1998 3642 τῶν

338 3682 772 3758 ἐναπυμενόντων
816 3696 933 3746 τοῖς
988 3681 1393 3761 ἐκπυρωθεϊσιν·
1439 3678 1554 3735 ὅθεν
1607 3677 1695 3732 καὶ
1750 3676 1995 3755 ἀπείρους

342 3775 533 3853 φθορὰς
602 3775 806 3850 κόσμου
863 3773 948 3830 καὶ
991 3770 1399 3850 παλιγγενεσίας
1461 3768 1788 3846 εἰσάγουσιν.
1844 3763 1997 3821 Ἀλλ’

343 3863 541 3921 ἐκεῖνοι
573 3864 696 3939 μὲν,
727 3859 808 3942 ἐφ’
841 3863 1067 3941 ἑκάτερα
1107 3862 1206 3930 τῆς
1245 3859 1495 3927 ἀληθείας
1544 3855 1994 3937 ἆποσχιζόμενοι,

343 3953 482 4011 ’ἐνθεν
541 3956 628 4010 καὶ
671 3954 812 4010 ἔνθεν
856 3955 950 4016 τὰς
1011 3952 1098 4009 ἐπὶ
1138 3952 1236 4020 τὴν
1286 3949 1494 4018 πλάνην
1552 3950 1761 4010 ἑαυτοῖς
1809 3947 1996 4024 ἔκτρο-

348 4045 454 4106 πὰς
496 4043 901 4121 ἐξευρίσκουσιν.

426 4116 688 4204 9.⁴⁷Ημϊν
725 4131 849 4210 (42)
901 4130 955 4188 δὲ
1007 4134 1094 4189 καὶ
1144 4133 1274 4211 πρὸς
1319 4132 1440 4195 τοὺς
1485 4129 1590 4185 ἀπὸ
1625 4127 1723 4196 τῇς
1757 4124 1990 4211 Ἐὲκκλη-

343 4189 458 4284 σίας
504 4189 614 4278 ἐστί
658 4189 742 4282 τιέ
760 4189 945 4298 -λόγος
997 4223 1114 4300 περὶ
1331 4189 1718 4297 διακριθέντων-
1759 4189 1991 4286 ὑδάτων,

339 4311 396 4369 οἳ
432 4331 691 4390 προφασει
744 4309 1030 4387 ἀναγωγῆς
1066 4357 1080 4387 ,
1124 4311 1210 4365 καὶ
1245 4309 1531 4383 νοημάτων
1589 4305 1937 4385 ὑψηλοτέρων
1975 4351 1991 4376 ,

340 4403 411 4466 εἷς
462 4399 787 4478 ἀλληγορίας
850 4397 1166 4477 κατέφυγον,
1231 4395 1476 4472 δυνάμεις
1526 4395 1772 4474 λέγοντες
1826 4416 1996 4450 πνευ-

2083 3499 2191 3559 bus
2225 3517 2355 3580 qua:
2386 3498 2447 3560 in
2496 3498 2679 3560 rebus
2713 3500 2935 3560 exustis
2964 3511 3300 3582 remanent,
3341 3503 3718 3566 reviviscere.

2085 3588 2254 3650 Unde
2285 3587 2462 3648 etiam
2497 3586 2759 3650 inﬁnitas
2791 3588 2995 3648 mundi
3028 3592 3445 3670 corruptiones
3475 3601 3532 3652 et
3561 3611 3729 3673 rege-

2081 3679 2422 3741 nerationes
2455 3677 2767 3740 inducunt.
2805 3681 3031 3742 Verum
3053 3679 3140 3742 illi
3173 3681 3416 3760 quidem
3449 3683 3727 3760 utrinque

2082 3787 2113 3828 a
2145 3768 2391 3828 veritate
2416 3766 2638 3840 dissiti,
2675 3767 2812 3828 hinc
2870 3775 2926 3829 et
2980 3767 3121 3830 inde
3175 3768 3248 3831 ad
3305 3788 3572 3832 errorem
3608 3771 3723 3835 sibi

2081 3856 2226 3938 ipsis
2255 3857 2606 3920 diverticula
2634 3857 2969 3920 inveniunt.

2145 4116 2542 4192 9.Quinetiam
2557 4115 2769 4196 aliquis
2784 4115 2962 4178 nobia
2976 4117 3262 4180 adversus
3274 4121 3720 4184 ecclesiasticos

2080 4209 2366 4291 quosdam
2392 4207 2706 4286 scriptores
2725 4205 2799 4266 de
2823 4205 3102 4269 discretis
3123 4209 3290 4290 aquis
3315 4210 3730 4274 habendusest

2082 4317 2282 4363 sermo
2312 4320 2324 4355 :
2361 4295 2463 4374 qui
2495 4314 2788 4375 anagoges
2828 4305 2890 4358 et
2917 4297 3286 4360 sublimioris
3318 4299 3732 4381 intelligentiae

2084 4392 2325 4449 nomine
2348 4385 2827 4463 confugeruntad
2845 4387 3341 4466 allegorias.adeo
3357 4393 3730 4470 utspiritales

341 4492 574 4565 ματικὰς
722 4489 1037 4564 ἀσωμάτους
1081 4492 1347 4566 τροπικῶς
1378 4486 1438 4542 ἐκ
1467 4492 1571 4542 τῶν
1630 4483 1833 4541 ὑδάτων
1886 4506 1989 4549 ση-

2084 4487 2138 4539 ει
2171 4478 2558 4558 incorporeas
2575 4477 2822 4537 virtutes
2852 4488 3118 4539 asserant
3152 4499 3257 4560 per
3284 4499 3467 4561 aquas
3500 4482 3729 4563 tropice

344 4582 638 4657 μαίνεσθαι·
689 4580 774 4634 καὶ
817 4578 928 4637 ἅνω
978 4577 1074 4654 μὲν
1119 4576 1202 4633 ἐπὶ
1237 4584 1330 4634 τοῦ
1360 4573 1728 4653 στερεώματός
1760 4593 1990 4647 μεμενη-

349 4673 493 4728 κέναι
546 4673 640 4734 τΞις
705 4670 1032 4749 κρείττονας,
1097 4667 1242 4727 κάτω
1300 4664 1354 4722 δὲ
1398 4678 1516 4728 τοῖς
1572 4663 1854 4740 περιγείοις
1910 4662 1999 4717 καὶ

347 4761 560 4827 ὑλικοῐς
617 4761 804 4822 τόποις
863 4770 1293 4837 προσαπομεϊναι
1325 4755 1441 4830 (45)
1473 4755 1562 4818 τὰς
1598 4751 1865 4830 πονηράς.
1901 4752 1998 4806 Διὰ

344 4862 498 4911 τουτο
556 4849 641 4917 δὴ.
693 4851 840 4929 φασὶ,
896 4850 985 4905 καὶ
1037 4848 1102 4905 τὰ
1155 4846 1334 4903 ἐπάνω
1390 4846 1489 4901 τῶν
1549 4845 1781 4919 οὐρανῶν
1823 4838 1987 4897 ὕδατα

345 4944 509 4998 αἰνεῖν
580 4939 668 4995 τὸν
727 4939 879 4996 Θεόι·
953 4937 1187 4994 τουτέστι
1224 4983 1241 5008 ,
1313 4935 1405 4998 τὰς
1467 4933 1664 5012 Ξιγαθὰς
1738 4929 1983 5004 δυνάμεις

345 5030 484 5096 ἀξίας
532 5031 690 5094 οὔσας
743 5027 826 5085 διὰ
868 5027 1206 5105 καθάρότητα
1248 5032 1339 5081 τοῦ
1359 5027 1685 5102 ἡγεμονικοῦ
1714 5022 1807 5077 τὸν
1851 5019 1986 5099 πρέ-

421 5195 474 5248 5¹
511 5194 683 5258 Deut.
713 5211 895 5271 xxvii,
931 5191 1007 5256 23

431 5357 558 5438 (39)
590 5360 682 5420 Ita
712 5355 857 5418 editi
887 5374 1024 5419 cum
1058 5356 1210 5438 Reg.
1247 5353 1419 5438 tertio
1444 5361 1504 5438 et
1533 5371 1669 5414 cum
1691 5351 1989 5438 Atloisl.‘v_e_:

352 5432 617 5500 tus'tiore.
645 5439 793 5516 Reg.
820 5445 1028 5498 sextus
1051 5443 1127 5511 τῷ
1165 5435 1377 5511 Ἰσραὴλ
1408 5435 1659 5516 δῖἸερεμ,
1691 5432 1989 5494 ἔσται.ΑΙίί

347 5513 770 5608 quatuor_mss'.
806 5517 1034 5608 habent
1053 5518 1299 5608 Ἱερεμίᾳ*
1310 5533 1415 5608 pro
1439 5513 1679 5608 Ἰσραὴλ,

431 5599 562 5678 (40)
591 5598 745 5660 Editi
779 5609 838 5658 et
875 5597 1060 5660 Cois].
1115 5595 1400 5659 vetustior
1449 5596 1710 5678 ἐνμταϊς-
1733 5595 1989 5675 σώφροσι.

346 5673 461 5743 Alii
492 5673 721 5760 septem
768 5695 911 5740 mss.
960 5679 1015 5732 ἐν
1043 5690 1163 5742 τοῖς
1194 5678 1451 5756 σώφροσι.
1503 5675 1636 5740 Mox
1677 5673 1794 5737 duo
1830 5673 1990 5737 ’mss.

344 5759 580 5830 τοσούτῴ
607 5759 717 5822 καί,

2083 4567 2407 4644 significari
2437 4587 2450 4628 :
2477 4571 2790 4626 etsursum
2818 4567 3057 4647 quidem
3079 4586 3257 4650 supra
3281 4571 3725 4633 ﬁrmamentum

2086 4663 2371 4718 mansisse
2397 4653 3178 4734 praestabilioresﬁeorsum
3199 4659 3411 4719 veroin
3427 4662 3730 4721 terrestri-

2083 4747 2193 4807 bus
2213 4746 2547 4826 crassisque
2560 4744 2704 4805 locis
2722 4745 3012 4822 malignas
3028 4747 3242 4808 subsed
3255 4746 3725 4828 isse.Propterea

2072 4838 2274 4897 (licunt
2309 4841 2366 4894 et
2396 4851 2496 4895 eas
2525 4852 2708 4914 aquas
2739 4853 2872 4914 quae
2902 4853 3078 4914 supra
3109 4835 3292 4896 caelos
3323 4837 3527 4898 locatae
3557 4848 3721 4913 sunt,

2075 4930 2262 4990 Deum
2289 4922 2679 5002 laudare,hoc
2702 4921 3011 4995 est,bonas
3037 4925 3460 5005 potestates,ob
3488 4927 3717 4989 mentis

2074 5014 2420 5077 munditiam
2438 5012 2798 5093 dignasquaa
2809 5013 3264 5102 convenientem
3279 5013 3729 5102 Conditorilau-

2152 5349 2278 5425 (41)
2316 5347 2464 5422 Reg.
2498 5350 2699 5425 sextus
2733 5341 2968 5416 πολέμου
2985 5343 3362 5425 καθίστασθαι.

2155 5421 2279 5507 (42)
2311 5429 2376 5488 In
2411 5421 2683 5507 confesso
2728 5429 2816 5482 est
2845 5421 3002 5507 apud
3021 5441 3244 5507 omnes
3277 5432 3401 5507 tum
3449 5426 3725 5507 antiquos

2075 5501 2196 5572 tum
2226 5505 2590 5568 recentiores
2623 5501 2716 5563 hic
2743 5501 2982 5581 coargui
3006 5503 3352 5585 Origenem.
3378 5505 3531 5583 Lege
3547 5501 3721 5567 Pi'aef.

2082 5610 2250 5653 num.
2277 5586 2378 5649 93.

2161 5667 2285 5747 (43)
2327 5671 2471 5745 Reg.
2505 5669 2706 5725 sextus
2725 5680 3176 5742 προσαναμεϊναι,
