4176 6396
442 355 521 419 75
1825 321 1888 415 δέ
1933 350 2089 415 BASI

2189 351 2210 413 Ι
2263 349 2504 415 MAGNI
3759 351 3838 416 76

441 490 578 552 dem
608 487 931 550 exsolvant:
960 503 1145 562 aquas
1170 503 1309 546 vero
1337 487 1490 547 intra
1513 489 1698 548 ccelos
1716 487 2089 559 constitutas,

2183 511 2348 546 ποντα
2380 488 2534 544 αἶνον
2570 485 2688 565 (44)
2733 485 3038 544 ἀποδιδόναι
3083 491 3156 561 τῷ
3185 488 3438 543 κτίσαντι·
3475 489 3541 543 τὰ
3591 485 3644 542 δὲ
3692 488 3832 544 ὑπο-

443 577 740 662 spiritales
773 575 1170 655 malignitates
1207 595 1368 650 esse,
1397 596 1429 638 a
1453 577 1709 638 naturali
1731 577 2089 639 sublimitate

2183 578 2326 635 κάτω
2381 579 2488 634 τῶν
2529 579 2759 655 οὒρανῶν
2818 574 2980 633 ὕδατα
3029 577 3093 633 τὰ
3155 577 3489 652 πνευματικὰ
3543 581 3681 633 εἶναι
3730 579 3830 644 τῆς

431 669 502 731 ad
543 668 720 730 imam
757 666 1087 747 nequitiam
1125 666 1399 747 delapsas
1428 687 1440 728 :
1468 685 1638 744 quas,
1667 673 1871 749 utpote
1894 666 2089 728 turbu-

2183 669 2459 744 πονηρίας,
2495 667 2600 723 ἀπὸ
2656 673 2747 722 τοῦ
2807 667 2944 722 κατὰ
2995 668 3145 746 φύσιν
3196 666 3361 742 ὕψους
3392 668 3464 730 εἷς
3493 668 3552 723 τὸ
3582 669 3677 733 τῆς
3723 689 3830 723 κα-

437 761 641 822 lentas
687 756 1120 837 seditiosasque
1148 765 1206 818 et
1230 757 1551 818 aﬂ‘ectuum
1601 757 1951 818 tumultibus
1984 776 2089 818 ex-

2183 758 2293 822 κίας
2321 758 2476 833 βάθος
2509 759 2902 813 καταπεσόνταο
2965 756 3123 835 ἅπερ,
3156 757 3230 820 ὡς
3259 754 3554 834 ταραχώδη
3587 753 3714 813 ὄντα
3745 757 3832 812 καὶ

433 859 776 924 aestuantes,
799 848 1022 909 docent
1045 847 1231 910 maris
1253 847 1498 908 nomine
1530 848 1712 910 fuisse
1735 857 1986 918 vocatas,
2013 846 2089 908 ob

2183 847 2552 926 στασιαστικὰ,
2602 847 2688 901 καὶ
2756 859 2871 907 τοῖς
2929 843 3164 922 θορύὸοις
3224 848 3330 902 τῶν
3387 848 3570 901 παθῶν
3628 868 3829 921 κυμαι-

439 949 706 1003 motuum
725 958 758 1000 a
781 938 1089 999 voluntate
1110 937 1613 1016 proﬁciscentium
1647 938 2089 999 instabilitatem

435 1039 613 1112 atque
644 1026 1138 1090 inconstantiam.
1172 1027 1314 1089 Tale
1349 1045 1524 1106 porro
1571 1045 1879 1089 sermones
1913 1025 2091 1087 veluti

436 1119 806 1181 somniorum
843 1117 1366 1196 interpretationes
1402 1124 1457 1176 et
1485 1116 1675 1178 aniles
1691 1117 1918 1179 fabulas
1950 1117 2089 1194 reji-

437 1210 911 1288 cientes,aquam
933 1225 1146 1285 aquam
1174 1205 1665 1284 intelligamus,et
1687 1208 2082 1268 secretionem

439 1317 473 1360 a
502 1300 882 1362 ﬁrmamento
916 1295 1128 1357 factam
1149 1295 1317 1375 juxta
1346 1296 1580 1356 allatam
1615 1297 1903 1357 rationem
1924 1295 2088 1357 acci-

439 1389 927 1468 piamus.Verum
954 1385 1191 1446 etiamsi
1218 1404 1385 1463 aqua:
1407 1384 1525 1446 illa:
1548 1404 1726 1466 supra
1748 1387 1929 1448 ccelos
1951 1405 2088 1448 con-

435 1477 658 1538 stitutae
690 1492 1124 1554 nonnunquam
1157 1474 1227 1534 ad
1265 1475 1673 1536 universorum
1707 1494 2087 1537 communem

442 1565 763 1629 Dominum
788 1563 1147 1625 laudandum
1173 1563 1715 1639 adhibeantur;non
1741 1566 1963 1632 idcirco
1991 1584 2090 1626 eas

440 1665 710 1718 naturam
729 1653 1078 1716 rationalem
1106 1672 1236 1716 esse
1258 1657 1769 1736 putamus.Neque
1786 1658 1943 1718 enim
1965 1655 2090 1716 ani-

442 1746 579 1808 mati
612 1751 749 1806 sunt
780 1743 939 1817 cmli,
972 1761 1042 1803 eo
1069 1742 1222 1822 quod
1251 1745 1358 1805 Dei
1374 1754 1674 1807 enarrant
1697 1747 1960 1825 gloriam
1983 1747 2082 1804 ὅδε

2177 935 2372 1011 νόμενα
2409 982 2423 1008 ,
2474 935 2749 992 θάλασσαν
2805 935 3112 1009 ὠνομάσθαι
3167 933 3251 990 διὰ
3322 935 3382 990 τὸ
3433 931 3832 1010 εὖμετάόλητον

2177 1026 2262 1082 καὶ
2317 1024 2541 1082 ἄστατον
2601 1028 2706 1082 τῶν
2765 1025 2900 1080 κατὰ
2959 1023 3258 1103 προαίρεσίν
3315 1023 3648 1099 κινημάτων,
3697 1025 3831 1086 Τοὺς

2177 1113 2242 1182 δὴ
2297 1115 2564 1178 τοιούτουῖ
2641 1113 2831 1192 λόγους
2895 1116 2966 1176 ὡς
3029 1114 3320 1190 ὀνειράτων
3384 1114 3684 1192 συγκρίσεις
3743 1115 3831 1170 καὶ

2170 1203 2424 1284 γραώδεις
2482 1207 2672 1279 μύθους
2727 1204 3208 1283 ἀποπεμψάμενοι,
3254 1205 3314 1260 τὸ
3364 1201 3498 1278 ὕδωρ
3528 1201 3663 1282 ὕδωρ
3709 1205 3835 1273 νοή-

2174 1295 2470 1373 σωμεν,καὶ
2498 1293 2597 1360 τὴν
2630 1292 2887 1372 διάκρισιν
2931 1295 3027 1359 τὴν
3062 1295 3158 1350 ὕπὸ
3183 1302 3275 1352 τοῦ
3323 1293 3693 1372 στερεώματος
3726 1314 3828 1370 γι-

2174 1384 2400 1459 νομένην
2433 1385 2567 1440 κατὰ
2599 1385 2694 1450 τὴν
2726 1381 3076 1440 ἀποδοθεῖσαν
3132 1385 3300 1440 αἰτίαν
3350 1382 3616 1458 δεξώμεθα
3672 1383 3828 1459 (45).

2179 1476 2274 1531 Καὶ
2329 1473 2511 1548 μέντοι
2548 1522 2563 1548 ,
2624 1471 2720 1528 κᾶν
2793 1474 2866 1537 εἷς
2927 1472 3229 1551 δοξολογίαν
3289 1474 3419 1530 ποτὲ
3491 1481 3583 1530 τοῦ
3651 1481 3832 1532 κοινοῦ

2173 1568 2279 1619 τῶν
2311 1562 2449 1619 ὅλων
2486 1562 2754 1621 Δεσπότου
2798 1563 2863 1618 τὰ
2915 1563 3155 1638 ὕπεράνω
3198 1569 3304 1619 τῶν
3360 1564 3593 1642 οὖρανῶν
3650 1585 3828 1640 παρα-

2173 1650 2512 1728 λαμϐάνηται
2596 1649 2781 1726 ὕδατα,
2858 1654 2917 1708 οὗ
2993 1651 3220 1730 λογικὴτ
3275 1653 3404 1711 αὐτὰ
3461 1653 3612 1731 φύσιν
3687 1655 3830 1731 παρὰ

2173 1749 2328 1800 τοῦτο
2375 1741 2643 1816 τιθέμεθα.
2680 1741 2813 1799 Οὔτε
2869 1743 2968 1821 γὰρ
3013 1743 3060 1798 οἱ
3119 1741 3326 1816 ούρανοὶ
3388 1741 3650 1822 ἔμψυχοι,
3687 1741 3830 1798 ἔπει-

440 1852 636 1916 neque
661 1834 1100 1895 ﬁrmamentum
1126 1833 1343 1896 animal
1360 1843 1449 1896 est
1473 1854 1651 1896 sensu
1673 1835 2087 1916 praaditum,eo

2183 1829 2237 1899 δὴ
2299 1839 2617 1910 Διηγοῦνται
2703 1829 2854 1896 δόξαν
2949 1840 3104 1889 Θεοῦ⁶
3180 1831 3295 1888 οὔτε
3395 1833 3456 1888 τὸ
3549 1831 3826 1909 στερέωμα

438 1924 598 2006 quod
617 1923 774 2001 Opus
785 1939 1074 1985 manuum
1087 1926 1278 2003 ipsius
1292 1927 1624 1988 annuntiat
1647 1927 1711 1976 54
1759 1923 1831 1988 Et
1856 1924 1904 1986 si
1928 1925 2085 1985 dicat

2183 1921 2302 1992 ζῶόν
2361 1920 2503 1976 ἐστιν
2564 1923 2892 2000 αἰσθητικὸν,
2941 1920 3127 1990 Ιεπειδὴ
3188 1919 3536 2000 Ἀναγγέλλει
3608 1919 3824 1987 ποίησιν

439 2013 575 2096 quis
592 2013 772 2075 cmlos
790 2013 1028 2094 quidem
1045 2031 1176 2074 esse
1198 2015 1686 2096 contemplativas
1705 2016 2082 2096 virtutes,ﬁr-

2183 2016 2272 2067 ςῶν
2329 2011 2529 2090 χειρῶν
2592 2009 2766 2068 αὖτοῦ.
2834 2009 2941 2068 Κᾶν
2998 2010 3130 2089 λέγῃ
3175 2032 3253 2073 τις
3306 2011 3555 2088 οὖρανοὺς
3588 2009 3685 2084 μὲν
3733 2014 3825 2066 εἷο

441 2111 806 2164 mamentum
833 2120 970 2163 vero
996 2110 1318 2181 potestates
1333 2114 1697 2172 actuosas.et
1721 2124 1925 2166 eorum
1955 2123 2085 2182 quae

2183 2123 2250 2156 mu.
2281 2101 2375 2160 τὰς
2406 2100 2733 2175 θεωρητικὰς
2793 2097 3063 2175 δυνάμεις,
3126 2099 3402 2180 στερέωμα
3454 2098 3508 2154 δὲ
3554 2101 3648 2164 τὰς
3679 2122 3824 2179 πρα-

438 2191 652 2255 decent
682 2191 1012 2252 eﬁ‘ectrices
1052 2215 1065 2249 :
1107 2191 1264 2254 hunc
1298 2211 1634 2256 sermonem
1670 2194 1910 2275 quidem
1949 2203 2082 2254 tan-

2183 2189 2349 2251 ιτίκὰς
2409 2191 2496 2245 καὶ
2540 2189 2827 2257 ποιητικὰς
2868 2196 2975 2245 τῶν
3033 2191 3399 2266 καθηκόντων,
3474 2193 3547 2252 ὡς
3618 2210 3825 2264 κεκομ-

439 2300 614 2364 quam
629 2279 881 2341 solerter
893 2282 1211 2344 conﬁctum
1227 2283 1718 2364 suscipimus.sed
1736 2303 1936 2344 verum
1955 2301 2086 2344 esse

2183 2278 2434 2355 φευμένον
2479 2279 2575 2354 μὲν
2632 2281 2724 2336 τὸν
2779 2278 2941 2357 λόγον
2999 2279 3404 2360 ἆποδεχόμσθα,
3453 2278 3629 2346 ἀληθῆ
3660 2278 3711 2336 δὲ
3744 2280 3829 2335 εἷο

441 2389 561 2431 non
577 2369 821 2431 omnino
843 2370 1374 2436 concedemus.Sic
1397 2375 1554 2434 enim
1573 2381 1831 2448 etros,et
1850 2373 2084 2455 pruina,

2183 2393 2256 2425 ναι
2301 2370 2360 2426 οὒ
2404 2370 2541 2426 πάνυ
2592 2392 2641 2426 τι
2699 2367 2962 2445 δώσομεν.
3000 2368 3148 2428 Ούτω
3198 2371 3297 2449 γὰρ
3357 2369 3419 2425 ἂν
3471 2371 3562 2426 καὶ
3594 2367 3772 2444 δρόσος
3805 2415 3824 2444 ,

442 2469 498 2521 et
519 2459 723 2539 frigus,
746 2467 803 2520 et
833 2467 1040 2541 azstus,
1068 2470 1384 2542 propterea
1408 2464 1566 2541 quod
1594 2464 1748 2544 apud
1779 2463 2088 2528 Danielem

2183 2461 2260 2516 ui
2289 2460 2503 2540 πάχνη,
2540 2462 2627 2516 καὶ
2658 2466 2859 2540 ψῦχος,
2907 2461 2993 2516 καὶ
3025 2467 3222 2536 καῦμα,
3259 2458 3443 2527 ἐπειδὴ
3470 2461 3658 2534 ὑμνεῖν
3691 2459 3826 2538 περὰ

438 2544 688 2610 laudare
715 2549 1126 2611 universorum
1159 2552 1448 2631 Opiﬁcem
1476 2553 1643 2632 jussa
1661 2556 1777 2615 sint
1798 2555 1884 2630 55,
1918 2559 2089 2614 erunt

2183 2557 2250 2624 τῷ
2298 2549 2498 2618 Δανιὴλ
2547 2547 2670 2631 (46)
2704 2553 2794 2607 τὸν
2826 2555 2931 2606 τῶν
2961 2547 3100 2605 ὅλων
3151 2558 3489 2626 Δημιουργον
3522 2549 3820 2626 επετάχθη,

443 2637 771 2722 spiritualis
802 2639 1072 2720 quaedam
1107 2648 1165 2703 et
1196 2640 1518 2704 invisibilis
1553 2653 1788 2708 natura.
1817 2643 1932 2707 Sed
1965 2643 2089 2704 haec

2183 2640 2329 2718 νοερά
2377 2662 2456 2701 τις
2512 2639 2660 2697 ἔσται
2705 2642 2790 2700 καὶ
2843 2640 3064 2718 ἀόρατος
3123 2638 3297 2717 φύσις.
3345 2635 3494 2693 Ἀλλ’
3528 2639 3555 2691 ὃ
3603 2637 3656 2692 ἐν
3697 2636 3825 2691 τού-

443 2725 726 2808 loquendi
755 2728 933 2810 ratio,
966 2727 1018 2790 si
1044 2729 1104 2791 in
1137 2730 1256 2791 illis
1288 2729 1436 2792 locis
1481 2750 1515 2792 a
1568 2733 1880 2812 sagacibus
1916 2733 2089 2794 modo

2183 2750 2288 2794 τοις
2349 2727 2542 2810 λόγος,
2598 2731 2742 2808 παρὰ
2797 2731 2900 2784 τῶν
2965 2734 3084 2783 νοῦν
3141 2725 3380 2805 ἑχόντων
3411 2723 3823 2812 τεθεωρημένως

441 2816 1376 2898 spiritaliaccipiatur,Creatoris
1393 2811 1788 2885 laudationem
1805 2822 2088 2902 complet.

2183 2816 2664 2895 ἱκλαμϐανόμενος,
2725 2815 3174 2894 ουμπληρωτικός
3231 2814 3344 2870 ἐστι
3371 2815 3496 2892 (47)
3527 2819 3619 2888 τῇς
3666 2811 3819 2878 δοξο-

440 2905 673 2968 Etenim
698 2925 816 2968 non
834 2905 1026 2969 solum
1039 2927 1190 2990 aqua
1207 2928 1389 2989 supra
1406 2912 1588 2973 oculos
1609 2911 2089 2994 reposita56,tan-

2183 2907 2358 2986 λογίας
2403 2916 2495 2966 τοῦ
2543 2909 2841 2969 κτίσαντος.
2897 2907 2968 2962 Οὐ
3028 2906 3190 2979 μόνον
3242 2905 3341 2982 γὰρ
3385 2905 3446 2960 τὸ
3493 2903 3673 2994 ἓπάνω
3716 2904 3823 2959 τῶν

444 3015 618 3079 quam
639 3015 771 3079 qua:
785 2997 1104 3078 praecipuis
1134 2999 1470 3062 honoribus
1500 2999 1575 3063 ob
1607 2990 2000 3082 praestantiam
2029 3001 2089 3062 in

2183 3000 2408 3076 οὖρανῶν
2468 2995 2628 3075 ὕδωρ,
2669 2998 2741 3061 ὡς
2788 2995 3192 3076 προηγούμενον
3226 2994 3353 3058 ταῖς
3396 3005 3581 3067 τιμαῖς
3614 2990 3697 3048 διὰ
3729 2993 3824 3059 τὴν

442 3104 506 3148 se
522 3104 591 3147 ex
611 3088 831 3148 virtute
855 3085 1213 3148 insidentem
1239 3089 1834 3171 condecoretur,Deo
1852 3091 2088 3152 tandem

2183 3085 2226 3152 ἑξ
2270 3087 2464 3164 ἀρετῆς
2511 3093 2805 3163 προσοῦσαν
2850 3087 2992 3160 αὖτῷ
3023 3084 3298 3164 ὑπεροχὴν
3328 3091 3404 3158 τῷ
3435 3089 3550 3158 Θεῷ
3581 3084 3673 3138 τὸν
3732 3084 3821 3138 αἷ-

444 3174 762 3257 persolvit:
790 3175 895 3236 sed
916 3176 1118 3257 etiam,
1146 3179 1423 3241 Laudate
1444 3197 1576 3241 eum
1593 3229 1608 3254 ,
1641 3179 1856 3260 inquit,
1886 3188 1937 3241 et
1956 3197 2089 3260 qua

2183 3199 2262 3234 νον
2292 3173 2626 3252 ἆιιοπληροτ,
2669 3174 2813 3252 ἀλλ’,
2863 3177 3068 3232 Αἰνεῖτε
3127 3175 3226 3252 γὰρ
3276 3173 3459 3251 αὐτὸν,
3518 3174 3669 3250 φησὶ,
3735 3172 3822 3227 καὶ

444 3282 521 3328 ea:
542 3270 706 3327 terra
726 3265 1190 3344 estis,dracones
1209 3274 1264 3330 et
1287 3285 1493 3332 omnes
1515 3259 1776 3350 abyssi?!
1807 3259 2002 3342 Quare
2034 3279 2089 3331 et

2183 3266 2236 3322 τὰ
2311 3265 2372 3321 ἐκ
2441 3265 2535 3333 τῆς
2605 3267 2708 3343 γῆς
2743 3313 2759 3339 ,
2821 3262 3098 3342 δράκοντες
3179 3266 3266 3319 καὶ
3323 3269 3489 3319 πᾶσαι
3577 3259 3818 3321 ἂόυσσοι.

443 3353 689 3434 abyssus
719 3372 893 3435 quam
945 3354 1005 3415 in
1054 3359 1316 3434 pejorem
1346 3359 1436 3418 52
1473 3367 1699 3438 partem
1740 3359 1776 3420 ii
1808 3360 1906 3438 qui
1938 3359 2088 3419 alle-

441 3442 627 3522 goriis
674 3451 947 3518 utuntur,
982 3445 1343 3524 rejecerant,
1381 3466 1456 3508 ne
1491 3449 1618 3527 ipsa
1648 3449 1884 3529 quidem
1921 3449 2086 3511 Psal-

444 3550 679 3595 morum
706 3532 932 3594 cantori
958 3532 1076 3595 visa
1108 3544 1198 3597 est
1217 3536 1623 3618 aspernabilis
1644 3547 1700 3599 et
1723 3538 2084 3616 reiectanea,

443 3621 657 3684 cumin
670 3641 1052 3685 communem
1072 3623 1254 3687 ascita
1281 3625 1358 3688 sit
1379 3625 1629 3689 chorum
1655 3635 2082 3689 creaturarum:

440 3710 567 3773 imo
598 3710 777 3773 etiam
841 3711 940 3773 illa
982 3731 1088 3793 pro
1150 3713 1335 3776 indito
1379 3714 1492 3776 sibi
1557 3716 1733 3777 modo
1794 3718 2089 3780 concinne

441 3801 798 3883 hymnorum
832 3809 1068 3863 cantum
1102 3801 1364 3884 impertit
1394 3803 1723 3867 Conditori.

526 3889 713 3952 10.15!
726 3889 881 3952 vidit
892 3889 1232 3970 Deus,quia
1246 3891 1565 3972 pulchrum
1585 3895 1969 3960 est58.0culis
1985 3898 2087 3961 Dei

439 3977 875 4060 jucunditatsm
908 3996 1006 4067 res
1029 3977 1104 4040 ab
1138 3978 1268 4060 ipso
1315 3979 1484 4042 tactae
1534 4002 1905 4067 nequaquam
1939 3988 2088 4048 affe-

442 4076 616 4132 runt:
650 4086 844 4149 neque
873 4065 1013 4156 talis
1032 4073 1124 4129 est
1149 4068 1309 4150 apud
1343 4069 1536 4151 ipsum
1571 4065 1772 4136 rerum
1805 4075 2090 4156 pulchra-

444 4177 582 4222 rum
617 4154 1098 4245 commendatio,
1116 4157 1307 4238 qualis
1349 4161 1503 4241 apud
1541 4182 1686 4227 nos:
1725 4154 1828 4226 setl
1864 4164 1920 4225 id
1954 4167 2090 4245 pul—

445 4249 663 4335 chrum
693 4251 807 4325 est,
841 4244 1000 4326 quod
1031 4244 1106 4308 ad
1140 4247 1288 4310 artis
1339 4252 1627 4314 rationem
1678 4244 2002 4335 perfectum
2038 4265 2095 4318 et

447 4333 788 4402 absolutum
820 4340 934 4408 est,
961 4343 1143 4414 atque
1191 4340 1265 4400 ad
1320 4339 1452 4402 tinis
1513 4333 1822 4406 utilitatem
1875 4345 2090 4409 tendit.

447 4422 562 4500 Qui
590 4421 774 4512 igitur
798 4422 1178 4488 manifestum
1215 4447 1420 4491 eorum
1455 4451 1582 4512 quae
1605 4433 1750 4495 ﬁunt
1785 4435 1962 4496 ﬁnem
1983 4435 2095 4498 sibi

442 4511 777 4605 proposuit,
817 4531 914 4605 res
971 4513 1234 4594 singulas
1273 4519 1357 4581 uti
1411 4511 1586 4583 ﬁnem
1623 4525 1994 4605 complentes
2019 4525 2090 4586 ad

445 4602 591 4693 artis
611 4620 732 4666 sua;
756 4604 1015 4667 rationes
1033 4623 1497 4685 recognoscens,
1533 4602 1961 4693 comprobavit.
1997 4614 2094 4676 Et-

446 4692 608 4756 enim
637 4693 686 4755 si
718 4712 926 4757 manus
954 4713 1251 4774 seorsum,
1285 4707 1388 4761 aut
1428 4701 1637 4762 oculus
1665 4692 1959 4782 privatim,
1994 4714 2094 4767 aut

524 4871 762 4940 53pm].
789 4889 963 4952 XVIII,
995 4873 1056 4937 2.
1142 4875 1206 4927 5‘
1227 4875 1380 4938 ibid.
1465 4876 1532 4928 55
1560 4876 1707 4942 Dan.
1745 4896 1827 4958 III,
1863 4879 1964 4955 67,
1998 4882 2099 4948 68.

525 5050 655 5131 (44)
680 5052 766 5115 ιιι
796 5067 944 5113 mss.
969 5057 1128 5116 octo.
1162 5049 1322 5115 Edili
1351 5053 1617 5131 πρέποντα
1641 5055 1825 5131 ὕμνον,

677 5132 825 5211 Reg.
858 5139 1057 5195 sextus
1086 5134 1374 5212 γινομένην
1402 5136 1538 5191 κατὰ
1590 5137 1687 5204 τὴν
1727 5136 1968 5195 δοθεῖσαν
2001 5139 2089 5193 αἱ-

448 5216 560 5271 τίαν
591 5211 868 5287 δεξόμεθα,

529 5292 645 5371 (46)
678 5290 829 5376 Reg.
863 5299 1064 5376 sextus
1082 5317 1230 5376 παρα
1264 5304 1353 5353 τοῦ
1389 5307 1515 5358 sum.
1555 5297 1762 5358 Statim
1795 5315 1922 5374 reg.
1962 5297 2086 5376 pri-

448 5393 581 5437 mus
610 5379 714 5430 τῶν
747 5371 884 5429 ὅλων
917 5375 1046 5430 Θεὸν
1077 5371 1222 5435 tm.

528 5454 656 5531 (47)
689 5451 815 5516 Duo
845 5471 987 5518 mss.
1015 5473 1047 5516 e
1070 5457 1284 5518 nostris
1306 5473 1442 5518 cum
1473 5454 2086 5532 Combet‘.aopn)r,pm-

444 5539 588 5601 τικὸς
634 5535 803 5596 ἔσται.
846 5537 974 5599 Nec
1018 5535 1099 5597 ita
1147 5537 1329 5598 multo
1364 5545 1524 5615 post
1575 5535 1718 5597 editi
1770 5555 1902 5596 cum
1941 5537 2088 5615 Reg.

445 5557 588 5601 τικος
635 5557 803 5596 eam.
847 5556 974 5599 nec
1018 5556 1099 5597 ua
1147 5556 1329 5598 multo
1391 5556 1524 5615 post
1575 5556 1718 5597 eum
1770 5556 1902 5596 cum
1943 5556 2026 5598 ne
2075 5585 2088 5598 .

445 5624 656 5679 octavo
689 5621 913 5676 etcum
974 5625 1227 5695 utroque
1273 5614 1453 5695 Qoisl.
1519 5618 1943 5694 προηγούμενον.
1983 5556 2092 5676 Δίίὶ

445 5704 568 5758 11⁵08
601 5712 743 5756 mu.
779 5694 1146 5774 προηγμένονζ
1192 5694 1362 5757 Colb.
1411 5696 1716 5757 secundus
1747 5698 2092 5776 προηγουμέ-

443 5799 546 5840 νως
559 5820 572 5835 ο

2174 3347 2358 3411 ’Ὥστε
2388 3357 2475 3410 καὶ
2519 3358 2552 3424 ἡ
2598 3353 2848 3434 ἄϐυσσος,
2882 3354 2948 3423 ἣν
3000 3353 3080 3417 εές
3130 3353 3227 3420 τὴν
3271 3374 3494 3433 χειρονα
3539 3365 3736 3428 μοῖραν
3773 3353 3819 3406 οἱ

2171 3443 2593 3523 ἀλληγοροῦντες
2678 3443 2970 3522 ἀπέρριψαν
3006 3491 3022 3523 ,
3111 3440 3226 3516 οοδὲ
3311 3442 3445 3509 αὕτη
3505 3439 3820 3507 ἀπόϐλητος

2173 3534 2348 3611 ἐκρίθη
2378 3542 2454 3608 τῷ
2485 3533 2757 3611 ψαλμῳδῴ
2790 3533 2928 3608 (48),
2963 3533 3037 3596 εἷς
3085 3535 3184 3597 τὴν
3233 3532 3419 3599 κοινὴν
3463 3535 3561 3597 τῆς
3595 3531 3822 3594 κτίσεως

2172 3625 2526 3706 χοροστασίαν
2603 3623 3036 3704 παραληφθεῖσα*
3109 3620 3246 3678 ἀλλὰ
3324 3622 3403 3678 sui
3482 3619 3615 3688 αὕτη
3684 3621 3822 3676 κατὰ

2171 3717 2291 3779 τοὺς
2345 3714 2741 3795 ἒνυπάρχοντας
2802 3718 2935 3790 αὐτῇ
2965 3711 3155 3791 λόγους
3208 3713 3472 3790 ἁρμονίως
3511 3708 3824 3788 συμπληροῖ

2170 3805 2270 3873 τὴν
2300 3803 2563 3880 ὑμνῳδίαν
2593 3811 2671 3878 τῷ
2714 3808 2940 3879 ποιητῇ.

2258 3891 2352 3956 10.
2403 3895 2500 3952 Καὶ
2551 3891 2693 3949 εἶδεν
2752 3895 2779 3949 ὸ
2835 3893 2990 3967 Θεὸς,
3037 3889 3118 3946 ὅτι
3177 3889 3360 3951 καλόν.
3427 3891 3563 3970 Οὒχὶ
3619 3889 3821 3970 ὀφθαλ-

2175 3997 2300 4061 μοῖς
2335 3990 2465 4040 Θεοῦ
2523 3981 2707 4059 τέρψιν
2758 3982 2986 4062 παρέχει
3038 3981 3103 4036 τὰ
3149 3977 3274 4058 παρ’
3335 3980 3491 4036 αὖτοῦ
3545 3979 3818 4055 γινόμενα,

2174 4072 2291 4130 οὒδὲ
2320 4073 2538 4140 τοιαύτη
2584 4070 2711 4151 παρ’
2754 4073 2898 4146 αὒτῷ
2940 4073 2974 4139 ἡ
3032 4067 3281 4150 ἆποδοχὴ
3341 4075 3446 4124 τῶν
3492 4068 3696 4145 καλῶν,
3729 4069 3822 4126 ο’ία

2176 4165 2264 4219 καὶ
2293 4161 2419 4241 παρ’
2467 4163 2620 4238 ἧμιν·
2679 4160 2817 4218 ἀλὶὰ
2867 4162 3031 4219 καλὸν
3061 4161 3121 4216 τὸ
3151 4165 3228 4234 τῷ
3272 4158 3417 4238 λόγῳ
3466 4165 3565 4226 τῆς
3596 4160 3818 4239 τέχνης⁹

2175 4251 2481 4310 ἷεκτελεσθὲν
2514 4299 2531 4328 ,
2602 4253 2689 4308 καὶ
2756 4252 2883 4330 πρὸς
2945 4251 3040 4318 τὴν
3107 4257 3197 4306 τοῦ
3259 4250 3442 4314 τέλους
3504 4251 3827 4329 εὔχρηστίαν

2179 4355 2471 4405 συντεῖνον⁹
2532 4340 2592 4400 Ὀ
2651 4344 2816 4400 τοίνυν
2874 4340 3072 4419 ἐναργῆ
3144 4339 3268 4419 (49)
3314 4341 3407 4395 τὸν
3461 4341 3659 4395 σκοπὸν
3717 4346 3822 4395 τῶν

2177 4433 2474 4514 γινομένων
2525 4432 2866 4510 προθέμενος,
2930 4431 2994 4486 τὰ
3052 4431 3187 4486 κατὰ
3243 4429 3402 4504 μέρος
3443 4429 3693 4504 γινόμενα
3750 4430 3824 4490 ὡς

2178 4522 2604 4601 συμπληρωτικὰ
2661 4533 2753 4582 τοῦ
2826 4520 3010 4586 τέλους
3070 4533 3186 4580 τοῖς
3279 4517 3558 4596 τεχνικοῖς
3636 4517 3823 4571 ἑαυτοῦ

2175 4599 2640 4693 λόγοις,έπιλθὼν
2692 4610 2810 4692 (50)
2863 4607 3176 4673 ἀπεδέξατο.
3212 4605 3338 4663 Ἐπε
3416 4606 3504 4661 καὶ
3545 4606 3667 4684 χεὶρ
3711 4599 3826 4659 καθ’

2175 4704 2365 4771 ἑαυτὴν
2417 4703 2507 4759 καὶ
2568 4701 2839 4782 ὀφθαλμὸς
2895 4699 2996 4770 ἰδίᾳ
3029 4740 3045 4767 ,
3119 4698 3208 4751 καὶ
3278 4693 3500 4752 ἕκαστον
3572 4696 3680 4750 τῶν
3737 4700 3829 4751 τοῦ

2183 4875 2796 4952 50Psal.cxr.vm,4.
2886 4867 3121 4933 57ibid.
3153 4869 3214 4932 7.
3299 4868 3362 4920 58
3420 4867 3572 4931 Gen.
3636 4868 3820 4943 1,10.

2255 5054 2384 5135 (48)
2414 5050 2514 5114 Sic
2551 5051 2790 5135 codices
2820 5067 2947 5135 sex.
2975 5047 3130 5112 Editi
3159 5063 3294 5110 cum
3330 5043 3563 5106 duobus
3595 5051 3700 5104 aut
3732 5042 3832 5104 tri-

2174 5132 2290 5200 bus
2323 5149 2468 5212 mss.
2504 5134 2643 5212 mpii
2673 5141 2749 5206 τῷ
2781 5132 2966 5212 ψελμο
3299 5208 3322 5212 _
3370 5205 3381 5212 ,
3421 5203 3435 5212 .
3516 5201 3556 5212 ..
3647 5200 3682 5212 ..

2261 5215 2386 5302 (49)
2422 5210 2505 5302 ita
2530 5201 3255 5302 uterque'Du'c.,‘uterque
3285 5203 3489 5302 (_‘.oisl.,
3516 5201 3828 5302 Regi‘i‘pri-

2174 5284 2308 5358 mus
2330 5284 2562 5366 tertius,
2596 5284 2846 5368 quintus
2888 5295 3091 5368 sextus
3124 5284 3182 5346 et
3216 5284 3827 5368 _octavu_s,_cum_t'ol_b.

2176 5361 2804 5438 secundo.Nec-aliter
2836 5361 3602 5449 legitliustathius.‘Editio
3637 5361 3823 5449 Paris.

2178 5459 2229 5514 ἐν
2265 5455 2431 5535 ἀρχῇ,
2486 5455 2551 5514 in
2597 5444 2929 5533 principio:
2993 5446 3191 5508 Editio
3247 5444 3426 5506 Basil.
3493 5463 3607 5505 uno
3652 5445 3828 5507 Verbo

2177 5539 2406 5615 ξναρχῄ.

2429 5613 2585 5695 Reg.
2602 5621 2813 5695 sextus
2873 5607 3674 5695 ἐπαγελθώνἈΙίιιυ-ξιηιριροςι
3705 5606 3834 5695 φάί-

2178 5695 2222 5757 ti
2243 5687 2383 5778 cum
2411 5687 2709 5775 aliq'uibus
2762 5711 2908 5778 mss.
2968 5688 3333 5778 Sippwévtuc.
3375 5687 3568 5778 Begii'
3596 5687 3827 5761 tertius,

2179 5777 2426 5858 quintus
2455 5771 2746 5839 tit—sextus
2770 5771 3175 5854 διέῥριμμένως,
3213 5771 3486 5847 fortuito.
