4176 6448
329 363 406 430 8i

1432 357 1757 420 HOMILIA
1804 356 1886 418 IV
1934 358 2016 418 IN
2062 356 2615 422 HEXAEMERON.

3638 355 3717 422 82

330 508 572 579 φυσικῶς
616 500 903 578 χρώματος
967 496 1359 572 σλμπαρόντος,
1406 493 1599 553 παντὸς
1654 490 1705 545 δὲ
1744 493 1969 571 χρώμα-

2061 487 2222 550 visus
2251 505 2434 549 sensu
2480 488 3004 579 apprehenditur?
3037 488 3105 549 Et
3134 489 3288 552 forte
3324 508 3456 572 quae
3486 491 3710 573 prolata

320 612 421 651 τος
476 591 725 653 αἰσθητοὸ
762 593 831 662 τῇ
863 586 1039 663 ὁράσει
1106 583 1493 648 καθεστηκότος
1523 600 1539 660 ;
1577 582 1674 638 Καὶ
1701 582 1847 660 τάχα
1891 603 1974 637 σοι

311 683 421 739 οὒκ
491 676 660 734 ἱδόκει
734 676 1007 754 αὐτάρκως
1081 672 1229 753 ἔχειν
1288 673 1350 726 τὰ
1408 670 1686 748 εἰρημένα,
1721 669 1801 725 ὅτι
1843 672 1973 749 πρὸς

308 770 467 845 ἡμᾶς
536 768 598 823 τὸ
659 766 910 844 ἀόρατον,
942 765 1003 820 οὒ
1061 766 1192 841 πρὸς
1250 764 1349 828 τὴν
1399 761 1552 840 φύσιν
1610 759 1800 838 εἴρητο
1852 758 1970 831 (68)

310 856 407 916 διὰ
455 858 554 924 τὴν
606 856 705 922 τὴν
760 864 854 913 τοῦ
877 852 1063 915 ὕδατος
1097 852 1504 930 ἐπιπρόσθησιν,
1540 847 1567 905 ὅ
1600 850 1718 906 τότε
1741 850 1841 917 τὴν
1870 855 1974 926 γῆν

308 954 495 1004 πᾶσαν
561 942 1002 1023 περιεκάλυπτεν.
1052 939 1186 999 ’ἰδοὺ
1241 947 1328 996 νῦν
1393 939 1550 996 ἄκουε
1583 941 1745 1006 αὖτῆς
1779 939 1974 1006 ἑαυτὴν

311 1040 424 1102 τῆς
475 1038 684 1115 Γραφῆς
717 1031 1070 1112 φανερούσης.
1138 1028 1469 1107 Συναχθήτω
1511 1028 1577 1084 τὰ
1644 1025 1829 1096 ὕδατα,
1887 1029 1974 1085 καὶ

313 1126 541 1205 ὀφθήτω
612 1126 645 1192 ἡ
704 1120 859 1199 ξηρά.
910 1118 1223 1176 Συνέλκεται
1254 1121 1320 1173 τὰ
1350 1118 1832 1195 παραπετάσματα,
1880 1118 1974 1174 ’ἕνα

315 1204 568 1293 ἔμφανὴς
627 1212 846 1289 γένηται
879 1212 911 1276 ἡ
965 1211 1097 1272 τέως
1148 1209 1224 1283 μὴ
1253 1208 1528 1293 ὁρωμένη,
1587 1205 1760 1272 ’Ἴσως
1807 1205 1851 1263 δ’
1911 1204 1971 1261 ἄν

307 1291 421 1365 τις
463 1303 683 1358 κάκεῖνο
747 1319 882 1378 προς
948 1298 1150 1361 τούτοις
1184 1291 1548 1367 ἐπιζητήσειε.
1601 1301 1817 1374 Πρῶτον
1848 1298 1969 1370 μὲν,

310 1390 409 1448 διὰ
453 1393 502 1447 τί
558 1393 585 1448 ὃ
618 1391 753 1447 κατὰ
794 1390 949 1469 φῦσιν
1004 1387 1236 1465 ὑπάρχει
1291 1389 1367 1459 τῷ
1395 1384 1541 1442 ὕδατι
1573 1385 1817 1465 φέρεσθαι
1843 1388 1973 1466 πρὸς

307 1482 382 1536 τὸ
414 1482 694 1554 κάταντες,
746 1486 899 1536 τοῦτο
942 1476 1028 1532 ἰπὶ
1083 1478 1144 1531 τὸ
1190 1475 1509 1553 πρόσταγμα
1555 1484 1649 1533 τοῦ
1698 1483 1975 1554 Δημιουρ-

306 1577 417 1646 γοῦ
449 1572 475 1625 ὁ
521 1568 678 1646 λὸγος
736 1565 917 1643 ἀνάγει
951 1581 967 1637 ;
1003 1564 1161 1626 ’Ἕως
1216 1565 1318 1639 μὲν
1376 1565 1478 1641 γὰρ
1509 1562 1571 1619 ἕν
1603 1563 1688 1621 ἐπὶ
1719 1571 1815 1620 τοῦ
1854 1566 1973 1621 loo-

306 1661 479 1718 πέδου
511 1661 752 1735 κείμενον
803 1660 944 1739 τύχῃ
1010 1658 1134 1738 (69)
1174 1660 1236 1714 τὸ
1307 1655 1466 1736 ὕδωρ,
1515 1658 1772 1732 στάσιμόν
1804 1657 1969 1738 ἐστιν,

2060 585 2201 638 sunt
2218 580 2359 640 satis
2383 596 2516 640 esse
2538 579 2646 640 tibi
2671 597 2791 641 non
2809 578 3190 655 videbantur,
3217 599 3351 643 cum
3372 580 3713 645 diceremus

2058 667 3044 749 videlicetvocem,invisibile,non
3059 679 3338 752 respectu
3353 671 3712 742 naturae,sed

2058 766 2334 837 respectu
2358 757 2569 833 nostri,
2617 757 2694 819 ob
2711 776 2881 840 aquae
2899 767 3116 821 terram
3146 778 3386 823 omnem
3401 770 3542 823 tunc
3561 778 3713 839 opee

2055 847 2266 908 rientis
2284 847 3048 926 interpositum.adhibitam
3063 848 3245 911 fuisse
3257 869 3325 912 ac
3338 858 3707 931 usurpatam.

2059 937 2214 1000 Ecce
2234 955 2393 999 nunc
2417 936 2557 998 audi
2588 936 2778 1018 ipsam
2806 937 3200 1017 Scripturam,
3230 941 3489 1021 seipsam
3514 941 3713 1020 expla-

2057 1033 2323 1088 nantem.
2359 1026 2822 1106 Congregentur
2850 1044 3050 1113 aquae.
3097 1037 3153 1091 et
3179 1036 3472 1109 appareat
3503 1030 3704 1092 arida.

2057 1113 2666 1196 Contrahunturvela,
2692 1122 2759 1179 ut
2776 1118 3043 1197 aspectui
3064 1137 3198 1181 sese
3212 1119 3455 1200 objiciat
3469 1139 3560 1202 ea,
3578 1139 3709 1200 qua;

2056 1211 2230 1267 antea
2248 1224 2365 1267 non
2386 1206 3187 1285 conspiCiebaturFortassis
3202 1217 3398 1271 autem
3415 1210 3709 1291 quispiam

2056 1294 2204 1357 illud
2223 1295 2400 1357 etiam
2419 1303 2634 1376 praeter
2650 1296 2775 1358 haec
2792 1296 3418 1376 inquisierit.Primum
3434 1300 3679 1377 quidem
3695 1347 3709 1371 ,

2059 1385 2342 1465 curquod
2383 1404 2453 1447 ex
2481 1393 2695 1446 natura
2747 1388 3029 1465 competit
3072 1407 3262 1470 aquae,
3292 1398 3356 1451 ut
3385 1390 3617 1451 scilicet
3637 1390 3709 1450 ad

2058 1472 2286 1535 declive
2308 1474 2555 1555 feratur,
2589 1475 2845 1555 idipsum
2898 1475 3118 1539 referat
3149 1479 3456 1559 Scriptura
3472 1479 3543 1539 ad
3571 1477 3712 1558 Opi-

2057 1562 2185 1625 ﬁcis
2215 1564 2557 1645 imperium.
2592 1564 2868 1637 Quandiu
2904 1568 3058 1627 enim
3091 1566 3151 1628 in
3198 1588 3364 1649 aequo
3413 1568 3711 1648 planoque

2059 1651 2185 1713 solo
2203 1652 2314 1714 sita
2334 1663 2422 1714 est
2447 1672 2620 1734 aqua,
2648 1653 2876 1715 stabilis
2896 1662 3002 1735 est,
3041 1656 3261 1737 quippe
3287 1656 3426 1737 quia
3457 1675 3573 1717 non
3597 1657 3710 1717 ha-

306 1753 418 1807 οὐκ
488 1750 632 1829 ἔχων
672 1748 804 1807 ὅπου
875 1747 1159 1826 μεταβροῇ
1208 1744 1421 1803 ἐπειδὰν
1467 1746 1522 1803 δέ
1554 1769 1695 1812 τινος
1744 1770 1969 1825 πρανους

2064 1739 2164 1829 bet
2186 1761 2303 1822 quo
2326 1742 2588 1804 difﬂuat:
2617 1743 2716 1804 sed
2735 1752 3117 1826 posteaquam
3136 1745 3427 1807 declivem
3447 1745 3705 1826 aliquem

312 1836 585 1914 λάϐηται,
670 1839 815 1902 εὖθὺς
896 1840 1229 1916 ὁρμήσαντος
1313 1847 1406 1896 τοῦ
1505 1835 1854 1914 προάγοντος,
1911 1838 1974 1893 τὸ

313 1929 548 2006 συνεχὲς
606 1931 749 2001 αὐτῷ
804 1929 901 1995 τὴν
959 1928 1114 2003 βάσιν
1160 1934 1252 1984 τοῦ
1302 1926 1605 1994 κινηθέντος
1664 1925 1971 2001 ἐπιλαμϐά-

310 2037 425 2091 νει,
477 2018 566 2072 καὶ
623 2020 721 2083 τὴν
807 2016 1008 2073 ἐκείνου
1106 2018 1168 2073 τὸ
1239 2016 1588 2096 ιιε›ε·ιιτιτ5,ι.ενον⁸
1666 2018 1753 2073 καὶ
1809 2014 1973 2081 οὕτως

308 2106 642 2185 ὑπεκφεύγει
706 2105 802 2179 μὲν
842 2106 921 2161 ἀεὶ
973 2106 1033 2162 τὸ
1090 2106 1348 2185 προάγον,
1409 2105 1607 2161 ἐπωθεϊ
1636 2104 1770 2162 δὲτὸ
1811 2105 1971 2184 ἐπερ-

308 2194 576 2276 χόμενον
636 2198 724 2253 καὶ
783 2196 1025 2269 τοσούτῳ
1072 2197 1286 2274 ὀξυτέρα
1345 2198 1378 2263 ἡ
1415 2198 1548 2275 φορὰ
1577 2196 1803 2276 γίνεται,
1837 2195 1974 2271 ὅσῳ-

303 2306 414 2361 περ
471 2283 532 2342 ἄν
589 2288 676 2342 καὶ
745 2288 805 2342 τὶ
856 2286 1015 2363 βάρος
1154 2286 1346 2343 πλεῖον
1389 2294 1482 2342 τοῦ
1510 2287 1965 2364 καταφερομένου,

309 2375 408 2430 καὶ
466 2376 526 2431 τὸ
556 2375 759 2454 χωρίον
826 2373 1154 2454 κοιλότερον,
1189 2376 1319 2453 πρὸς
1350 2374 1377 2429 ὅ
1408 2375 1441 2443 ἠ
1470 2373 1756 2452 ὶπίῤῥυσις.
1793 2378 1847 2435 Εἰ
1882 2376 1971 2432 οὖν

306 2463 457 2521 οὕτω
521 2464 721 2543 πέφυκε
777 2466 839 2521 τὸ
891 2462 1053 2543 ὓδωρ,
1114 2463 1369 2542 παρέλκοι
1436 2464 1497 2519 ἂν
1548 2466 1609 2520 τὸ
1652 2465 1969 2543 πρόσταγμα

306 2555 376 2609 τὸ
431 2551 649 2609 κελεῦον
707 2558 1041 2634 συναχθῆναι
1074 2555 1147 2616 εἷς
1181 2554 1495 2632 συναγωγὴν
1536 2555 1683 2628 μίαν,
1719 2553 1969 2629 ’Ἔμελλε

308 2641 420 2720 γὰρ
476 2642 687 2705 πάντως
737 2638 823 2696 διὰ
865 2642 926 2697 τὸ
972 2640 1298 2720 κατάῤῥοπον
1330 2646 1425 2707 τῆς
1469 2641 1698 2720 φύσεως,
1757 2641 1841 2699 ἐπὶ
1872 2643 1971 2710 τὴν

311 2731 535 2787 πάντων
582 2728 893 2809 κοιλοτέραν
954 2731 1139 2809 χώραν
1234 2730 1543 2805 αὐτομάτως
1622 2729 1967 2806 συνδίδοσθαι,

312 2821 412 2876 καὶ
470 2820 547 2894 μὴ
603 2819 860 2898 πρότερον
934 2822 1221 2891 στήσεσθαι
1294 2821 1411 2893 πρὶν
1485 2818 1835 2887 ὁμαλισθῆναι
1906 2824 1972 2877 τὰ

310 2914 485 2970 νῶτα.
522 2906 681 2966 Οὐδὲν
728 2910 829 2985 γὰρ
880 2908 1019 2967 οὕτω
1082 2910 1283 2989 χωρίον
1332 2906 1597 2978 ἰσόπεδον,
1650 2911 1723 2974 ὡς
1788 2911 1823 2979 ἡ
1881 2910 1973 2967 τοῦ

313 2998 509 3062 ὕδατος
543 2998 849 3077 ἐπιφάνεια.
900 2996 1141 3056 ’Ἔπειτα
1200 3004 1338 3077 πῶς,
1404 2999 1584 3078 φησὶν,
1620 3000 1693 3062 εἰς
1724 3020 1970 3078 συναγω-

314 3090 423 3165 γὴν
494 3089 621 3156 μίαν
677 3086 963 3155 ἐκελεύσθη
1012 3088 1080 3144 τὰ
1150 3085 1313 3145 ὕδατα
1372 3085 1713 3169 συνδραμεῖν,
1772 3088 1969 3167 ὅπουγε

310 3178 587 3255 φαίνονται
642 3176 836 3233 πολλαὶ
894 3180 1042 3235 οὖσαι
1071 3175 1355 3249 θάλασσαι,
1386 3178 1475 3233 καὶ
1504 3176 1760 3234 πλεῖστον
1790 3176 1969 3247 ἀλλή-

309 3263 429 3320 λων
482 3266 548 3333 τῆ
605 3265 740 3322 θέσει
793 3264 1188 3343 διωρισμέναι;
1240 3268 1373 3344 Πρὸς
1407 3267 1505 3340 μὲν
1551 3269 1638 3321 οὖν
1679 3268 1739 3322 τὸ
1770 3268 1967 3344 πρότε-

306 3375 405 3433 ρον
454 3360 559 3411 τῶν
617 3354 1045 3426 ἓπιζητηθέντων
1103 3355 1281 3411 ἒκεϊνό
1341 3371 1537 3434 φαμεν·
1603 3354 1683 3410 ὅτι
1740 3354 1971 3430 μαλιστα

314 3444 420 3517 μὲν
474 3443 535 3499 σὺ
568 3444 703 3518 μετὰ
758 3444 821 3500 τὸ
879 3442 1200 3521 πρόσταγμα
1253 3445 1315 3499 τὸ
1364 3442 1674 3499 δεσποτικὸν
1733 3444 1969 3521 ἐπέγνως

306 3534 409 3591 τοῦ
463 3530 648 3597 ὓδατος
705 3534 799 3598 τὰς
830 3533 1091 3611 κινήσεις,
1124 3532 1206 3587 ’ὁτι
1234 3554 1290 3587 τε
1322 3530 1629 3611 περιῤῥεπές
1693 3532 1815 3608 (70)
1857 3533 1969 3589 ἐστι

313 3638 410 3679 και
467 3621 809 3703 ἀστήρικτον,
862 3623 950 3679 καὶ
1005 3624 1136 3699 πρὸς
1179 3623 1245 3677 τὰ
1273 3626 1447 3701 πρανῆ
1479 3624 1566 3678 καὶ
1608 3621 1767 3679 κοῖλα
1809 3621 1968 3702 φέρε-

308 3734 402 3768 ται
458 3713 594 3768 κατὰ
644 3712 819 3792 φύσιν
872 3713 974 3789 πρὸ
1008 3711 1204 3770 ’τούτου
1253 3709 1331 3789 δὲ,
1370 3717 1479 3775 πῶς
1510 3710 1642 3790 εἶχε
1696 3710 1967 3785 δυνάμεως

312 3806 441 3881 πρὶν
496 3802 638 3875 αύτῷ
707 3803 799 3858 τὸν
861 3800 921 3857 ἐκ
970 3809 1063 3858 τοῦ
1116 3801 1526 3881 προστάγματος
1581 3801 1766 3858 τούτου
1811 3801 1966 3879 ἐγγε·

310 3892 492 3948 νέσθαι
551 3889 768 3969 δρόμον,
827 3892 943 3948 οὔτε
998 3889 1141 3955 εἶδες
1200 3892 1380 3960 αὗτὸς,
1418 3889 1536 3947 οὔτε
1561 3887 1761 3953 ἰδόντος
1793 3891 1963 3960 ἢκου-

304 4001 434 4043 σας.
509 3981 717 4047 Νόησον
774 3982 897 4058 γὰρ,
959 3982 1039 4039 ὃτι
1073 3988 1205 4037 Θεοῦ
1236 3981 1387 4060 φωνὴ
1420 3980 1625 4059 φύσεώς
1658 3979 1769 4036 ἐστι
1796 4003 1963 4048 ποιη-

306 4070 469 4143 τικὴ,
531 4072 620 4124 καὶ
677 4071 738 4125 τὸ
786 4071 1072 4147 γενόμενον
1136 4071 1256 4127 τότε
1305 4078 1373 4146 τῇ
1431 4069 1596 4125 κτίσει
1657 4069 1966 4147 πρόσταγμα

304 4159 411 4223 τὴν
471 4157 602 4233 πρὸς
698 4158 759 4212 τὸ
829 4158 1017 4239 ἔφεξὴς
1099 4158 1410 4217 ἀκολουθίαν
1463 4172 1579 4222 τοῖς
1641 4160 1967 4235 κτιζομὲνοις

310 4243 651 4324 παρέσχετο.
728 4242 931 4325 Ἦμέρα
1031 4250 1115 4303 καιἲ
1179 4248 1264 4314 νὺξ
1339 4247 1478 4314 ἅπαξ
1539 4247 1962 4327 ἱδημιουργήθη,

307 4336 404 4394 καὶ
456 4332 510 4399 ἒξ
562 4332 762 4390 ἐκείνου
829 4337 917 4391 καὶ
977 4346 1062 4394 νῦν
1123 4335 1361 4406 ἀλλήλας
1418 4333 1819 4416 διαδεχόμεναι,
1879 4341 1968 4395 καὶ

2060 1828 2258 1893 locum
2281 1840 2451 1895 nacta
2471 1833 2783 1908 est,statim
2813 1842 2874 1893 ut
2909 1834 3258 1914 praecedens
3280 1844 3368 1897 est
3389 1835 3709 1907 concitata,

2058 1937 2127 1984 ea
2144 1940 2275 2001 quae
2298 1923 2408 2000 ipsi
2439 1924 2944 1997 cohaeret,sedem
2970 1924 3099 2004 ejus
3125 1943 3257 2006 quae
3280 1933 3436 1986 mota
3456 1931 3568 1996 est,
3603 1942 3710 1985 oc-

2056 2018 2253 2089 cupat:
2283 2010 2443 2073 illius
2480 2013 2683 2075 itidem
2708 2013 2905 2074 locum
2931 2031 3001 2075 ea
3029 2033 3162 2095 qua;
3190 2013 3580 2092 consequitur
3610 2035 3622 2076 :
3652 2019 3710 2073 et

2057 2098 2143 2160 sic
2174 2117 2419 2177 semper
2449 2101 2675 2181 aufugit
2698 2102 2940 2182 quidem
2966 2121 3096 2183 quae
3128 2102 3437 2183 praecedit,
3458 2102 3711 2180 adurget

2057 2206 2196 2250 vero
2219 2208 2353 2266 quae
2381 2190 2741 2272 insequitur;
2770 2204 2829 2252 et
2853 2191 3113 2271 impetus
3147 2200 3306 2253 tanto
3329 2192 3390 2252 tit
3415 2191 3704 2265 velocior,

2056 2286 2275 2359 quanto
2323 2280 2578 2360 amplior
2601 2281 2779 2342 fuerit
2815 2282 3074 2360 gravitas
3102 2286 3231 2362 ejus
3254 2300 3385 2362 quae
3418 2280 3709 2355 defertur,

2055 2366 2342 2450 locusque
2356 2368 2427 2430 ad
2448 2388 2625 2451 quem
2644 2372 2706 2431 tit
2723 2371 3116 2451 ﬂuxio,fuerit
3133 2370 3496 2453 depressior.
3510 2369 3711 2452 itaque

2056 2456 2246 2518 sihaec
2280 2465 2373 2520 est
2402 2477 2571 2541 aquae
2599 2468 3203 2542 natura,praeceptum
3228 2461 3389 2538 quod
3416 2460 3601 2541 ipsam
3618 2462 3713 2538 ju-

2054 2547 2153 2608 bet
2179 2548 2236 2607 in
2262 2567 2439 2609 unam
2472 2550 2604 2628 cogi
2632 2550 2907 2612 collectio
2923 2551 3280 2625 nem,inane
3302 2558 3392 2610 est
3410 2549 3619 2627 utique
3644 2567 3710 2610 ac

2054 2654 2584 2715 supervacaneum.
2641 2641 2788 2702 Nam
2844 2639 3109 2720 profecto
3163 2640 3424 2699 futurum
3462 2647 3589 2700 erat
3619 2647 3707 2719 ut,

2057 2732 2299 2808 propter
2323 2729 2655 2789 naturalem
2689 2746 2854 2789 suam
2887 2729 2961 2790 ad
2997 2728 3117 2791 ima
3150 2728 3609 2810 proclivitatem,
3630 2728 3704 2789 ad

2055 2816 2251 2877 locum
2286 2817 2540 2878 maxime
2565 2819 2831 2879 omnium
2867 2818 3155 2880 declivem
3190 2827 3401 2898 sponte
3433 2837 3538 2879 sna
3569 2837 3709 2879 con-

2056 2905 2320 2982 cederet,
2352 2924 2410 2969 οι
2442 2926 2560 2968 non
2594 2908 2760 2989 prius
2812 2907 3051 2969 stabilis
3100 2915 3503 2988 permaneret,
3529 2925 3706 2988 quam

2055 2995 2185 3075 ejus
2207 3005 2615 3076 exaequaretur
2634 2998 3008 3078 superﬁcies.
3029 2998 3198 3060 Nulla
3217 2998 3375 3059 enim
3393 3004 3582 3058 exstat
3603 3014 3702 3058 re-

2056 3085 2150 3164 gio
2186 3104 2463 3166 peraeque
2498 3086 2695 3165 plana,
2733 3106 2799 3149 ac
2825 3088 2951 3169 ipsa
2983 3096 3074 3150 est
3118 3106 3285 3169 aqua;
3322 3085 3699 3168 superﬁcies.

2054 3173 2309 3249 Deinde,
2335 3174 2569 3253 inquiet
2593 3177 2748 3257 quis,
2778 3178 3273 3258 quomodojussae
3294 3185 3431 3237 sunt
3452 3195 3621 3257 aqua;
3641 3175 3703 3236 in

2052 3282 2230 3328 unam
2268 3284 2632 3328 concurrere
2655 3267 3243 3340 collectionem,cum
3267 3267 3449 3328 multa
3473 3265 3709 3346 conspi-

2051 3354 2285 3415 ciantur
2307 3354 2512 3415 maria.
2552 3357 2936 3431 plurimoque
2968 3357 3128 3419 inter
3182 3375 3246 3416 se
3298 3354 3609 3416 intervallo
3640 3373 3708 3415 ac

2053 3443 2167 3503 situ
2201 3443 2542 3521 disparata9
2571 3445 2663 3507 Ad
2702 3446 2757 3504 id
2795 3446 2974 3521 igitur
2996 3446 3152 3526 quod
3175 3445 3369 3524 primo
3392 3443 3701 3525 quaesitum

2053 3530 2605 3613 est,dicimus,quod
2624 3540 2682 3593 tu
2699 3535 2923 3614 optime
2937 3534 3177 3615 quidem
3196 3532 3703 3612 postDominicum

2055 3618 2376 3700 imperium
2406 3630 2629 3681 motum
2663 3641 2832 3702 aquae
2856 3623 3229 3704 cognoveris,
3257 3642 3467 3703 aquam
3491 3621 3705 3683 videli-

2054 3718 2149 3770 cet
2180 3728 2416 3789 quoquo
2441 3728 2675 3771 versum
2709 3713 2919 3785 ﬂuere,
2952 3712 3410 3792 instabilemque
3458 3728 3614 3784 esse,
3651 3719 3708 3771 et

2051 3809 2260 3879 suapte
2281 3806 2491 3859 natura
2514 3799 2585 3860 ad
2613 3800 2835 3863 devexa
2860 3811 2917 3863 et
2939 3820 3197 3863 concava
3222 3802 3350 3862 loca
3367 3800 3702 3863 dilabi.Sed

2051 3887 2192 3967 quid
2226 3888 2391 3967 prius
2423 3887 2752 3952 obtinuerit
2783 3890 3019 3971 virium,
3052 3899 3194 3952 ante
3217 3889 3498 3952 nimirum
3528 3908 3703 3970 quam

2050 3996 2259 4039 cursus
2280 3977 2379 4039 hic
2404 3978 2456 4038 ei
2479 3977 2593 4040 isto
2635 3990 2932 4059 praecepto
2958 3980 3391 4060 ingigneretur,
3420 3999 3530 4041 nec
3553 3979 3707 4040 nosti

2052 4066 2202 4148 ipse,
2241 4086 2351 4129 nec
2374 4087 2739 4150 quemquam
2800 4072 2903 4146 qui
2939 4072 3193 4144 noverit,
3228 4070 3470 4132 audisti.
3505 4068 3707 4149 Cogita

2055 4159 2214 4220 enim
2248 4158 2356 4221 Dei
2389 4176 2591 4219 vocem
2627 4167 2854 4222 naturae
2885 4174 3018 4222 esse
3076 4161 3466 4234 eﬂ'ectricem,
3500 4178 3569 4221 ac
3602 4178 3708 4238 per

2054 4257 2413 4329 praeceptum
2438 4247 2611 4322 illud,
2641 4250 2795 4330 quod
2834 4258 3123 4312 creatura;
3169 4251 3370 4312 datum
3407 4257 3549 4310 tunc
3581 4257 3697 4323 est,

2054 4339 2296 4400 modum
2318 4357 2385 4400 ac
2407 4338 2682 4400 ordinem
2703 4342 2919 4403 creatis
2947 4341 3126 4402 rebus
3153 4341 3212 4402 in
3237 4342 3497 4402 futurum
3521 4338 3709 4418 impo-

313 4421 437 4482 κατ’
497 4424 794 4502 ἰσομοιρίαν
852 4423 1214 4503 διαιρούμεναι
1272 4448 1363 4501 τον
1393 4426 1587 4506 χρόνον
1623 4428 1719 4483 οὐκ
1748 4427 1964 4498 ἀπολή-

2057 4426 2135 4486 ni.
2175 4424 2384 4487 Creata
2407 4435 2548 4488 sunt
2577 4427 2738 4488 enim
2764 4429 2953 4491 semel
2987 4429 3119 4491 dies
3140 4439 3199 4492 et
3222 4448 3336 4492 nox
3361 4452 3385 4502 ;
3412 4439 3468 4491 et
3500 4446 3572 4490 ex
3603 4428 3705 4489 illo

314 4535 523 4592 γουσιν.

399 4693 460 4755 3.
500 4693 836 4772 Συναχθήτω
907 4693 973 4748 τὰ
1027 4690 1207 4749 ὕδατα.
1266 4690 1585 4761 Ἐκελεύσθη
1619 4695 1831 4775 τρέχειν
1864 4695 1968 4749 τῶν

316 4780 520 4839 ὑδάτων
548 4781 585 4849 ἦ
643 4783 795 4861 φύσις
847 4781 998 4863 (71),
1032 4783 1116 4838 καὶ
1144 4779 1393 4840 οὐδέποτε
1442 4784 1632 4858 κάμνει
1671 4792 1747 4843 τῶ
1793 4806 1965 4863 προσ-

314 4870 550 4949 τάγματι
648 4872 833 4945 ὲκείνῷ
917 4870 1388 4947 κατασπευδομένη
1463 4871 1743 4938 διηνεκῶς.
1802 4884 1966 4932 Τοῦτο

312 4958 367 5017 δὲ
428 4959 593 5038 λέγω,
649 4962 779 5037 πρὸς
852 4961 951 5028 τὴν
1016 4962 1176 5038 ῥυτὴν
1206 4962 1418 5041 ἀφορῶν
1447 4966 1553 5018 τῶν
1596 4961 1796 5019 ὑδάτων
1830 4977 1962 5038 μοῖ-

315 5071 434 5129 ραν,
495 5050 571 5108 Τὰ
604 5050 702 5125 μὲν
732 5052 832 5130 γὰρ
862 5050 1131 5125 αὐτόματα
1160 5051 1269 5131 ῥεῖ,
1317 5056 1433 5108 οἷον
1482 5054 1546 5108 τὰ
1614 5066 1848 5131 κρηναῖα
1878 5054 1965 5109 καὶ

2054 4524 2357 4575 momento
2391 4516 2565 4576 etiam
2594 4536 2754 4578 nunc
2785 4518 2899 4580 sibi
2932 4520 3183 4582 invicem
3236 4519 3587 4599 succedere,
3638 4537 3707 4579 ac

2053 4602 2110 4663 in
2147 4612 2342 4681 partes
2370 4606 2635 4681 aequales
2656 4616 2889 4687 tempus
2921 4610 3187 4672 dividere
3228 4630 3344 4673 non
3398 4611 3704 4671 desinunt.

2133 4692 2191 4756 3.
2230 4694 2701 4774 Congregeutur
2721 4714 2919 4777 aquas.
2956 4701 3127 4761 Jussa
3142 4708 3232 4761 est
3256 4717 3500 4761 currere
3518 4716 3704 4777 aqua-

2051 4799 2184 4843 rum
2207 4789 2559 4861 natura,nec
2590 4804 2849 4866 unquam
2882 4797 3176 4867 pracepto
3196 4789 3297 4849 illo
3316 4807 3442 4848 eam
3467 4803 3708 4865 semper

2052 4881 2300 4951 urgente
2324 4872 2617 4952 fatigatur.
2645 4874 2766 4935 Hoc
2787 4885 2984 4937 autem
3006 4877 3243 4951 dico,ad
3272 4875 3513 4938 ﬂuidam
3531 4892 3706 4955 aqua-

2050 4980 2182 5021 rum
2216 4970 2437 5022 sortem
2472 4962 2833 5042 respiciens.
2867 4965 3018 5027 Aliae
3043 4964 3284 5046 quidem
3334 4983 3439 5025 sua
3489 4970 3705 5044 sponte

2049 5052 2260 5122 ﬂuunt,
2297 5050 2635 5130 cujusmodi
2679 5061 2820 5114 sunt
2838 5055 3097 5115 fontanae
3118 5065 3174 5117 et
3200 5053 3538 5117 ﬂuviatiles:
3573 5053 3706 5114 alim

317 5141 384 5195 τὰ
439 5139 701 5214 ποτάμια·
766 5142 832 5197 τὰ
874 5138 929 5196 δὲ
986 5138 1348 5219 συλλογιμαῐά
1376 5140 1490 5199 ἐστι
1540 5143 1627 5198 καὶ
1669 5142 1961 5220 ἀπόρευτα.

2057 5158 2185 5201 vero
2210 5149 2349 5201 sunt
2379 5139 2716 5204 collectitiae
2740 5152 2797 5204 et
2819 5145 3083 5206 stabiles.
3139 5145 3319 5226 Atqui
3376 5162 3535 5206 nunc
3559 5143 3706 5205 mihi

318 5225 471 5287 Ἀλλ’
531 5228 648 5305 ἐμοὶ
706 5237 793 5290 νῦν
836 5231 953 5310 περὶ
983 5233 1088 5288 τῶν
1118 5233 1427 5310 ὁρμητικῶν
1455 5229 1659 5292 ὑδάτων
1691 5234 1718 5288 ο
1773 5231 1958 5312 λόγος.

402 5479 534 5563 (68)
565 5481 712 5561 Reg.
745 5489 947 5544 sextus
977 5481 1217 5563 εἴρηται.

405 5560 532 5643 (69)
557 5560 949 5646 Sicjuinque
980 5560 1123 5646 mss.
1159 5562 1320 5646 Editi
1342 5564 1694 5646 1ﬁxot._Mox
1716 5572 1971 5646 quatuor

324 5656 468 5723 mss.
505 5642 640 5705 Cum
662 5642 1149 5723 BOdl.jas1atpéuﬁ,
1183 5644 1364 5723 bene.
1399 5642 1556 5706 Editi
1587 5642 1843 5723 μεταρῤᾗ.

405 5721 535 5804 (70)
556 5723 709 5804 Reg.
745 5722 972 5803 primus
1001 5721 1143 5785 cum
1171 5722 1443 5787 Combef.
1494 5724 1678 5805 ὅτιπερ
1720 5721 1997 5841 περιῤῥιϊ

2046 5250 2245 5295 sermo
2260 5242 2347 5295 est
2365 5233 2440 5295 de
2461 5236 2632 5315 aquis
2654 5234 2879 5316 impetu
2901 5238 3160 5319 quodam
3177 5239 3517 5301 commotis.
3544 5238 3706 5300 Con-

2053 5487 2171 5549 πές.
2210 5485 2358 5565 Reg.
2397 5485 2604 5566 tertius
2634 5484 2714 5542 ὅτι
2739 5484 3038 5566 νδιεῤῥεπές.
3078 5486 3304 5551 Ibidem
3362 5486 3533 5549 deest
3593 5486 3703 5544 ἐστι

2052 5566 2112 5630 in
2142 5566 2322 5646 editis
2359 5583 2371 5627 :
2406 5565 2516 5626 sed
2548 5565 2851 5646 reperitur
2881 5568 2940 5630 in
2975 5587 3121 5630 mss.
3147 5566 3447 5630 omnibus.

2102 5648 2256 5749 ,(7ll
2281 5644 2433 5707 Εάίιί
2458 5644 2659 5704 θδάτωθ
2690 5650 2863 5726 φύσις.
2900 5652 2975 5711 At
3001 5667 3145 5711 mss.
3196 5648 3362 5710 multi
3394 5646 3595 5703 δδάτων
3665 5647 3700 5715 ἦ

2050 5749 2230 5805 φυσις,
