4176 6416
300 358 386 422 85

1416 357 1742 423 HOMILIA
1790 358 1871 422 IV
1915 354 1994 421 ΙΝ
2040 357 2595 421 HEXAEMERON.

3606 352 3685 417 86

302 498 526 575 αγωγήν
557 496 705 571 μίαν,
755 491 913 559 ἔδειξέ
963 516 1046 552 σοι
1091 493 1169 550 ὅτι
1220 493 1395 551 πολλὰ
1438 497 1504 571 ᾖν
1553 494 1688 550 κατὰ
1717 493 1949 560 πολλοὺς

2041 492 2585 571 congregationem,
2624 491 2911 573 plurimas
2941 490 3126 553 fuisse
3153 508 3338 572 aquas
3371 508 3476 571 per
3499 490 3686 553 multa

302 587 499 647 τόπους
549 581 844 663 διῃρημένα
889 584 955 638 τὰ
999 581 1181 641 ὕδατα.
1221 584 1287 641 Αἵ
1320 604 1376 639 τε
1406 584 1505 663 γὰρ
1534 590 1639 658 τῷν
1670 586 1806 662 ὁρῶν
1834 608 1951 642 κοι-

296 675 547 755 λότητες,
612 672 833 754 φάραγξι
902 674 1112 749 βαθείας
1167 674 1584 753 ὑπεῤῥηγμέναι,
1638 674 1802 753 εἶχον
1844 680 1951 731 τῶν

297 764 503 824 ὑδάτων
562 765 660 831 τὴν
716 760 1011 840 συλλογήν,
1048 764 1148 822 Καὶ
1204 764 1422 841 προσέτι
1482 760 1637 820 πεδία
1684 761 1861 820 πολλά
1892 784 1949 818 τε

301 856 390 912 καὶ
440 855 599 912 ὕπτια
657 850 802 909 ωδέν
867 849 986 933 (81)
1042 860 1148 911 τῶν
1207 856 1473 934 μεφίστων
1535 851 1786 931 πελαγῶν
1843 875 1945 908 κα-

299 946 367 1003 τὰ
418 947 480 1001 τὸ
523 944 744 1021 μέγεθος
801 939 1117 1009 ἀποδέοντα,
1187 945 1273 1000 καὶ
1348 941 1579 1005 αὐλῶνες
1633 942 1830 1022 μυρίοι,
1863 942 1949 1000 καὶ

302 1037 355 1091 αἱ
411 1031 655 1096 κοιλάδες
704 1029 823 1087 κατ’
890 1030 1027 1088 ἄλλα
1080 1034 1168 1089 καὶ
1231 1031 1367 1089 ἄλλα
1436 1030 1695 1112 σχήματα
1739 1030 1949 1088 κοιλαι-

301 1125 548 1204 νόμεναι,
604 1124 779 1185 πάντα
834 1124 1039 1181 ὑδάτων
1092 1123 1214 1179 τότε
1273 1121 1698 1202 πεπληρωμένα,
1748 1122 1950 1178 ἀπεκε-

302 1214 446 1280 νώθη
499 1222 576 1289 τῷ
628 1218 751 1291 θείῳ
808 1213 1220 1294 προστέγματι,
1273 1214 1403 1289 πρὸς
1454 1216 1576 1287 μίαν
1638 1210 1951 1289 συναγωγὴν

301 1309 395 1360 τοῦ
454 1306 791 1387 πανταχόθεν
844 1302 1031 1363 ὕδατος
1105 1301 1531 1366 συνελασθέντος.
1598 1303 1697 1359 Καὶ
1766 1297 1952 1375 μηδεὶς

300 1389 523 1470 λεγέτω,
583 1394 688 1470 ὅτι,
742 1391 909 1471 Εἴπερ
939 1391 1005 1459 ἧν
1034 1390 1169 1470 ὕδωρ
1225 1391 1405 1447 ἐπάνω
1433 1397 1531 1459 της
1566 1394 1690 1471 γῆς,
1738 1389 1949 1452 πάντως

301 1487 474 1540 πᾶσαι
537 1488 588 1540 αἱ
644 1484 982 1562 κοιλότητες,
1032 1483 1085 1538 αἱ
1116 1488 1207 1537 νᾶν
1248 1481 1348 1546 τὴν
1404 1480 1673 1541 θάλασσαν
1704 1476 1953 1543 ὑποδεξὶο

302 1593 480 1650 μενοι,
530 1571 952 1649 πεπληρωμέναι
1009 1573 1280 1651 ὑπῆρχον.
1347 1577 1450 1627 [Ιοῦ
1511 1573 1677 1627 τοίνυν
1725 1566 1950 1644 ἔμελλον

296 1661 528 1738 γίνεσθαί
577 1666 684 1717 τῶν
737 1658 941 1718 ὑδάτων
988 1662 1038 1717 αἱ
1070 1660 1326 1738 συλλογαὶ
1363 1658 1513 1735 (82),
1549 1657 1951 1739 προκατειλημ-

2037 581 2169 642 loca
2198 581 2418 643 divisas
2446 580 2556 643 tibi
2579 580 3042 645 indicavit.Nam
3074 581 3363 642 montium
3398 598 3681 657 concava,

2037 671 2347 753 profundis
2377 670 2746 734 convallibus
2776 679 3083 752 perrupta,
3109 668 3467 732 collectitias
3496 687 3686 747 aquas

2034 759 2439 825 continebant.
2491 761 2644 834 Quin
2676 768 2734 823 et
2780 760 2974 840 campi
3006 759 3200 835 multi,
3245 759 3408 839 iique
3459 756 3682 839 supini,

2034 851 2182 914 nihil
2215 850 2493 913 maximis
2518 850 2739 931 pelagis
2761 849 3167 930 magnitudine
3200 847 3687 929 impares,etval-

2035 942 2121 1002 les
2152 940 2934 1022 innumerae,convallesque
2962 939 3094 1001 aliis
3122 947 3181 1000 et
3212 938 3348 1000 aliis
3370 937 3564 999 modis
3585 954 3690 999 ex-

2035 1040 2411 1112 πηδαλίοιο
2436 1030 2636 1093 omnia
2658 1037 2797 1092 tunc
2819 1029 2991 1108 aquis
3011 1028 3689 1110 replebantur,przecep-

2040 1130 2094 1180 to
2128 1120 2333 1182 divino
2362 1127 2641 1182 evacuata
2674 1129 2833 1193 sunt,
2888 1138 3041 1201 aqua
3072 1117 3381 1180 undelibet
3410 1117 3470 1177 in
3503 1134 3680 1177 unam

2036 1211 2555 1290 congregationem
2585 1210 3084 1273 conveniente.Et
3107 1227 3281 1270 nemo
3312 1206 3471 1268 dicat
3498 1204 3687 1266 omni-

2039 1318 2113 1360 no
2136 1318 2385 1363 necesse
2409 1300 2620 1379 esse,si
2643 1318 2796 1378 aqua
2820 1308 2994 1361 terra;
3018 1303 3686 1379 superstaret,cavaom-

2038 1389 2134 1451 nia
2155 1408 2291 1470 quae
2311 1397 2449 1450 tunc
2473 1388 2717 1469 pelagus
2739 1387 3274 1469 suscepere.fuisse
3304 1385 3686 1456 referta.Quo

2037 1476 2521 1560 igitur,concavis
2547 1481 2669 1558 jam
2692 1479 3018 1558 occupatis,
3061 1476 3401 1539 collectum
3432 1493 3495 1535 se
3517 1481 3688 1536 erant

2037 1575 2236 1649 aquai?
2253 1568 2341 1631 Ad
2362 1569 2475 1631 hoc
2503 1587 2646 1630 sane
2669 1567 3529 1648 respondebimus,praaparata
3550 1576 3687 1625 tunc

2038 1658 2220 1720 fuisse
2278 1658 2679 1738 receptacula,
2731 1677 2867 1719 cum
2899 1659 2991 1719 56
3018 1675 3227 1738 aquam
3290 1661 3594 1735 oporteret
3628 1652 3687 1713 in

298 1751 477 1826 μένων
522 1752 628 1809 τῶν
689 1750 911 1832 κοίλων,
960 1752 1097 1827 Πρὸς
1153 1748 1218 1814 δὴ
1263 1757 1419 1807 τοῦτο
1450 1749 1692 1825 ἐροῦμεν,
1729 1745 1950 1803 ὅτιτὸτε

2041 1766 2220 1808 unam
2255 1748 2491 1809 secerni
2526 1747 3273 1827 coacervationem.Neque
3296 1744 3453 1807 enim
3482 1742 3691 1803 eratil-

296 1843 388 1897 καὶ
418 1843 481 1898 τὰ
512 1842 709 1922 ἀγγεῖα
755 1839 1277 1918 συγκατεσκευάσθη,
1311 1837 1391 1893 ὅτι
1441 1836 1546 1893 ἕλει
1594 1839 1718 1912 μίαν
1762 1836 1950 1892 σύστα-

2041 1837 2139 1898 lud
2173 1837 2331 1914 quod
2364 1847 2456 1899 est
2488 1843 2657 1900 extra
2678 1836 2869 1899 Gades
2900 1822 3289 1916 mare,neque
3310 1851 3582 1922 magnum
3608 1830 3686 1922 il-

298 1949 394 1984 συν
454 1931 806 2012 ἀποκριθῆναι
835 1931 897 1985 τὸ
954 1926 1113 2007 ὕδωρ.
1151 1928 1223 1985 Οὔ
1265 1927 1365 2005 γὰρ
1396 1926 1461 1993 ἦν
1494 1929 1526 1994 ἡ
1560 1926 1661 1992 ἔξω
1694 1922 1952 2012 Γαδείρων

296 2016 560 2076 θάλασσα’
603 2011 741 2077 οὑδὲ
790 2020 853 2076 τὸ
914 2017 1054 2094 μέγα
1110 2016 1288 2074 έκεῖνο
1333 2018 1419 2073 καὶ
1452 2014 1757 2091 ὰτόλμητον
1800 2011 1953 2069 πλωο

300 2112 458 2187 τῆρσι
483 2108 739 2189 πέλαγος,
801 2110 861 2165 τὸ
917 2107 1017 2174 τὴν
1077 2106 1427 2186 Βρεττανικὴν
1487 2106 1646 2174 νῆσον
1700 2104 1787 2161 ut
1829 2103 1951 2164 τοὺς

300 2199 570 2278 ὶσπερίους
625 2198 859 2280 ’Ἴϐηρας
916 2196 1424 2274 περιπτυσσόμενον·
1493 2194 1631 2252 ἀλλᾶ
1680 2194 1801 2250 τότε
1849 2197 1950 2259 τῆς

304 2289 631 2369 εὑρυχωρίας
706 2296 783 2363 τῷ
840 2288 1214 2365 προστάγματι
1291 2285 1383 2342 τοῦ
1434 2294 1565 2343 Θεοῦ
1612 2282 1949 2362 δημιουργησ-

298 2377 504 2452 θείσης,
565 2377 650 2435 ἔπ’
706 2379 869 2446 αὐτὴν
930 2374 1177 2441 συνεδόθη
1240 2377 1344 2432 τῶν
1402 2373 1601 2431 ὑδάτων
1644 2374 1710 2428 τὰ
1740 2373 1944 2442 πλήθη,

302 2469 441 2546 Πρὸς
497 2467 550 2523 δέ
608 2469 692 2547 τὸ,
738 2469 819 2525 ὅτι
858 2467 1180 2529 ὑπεναντίως
1214 2465 1330 2545 ἔχει
1363 2467 1431 2541 τῇ
1459 2466 1613 2543 πείρᾳ
1644 2465 1670 2519 ὁ
1700 2468 1797 2529 τῆς
1826 2458 1954 2539 παρ’

298 2558 440 2632 ἡμῖν
478 2558 827 2626 κοσμοποιίας
872 2556 1035 2635 λόγοσ
1099 2553 1183 2634 (οὑ
1239 2558 1336 2633 γὰρ
1390 2556 1461 2618 εἷς
1530 2554 1654 2630 μίαν
1707 2573 1953 2628 συναγω-

297 2647 401 2725 γὴν
473 2644 673 2704 ὑδάτων
742 2647 803 2703 τὰ
877 2645 1013 2725 ὕδωρ
1083 2643 1222 2702 ἅπαν
1282 2644 1519 2725 φαίιεται
1602 2640 1943 2720 συνδραμὸν),

301 2735 474 2794 πολλὰ
524 2737 623 2812 μὲν
667 2736 810 2794 ἔστιν
868 2737 1060 2808 εἰπεῖν,
1105 2736 1194 2792 καὶ
1226 2742 1386 2790 πᾶσιν
1418 2733 1630 2790 αὑτόθεν
1676 2732 1941 2811 γνώριμα·

298 2828 511 2897 μήποτε
554 2825 607 2882 δὲ
636 2828 725 2885 καὶ
758 2829 820 2884 τὸ
865 2825 1221 2905 διαμάχεσθαι
1252 2838 1370 2887 τοῖς
1412 2824 1671 2888 τοιούτοις
1700 2820 1939 2899 γελοῖον,

2036 1926 2137 1987 lud
2162 1934 2221 1988 et
2251 1927 2613 1988 horrendum
2649 1926 2978 2005 navigantis
3008 1930 3246 2005 pelagus
3279 1974 3293 2003 ,
3348 1921 3506 2003 quod
3544 1921 3682 1984 Bri-

2036 2017 2333 2079 tannicam
2365 2016 2619 2078 insulam
2645 2026 2702 2078 et
2725 2016 3128 2078 occidentales
3152 2014 3443 2094 Hispanos
3475 2010 3679 2073 ambit:

2036 2106 2139 2167 sed
2171 2112 2551 2187 posteaquam
2582 2107 2688 2169 Dei
2720 2106 2995 2167 mandato
3028 2105 3360 2166 instructus
3389 2109 3478 2163 cst
3521 2101 3686 2161 locus

2034 2195 2463 2277 amplissimus,
2495 2204 2635 2257 tunc
2666 2196 2724 2256 in
2758 2196 2950 2277 ipsum
2979 2214 3044 2257 se
3074 2212 3359 2274 recepere
3400 2206 3686 2271 aquarum

2034 2285 2343 2365 c0pize.Ad
2371 2286 2482 2348 hoc
2514 2294 2738 2361 autem,
2773 2285 2931 2364 quod
2964 2293 3164 2346 nostra
3191 2284 3266 2345 de
3300 2280 3509 2343 mundi
3542 2278 3680 2359 opi-

2034 2375 2168 2437 ﬁcio
2191 2376 2488 2439 sententia
2499 2376 2880 2455 experientia;
2899 2373 3507 2454 adversetur(constat
3524 2370 3683 2432 enim

2038 2484 2157 2527 non
2192 2465 2249 2525 in
2288 2484 2465 2528 unam
2497 2474 3020 2545 congregationem
3048 2484 3260 2547 aquam
3284 2480 3523 2525 omnem
3548 2478 3688 2522 con-

2037 2554 2538 2629 currisse),multa
2569 2556 2770 2619 dicere
2821 2557 2985 2630 licet,
3021 2574 3212 2636 eaque
3272 2551 3551 2614 omnibus
3584 2568 3691 2631 per

2036 2663 2103 2707 se
2134 2653 2292 2706 nota.
2328 2643 2447 2707 Sed
2481 2643 2733 2706 fortasse
2786 2646 2967 2708 etiam
3013 2664 3148 2707 cum
3202 2642 3418 2704 talibus
3460 2647 3688 2702 certare

2030 2733 2351 2795 ridiculum
2384 2741 2494 2795 est.
2523 2731 2806 2815 Nunquid
2839 2734 3060 2796 debent
3093 2732 3389 2814 palustres
3414 2734 3691 2811 aquas,et

2031 2842 2131 2886 eas
2165 2841 2296 2903 quae
2325 2841 2394 2885 ex
2427 2821 2721 2887 imbribus
2747 2831 3161 2904 aggregantur,
3201 2820 3376 2881 nobis
3409 2836 3686 2900 oppone-

210 2986 215 2989 »
297 2918 371 2973 Οὐ
426 2914 596 2985 δήπου
645 2917 745 2996 γὰρ
793 2917 880 2974 καὶ
933 2917 998 2973 τὰ
1050 2914 1399 2994 τελματιαϊα,
1435 2914 1616 2971 καὶτὰ
1647 2909 1941 2990 ἐξὸμϐρων

2041 2920 2303 2994 re,atque
2332 2911 2708 2987 arbitrari,se
2742 2923 3004 2975 nostram
3030 2910 3389 2974 sententiam
3423 2926 3535 2990 Ope
3562 2907 3691 2969 illa-

296 3007 737 3084 συναθροιζόμεναι
792 3005 1071 3087 προφέρει)
1145 3008 1283 3079 ἡμῖν
1343 3004 1632 3083 ὀφείλουσι,
1700 3002 1787 3059 καὶ
1858 2998 1942 3057 διὰ

2041 3022 2158 3066 rum
2181 3002 2486 3063 refellere?
2511 3002 2830 3064 Enimvero
2859 3003 3180 3063 maximum
3206 2998 3681 3079 amplissimum-

293 3096 494 3153 τούτων
523 3097 615 3152 τὸν
645 3095 820 3173 λόγων
872 3098 1026 3171 ἡμῶν
1075 3094 1319 3175 ἐλέγχειν
1373 3096 1602 3167 οἷεσθαις
1630 3090 1805 3153 Ἀλλᾶ
1833 3091 1933 3179 τὴν

2041 3110 2424 3179 ιυοδιιυθτυιῐι
2440 3110 2802 3155 concursum
2818 3092 3335 3173 congregationem
3350 3107 3530 3151 unam
3542 3105 3693 3148 nun-

296 3185 557 3262 μεγίστην
608 3186 696 3243 καὶ
752 3183 1086 3253 τελεωτάτην
1150 3184 1275 3265 (83)
1311 3181 1598 3261 ςυνδρομοὶν
1664 3180 1768 3237 τῶν
1808 3177 1935 3237 ὑδάο

2041 3177 2431 3265 iupavit.Nam
2459 3182 3042 3263 putei,collectiones
3063 3199 3348 3265 aquarum
3384 3186 3523 3242 sunt
3557 3195 3687 3239 ma-

298 3279 407 3331 τῶν
462 3274 705 3351 ὠνόμασε
763 3275 1077 3354 συναγωγὴν
1134 3278 1281 3349 μίαν.
1346 3275 1443 3330 Καὶ
1485 3274 1584 3349 γὰρ
1614 3271 1679 3326 τὰ
1710 3269 1938 3351 φρέατα-

2027 3275 2444 3347 nufactre,cum
2461 3272 2520 3333 in
2538 3282 2798 3335 cavatam
2830 3283 3005 3336 terra;
3029 3281 3254 3353 partem
3273 3273 3491 3334 humor
3517 3270 3569 3331 ei
3596 3267 3686 3328 in-

296 3365 596 3443 συναγωγαὶ
639 3363 836 3421 ὑδάτων
886 3366 983 3421 εἰσὶ
1039 3363 1439 3444 χειροποίητοι,
1470 3361 1557 3417 ἐπὶ
1613 3362 1673 3416 τὸ
1716 3366 1943 3416 κοιλαν-

2041 3382 2273 3446 spersus
2304 3360 2656 3426 influit.Non
2691 3382 2831 3443 ergo
2859 3383 3009 3445 quos
3044 3364 3192 3425 libet
3220 3379 3506 3443 aquarum
3537 3376 3685 3420 coa-

296 3453 384 3510 θέν
413 3459 509 3521 τῆς
541 3459 643 3533 γῆς
708 3454 803 3522 τῆς
863 3452 1260 3531 ἐνεσπαρμὲνης
1318 3449 1518 3515 νοτίδος
1580 3448 1943 3528 ἐπιρρεούσης.

300 3545 375 3602 Οὑ
423 3544 592 3601 τοίνυν
646 3545 711 3601 τὰ
766 3542 1000 3623 τυχόντα
1051 3547 1157 3599 τῶν
1210 3539 1411 3597 ὑδάτων
1440 3540 1765 3616 ἀθροίσματα
1794 3540 1828 3606 ἡ
1858 3537 1954 3605 τῆς

302 3637 615 3712 συναγωγῆς
651 3633 782 3713 (84)
813 3631 1053 3712 ἐμφαίνει
1108 3630 1467 3708 προσηγορία,
1513 3627 1650 3685 ἀλλὰ
1707 3630 1808 3694 τὴν
1866 3624 1953 3691 ἐξ·

300 3721 531 3803 ἔχουσαν
580 3724 665 3781 οιαὶ
701 3722 981 3801 μεγίστην,
1016 3721 1068 3779 ἐν
1105 3719 1270 3797 ᾒπᾶν
1314 3721 1375 3776 τὸ
1418 3731 1699 3800 στοιχεῖον
1732 3718 1954 3795 ἀθρόον-

300 3811 673 3876 διαδείκνυται.
706 3811 931 3893 ’Ὠσπερ
980 3814 1080 3892 γὰρ
1135 3813 1195 3869 τὸ
1238 3820 1338 3890 πῦρ
1392 3811 1477 3866 καὶ
1536 3812 1608 3872 εἷς
1662 3809 1824 3888 μικρὰ
1853 3830 1957 3864 κα-

300 3904 849 3983 τακεκερματισμὲνον
910 3903 1050 3960 ἐστὶν
1104 3900 1194 3958 ἐπὶ
1262 3902 1362 3967 τῆς
1409 3898 1512 3957 ὦδε
1572 3900 1758 3979 χρείας
1798 3946 1813 3977 ,
1872 3893 1959 3953 καὶ

299 3992 483 4070 ἀθρόον
516 3993 602 4050 ἕπὶ
632 4001 720 4049 τοῦ
752 3993 952 4072 αἰθέρος
1016 3991 1265 4072 ιιέχυται⁶
1328 3991 1415 4045 καὶ
1477 3991 1505 4045 ὀ
1554 3990 1657 4067 ἀὴρ
1714 3987 1959 4065 διῄρηται

300 4081 399 4157 μὲν
448 4083 533 4137 καὶ
583 4083 717 4137 κατὰ
765 4084 969 4161 μικρὰ,
1028 4084 1113 4138 καὶ
1167 4082 1369 4159 ἁθρόως
1430 4079 1485 4136 δὲ
1543 4081 1633 4135 τὸν
1693 4079 1959 4158 περίγειον

2034 3454 2405 3517 cervationes
2438 3455 2913 3533 congregationis
2938 3453 3255 3535 appellatio
3293 3450 3536 3521 indicat,
3586 3448 3689 3509 sed

2041 3543 2400 3626 praecipuam
2434 3550 2493 3603 et
2521 3544 2863 3623 maximam,
2891 3545 2949 3605 in
2970 3562 3085 3624 qua
3109 3551 3293 3605 totum
3323 3541 3687 3603 elementum

2040 3640 2447 3695 coacervatum
2470 3632 3342 3706 ostenditur.Quemadmodum
3361 3628 3518 3691 enim
3534 3627 3689 3707 ignis

2042 3733 2100 3785 et
2128 3722 2189 3783 in
2222 3721 2480 3782 minutas
2514 3729 2709 3802 partes
2743 3743 2850 3802 pao
2884 3730 3086 3784 nostro
3112 3741 3221 3783 usu
3250 3720 3543 3781 dissectus
3567 3725 3686 3792 est,

2044 3821 2103 3875 et
2128 3811 2446 3874 acervatim
2474 3812 2533 3873 in
2566 3812 2792 3873 aethere
2823 3812 3094 3893 diffusus;
3118 3816 3258 3873 item
3289 3806 3684 3891 quemadmo-

2044 3904 2184 3965 dum
2208 3920 2313 3964 aer
2329 3901 2553 3963 divisus
2576 3901 2814 3981 quidem
2841 3910 2930 3963 est
2953 3902 3014 3964 in
3038 3900 3279 3981 exiguas
3303 3903 3692 3980 partes,etta-

2046 4010 2180 4054 men
2204 3994 2271 4054 ad
2273 3991 2539 4071 jacentia
2561 3991 2758 4054 telluri
2789 3992 2917 4053 loca
2937 3992 3248 4055 acervatim
3274 3985 3694 4066 occupavit:ita

2046 4081 2174 4143 etin
2202 4099 2355 4161 aqua
2378 4084 2612 4143 tametsi
2630 4099 2827 4161 parvae
2849 4081 3117 4163 quaedam
3141 4077 3532 4142 collectiones
3556 4076 3689 4147 fue-

298 4167 671 4248 ὶκπεριείληνρε
702 4171 886 4227 τόπον⁶
934 4170 1073 4227 οὕτω
1129 4172 1216 4226 καὶ
1255 4170 1340 4227 ἐπὶ
1397 4177 1490 4227 τοῦ
1532 4167 1747 4249 ὕδατος,
1797 4170 1841 4223 εἰ
1873 4168 1950 4223 καῖ

2042 4180 2182 4232 runt
2206 4178 2725 4251 sepa‘rathamen
2759 4191 2878 4233 una
2897 4181 2986 4234 est
3015 4168 3418 4248 congregatio,
3450 4175 3689 4247 quaeto-

300 4259 485 4335 μικραί
535 4279 672 4321 τινες
731 4260 829 4314 είσι
890 4257 1206 4336 διῃρημέναι
1259 4259 1565 4333 συστάσεισ,
1602 4257 1740 4315 ἀλλὰ
1774 4264 1867 4334 μία
1898 4257 1950 4334 γὲ

2047 4270 2168 4323 tum
2188 4282 2220 4322 a
2236 4261 2469 4323 cwteris
2494 4269 2767 4341 segregat
2788 4259 3329 4324 elementum.Nam
3353 4266 3557 4335 stagna
3572 4264 3693 4316 tum

300 4348 409 4405 ἔστι
441 4348 721 4426 συναγωγὴ
755 4346 880 4428 (85)
947 4350 977 4415 ἦ
1026 4350 1087 4402 τὸ
1119 4345 1243 4404 ὅλον
1278 4362 1554 4427 στειχεϊον
1606 4352 1712 4404 τῶν
1756 4346 1950 4405 λοιπῶν

2045 4369 2113 4411 ea
2135 4370 2267 4432 quae
2287 4351 2357 4412 ad
2384 4358 2581 4431 partes
2600 4350 3105 4431 septentrionales
3139 4351 3251 4411 sita
3284 4356 3446 4420 sunt,
3476 4356 3600 4409 tum
3625 4363 3697 4407 ea

298 4436 656 4516 ἀποκρίνουσα
712 4436 862 4517 (86).
911 4439 972 4495 Αἱ
1004 4436 1101 4510 μὲν
1131 4436 1230 4515 γαρ
1272 4434 1453 4511 λίμναι
1484 4459 1540 4492 τε
1593 4438 1728 4493 κατὰ
1755 4438 1819 4499 τὰ
1851 4436 1950 4510 μέ-

2044 4440 2385 4520 qumjacent
2401 4441 2562 4501 circa
2584 4442 2926 4503 Graecorum
2950 4448 3345 4514 tractum,tum
3361 4440 3701 4515 quaaMace-

303 4549 370 4603 ρη
421 4531 521 4593 τῆς
568 4525 781 4605 ἄρκτου,
831 4527 918 4583 καὶ
977 4524 1095 4582 ὅσαι
1140 4526 1257 4603 περὶ
1333 4526 1425 4580 τὸν
1479 4524 1796 4592 Ἐλληνικόν
1854 4526 1950 4581 εἱσι

2041 4527 2277 4590 doniam
2296 4548 2366 4591 ac
2380 4528 2770 4611 Bithynorum
2796 4530 3351 4611 Palestinorumque
3385 4526 3696 4607 regionem

301 4616 487 4690 τόπον,
540 4616 637 4684 τὴν
685 4638 743 4673 τε
804 4614 1153 4689 Μακεδονίαν,
1185 4616 1274 4671 καὶ
1325 4615 1424 4680 τὴν
1468 4617 1695 4674 Βιθυνῶν
1738 4622 1947 4695 χῷραν,

2041 4616 2306 4681 obtinent
2360 4627 2520 4692 sunt,
2576 4620 2815 4701 quidem
2872 4620 3385 4700 congregationes:
3413 4617 3518 4680 sed
3543 4635 3701 4678 nunc

301 4707 386 4761 mi
430 4706 529 4773 τὴν
597 4705 965 4764 Παλαιστίνων
1010 4706 1364 4785 κατέχουσαι,
1398 4705 1705 4783 συναγωγαί
1738 4705 1835 4760 είσι
1866 4702 1950 4770 δη-

2042 4707 2119 4769 de
2137 4725 2206 4769 ea
2221 4727 2354 4790 quae
2373 4709 2641 4771 omnium
2670 4711 2926 4771 maxima
2947 4717 3321 4791 ust,qua3que
3348 4704 3701 4786 magnitudio

303 4793 501 4852 λονότι·
560 4793 697 4852 ἀλλὰ
746 4803 833 4852 νῦν
881 4796 998 4875 περὶ
1048 4803 1145 4867 τῆς
1207 4793 1465 4873 μεγίστης
1500 4794 1726 4851 ἁπασῶν
1757 4794 1841 4850 καὶ
1881 4799 1950 4864 τῷ

2044 4814 2118 4858 ne
2134 4796 2331 4859 telluri
2347 4798 2592 4879 aequalis
2612 4800 2985 4880 est,habetur
3008 4796 3479 4877 sermo.Copiam
3497 4803 3693 4856 autem

304 4883 513 4964 μεγέθει
572 4890 670 4952 τῆς
735 4885 834 4964 γῆς
893 4883 1290 4964 παρισουμένης
1350 4886 1376 4940 ὁ
1432 4884 1615 4962 λόγος.
1648 4882 1761 4945 ’Ἀς
1809 4882 1950 4951 πλῆ-

2042 4884 2099 4946 ἱη
2124 4885 2241 4948 illis
2264 4888 2559 4948 contineri
2584 4907 2868 4969 aquarum
2887 4887 3123 4965 negabit
3146 4903 3470 4956 nemo,nec
3494 4891 3693 4943 tamen

303 4972 527 5055 θος(87)
556 4974 653 5050 μὲν
685 4974 840 5055 ἔχεεν
866 4973 1051 5040 ὕδατος
1078 4971 1244 5037 οὐδεὶς
1277 4974 1511 5053 ἀντερεῖ,
1537 4974 1597 5033 οὗ
1627 4997 1735 5049 μην
1764 4972 1950 5031 θαλασ·

2041 4975 2355 5056 quisquam
2373 4995 2473 5038 eas
2486 4977 3155 5058 congruaappellatione
3179 4973 3365 5036 maria
3378 4971 3694 5054 vocaverit,

381 5143 506 5221 (81)
541 5141 629 5205 Ita
649 5160 750 5205 sex
783 5160 929 5205 mss.
967 5141 1125 5204 Editi
1154 5142 1290 5203 οὑδὲ.

381 5143 473 5221 (81
541 5143 629 5205 Ita
649 5160 750 5205 sex
783 5160 929 5205 mss.
967 5143 1125 5204 Editi
1154 5143 1290 5203 οὑδὲ.

379 5143 508 5318 (ΒΞΞ
538 5225 717 5318 Bfgi‘i.
743 5224 1008 5318 quintqu
1031 5230 1236 5318 sextus
1266 5230 1327 5318 et
1354 5232 1597 5286 octavus
1617 5223 1955 5318 baétwv‘o‘uv-

296 5303 529 5386 averni.
566 5303 877 5369 Editicum
902 5303 1038 5368 aliis
1065 5303 1426 5384 quibusdam
1471 5321 1615 5368 mss.
1648 5306 1700 5362 αἱ
1754 5303 1948 5362 συλλο-

295 5386 507 5547 ῪὟΒΒ)
542 5467 769 5530 Omnes
822 5467 947 5531 fere
1005 5484 1151 5529 mss.
1187 5486 1323 5530 cum
1355 5465 1616 5528 editione
1649 5463 1831 5547 Basil.
1866 5466 1953 5522 καὶ

298 5544 663 5647 τελεωτάτην.
698 5547 891 5611 Editio
932 5548 1121 5609 Paris.
1173 5567 1306 5611 cum
1338 5550 1490 5626 Reg.
1528 5544 1704 5608 tertio
1748 5544 1952 5602 τελειο.

303 5647 503 5694 τατην,

280 5746 285 5749 ς
373 5707 501 5850 384)
533 5710 684 5788 Reg.
716 5707 962 5788 primus
983 5711 1011 5764 ὁ
1042 5713 1143 5776 τῆς
1173 5716 1297 5786 μιᾶς
1329 5731 1518 5787 συναγ.
1550 5704 1764 5769 Statim
1792 5704 1953 5768 idem

295 5803 367 5847 co
416 5804 484 5850 ex
517 5790 807 5850 ἐξέγουσαν
842 5789 927 5845 καὶ
955 5789 1181 5850 ἆριστην
1214 5791 1267 5847 ἐν
1299 5790 1354 5850 ἦ.

416 5804 484 5850 ex
517 5790 807 5871 ἐξέχουσαν
842 5789 927 5845 καὶ
955 5789 1181 5865 ἆριστην
1214 5791 1267 5847 ἐν

2117 5145 2252 5223 (85)
2280 5145 2452 5225 Regii
2482 5146 2728 5224 quintus
2759 5155 2814 5209 et
2836 5153 3035 5209 sextus
3063 5146 3202 5203 ἐστὶν
3232 5145 3446 5225 ἀγωγή,

2118 5227 2242 5309 (86)
2272 5229 2354 5289 Ita
2378 5222 2527 5309 mss.
2563 5228 2829 5309 quinque
2874 5246 3004 5289 com
3055 5222 3328 5309 Co_mhef.
3365 5222 3522 5288 Editi
3554 5242 3690 5309 cum

2038 5306 2204 5370 Colb.
2252 5307 2510 5369 secundo
2561 5304 2906 5387 ἆποκρίνασα.
2965 5311 3099 5371 MOI
3127 5307 3273 5386 Reg.
3309 5312 3513 5369 sextus
3544 5304 3601 5361 αῗ
3634 5327 3692 5361 τε

2032 5390 2167 5445 κατὰ
2201 5388 2359 5466 μέρος
2390 5389 2510 5457 τῆς.

2115 5468 2239 5549 (87)
2274 5467 2679 5549 Edit_io_Basjl.
2716 5476 2774 5529 et
2814 5468 3014 5543 Bodl.,
3045 5476 3104 5530 et
3134 5467 3232 5530 alii
3267 5467 3504 5549 plurimi
3542 5484 3688 5527 mss.

2035 5547 2095 5613 ἂς
2126 5546 2350 5615 πλῆθος.
2386 5546 2577 5609 Editio
2605 5548 2789 5609 Paris.
2820 5549 3024 5612 ἐκείνας
3045 5549 3101 5605 δὲ
3133 5546 3689 5626 πλῆθοςᾈίίιιιιᾶηιο

2040 5636 2379 5770 plqsthitnss.
2428 5627 2701 5709 plerique
2734 5647 2943 5690 omnes
2993 5630 3260 5692 θαλάσσαις
3293 5651 3377 5707 γε.
3410 5626 3595 5688 Abest
3623 5646 3685 5703 γε

2037 5725 2073 5769 a
2144 5725 2178 5771 e
2223 5726 2345 5772 ns.
