4176 6436
279 354 361 427 89

1395 352 1714 422 HOMILIA
1760 352 1839 421 IV
1893 354 1971 423 IN
2018 354 2576 424 HEXAEMERON-

3606 366 3690 429 90

274 505 339 558 τὸ
405 501 545 580 ἶὶὂωρ
606 503 666 557 τὸ
724 498 972 557 ὑποκάτω
1056 505 1147 553 τοῦ
1218 498 1440 575 οὑρανοῦ
1515 497 1588 558 εἷς
1658 496 1751 557 τὰς
1806 516 1935 549 συν-

2030 492 2093 553 ba
2127 494 2354 555 nulliex
2371 495 3685 577 reliquisinterpretibustradidere,necusus

274 592 505 670 αγωγάς
570 590 761 660 αὐτῶν,
806 588 894 643 καὶ
937 586 1085 667 ὤφθη
1137 588 1171 652 ἡ
1218 584 1348 656 ξηρᾶ
1386 600 1399 613 ·
1464 584 1597 647 ἅπερ
1643 583 1759 641 οὔτε
1805 584 1941 648 τινὲς

275 687 389 735 τῶν
438 678 643 734 λοιπῶν
678 673 1026 732 ἐκδεδώκασιν
1074 674 1348 753 ἑρμηνέων
1383 672 1529 753 (95),
1581 673 1695 729 οὔτε
1725 675 1758 738 ἡ
1805 678 1943 751 χρῆ-

276 792 364 831 σις
414 790 525 841 τῳν
572 757 825 844 Ἐϐραίων
859 764 1058 844 ἔχουσα
1112 765 1371 844 φαίνεται,
1415 765 1508 821 Καὶ
1567 765 1666 840 γὰρ
1711 764 1785 836 τῷ
1830 761 1940 817 ὄντι

277 857 549 937 παρέλκει
597 858 732 931 μετὰ
774 856 875 921 τὴν
930 855 1214 933 μαρτυρίαν
1264 856 1380 931 τοῦ,
1432 852 1512 908 ὅτι
1547 853 1790 931 Ἐγένετο
1845 849 1937 907 οὕ-

276 971 419 1027 τως³
481 950 515 1015 ἡ
577 953 684 1002 τῶν
743 946 914 1001 αὑτῶν
978 944 1131 1000 πάλιν
1180 940 1588 1020 ἓπεκδιήγησις.
1654 943 1729 999 Τὰ
1772 942 1944 997 τοίνυν

278 1034 493 1116 ἀκριϐῶ
536 1037 642 1092 τῶν
688 1034 1022 1113 ἀντιγράφων
1048 1029 1330 1088 ὠϐἐλισται
1362 1048 1376 1062 ⁶
1413 1034 1440 1087 6
1485 1030 1536 1086 δὲ
1584 1028 1768 1095 ὀϐελὸς
1817 1032 1941 1086 ἀθε-

277 1128 502 1196 τήσεως
546 1121 835 1200 σύμϐολον,
894 1124 990 1180 Καὶ
1052 1121 1299 1178 ἐκάλεσεν
1344 1124 1371 1177 6
1418 1123 1547 1185 Θεὸς
1597 1122 1696 1187 τὴν
1758 1118 1942 1199 ξηρὰν,

278 1221 414 1292 γῆν,
480 1217 565 1271 καὶ
622 1215 687 1270 τὰ
754 1213 1067 1286 συστήματα
1137 1218 1244 1267 τῶν
1308 1209 1513 1266 ὑδίτων
1564 1208 1784 1266 ἐκάλεσε
1843 1213 1943 1265 Θα-

277 1304 494 1369 λάσσας
562 1302 705 1383 (96).
773 1304 871 1357 Δια
924 1303 972 1357 τί
1031 1303 1118 1357 καὶ
1164 1301 1219 1355 ἐν
1258 1302 1379 1365 τοῖς
1436 1302 1661 1357 κατόπιν
1708 1297 1943 1377 εἷ’ρηται’

2028 582 2413 645 Ηθὺτωοτυιη
2452 586 2674 647 habere
2704 587 3121 649 videtur.Nam
3149 605 3354 648 revera
3377 591 3687 669 posttesti-

2030 674 2287 733 monium
2310 673 2736 748 illud,Factum
2754 675 3177 746 cstita,eadem
3204 676 3416 738 iterum
3437 697 3681 741 narrare

2027 771 2113 821 est
2136 762 2883 841 supervacaneum.Notata
2910 774 3043 826 sunt
3077 765 3257 840 igitur
3272 765 3445 826 obelo
3470 784 3678 829 exem-

2028 850 2214 930 plaria
2241 856 2613 913 accuratiora
2653 875 2664 910 :
2710 853 2920 914 obelus
2942 862 3139 913 autem
3159 854 3391 932 signum
3410 866 3680 936 estrepu-

2028 939 2414 1003 diationis.Et
2433 945 2665 1003 vocavit
2692 942 2850 1003 Deus
2872 944 3457 1017 ai‘idam.tm‘ram;et
3478 946 3683 1009 collec—

2030 1030 2222 1091 tiones
2235 1048 2533 1110 aquarum
2547 1034 2786 1093 vocavit
2804 1034 3170 1093 maria.Cur
3190 1034 3677 1111 etsupradictum

2030 1128 2142 1180 est:
2158 1120 2627 1201 Congregentur
2652 1141 2823 1201 aqua:
2839 1126 2903 1184 in
2925 1126 3451 1201 congregationem
3472 1143 3682 1199 unam,

2028 1214 2083 1269 et
2106 1220 2402 1288 appareat
2430 1212 2762 1285 aridamon
2787 1223 2979 1272 autem
3007 1212 3292 1293 scriptum
3329 1223 3417 1273 est
3444 1238 3456 1271 :
3487 1216 3559 1276 Et
3579 1235 3678 1295 ap-

2036 1310 2237 1376 pareat
2268 1308 2420 1359 terra
2442 1307 2469 1362 ‘?
2502 1309 2559 1360 et
2595 1300 2688 1361 hic
2723 1320 2930 1362 rursus
2966 1320 2978 1363 :
3013 1304 3317 1380 Apparuit
3370 1305 3574 1384 arida,
3623 1312 3680 1368 et

280 1396 630 1473 Συναχθήτω
714 1392 779 1447 τὰ
864 1389 1025 1446 ὕδατα
1102 1391 1173 1453 εἷς
1253 1392 1565 1467 συναγωγὴν
1650 1389 1796 1463 μίαν,
1862 1389 1941 1443 καῖ

2036 1389 2264 1449 vocavit
2290 1388 2441 1449 Deus
2472 1391 2736 1462 aridam,
2767 1390 3027 1452 terram?
3051 1389 3199 1463 Quia
3220 1391 3384 1452 arida
3413 1393 3676 1472 quidem,

277 1482 601 1563 ὀφθήτυ›-ἠ
646 1479 802 1559 ξηρὰ,
863 1477 979 1534 ἀλλ’
1033 1480 1152 1557 οὐχὶ
1199 1478 1519 1563 γέγραπται,
1580 1479 1674 1535 Καὶ
1734 1478 1949 1557 eaeam
2036 1476 3113 1557 estvelutproprietasqumdamgum
3134 1479 3386 1560 subjecti
3412 1490 3680 1543 naturam

277 1557 339 1640 ἡ.
366 1578 494 1650 γῆ;
540 1572 624 1625 καὶ
669 1557 885 1624 ἐνταῦθα
945 1567 1105 1624 πάλιν
1143 1583 1156 1597 ⁸
1214 1557 1403 1633 ’ᾯφθη
1455 1566 1607 1646 ξηρὰ,
1638 1568 1723 1623 καὶ
1752 1568 1941 1622 Exite-

2032 1566 2197 1645 quasi
2231 1568 2509 1646 exprimit
2543 1587 2609 1629 ac
2635 1568 2937 1647 designat:
2968 1578 3127 1629 terra
3152 1557 3312 1645 vero,
3350 1572 3507 1631 nuda
3525 1591 3681 1648 quaa-

279 1682 378 1717 σεν
416 1664 446 1715 6
479 1662 608 1721 Θεὸς
640 1660 737 1725 τὴν
783 1658 969 1737 ξηρὰν,
1004 1664 1105 1735 γῆν
1143 1678 1157 1727 ;
1192 1654 1327 1713 ’Ὂτι
1354 1656 1390 1723 ἡ
1424 1656 1519 1732 μὲν
1553 1655 1685 1734 ξηρὰ
1718 1658 1779 1713 τὸ
1810 1654 1941 1712 ἰδίω-

2031 1654 2163 1714 dam
2198 1665 2287 1716 est
2322 1657 2404 1717 rei
2438 1657 3312 1737 appellatio.Quemadmodum
3331 1662 3680 1721 enimratio-

282 1751 366 1825 μά
394 1750 535 1826 ἐστι,
572 1750 630 1803 τὸ
696 1749 852 1804 οἱονεὶ
903 1746 1393 1825 χαρακτηριστικὸν
1439 1746 1536 1813 τῆς
1591 1747 1795 1824 φύσεως
1856 1748 1941 1801 τοὺ

2033 1745 2165 1805 nale
2198 1746 2459 1806 hominis
2495 1748 2799 1827 proprium
2834 1757 2959 1809 est:
2990 1749 3143 1808 hanc
3174 1766 3310 1808 vero
3368 1768 3504 1810 vero
3537 1767 3670 1830 vox,

285 1837 654 1911 ὑποκειμένου
691 1855 705 1872 ο
740 1838 774 1903 ἡ
822 1834 875 1890 δὲ
921 1841 991 1913 γῆ
1042 1834 1371 1913 προσηγορία
1402 1856 1480 1896 τις
1532 1834 1641 1889 ἐστι
1676 1833 1808 1903 ψιλὴ
1861 1842 1941 1890 τοί

2032 1832 2231 1915 homo,
2267 1835 2485 1896 animal
2524 1836 2713 1917 ipsum
2750 1837 2842 1896 cui
2875 1837 2974 1898 illa
3018 1838 3348 1916 proprietas
3376 1839 3558 1918 inest,
3591 1840 3678 1900 si-

285 1928 637 2005 πράγματος,
672 1925 766 1987 Ὠς
800 1926 900 2002 γὰρ
940 1927 1003 1980 τὸ
1056 1923 1270 2001 λογικὸν
1305 1921 1442 1978 ἴδιόν
1484 1923 1595 1979 ἐστι
1627 1923 1719 1979 τοῦ
1746 1924 1941 2000 ἀνθρώ-

2032 1923 2314 2003 gniﬁcat:
2349 1925 2433 1985 sic
2463 1925 2639 1987 etiam
2695 1926 2951 2007 aridum,
3001 1925 3305 2007 proprium
3341 1936 3430 1988 est
3479 1936 3672 2001 terrae,

283 2038 417 2083 που,
457 2016 494 2081 ἡ
522 2012 573 2069 δὲ
598 2013 866 2088 ἄνθρωπος
900 2013 1051 2092 quivi}
1083 2013 1394 2087 σημαντική
1428 2011 1539 2068 ἔστι
1571 2014 1664 2068 τοὺ
1721 2012 1859 2083 ζώου
1902 2013 1941 2087 ᾦ

2034 2014 2209 2092 eique
2241 2013 2567 2093 peculiare.
2595 2015 2697 2074 Cui
2732 2015 2907 2093 igitur
2950 2016 3188 2095 proprie
3218 2015 3375 2077 inest
3406 2016 3673 2079 ariditas.

280 2106 523 2183 ὑπάρχει
557 2107 614 2159 τὸ
644 2101 804 2172 ἴδιον·
841 2102 978 2159 οὕτω
1006 2102 1093 2157 καὶ
1114 2102 1175 2157 τό
1209 2098 1367 2179 ξηρὸν
1398 2099 1533 2157 ἴδιόν
1564 2103 1677 2157 ὶστι
1710 2108 1810 2168 τῆς
1841 2104 1941 2180 γῆς

2030 2100 2086 2161 id
2119 2112 2387 2163 vocatum
2436 2113 2525 2163 est
2558 2112 2784 2165 terrra:
2830 2104 3078 2184 perinde
3109 2113 3283 2185 atque
3314 2113 3409 2167 cui
3442 2108 3682 2188 proprie

278 2195 369 2250 καὶ
419 2194 702 2267 ἐξαίρετον,
740 2186 803 2273 ᾯ
834 2192 1006 2247 τόίνυν
1035 2190 1176 2253 ἰδίως
1209 2190 1440 2270 ὑπάρχει
1486 2192 1546 2246 τὸ
1578 2191 1758 2270 ξηρὸν,
1792 2192 1941 2247 τοῦτο

2030 2189 2322 2253 hinnibile
2351 2192 2539 2271 adest,
2572 2192 2632 2253 id
2658 2204 3059 2273 nuncupatum
3107 2203 3194 2253 est
3216 2186 3588 2275 equus.iNe'c
3618 2197 3679 2258 in

274 2282 639 2350 ἐπικέκληται
674 2286 766 2358 γῆ·
801 2283 980 2359 ὥσπερ
1010 2286 1056 2354 ᾦ
1104 2279 1246 2337 ἰδίως
1305 2282 1556 2358 πρόσεστι
1585 2283 1646 2337 τὸ
1678 2303 1941 2362 χρεμετι-

277 2375 491 2447 στικὸν,
529 2394 683 2428 τουτο
716 2370 1064 2437 ἐπικέκληται
1094 2369 1290 2432 ἵππος.
1321 2374 1393 2428 Οὔ
1425 2369 1587 2444 μόνον
1619 2368 1673 2426 δὲ
1714 2370 1800 2427 ἐπὶ
1844 2377 1942 2438 τῆς

276 2468 381 2541 γῆς
414 2462 528 2519 ἐστι
552 2469 730 2534 τοῦτο,
765 2459 902 2515 ἀλλά
932 2460 1021 2516 καὶ
1052 2460 1159 2515 τῶν
1191 2458 1368 2515 ἄλλων
1399 2482 1425 2513 σ
1445 2460 1684 2539 ιλιχείων
1716 2459 1941 2516 ἕκαστον

277 2554 582 2622 ἰδιάζουσαν
633 2553 720 2607 καὶ
773 2547 1301 2623 ἀποκεκληρωμένην
1346 2546 1463 2627 ἔχει
1523 2550 1812 2628 ποιότητα³
1868 2546 1938 2603 δι’

278 2643 346 2709 ἧς
407 2647 518 2697 τῶν
580 2662 637 2696 τε
716 2639 918 2695 λοιπῶν
971 2638 1334 2716 ἀποκρίνεται,
1396 2638 1485 2692 καὶ
1544 2639 1670 2695 αὐτὸ
1714 2638 1937 2694 ἕκαστον

280 2731 482 2789 ὁποῖόν
513 2729 654 2786 ἐστιν
700 2728 1129 2806 ἐπιγινώσκεται.
1194 2728 1264 2784 Τὸ
1296 2728 1394 2803 μὲν
1426 2724 1561 2805 ὕδωρ
1591 2723 1723 2783 ἰδίαν
1773 2728 1933 2783 ποιό-

278 2842 421 2888 τητα
498 2836 596 2887 την
655 2819 975 2898 ψυχρότητα
1049 2816 1166 2896 ἔχει
1201 2834 1217 2851 ⁶
1279 2818 1305 2872 6
1363 2814 1417 2871 δὲ
1460 2816 1563 2891 ἀὴρ
1618 2818 1717 2883 την
1770 2817 1933 2896 ὑγρό-

2026 2289 2185 2340 terra
2216 2282 2407 2343 solum
2462 2282 2519 2343 id
2566 2302 2628 2343 se
2673 2284 2747 2343 ita
2788 2284 3016 2344 habet:
3075 2285 3181 2343 sed
3231 2283 3473 2345 cuilibet
3503 2286 3679 2347 etiam

2024 2370 2275 2430 aliorum
2310 2371 2746 2433 elementorum
2779 2371 3299 2453 suppetitpropria
3326 2380 3554 2437 etsorte
3579 2377 3679 2437 ob-

2026 2468 2183 2520 tenta
2215 2460 2614 2541 qualitas,qua
2645 2474 2701 2521 et
2724 2462 3063 2521 secernitur
3083 2479 3116 2521 a
3138 2463 3396 2538 caeteris,
3421 2474 3478 2524 et
3500 2466 3682 2543 quale

2024 2547 2495 2629 unumquodque
2526 2549 3261 2630 sit,internoscitur.Aqua
3290 2553 3529 2630 quidem
3567 2557 3677 2615 ha-

2024 2636 2124 2698 bet
2155 2638 2462 2717 propriam
2488 2638 2864 2715 qualitatem,
2889 2639 3305 2718 frigiditatem
3333 2662 3346 2701 :
3380 2660 3484 2701 aer
3513 2661 3676 2717 vero,

2020 2726 2265 2787 humidi
2271 2736 2450 2788 talem
2465 2750 2477 2787 ;
2490 2728 2639 2806 ignis
2656 2726 3470 2804 antem,calt’ditutem.Ratio
3483 2742 3679 2795 autem

2021 2820 2093 2876 ad
2122 2835 2257 2876 eum
2285 2836 2463 2897 quem
2489 2816 2745 2877 diximus
2782 2816 3018 2877 modum
3056 2816 3262 2878 isthazc
3286 2818 3378 2877 58
3402 2827 3677 2900 tanquam

280 2932 421 2977 τητα
457 2925 472 2939 “
511 2911 570 2965 τὸ
602 2907 656 2963 δὲ
714 2915 815 2985 πῦρ
846 2907 940 2974 τὴν
999 2906 1325 2983 θερμότητα.
1390 2903 1559 2960 Ἀλλὰ
1614 2911 1781 2961 ταῦτα
1835 2907 1936 2981 μὲν

2030 2906 2213 2984 prima
2244 2924 2444 2966 rerum
2472 2906 2933 2984 compositarum
2968 2906 3269 2968 elementa
3299 2910 3673 2987 speculatur:

284 3002 356 3063 ὥς
414 3005 605 3078 πρῶτα
658 2996 913 3075 στοιχεῖα
975 3001 1083 3051 τῶν
1128 2994 1385 3051 συνθέτων
1442 2994 1576 3049 κατὰ
1624 2995 1715 3049 τὸν
1774 2994 1935 3075 εἴρη-

2030 3012 2153 3072 quaz
2195 3013 2336 3055 vero
2364 2996 2489 3073 jam
2528 2995 2586 3055 in
2617 2994 2970 3074 corporibus
3017 2994 3247 3074 digesta
3279 3007 3441 3078 sunt,
3475 3007 3532 3060 et
3565 3000 3675 3061 sub

286 3090 449 3164 μένον
500 3091 696 3167 τρόπον
753 3093 829 3161 τῷ
910 3084 1156 3163 λογισμῷ
1213 3087 1517 3163 Θεωρεϊται,
1583 3084 1649 3140 τὰ
1720 3081 1775 3139 δὲ
1831 3083 1934 3152 ἤδη

2030 3101 2262 3145 sensum
2286 3087 2528 3159 cadunt,
2554 3085 2907 3165 conjunctas
2936 3084 3095 3146 inter
3125 3103 3190 3146 se
3220 3087 3534 3166 qualitates
3565 3089 3677 3151 ha-

287 3178 341 3233 ἐν
397 3178 609 3254 σώματι
660 3174 1096 3253 κατατεταγμένα
1165 3175 1253 3230 καὶ
1306 3173 1672 3230 ὑποπίπτοντα
1725 3179 1794 3251 τῇ
1848 3175 1935 3230 αἱ·

2030 3174 2316 3237 bent.Nec
2341 3173 2671 3255 quidquam
2710 3192 2919 3236 eorum
2964 3192 3094 3254 quae
3115 3174 3268 3236 visui
3307 3195 3376 3237 ac
3403 3178 3679 3240 sensibus

285 3270 474 3337 σθήσει
509 3266 917 3344 συνεζευγμέναι.
965 3261 1083 3343 ἔχει
1141 3265 1234 3325 τὰς
1286 3263 1605 3330 ποιότητας.
1645 3264 1744 3320 Καὶ
1789 3262 1936 3320 οὐδὲν

2030 3266 2337 3341 iacent,est
2358 3265 2631 3325 absolute
2670 3263 3111 3344 singulare,aut
3131 3265 3407 3348 simplex,
3436 3277 3540 3329 aut
3567 3289 3676 3349 pu—

281 3355 696 3433 ἀπολελυμένως
755 3355 864 3411 ἐστὶ
924 3354 1169 3433 μοναχὸν
1216 3351 1329 3410 οὐδὲ
1391 3350 1592 3409 ἁπλοῦν
1652 3354 1741 3409 καὶ
1800 3352 1937 3408 εἱλι-

2030 3370 2153 3413 rum
2195 3373 2207 3415 :
2245 3356 2350 3416 sed
2371 3362 2530 3415 terra
2561 3355 2806 3434 quidem
2833 3352 3003 3415 arida
3034 3362 3092 3414 et
3112 3353 3323 3434 frigida
3353 3366 3443 3418 est
3476 3376 3489 3421 :
3523 3375 3677 3437 aqua

279 3447 460 3526 κρινὲς
532 3454 637 3503 τῶν
697 3443 981 3523 ὁρωμένων
1040 3445 1127 3498 καὶ
1202 3442 1464 3509 αἰσθητῶν
1500 3460 1517 3477 ·
1585 3438 1707 3497 ἀλλ’
1751 3445 1786 3510 ἡ
1840 3442 1939 3517 μὲν

2030 3461 2161 3503 vero
2195 3441 2438 3502 humida
2469 3448 2530 3505 et
2566 3443 2780 3520 frigida
2818 3459 3067 3504 :rursus
3089 3462 3195 3504 aer
3217 3445 3445 3508 calidus
3478 3454 3536 3509 et
3564 3448 3673 3509 hu-

278 3545 350 3620 γῆ
382 3540 522 3618 ξηρὰ
571 3543 658 3596 καὶ
702 3537 910 3617 ψυχρὰ,
963 3536 1024 3592 τὸ
1077 3532 1132 3590 δὲ
1176 3531 1311 3613 ὕδωρ
1355 3535 1514 3612 ὑγρὸν
1557 3535 1644 3589 καὶ
1700 3536 1936 3613 ψυχρὸν,

283 3634 310 3686 6
362 3628 417 3687 δὲ
480 3629 584 3708 ἀὴρ
637 3629 831 3707 θερμὸς
894 3626 985 3682 καὶ
1038 3624 1219 3703 ὑγρὸς,
1266 3625 1328 3679 τὸ
1371 3622 1426 3678 δὲ
1470 3623 1571 3702 πῦρ
1606 3626 1800 3702 Θερμὸν
1854 3625 1941 3680 καὶ

286 3718 471 3800 ξηρόν,
521 3718 671 3777 Οὕτω
729 3717 828 3796 γὰρ
914 3714 999 3771 διὰ
1077 3712 1172 3782 τῆς
1259 3714 1478 3791 συζύγου
1548 3714 1835 3781 ποιότητος
1906 3714 1942 3781 η

287 3807 511 3886 δύναμις
566 3807 890 3888 προέρχεται
970 3802 1093 3883 (97)
1158 3802 1252 3861 τοὺ
1309 3804 1675 3883 ἀναμιχθῆναι
1734 3803 1942 3876 ἑκάστῳ

2025 3530 2244 3607 mitius,
2274 3530 2427 3609 ignis
2457 3540 2651 3592 autem
2688 3530 2986 3592 caliduset
3015 3533 3339 3595 siccus.Sic
3372 3540 3528 3597 enim
3574 3557 3681 3618 per

2025 3621 2399 3699 conjugatam
2457 3620 2805 3702 qualitatem
2863 3621 3091 3700 singula
3141 3623 3389 3702 singulis
3434 3637 3679 3706 possunt

2027 3709 2699 3791 permiscerizsiquidem
2734 3715 2926 3771 vicino
2956 3712 3255 3772 elemento
3288 3719 3675 3796 unumquod-

2026 3799 2574 3880 quecommiscetur
2598 3816 2705 3878 per
2725 3817 3108 3887 communem
3124 3801 3679 3887 qualitatem,etper

289 3902 419 3977 πρὸς
484 3886 769 3955 ἕκαστον
818 3902 895 3970 τῷ
950 3915 1003 3951 τε
1052 3895 1151 3973 γὰρ
1196 3895 1386 3973 γείτονι
1447 3892 1702 3973 στοιχείῳ
1732 3892 1816 3949 διὰ
1845 3896 1941 3959 τῆς

2030 3908 2154 3951 eam
2187 3907 2360 3970 quam
2393 3905 2525 3950 cum
2553 3888 2715 3948 afﬁni
2746 3886 2924 3951 habet
2974 3891 3323 3952 societatem
3377 3886 3673 3957 contrario

284 3976 472 4055 κοινῆς
516 3987 804 4053 ποιότητος
856 3984 1079 4040 ἕκαστον
1122 3983 1487 4062 ἀνακίρναται,
1547 3984 1635 4038 καὶ
1694 3978 1777 4038 διὰ
1839 3982 1937 4047 τῆς

2030 3979 2427 4058 coniungitur.
2453 3976 2723 4058 Exempli
2748 3978 2934 4057 gratia
2960 3999 2974 4037 :
3016 3987 3203 4053 terra,
3239 3999 3371 4061 qua:
3400 3983 3564 4044 arida
3589 3995 3676 4046 est

281 4081 414 4155 πρὸς
476 4078 537 4132 τὸ
594 4077 847 4153 σύνεγγυς
910 4071 1185 4135 κοινωνίας
1274 4076 1351 4142 τῷ
1408 4070 1759 4147 ἀντικειμένῳ
1815 4069 1935 4148 (98)

2030 4077 2079 4131 et
2110 4068 2485 4147 frigida,cum
2510 4086 2665 4148 aqua
2688 4067 2763 4129 ob
2794 4069 3160 4149 frigiditatis
3181 4071 3531 4133 aﬂinitatem
3565 4093 3671 4136 co-

279 4167 627 4224 συνάπτεται.
696 4162 855 4235 Οἶον,
912 4165 946 4229 ἡ
1019 4166 1116 4240 γῆ,
1178 4160 1313 4239 ,ξηρὰ
1385 4161 1515 4217 οὑσα
1575 4162 1664 4217 καὶ
1725 4160 1932 4240 ψυχρὰ,

2030 4160 2259 4242 pulatur
2286 4177 2299 4218 :
2327 4157 2606 4237 jungitur
2634 4165 2829 4219 autem
2858 4176 2965 4238 per
2989 4177 3203 4238 aquam
3224 4167 3371 4243 aeri;
3406 4165 3676 4242 quando-

282 4253 499 4311 ἑνοῦται
531 4254 630 4329 μὲν
659 4256 736 4323 τῷ
788 4248 935 4305 ὕδατι
994 4251 1128 4305 κατὰ
1172 4250 1269 4316 τὴν
1322 4250 1630 4329 συγγένειαν
1671 4249 1769 4318 τῆς
1829 4254 1934 4326 ψυ-

2030 4249 2257 4333 ;uidem
2280 4248 2622 4325 aqua,inter
2645 4256 2961 4329 utrumque
2977 4249 3172 4309 media
3196 4253 3673 4335 constituta,vel-

280 4343 580 4425 χρότητος,
611 4341 816 4398 ἑνοῦται
849 4336 902 4393 δὲ
954 4336 1039 4393 διὰ
1089 4345 1179 4392 τοὺ
1229 4336 1416 4404 ὕδατος
1447 4346 1522 4413 τῷ
1551 4339 1661 4419 ἀέρι
1699 4355 1717 4376 ο
1749 4336 1934 4405 ἐπειδὴ

2030 4350 2085 4402 ut
2114 4338 2347 4401 duabus
2371 4337 2605 4417 injectis
2630 4337 2907 4399 manibus
2937 4356 3047 4419 per
3076 4348 3394 4423 utramque
3412 4346 3674 4424 qualita-

288 4424 456 4509 μέσον
499 4430 811 4513 ἀμφοτέρων
870 4424 1197 4503 τεταγμένον
1244 4428 1304 4482 τὸ
1348 4426 1503 4506 ὕδωρ,
1551 4428 1706 4484 οἱονεὶ
1738 4431 1937 4507 χειρῶν

2034 4436 2153 4489 tem
2178 4428 2473 4488 elementa
2498 4426 2764 4507 proxima
2784 4427 3269 4507 attingit,terram
3304 4449 3412 4512 per
3447 4433 3679 4515 frigidi.

292 4521 379 4581 δύο
441 4521 668 4599 ἐπιϐολῇ
738 4516 962 4598 ἑκατέρᾳ
1047 4518 1296 4584 ποιότητι
1355 4520 1460 4573 τῶν
1540 4517 1941 4591 παρακειμένων

2034 4525 2240 4597 tatem,
2266 4534 2466 4578 aerem
2496 4515 3390 4597 perhumilitatem.Aeriterum
3411 4540 3679 4604 pugnan-

292 4613 607 4695 ἰφκίπιτεται⁹
645 4615 714 4690 τῇ
759 4610 857 4686 μὲν
909 4606 1213 4687 ψυχρότητι
1271 4606 1370 4675 τῆς
1415 4606 1533 4686 γῆς,
1584 4608 1652 4682 τῇ
1688 4604 1941 4695 ὑγρότητι

2038 4615 2156 4668 tem
2187 4624 2356 4686 aquae
2380 4616 2439 4667 et
2461 4606 2616 4684 ignis
2640 4614 2916 4695 naturam
2948 4624 3055 4668 suo
3086 4613 3440 4690 interpositu
3468 4618 3675 4677 conci-

291 4692 345 4760 δέ
374 4712 470 4762 τοῦ
511 4692 687 4783 ἀέρος.
747 4698 911 4758 Πάλιν
951 4698 979 4754 6
1023 4696 1126 4775 ἀὴρ
1186 4702 1253 4774 τῇ
1298 4697 1485 4756 ἑαυτοῦ
1515 4695 1752 4771 μεσιτείᾳ
1781 4692 1938 4751 διαλ-

2030 4698 2291 4773 |iat,cum
2314 4712 2483 4776 aquae
2505 4712 2613 4776 per
2635 4694 3197 4783 bumtditatem,igni
3234 4717 3366 4762 vero
3386 4718 3493 4780 per
3510 4705 3675 4765 calo-

292 4791 497 4863 λακτὴς
553 4782 752 4874 γίνεται
812 4793 912 4856 τῆς
954 4784 1278 4865 μαχομένης
1337 4787 1543 4868 φύσεως
1601 4785 1788 4849 ὕδατος
1848 4786 1935 4842 καὶ

2030 4805 2147 4848 rem
2180 4784 2608 4865 conjungatur.
2642 4782 2799 4863 Ignis
2829 4793 3027 4846 autem
3060 4793 3161 4867 qui
3202 4800 3411 4871 suapte
3469 4802 3678 4855 natura

378 4972 498 5053 (95)
531 4972 889 5051 Reg.sextus
918 4966 1457 5053 éppnvcntﬂiv_Pui_al
1488 4962 1738 5053 Ducreus
1770 4960 1949 5053 gerba

302 5043 404 5115 illa
432 5043 568 5134 quae
595 5043 1224 5134 sequ_untur,éa_i_;otyuv
1253 5047 1620 5134 athGﬁgeth
1657 5044 1727 5134 ad
1764 5043 1943 5105 tinem

300 5126 490 5215 usque
525 5126 781 5215 periodi,
819 5149 852 5191 a
885 5126 1103 5215 Basilio
1132 5128 1286 5215 inter
1306 5126 1787 5215 concionandum
1812 5140 1948 5204 pro-

302 5209 413 5275 lata
443 5209 563 5276 non
586 5212 800 5284 fuisse;
834 5229 994 5283 cum,
1031 5210 1338 5291 inquit,vei
1360 5209 1431 5270 ba
1455 5210 1587 5291 ista
1607 5225 1725 5291 non
1754 5221 1943 5281 agno-

298 5305 427 5356 vacat
447 5293 806 5358 Eustathius.
836 5291 955 5352 Sed
999 5310 1070 5353 ea
1099 5296 1157 5351 in
1191 5308 1258 5351 re
1282 5290 1406 5351 viro
1435 5290 1781 5353 doctissimo
1825 5302 1945 5346 non

305 5392 460 5452 queo
489 5373 792 5437 assentiri.
824 5373 998 5454 Nam
1030 5370 1169 5454 ﬁeri
1219 5370 1410 5454 potuit
1441 5379 1502 5431 ut
1533 5369 1713 5454 yerba
1736 5365 1844 5454 illa
1858 5384 1943 5454 ἐκ

308 5448 620 5519 oscitantia
638 5453 866 5515 librarii
883 5452 1101 5513 omissa
1122 5448 1243 5512 sint
1260 5453 1319 5512 in
1338 5470 1411 5512 eo
1441 5448 1751 5523 codice,ad
1775 5448 1946 5525 cujus

305 5530 480 5598 ﬁdem
517 5531 922 5613 interpretatio
947 5530 1490 5613 Eustathiiexcusa
1520 5531 1667 5613 typis
1699 5524 1943 5613 estlmo

302 5614 449 5678 nihil
473 5609 690 5678 mirum
722 5613 909 5674 videri
938 5611 1197 5683 debet,si
1228 5609 1730 5691 Eustathius—ipse
1754 5609 1815 5668 in
1846 5624 1942 5667 co-

300 5692 489 5757 dicem
544 5693 814 5756 mutilum
866 5692 1249 5772 vitiatumque
1301 5688 1721 5772 incideritht
1769 5696 1937 5772 certe

2030 4963 2301 5045 legantur
2334 4974 2391 5026 et
2421 4965 2482 5026 in
2513 4963 2690 5045 editis
2736 4962 2945 5045 libris,_
2982 4970 3041 5045 et
3071 4963 3128 5023 in
3165 4983 3308 5029 mss.
3366 4967 3675 5031 codicibus

2030 5043 2336 5133 omnibus,
2376 5056 2514 5125 puta
2547 5044 2608 5107 in
2635 5056 2890 5133 utroque
2912 5043 3213 5133 Coi_sl.,_in
3241 5049 3441 5133 Regiis
3474 5051 3670 5133 tertio,

2030 5129 2233 5212 quinto
2264 5136 2321 5186 et
2351 5123 2577 5212 octavo,
2611 5123 2806 5202 atque
2844 5126 2899 5184 in
2919 5123 3200 5212 reliquis,
3234 5123 3466 5190 Addam
3493 5123 3671 5212 repel

2027 5204 2179 5271 risse
2204 5225 2311 5266 nos
2330 5207 2511 5289 verba
2522 5204 2975 5269 controversaiu
3000 5206 3073 5266 iis
3093 5209 3235 5287 ipsis
3256 5228 3408 5289 quos
3428 5204 3675 5275 chfeus

2026 5289 2277 5349 contulit
2303 5287 2632 5350 codicibus.

2110 5370 2235 5447 (96)
2256 5368 2450 5429 Editio
2504 5366 2693 5430 Paris.
2757 5366 2976 5424 ἐκάλεσε
3006 5369 3296 5433 Θάλασσαν,
3332 5374 3409 5433 Αι
3436 5393 3580 5438 mss,
3614 5382 3676 5435 ει

2030 5450 2213 5510 editio
2246 5447 2424 5510 Basil.
2455 5448 2747 5512 Θαλάσσας.

2115 5531 2238 5612 (97)
2264 5529 2388 5588 Ι)υο
2414 5546 2555 5588 mSS-
2589 5529 2970 5612 προσέργετκι.
3006 5529 3165 5592 Editi
3197 5551 3334 5593 cum
3364 5534 3501 5594 aliis
3534 5534 3670 5612 qui-

2028 5608 2279 5670 buSdam
2314 5626 2434 5668 mss
2490 5611 2832 5688 προέρχεται,
2866 5608 3042 5687 longe
3073 5613 3311 5676 melius;

2106 5690 2225 5774 (98)
2258 5690 2346 5749 lta
2377 5706 2488 5774 ms.
2525 5687 2796 5751 Combel‘.
2819 5687 2966 5750 cum
3018 5690 3150 5752 aliis
3176 5693 3462 5774 quinque.
3511 5690 3669 5750 Editi

298 5772 645 5840 alterutrum
678 5790 785 5855 par
837 5780 932 5834 est
980 5767 1265 5852 cogitare,
1318 5790 1453 5833 cum
1489 5773 1667 5836 verba
1701 5767 1936 5832 laudata

2030 5767 2124 5825 τῶν
2153 5769 2557 5843 ἀντικειμένων.
