4098 6434
455 331 536 409 99
1724 347 1725 350 ‘
1789 331 1848 404 s.
1901 328 2174 404 BASlLlI
2222 331 2462 401 MAGNI
3713 329 3832 397 100

453 474 720 555 rum,qui
744 473 955 554 partim
981 471 1232 553 parandi
1259 472 1377 534 cibi
1395 472 1824 552 gratia,partim
1848 472 1922 533 ob
1954 473 2081 534 alia:

2184 473 2265 528 ἐπὶ
2327 475 2506 530 σιτίων
2565 476 2650 529 καὶ
2711 481 2813 529 τῶν
2867 475 3002 530 κατὰ
3060 476 3152 534 τὰς
3205 473 3389 552 χρείας
3436 470 3578 542 αὒτῴ
3607 469 3830 546 προσεδ-

453 565 840 628 necessitates
875 563 986 641 ipsi
1013 569 1208 624 astant
1239 579 1253 623 :
1310 579 1460 643 quos
1510 561 1649 621 dum
1688 571 1746 623 et
1769 561 2002 638 abiens,
2039 572 2081 620 et

2179 562 2456 637 ρευόντων,
2491 565 2578 627 οὓς
2610 565 2699 620 καὶ
2729 565 2932 641 προϊὼν
2964 564 3053 619 καὶ
3084 561 3252 618 πάλιν
3285 561 3516 617 ἐναπιὼν
3568 560 3823 636 επισυρό-

449 654 664 716 iterum
695 653 786 712 42
819 651 1060 714 rediens
1095 668 1298 712 secum
1334 652 1537 724 trahit,
1574 652 1632 710 in
1665 669 1731 711 se
1761 669 2081 711 oceurren-

2181 675 2338 726 μενος
2372 653 2644 732 ἐπίφθονός
2690 656 2800 710 ἔστι
2846 666 2961 717 τοῖς
3018 651 3422 730 ἐντυγχάνουσι.
3465 653 3692 726 Προσθες
3751 653 3830 722 τῷ

451 743 598 804 tium
623 743 884 803 concitat
911 741 1186 801 invidiam
1204 739 1393 800 .Adde
1418 740 1636 800 divitiis
1659 741 1834 800 etiam
1861 739 2081 800 civilerr

2183 741 2393 810 πλούτῳ
2421 744 2508 799 καί
2551 742 2840 809 πολιτικήν
2905 765 3022 798 τινα
3081 741 3408 818 δυναστείαν,
3443 739 3478 806 ἢ
3509 741 3598 795 καὶ
3630 740 3724 804 τὰς
3770 739 3832 795 ἐκ

448 832 705 912 aliquam
741 838 1124 909 potestatem,
1159 838 1263 890 aut
1295 829 1467 890 etiam
1523 829 1752 890 delatos
1793 848 1823 889 a
1857 828 2081 906 regibus

2181 831 2440 903 βασιλέων
2473 833 2632 905 τιμάς
2669 853 2684 866 ·
2719 833 2754 900 ἢ
2783 833 2941 888 ἐθνῶν
2989 830 3117 908 (96)
3141 828 3451 904 ἐπιμέλειαν
3488 845 3501 858 ⁶
3532 830 3566 895 ἢ
3601 851 3829 905 στρατο-

447 920 730 1000 honores,
756 927 861 980 aut
879 918 1146 999 gentium
1173 917 1694 994 gubernationem,
1729 929 1829 978 aut
1859 921 2081 979 exerci-

2185 918 2352 976 πέδων
2383 923 2674 998 ἡγεμονίαν
2706 939 2723 955 ⁹
2775 925 2863 977 τὸν
2909 922 3110 998 κήρυκα
3163 920 3302 996 μέγα
3334 921 3543 995 βοῶντα
3584 920 3689 997 πρὸ
3732 920 3830 975 αὖ·

449 1018 610 1071 tuum
645 1008 965 1088 imperium
1003 1029 1016 1068 :
1057 1023 1393 1086 praeconem
1423 1025 1632 1085 magna
1664 1023 1809 1069 voce
1842 1015 1976 1068 ante
2010 1009 2081 1084 ip-

2179 1017 2273 1065 τοῦ
2305 1027 2317 1038 ·
2379 1011 2499 1074 τοὺς
2517 1008 2856 1090 ,ῥαϐδούχους
2911 1009 3052 1066 ἔνθεν
3102 1011 3191 1066 καὶ
3221 1007 3365 1064 ἔνθεν
3395 1009 3692 1086 βαρυτάτην
3723 1030 3831 1065 κα-

447 1117 576 1159 sum
606 1099 962 1159 clamantem
992 1117 1007 1156 :
1045 1097 1292 1157 lictores
1324 1095 1464 1156 hinc
1490 1104 1548 1156 et
1577 1095 1718 1156 inde
1741 1096 1998 1156 subditis
2027 1097 2081 1155 tis

2181 1098 2440 1165 τάπληξιν
2495 1112 2612 1160 τοῖς
2646 1099 2970 1180 ἀρχομένοις
3001 1097 3371 1174 ἐμϐάλλοντας
3408 1117 3422 1130 ·
3459 1099 3554 1162 τὰς
3584 1095 3824 1176 πληγάς·

449 1206 676 1249 morem
711 1187 1122 1265 gravissimum
1159 1185 1492 1246 inferentes
1525 1205 1538 1244 :
1569 1185 1791 1265 plagas,
1823 1185 2092 1264 publica-

451 1277 642 1337 tiones
665 1273 1490 1354 bonorum,exsilia,vincula:
1521 1293 1552 1334 e
1571 1275 1783 1355 quibus
1806 1274 2088 1334 intolera-

448 1365 583 1428 bilis
613 1365 710 1426 ille
740 1364 1149 1444 subjectorum
1183 1370 1378 1425 metus
1408 1363 1927 1435 concrescit.Quid
1953 1382 2090 1424 vero

449 1468 584 1537 post
613 1455 754 1516 hoc?
776 1454 905 1516 Una
928 1463 1172 1527 nox,aut
1193 1471 1309 1513 una
1345 1451 1658 1526 febr-is,aut
1692 1454 2088 1532 pleuritis,aut

451 1545 750 1625 pulmonis
774 1542 1352 1620 inﬂammatio,hunc
1385 1542 1687 1602 hominem
1723 1562 1792 1603 ex
1825 1543 2088 1603 homini—

449 1634 558 1693 bus
588 1635 902 1711 abreptum
937 1630 1374 1710 abducit,illico
1406 1649 1646 1691 omnem
1673 1633 1826 1693 illius
1852 1651 2087 1692 scenam

448 1724 838 1800 nudat,atque
869 1721 1054 1798 gloria
1079 1719 1178 1782 illa
1209 1739 1318 1780 ceu
1351 1720 1650 1780 somnium
1681 1740 1814 1783 esse
1845 1723 2086 1781 vonviu—

2177 1190 2270 1252 τὰς
2302 1190 2588 1265 δημεύσεις
2621 1205 2636 1220 °
2672 1191 2766 1250 τὰς
2801 1189 3094 1267 ἀπαγωγάς
3127 1188 3257 1266 (⁵27)
3289 1205 3301 1218 '
3337 1191 3401 1244 τά
3461 1186 3824 1267 δεσμωτήρια,

2174 1277 2225 1344 εξ
2283 1286 2357 1335 ῶν
2433 1279 2698 1359 ἀφόρητος
2778 1282 2806 1335 ἔρ
2890 1281 3031 1356 παρὰ
3125 1282 3230 1335 τῶν
3309 1278 3636 1358 ὑποχειρίων
3693 1300 3826 1334 συν-

2173 1371 2464 1448 αθροίζεται
2510 1365 2696 1448 φόϐος.
2759 1371 2849 1425 Καὶ
2913 1370 2962 1423 τί
3015 1369 3150 1442 μετὰ
3227 1375 3432 1446 τοῦτο,
3482 1369 3575 1440 μία
3625 1367 3734 1434 νὺξ,
3789 1372 3826 1436 ἢ

2179 1459 2399 1536 πυρετὸς
2452 1456 2561 1539 εἷς,
2635 1457 2669 1524 ἢ
2753 1455 3054 1534 πλευρῖτις,
3115 1457 3152 1524 ἢ
3212 1457 3651 1533 περιπνευμονία,
3723 1461 3823 1513 ὰιι-

2176 1547 2440 1622 άρπαστον
2519 1546 2573 1612 εξ
2652 1548 2938 1624 ἀνθρώπων
3009 1547 3287 1624 ἀπάγουσα
3376 1547 3468 1602 τὸν
3553 1545 3824 1625 ἄνθρωπον

2173 1635 2412 1715 οἴχεται,
2475 1643 2650 1692 πᾶσαν
2707 1637 2803 1704 τὴν
2881 1637 3000 1691 κατ’
3064 1637 3230 1692 αὐτὸν
3311 1635 3516 1701 σκηνὴν
3572 1635 3821 1703 ἐξαπίνης

2173 1726 2630 1802 ἀπογυμνώσασα,
2682 1728 2767 1781 καὶ
2827 1728 2859 1791 ἦ
2921 1723 3041 1788 δόξα
3105 1725 3278 1790 ἐκείνη
3348 1723 3526 1802 ὥσπερ
3581 1726 3822 1782 ἒνύπνιον

445 1813 615 1873 citur.
651 1811 848 1882 Quare
869 1811 1158 1890 prepheta
1189 1811 1512 1870 humanam
1546 1810 1792 1886 gloriam
1827 1831 1962 1871 cum
1988 1812 2081 1869 de-

2176 1814 2523 1892 ἀπηλέγχθη.
2559 1814 2740 1870 ’Ὥστε
2801 1813 3163 1870 ὲπιτέτευκται
3200 1812 3324 1894 (28)
3360 1822 3436 1887 τῲ
3492 1814 3736 1893 προφήτῃ
3787 1817 3824 1882 ἠ

449 1901 739 1962 bilissimo
771 1901 916 1960 ﬂore
949 1905 1333 1978 comparavit.

527 2082 584 2144 3.
621 2081 926 2144 Germinet
945 2089 1108 2143 terra
1136 2080 1384 2141 herbam
1403 2079 1872 2155 feni,seiriinans
1889 2095 2092 2138 semen

443 2173 771 2233 secundum
785 2189 972 2248 genus
984 2179 1044 2232 et
1053 2169 1379 2231 secundum
1391 2166 2092 2229 similitudim-mEtiam-

444 2280 582 2321 num
605 2262 973 2322 naecentium
992 2261 1140 2320 ordo
1165 2259 1600 2319 ordinationem
1628 2255 1878 2336 primam
1906 2265 2088 2316 testa-

447 2361 562 2411 tur:
588 2351 809 2430 quippe
828 2349 1075 2410 herbam
1092 2365 1358 2418 omnem,
1389 2365 1688 2425 omneque
1709 2365 1951 2423 gramen
1977 2365 2087 2406 an-

444 2441 660 2501 tecedit
682 2439 1060 2518 germinatio.
1122 2435 1257 2499 Sive
1299 2437 1459 2496 enim
1493 2435 1794 2515 quidpiam
1821 2455 1852 2495 a
1884 2435 2087 2496 radice

439 2551 508 2592 ex
535 2529 807 2592 interiori
844 2530 1112 2608 projectu
1148 2527 1506 2607 prorumpit,
1541 2535 1832 2588 utcrocus
1870 2535 2087 2605 etgra-

444 2639 604 2700 meu,
640 2621 696 2681 id
747 2627 983 2698 oportet
1006 2625 1376 2696 germinare,
1424 2627 1482 2677 et
1512 2617 1666 2678 foras
1690 2620 2034 2698 prominere
2069 2633 2082 2675 :

439 2709 563 2772 sive
585 2729 617 2770 a
639 2711 870 2770 semine
887 2707 1356 2786 gignitur,etiam
1385 2705 1471 2768 sic
1497 2706 1836 2767 necessario
1862 2708 1920 2766 fit
1957 2706 2084 2786 pri-

441 2817 600 2860 mum
618 2796 1231 2877 germinatiozdeinde
1249 2796 1588 2867 herba,tum
1604 2794 1991 2855 virescitfenu
2006 2815 2055 2853 m
2071 2844 2083 2865 ,

441 2898 740 2968 postremo
762 2888 992 2947 fructus
1011 2887 1067 2946 in
1091 2884 1258 2946 arido
1277 2885 1401 2963 jam
1442 2893 1498 2942 et
1517 2901 1717 2944 crasso
1735 2884 1929 2944 culmo
1963 2893 2080 2942 tur-

435 2976 973 3055 gescit.Germinet
993 2981 1158 3034 terra
1175 2974 1417 3034 herbam
1437 2971 1587 3049 feni.
1617 2972 1761 3033 Cum
1783 2989 1988 3030 semen
2025 2970 2084 3029 in

437 3074 662 3128 terram
702 3066 953 3124 humore
983 3071 1039 3122 et
1068 3061 1265 3122 calore
1295 3059 1603 3120 moderato
1649 3058 1954 3135 praeditam
1989 3059 2080 3117 in.

2173 1905 2304 1981 πρὸς
2335 1907 2396 1957 τὸ
2428 1901 2813 1978 άδρανέστατον
2878 1903 3025 1964 ἄνθος
3073 1905 3324 1976 ὁμοίωσις
3359 1905 3455 1970 τῆς
3489 1902 3820 1980 ἂνθρωπίνης

2174 1990 2328 2059 δόξης
2340 2041 2352 2054 .

2254 2082 2310 2141 3ι
2359 2081 2725 2147 Βλαστησάτω
2767 2081 2802 2146 ἠ
2860 2083 2931 2158 γῆ
3003 2081 3232 2156 βοτάνην
3296 2082 3517 2160 χόρτου,

2176 2170 2387 2244 σπέρμα
2449 2172 2585 2226 κατὰ
2644 2171 2792 2247 γένος
2852 2173 2938 2227 καὶ
2995 2171 3111 2226 καθ’
3163 2174 3483 2245 ὁμοιότητα,
3543 2171 3678 2228 ’Ἔτι
3737 2173 3823 2228 καὶ

2174 2268 2259 2318 νῦν
2308 2263 2342 2327 ἡ
2388 2261 2530 2324 τάξ.ς
2575 2266 2680 2315 τὼν
2736 2259 2872 2338 (29)
2928 2261 3206 2339 φυομένων
3249 2275 3507 2338 μαρτυρεῖ
3535 2263 3603 2337 τῇ
3633 2267 3819 2341 πρώτῃ

2173 2348 2544 2424 διακοσμήσει,
2603 2348 2670 2405 Ἠ
2725 2351 2824 2426 γὰρ
2905 2349 3198 2424 βλάστησις
3261 2355 3581 2428 καθηγεῖται
3639 2353 3818 2420 πάσης

2172 2439 2402 2513 βοτάνης
2436 2439 2522 2493 καὶ
2554 2439 2728 2503 πάσης
2775 2437 2931 2502 πόας,
2979 2437 3105 2493 Εἴτε
3157 2441 3255 2514 γὰρ
3301 2440 3407 2494 ἀπὸ
3436 2438 3583 2518 ρίξης
3613 2439 3817 2496 ἐκδίδο-

2169 2530 2255 2584 ταί
2306 2550 2356 2584 τι
2428 2528 2487 2583 ἐκ
2550 2531 2646 2593 τῆς
2705 2525 2941 2582 κάτωθεν
3001 2524 3294 2604 προϐολῆς,
3357 2530 3427 2593 ὡς
3483 2531 3673 2608 κρόκος
3731 2534 3819 2586 καὶ

2171 2617 2460 2696 ἄγρωστις,
2511 2612 2912 2682 ἀναϐλαστῆσαι
2963 2613 3043 2672 δεῖ
3077 2617 3165 2672 καὶ
3211 2617 3294 2672 ἐπὶ
3338 2619 3399 2673 τὸ
3456 2617 3556 2683 ἔξω
3613 2621 3814 2687 πρσκύο

2171 2710 2266 2782 ψαι
2303 2723 2317 2737 ⁸
2355 2707 2469 2762 εἴτε
2515 2706 2620 2761 ἀπὸ
2678 2704 3006 2779 σπέρματος,
3052 2707 3139 2760 καὶ
3169 2704 3334 2767 οὕτως
3367 2707 3572 2784 ἀνάγκη
3605 2714 3819 2786 πρῶτον

2168 2795 2485 2874 βλάστησιν,
2519 2797 2641 2850 εἶτα
2669 2795 2902 2870 βοτάνη-ι
2937 2793 3202 2872 γενέσθαι,
3234 2799 3355 2852 εἷτα
3387 2797 3588 2876 χόρτον
3631 2796 3816 2876 χλοά-

2165 2894 2344 2959 ζοντα,
2377 2884 2504 2940 εἶτα
2549 2885 2639 2938 τὸν
2677 2884 2880 2961 καρπὸν
2911 2883 2996 2938 ἐπι
3053 2882 3213 2962 ξηρᾶς
3273 2883 3375 2951 ἤδη
3435 2888 3522 2942 καὶ
3583 2888 3817 2966 παχείας

2167 2973 2260 3040 τῆς
2313 2972 2562 3048 καλάμης
2624 2969 2972 3046 ἀδρυνόμενον
3031 2971 3150 3053 (30)
3238 2973 3602 3041 Βλαστησάτω
3651 2976 3687 3043 ἦ
3741 2979 3816 3054 γῆ

2167 3061 2397 3139 βοτάνην
2429 3064 2649 3142 χόρτου.
2688 3061 2865 3120 ’Ὅταν
2926 3063 2999 3126 εἷς
3056 3064 3160 3140 γῆν
3208 3065 3486 3140 καταπέσῃ
3530 3066 3591 3122 τὸ
3645 3066 3814 3144 σπέρ-

3597 2094 3822 2159 σπεῖρον

435 3153 806 3232 cidit,laxum
835 3151 1193 3220 evadens,ac
1213 3148 1491 3228 plurimis
1519 3149 1760 3227 plenum
1789 3147 2081 3208 meatibus

2176 3175 2244 3228 μα
2276 3151 2591 3230 συμμέτρως
2654 3149 2853 3215 νοτίδος
2905 3154 2994 3208 καὶ
3044 3153 3243 3230 θέρμης
3295 3153 3555 3232 ἔχουσαν,
3615 3161 3812 3234 χαῦνον

438 3212 656 3304 terram
687 3243 1057 3318 adjacentem
1084 3212 1737 3318 com'plexum,propria
1758 3236 1871 3297 sibi
1899 3246 1956 3296 et
1977 3255 2081 3298 co-

2176 3242 2458 3320 γενόμενον
2488 3212 2594 3297 ’καὶ
2641 3240 2964 3317 πολύπορον,
3018 3212 3117 3308 τῆς
3151 3212 3555 3320 παραγὲιμένηξ
3575 3212 3679 3321 γης
3710 3265 3814 3301 πε-

435 3340 612 3412 gnata
643 3331 713 3390 ad
736 3349 799 3389 se
826 3327 1315 3390 attrahit.Verum
1351 3327 1718 3387 tenuissimae
1747 3335 1920 3387 terra;
1945 3344 2080 3407 par-

2176 3329 2566 3410 οιδραξάμενον,
2628 3331 2693 3388 τὰ
2751 3331 2924 3387 οἰκεῖα
3009 3335 3096 3386 καὶ
3174 3331 3418 3406 σύμφυλα
3473 3334 3603 3410 πρὸς
3661 3334 3818 3390 ἑαυτὸ

439 3431 525 3483 tes
563 3418 853 3480 meatibus
900 3419 1018 3478 illis
1071 3420 1406 3498 allapsaa,et
1437 3417 1524 3478 eis
1566 3416 2080 3490 seseinserentes,

2176 3427 2479 3481 επισπᾶται,
2539 3420 2908 3494 Ἐμπίπτοντα
2959 3417 3016 3475 δὲ
3066 3434 3185 3484 τοῖς
3239 3419 3422 3497 πόροις
3454 3423 3544 3477 καὶ
3574 3422 3814 3500 περιολι-

435 3509 690 3588 amplius
724 3508 938 3569 molem
974 3507 1160 3586 ipsius
1193 3507 1440 3567 dilatant
1478 3527 1490 3564 :
1529 3506 1682 3566 adeo
1713 3515 1778 3566 ut
1807 3503 2081 3565 deorsum

2176 3511 2442 3566 τθαίνοντα
2499 3509 2594 3576 τῆς
2653 3511 2754 3586 γῆς
2804 3509 2869 3564 τὰ
2913 3506 3212 3566 λεπτότατα
3271 3513 3452 3590 μόρια,
3515 3509 3599 3567 ἐπὶ
3653 3511 3816 3571 πλέον

435 3600 676 3681 quidem
703 3605 835 3676 agat
858 3595 1114 3670 radices,
1149 3615 1386 3656 sursum
1434 3613 1574 3656 vero
1611 3596 1964 3673 promineat,
1998 3602 2081 3654 tot

2176 3599 2435 3677 ἆνευρύνει
2489 3600 2609 3666 τοὺς
2669 3598 2858 3676 ὄγκους
2917 3602 3076 3657 αὺτοῦ
3151 3599 3270 3672 (31)
3303 3615 3316 3630 ⁸
3374 3601 3510 3656 ὥστε
3552 3601 3812 3679 ῥιζοῦσθαι

432 3689 646 3752 culinis
676 3687 1126 3766 videlicet,quot
1153 3687 1392 3747 radices
1415 3694 1578 3763 sunt,
1604 3682 2075 3758 emergentibus.

2176 3689 2265 3744 aév
2289 3690 2363 3753 εἷς
2392 3690 2454 3744 τὸ
2484 3686 2654 3759 κάτω,
2704 3686 2790 3744 ἐπὶ
2818 3689 2881 3744 τὸ
2920 3687 3030 3744 ἂνω
3061 3687 3115 3744 δὲ
3148 3691 3492 3770 προκύπτειν,
3527 3693 3813 3769 ἰσαρίθμων

435 3783 806 3859 Tepescente
836 3783 1033 3836 autem
1070 3791 1308 3854 semper
1340 3774 1633 3851 germine,
1669 3781 1949 3832 attractus
1975 3790 2080 3851 per

2176 3790 2284 3841 ταῖς
2327 3778 2488 3855 ῥίζαις
2533 3785 2638 3834 τῶν
2688 3775 2948 3854 καλάμων
2999 3776 3448 3857 προϐαλλομένων
3483 3795 3498 3812 ⁸
3531 3779 3813 3856 θαλπομέ-

430 3869 666 3929 radices
694 3867 929 3937 humor,
969 3882 1069 3942 per
1104 3864 1325 3924 caloris
1352 3863 1760 3922 attractionein
1797 3861 2073 3922 modera-

2176 3890 2251 3926 νου
2279 3866 2334 3923 δὲ
2364 3867 2446 3924 ἀεὶ
2475 3876 2568 3924 τοὺ
2597 3865 3003 3948 βλᾶστῆματος,
3065 3871 3363 3946 συρομένην
3417 3868 3501 3926 διὰ
3561 3875 3667 3926 τῶν
3723 3872 3810 3948 ῥι-

432 3965 552 4017 tum
579 3955 825 4016 deterra
840 3953 1190 4013 alimentum
1212 3951 1475 4030 adducit;
1503 3951 1679 4029 idque
1699 3950 1756 4010 in
1783 3951 2070 4024 culmum,

2176 3959 2264 4028 ζῶν
2319 3957 2418 4024 τὴν
2459 3954 2657 4028 νοτίδα,
2711 3960 2779 4031 τῇ
2839 3954 2975 4033 ὀλκῇ
3032 3959 3125 4013 τοῦ
3184 3961 3377 4037 θερμοῦ
3426 3961 3809 4039 συνεπάγεσθαι

431 4055 490 4108 et
519 4049 578 4106 in
610 4043 923 4121 corticem,
947 4051 1006 4103 et
1036 4042 1094 4100 in
1127 4041 1414 4102 trumenti
1439 4041 1666 4119 thecas,
1702 4051 1759 4101 et
1791 4040 1848 4100 in
1880 4041 2072 4120 ipsum

2176 4054 2252 4103 τοῦ
2280 4046 2538 4124 τροφίμου
2595 4045 2694 4113 τῆς
2747 4044 2846 4122 γῆς
2900 4044 3024 4102 ὅσον
3056 4047 3297 4127 μέτριον,
3332 4050 3418 4105 καὶ
3449 4056 3602 4106 τοῦτο
3635 4071 3804 4108 κατα-

431 4135 717 4211 triticum,
750 4139 811 4192 et
843 4131 905 4190 in
935 4131 1151 4190 aristas
1183 4130 1767 4210 dispertitur.Atque
1799 4131 2076 4210 quaelibet

2176 4137 2388 4215 ιερίζειν
2419 4135 2493 4200 εἷς
2522 4133 2775 4210 καλάμην
2819 4136 2908 4192 καὶ
2959 4133 3168 4213 φλοιὸν,
3229 4139 3318 4194 καὶ
3369 4139 3464 4202 τὰς
3494 4139 3662 4208 θήκας
3718 4142 3810 4196 τοῦ

428 4243 527 4285 res
555 4239 836 4292 nascens,
861 4221 1237 4280 incremento
1261 4220 1346 4280 sic
1375 4220 1652 4299 paulatim
1686 4230 1956 4300 accepto,
2001 4221 2074 4281 ad

2176 4226 2328 4297 τίτου,
2373 4227 2462 4281 καὶ
2494 4225 2651 4283 αὐτὸν
2680 4226 2772 4282 τὸν
2819 4237 2970 4282 σῖτον
3013 4228 3102 4283 καὶ
3159 4228 3278 4292 τοὺς
3337 4228 3614 4309 ἀνθέρικας
3645 4246 3660 4262 ’
3723 4232 3810 4286 καὶ

427 4313 704 4373 idoneam
731 4309 1158 4389 propriamque
1194 4310 1461 4388 pervenit
1485 4309 1978 4381 mensuram,sive
2001 4310 2072 4369 ad

2176 4313 2298 4374 ιίίτω
2345 4317 2482 4372 κατὰ
2513 4316 2703 4393 μικρὸν
2758 4316 2854 4384 τῆς
2887 4313 3158 4386 αὐξήσεως
3187 4319 3501 4398 γινομένης,
3535 4318 3621 4375 ἐπὶ
3645 4321 3707 4375 τὸ
3736 4319 3812 4375 οἱς

427 4401 835 4478 frumenti,aut
861 4399 1312 4478 leguminis,aut
1345 4398 1548 4479 oleris,
1575 4406 1675 4460 aut
1701 4398 1934 4460 lruiicis
1963 4417 2071 4478 ge-

2176 4418 2309 4462 ιεϊον
2356 4403 2546 4484 μέτρον
2591 4402 2819 4464 ἕκαστον
2867 4411 2974 4462 τῶν
3025 4405 3302 4487 φυομένων
3331 4407 3808 4485 ἀποκαθίστασθαι,

429 4509 541 4552 nus
565 4489 878 4570 pertineat.
923 4490 1116 4548 Unum
1148 4488 1376 4570 fenum,
1401 4490 1705 4569 herbaque
1745 4509 1860 4550 una
1893 4500 2071 4550 totum

2176 4494 2271 4550 ιῗτε
2328 4517 2379 4552 τι
2436 4500 2542 4553 τῶν
2586 4496 2844 4575 σιτηρῶν,
2903 4493 3015 4552 εἴτε
3062 4501 3176 4552 ¹τῶν
3221 4492 3524 4573 χεδρόπων,
3557 4494 3672 4548 ε’ίτε
3705 4500 3814 4548 τῶν

430 4590 588 4642 tuam
624 4587 881 4640 mentem
917 4579 977 4638 in
1013 4595 1181 4660 ea,ex
1211 4599 1327 4661 qua
1355 4579 1594 4660 prodiit,
1623 4589 1752 4641 arte
1788 4581 2072 4643 conside-

2176 4583 2491 4664 taxavad'w
2536 4585 2571 4654 ἢ
2631 4588 2966 4664 φρυγανικῶν
3018 4582 3303 4661 τυγχάνοι,
3342 4581 3439 4644 Εἷς
3476 4580 3676 4658 χόρτος
3725 4581 3814 4634 καὶ

426 4671 635 4734 randa,
667 4686 957 4748 occupare
990 4679 1183 4748 potest
1217 4671 1557 4752 :quomodo
1589 4671 1882 4748 geniculis
1915 4687 2070 4752 prte-

2176 4677 2249 4731 ιία
2311 4677 2510 4751 βοτάνη
2558 4675 2769 4752 ἐξαρκεῖ
2819 4674 2916 4728 vi.»
2946 4670 3181 4727 διάνοιάν
3242 4692 3336 4727 σου
3380 4675 3557 4724 πᾶσαν
3591 4667 3666 4730 είς
3712 4669 3814 4734 τὴν

425 4760 695 4837 cingatur
710 4757 994 4819 frumenti
1023 4760 1406 4840 culmus,quo
1429 4760 1610 4822 veluti
1635 4760 1870 4823 vincula
1901 4779 2070 4841 qua)-

453 4959 466 4963 --
502 4929 621 5010 t26)
647 4931 731 4992 Ita
765 4947 908 4992 mss.
935 4929 1127 4994 multi.
1164 4931 1395 5001 Ποθειῆ
1429 4931 1488 4994 in
1521 4930 1700 4992 editis
1719 4938 1856 4992 ante
1891 4932 2072 4996 ἐθνῶν,

423 5010 608 5070 Paulo
641 5019 770 5094 post
821 5010 962 5070 editi
1022 5027 1154 5074 eum
1188 5022 1440 5094 quatuor
1469 5030 1612 5075 mss.
1670 5013 1792 5077 τοὺς
1851 5012 2073 5090 ῥαϐδού-

423 5089 725 5176 χουΞ.-ᾼ[ἱὶ
762 5098 1014 5170 quatuor
1036 5095 1154 5158 τοὺς
1184 5089 1557 5176 ῥὶκῗδοφόρουςΪ

511 5169 637 5254 (27)
658 5169 1015 5254 Βεεζεεκίυε
1049 5182 1104 5234 et
1131 5169 1383 5254 uterque
1407 5169 1582 5237 Coisl.
1612 5193 1746 5235 cum
1777 5171 1946 5236 Colb.
1971 5191 2073 5233 se-

422 5249 624 5310 cundo
655 5253 746 5334 τὰς
777 5254 1090 5333 ἒπαγωγάί,
1130 5254 1186 5314 id
1225 5249 1334 5325 est,
1362 5271 1600 5334 premis,
1632 5254 2070 5334 captivitatem,

420 5337 476 5390 et
507 5332 715 5392 omnia
746 5348 878 5410 quo:
911 5332 1134 5410 inferri
1160 5332 1408 5413 possunt
1437 5333 1624 5395 maia.
1661 5332 1873 5396 Statim
1926 5349 2072 5394 mss.

420 5426 531 5493 sex_
541 5415 958 5493 συναθροίζεται.
993 5413 1150 5475 Editi
1172 5417 1488 5493 ἀθροίζεται.

500 5489 745 5632 {28)“8.
777 5492 1016 5555 codices
1048 5489 1336 5556 sex.Editi
1361 5495 1726 5569 ὶπιτέτακται,
1755 5494 2071 5556 male.Mox

526 5570 585 5630 b.
622 5575 926 5632 secundus
956 5583 1086 5632 πρὸς
1118 5577 1178 5631 τὸ
1207 5572 1606 5632 ἀδοανέστεοον-

416 5570 926 5654 Colb:_seci_indus
956 5583 1086 5653 πρὸς
1118 5577 1178 5631 τὸ
1207 5572 1606 5654 ἀδρανέστερον,

495 5651 620 5730 (29)
657 5651 754 5713 Sic
790 5671 931 5716 mss.
971 5651 1150 5716 Deest
1178 5651 1283 5711 τῶν
1318 5659 1374 5716 in
1421 5651 1616 5716 editis.
1671 5653 1878 5718 Statim
1923 5673 2065 5716 mss.

417 5730 587 5792 multi
614 5730 873 5789 εκδίδοταί
903 5757 980 5796 τι.
1017 5734 1405 5800 Desideratur
1436 5761 1482 5794 τι
1517 5737 1575 5798 in
1602 5735 1798 5800 editis.

2154 4767 2374 4840 θεωρίαν
2417 4767 2512 4829 τῆς
2556 4761 2982 4840 ἐξεργασαμένης
3033 4760 3167 4835 (32)
3237 4757 3368 4814 αὐτὰ
3431 4756 3638 4836 τέχνης
3703 4757 3812 4812 ἀπ-

2247 4931 2372 5012 (30)
2394 4931 2547 5012 Bas;
2582 4926 3063 5012 εθκιιυεηκαλάμηῖ
3091 4925 3508 5012 βαρυνείεξεῖτξνη
3647 5005 3656 5012 .
3817 4992 3824 4999 .

2251 5001 2363 5080 ἱ3ιὶ
2393 5001 2549 5070 Editi
2602 5011 2721 5071 τοὺς
2771 5009 2960 5086 ὄγκους
3012 5001 3191 5070 αὐτοῦ,
3242 5006 3518 5068 videlicet
3557 5005 3807 5086 am’ppa.

2158 5114 2270 5152 τος·
2307 5108 2479 5168 quam
2504 5085 2822 5148 lectionem
2847 5087 3085 5168 exhibet
3107 5085 3544 5168 quoqueCuial.
3548 5086 3808 5168 primus,

2159 5166 2423 5231 secunda
2454 5186 2629 5230 manu
2657 5167 3027 5247 emendatus.
3056 5166 3171 5229 Alii
3191 5166 3422 5247 septem
3452 5166 3693 5229 codices
3723 5169 3810 5223 αὖ·

2156 5257 2280 5328 τῆς,
2317 5247 2597 5311 videlicet
2651 5250 2901 5326 βοτάνης.
2971 5246 3177 5312 Statim
3238 5246 3357 5310 duo
3391 5265 3534 5310 mss.
3590 5247 3700 5303 ἅνω
3756 5247 3809 5302 δὲ

2157 5331 2501 5409 προκόπτειν.
2537 5328 2692 5390 Ε(ιὶιί
2726 5348 2858 5390 cum
2893 5328 3027 5390 aliis
3088 5347 3238 5390 mss.
3289 5330 3631 5407 προκύπτειν,
3669 5345 3806 5388 rec-

2159 5411 2296 5472 tius.

2237 5490 2358 5569 (32»
2392 5491 2487 5554 Sic
2522 5511 2662 5553 mss.
2698 5512 2823 5565 sex,
2858 5487 3314 5571 optime.Editio
3349 5488 3533 5571 Paris.
3566 5488 3812 5571 ἐξειργα-

2153 5575 2371 5650 σμένης.
2419 5573 2608 5636 Editio
2642 5573 2822 5634 Basil.
2850 5569 2983 5634 cum
3011 5569 3247 5632 duobus
3303 5587 3444 5630 mss.
3484 5569 3810 5647 ἐξεργασμέ-

2155 5679 2219 5722 νη
2229 5678 2274 5718 ς..
