4098 6396
283 316 397 381 107

1643 324 1702 384 S.
1751 319 2031 383 BASILII
2074 314 2326 385 MAGNI

3557 317 3673 384 108

272 451 537 514 fructum
574 453 819 531 quidem
854 456 1082 517 nullum
1125 464 1332 534 aperte
1362 456 1576 518 aﬂ‘erre
1624 454 1930 523 videnlur;

2027 454 2222 531 καρπὸν
2267 453 2362 527 μὶν
2408 451 2591 509 οὐδένα
2649 452 2802 512 δοκεῖ
2850 455 3026 534 φέρειν
3087 454 3148 512 ἐκ
3220 463 3313 514 τοῦ
3371 451 3667 533 προδήλου,

274 542 396 603 haec
435 552 632 603 tamen
659 543 710 603 si
743 546 878 625 quis
905 544 1227 624 diligenter
1256 545 1636 625 expenderit,
1669 543 1931 620 singulas

274 632 412 692 istas
441 630 688 692 arbores
728 651 934 696 semen
970 633 1191 695 habere
1224 636 1578 714 comperiet.
1608 634 1931 694 Enimvero

2012 542 2224 621 σπέρμα
2252 540 2307 598 δὲ
2337 542 2561 599 ἕκαστον
2609 543 2811 601 τούτων
2859 542 2993 625 ’έχον
3027 543 3259 624 ἀκριϐῶς
3321 544 3382 599 Ξίν
3433 566 3515 607 τις
3577 542 3669 608 ἱξ-

2012 632 2210 703 ετάζων
2268 630 2464 710 ἐξεύροι
2507 630 2651 709 (48).
2716 631 2779 691 Ὀ
2829 635 2930 712 γὰρ
2972 634 3321 709 ὑποκείμενος
3371 635 3448 708 τῷ
3478 632 3664 711 φύλλῳ

274 740 520 799 granum
556 721 699 782 illud
748 723 905 804 quod
940 723 1083 785 folio
1119 721 1458 804 subjectum
1504 732 1611 795 est,
1652 722 1932 801 quodque

2027 721 2231 802 ιόκκος,
2264 721 2322 776 ὃν
2354 721 2553 802 μίσχον
2585 723 2724 786 τινες
2757 722 2867 779 τῶν
2920 725 3039 801 περὶ
3098 725 3193 789 τὰς
3250 723 3663 799 ὀνοματοποιίας

272 811 539 871 nonnulli
567 811 624 871 in
649 812 997 875 nominibus
1012 813 1424 893 conﬁngendis
1448 831 1690 893 operam
1722 830 1931 871 navan-

273 901 663 971 tes,mt'schon
684 904 1008 985 appellant,
1034 906 1151 966 vim
1175 904 1425 967 seminis
1447 910 1625 982 atque
1651 903 1930 962 virtutem

271 989 916 1074 obtinet.Quzecunque
938 993 1095 1056 enim
1124 1014 1158 1056 a
1181 994 1361 1056 ramis
1390 992 1587 1053 solent
1614 990 1760 1050 oriri
1794 989 1931 1050 inde

274 1079 673 1156 utplurimum
702 1082 934 1143 radices
956 1084 1256 1146 emittunt.
1281 1081 1579 1144 Fortassis
1603 1088 1796 1140 autem
1833 1098 1857 1135 s

274 1168 453 1229 minis
474 1170 765 1230 rationem
787 1171 1097 1244 habent,et
1117 1174 1225 1252 ipsi
1251 1174 1351 1253 qui
1373 1191 1445 1232 ex
1479 1168 1789 1231 radicibus
1816 1168 1942 1244 pul-

275 1257 461 1319 lulant
479 1258 707 1318 surculi
732 1280 746 1319 :
769 1280 917 1340 quos
946 1263 1085 1323 dum
1108 1263 1375 1323 avellunt
1396 1260 1727 1341 plantarum
1759 1257 1944 1345 cultu:

274 1368 396 1427 res,
432 1366 620 1425 genus
662 1367 864 1409 earum
918 1352 1342 1431 multiplicant.
1388 1350 1560 1412 Prius
1590 1355 1816 1419 tamen,
1860 1352 1941 1404 ull

279 1439 561 1516 diximus,
583 1456 668 1498 eae
684 1438 927 1501 arbores
950 1449 1291 1502 memoratae
1321 1448 1481 1512 sunt,
1507 1457 1637 1518 qum
1674 1457 1744 1496 no
1759 1446 1936 1495 stram

279 1528 456 1587 vitam
484 1526 667 1604 magis
694 1538 1327 1610 conservant,quaeque
1363 1526 1629 1608 propriis
1652 1524 1941 1584 irin-tibus

2016 810 2397 890 ἐσχολακότων
2495 813 2993 890 προσαγορεύουσι,
3100 820 3256 871 τοῦτο
3360 813 3667 889 σπέρματος

2016 898 2134 980 ἔχει
2171 899 2410 975 δύναμιν.
2467 899 2623 959 ’Ὅσα
2678 902 2779 979 γὰρ
2832 902 2935 958 ἐπὸ
2996 901 3128 981 (49)
3176 903 3385 959 κλάδων
3429 904 3663 979 γίνεσθαι

2015 990 2269 1070 πέφυκεν,
2304 990 2537 1046 ἐντεῦθεν
2567 993 2640 1052 ὡς
2689 990 2756 1046 τὰ
2815 989 2989 1047 πολλὰ
3020 990 3315 1071 προϐάλλει
3345 994 3441 1055 τὰς
3496 993 3663 1069 ῥίζας.

2016 1080 2172 1158 Τάχα
2203 1078 2257 1134 δὲ
2298 1080 2600 1157 σπέρματος
2650 1079 2906 1160 ἐπέχουσι
2962 1080 3120 1159 λόγον
3174 1083 3263 1138 καὶ
3295 1085 3345 1138 αἱ
3376 1082 3483 1138 τῶν
3512 1081 3671 1157 ῥιζῶν

2026 1169 2336 1248 ἀποφύσεις,
2367 1167 2427 1229 ἃς
2460 1175 2847 1246 παρασπῶντες
2881 1172 2927 1226 o't
2977 1171 3269 1249 φυτοκὸμοι
3304 1169 3429 1248 (50)
3461 1172 3521 1227 τὸ
3572 1170 3668 1247 γέ-

2027 1281 2113 1320 νος
2160 1256 2388 1323 αὔξουσι,
2451 1260 2708 1337 Πρότερον
2771 1258 2975 1333 μέντοι,
3021 1259 3200 1337 ὥσπερ
3230 1259 3455 1339 ἔφαμεν,
3520 1262 3666 1334 μνή-

2025 1370 2133 1420 μης
2163 1346 2362 1414 ἠξιώθη
2393 1348 2459 1405 τὰ
2502 1350 2925 1426 σὺνεκτικώτερα
2978 1348 3074 1415 τῆς
3124 1354 3268 1419 ζωῆς
3325 1350 3501 1422 ἡμῶν,
3567 1349 3669 1407 ὅσα

2026 1434 2238 1510 ἔμελλε,
2286 1450 2404 1499 τοῖς
2464 1438 2677 1499 οἰκείοις
2738 1450 2966 1514 καρποῖς
3012 1440 3103 1493 τὸν
3152 1438 3427 1514 ἄνθρωπον
3458 1436 3664 1503 δεξιού-

2024 1536 2182 1605 μενὰ,
2214 1524 2438 1605 ἄφθονον
2487 1528 2628 1600 αὐτῷ
2676 1528 3094 1605 παρασκευάζειν
3136 1527 3236 1594 τὴν
3265 1527 3464 1583 δίαιταν
3502 1544 3515 1557 ⁸
3556 1528 3667 1601 Ξίμυ

278 1615 582 1677 hominem
605 1616 919 1691 donantes,
959 1618 1321 1679 luculentum
1356 1618 1443 1678 illi
1494 1617 1711 1676 victum
1771 1615 1941 1675 erant

280 1704 762 1784 suppeditatum:
787 1706 1571 1787 vitisquidem,generatura
1586 1706 1933 1782 vinutn.quo

2027 1707 2298 1784 ἀνθρώπου
2332 1722 2345 1737 ⁸
2411 1706 2561 1763 ἐλαία
2628 1707 2683 1764 δὲ
2738 1711 2942 1787 καρπὸν
2990 1710 3342 1789 παρεχομένη
3406 1709 3669 1789 ίλαρύνειν

282 1803 407 1857 erat
430 1811 532 1856 cor
554 1794 814 1856 hominis
841 1796 1255 1859 laetificandum
1289 1820 1301 1861 :
1330 1798 1460 1857 olea
1483 1813 1643 1864 vero,
1676 1814 1811 1853 eum
1839 1791 1933 1871 qui

2027 1795 2310 1870 δυνάμενον
2336 1794 2621 1875 πρόσωπον
2680 1797 2735 1853 ἐν
2784 1796 2947 1870 ἐλαίῳ
3019 1798 3165 1854 Πόσα
3206 1798 3490 1877 συνέτρεχε
3533 1800 3670 1855 κατὰ

277 1883 497 1945 vultum
522 1882 581 1943 in
610 1886 742 1946 oleo
767 1885 1103 1948 exhilarare
1128 1896 1343 1967 potest,
1374 1888 1628 1947 fructum
1652 1883 1926 1943 allatura.

2027 1887 2203 1941 ταυτὸν
2233 1884 2575 1961 ἡπειγμένως
2632 1887 2735 1942 ὑπὸ
2792 1890 2890 1955 τῆς
2930 1886 3135 1966 φύσεως
3164 1888 3553 1965 παραγόμεναί
3602 1886 3664 1945 Ἦ

283 1975 435 2047 Quot
463 1972 814 2036 festinanter
843 1975 900 2035 in
935 1996 1114 2039 unum
1150 1982 1616 2047 concurrerunt,
1645 1974 1931 2051 producta

2027 1975 2127 2045 Ξίζα
2168 1974 2264 2041 τῆς
2297 1973 2537 2049 ἀμπέλου
2569 1990 2583 2003 ⁸
2616 1976 2683 2031 τὰ
2714 1974 2969 2050 κλήματα
3006 1974 3060 2031 έν
3091 1976 3272 2049 κύκλῳ
3323 1977 3515 2045 εὖθαλῆ
3574 1979 3663 2034 καὶ

278 2083 310 2123 a
336 2062 580 2124 natura!
618 2062 801 2125 Radix
834 2065 989 2139 vitis,
1027 2067 1306 2146 palmites
1358 2064 1732 2126 orbiCulatim
1770 2064 1929 2119 vire—

2027 2061 2224 2142 ιεγάλα
2266 2062 2399 2141 ὑπὲρ
2430 2068 2530 2140 γῆς
2561 2064 2836 2142 κεχυμένα
2871 2080 2885 2094 ·
2934 2067 2960 2120 ὁ
3009 2064 3265 2145 βλαστὸς,
3316 2070 3361 2123 οἱ
3392 2066 3590 2139 ἕλικες,
3638 2069 3665 2123 ὁ

279 2160 536 2224 sceutes,
566 2150 853 2232 valdeque
903 2171 1085 2234 super
1138 2166 1354 2217 terram
1393 2153 1616 2229 diﬂ‘usi,
1651 2170 1927 2229 germen,

2027 2151 2210 2232 ἔμφαξ,
2245 2154 2291 2208 οἱ
2321 2152 2539 2230 βότρυες
2583 2152 2722 2231 (51).
2771 2151 2957 2219 Ἀρκεῖ
3012 2175 3104 2210 σου
3163 2156 3228 2231 τῇ
3283 2154 3404 2231 ὄψει
3441 2156 3531 2211 καὶ
3560 2154 3668 2231 ἄμ-

281 2239 603 2319 claviculaa,
628 2260 739 2300 uva
760 2242 997 2315 acerba,
1034 2245 1278 2307 racemi.
1313 2243 1506 2307 Vitem
1533 2245 1580 2305 si
1608 2245 1720 2304 tuis
1744 2241 1932 2300 oculis

2027 2240 2176 2303 πελος
2232 2246 2461 2304 συνετῶς
2511 2243 2765 2319 ὁραθετσα
2814 2242 3114 2317 ὑπόμνησίν
3168 2264 3248 2300 σοι
3301 2245 3400 2312 τῆς
3453 2246 3661 2320 φύσεως

279 2339 503 2394 attente
526 2333 1023 2411 conspexeris,vel
1054 2335 1179 2414 ipsa
1199 2344 1254 2396 te
1280 2334 1420 2396 satis
1443 2335 1515 2394 ad
1545 2343 1770 2392 natum
1803 2348 1896 2389 me

2027 2332 2329 2407 ἑμποιῆσαι.
2396 2331 2678 2406 Μέμθησαι
2734 2333 2835 2411 γὰρ
2891 2330 3138 2399 δηλονότι
3194 2335 3293 2403 τῆς
3336 2338 3430 2392 τοῧ
3477 2338 3663 2413 Κυρίου

286 2426 532 2482 murtam
568 2430 825 2483 revocat.
852 2422 1175 2485 Meministi
1197 2423 1353 2484 enim
1392 2421 1625 2486 Domini
1657 2418 1929 2480 similitu-

2027 2422 2238 2500 εἰκόνος,
2299 2420 2379 2475 ὅτι
2424 2421 2666 2495 ἄμπελον
2718 2423 2906 2477 ἑαυτὸν
2951 2421 3119 2503 λέγει,
3187 2426 3274 2480 καὶ
3319 2426 3410 2481 τὸν
3458 2425 3663 2503 Πατέρα

281 2510 508 2583 dinem,
544 2528 662 2589 qua
691 2529 756 2571 se
782 2511 975 2591 ipsum
1008 2513 1210 2587 vitem,
1249 2522 1307 2574 et
1339 2514 1571 2575 Patrem
1608 2509 1925 2589 agricolam

2027 2512 2103 2567 τὸν
2145 2511 2405 2589 γεωργὸν,
2438 2512 2671 2573 καὶτοὺς
2702 2508 2820 2568 καθ’
2853 2510 2947 2569 ἕνα
2977 2514 3134 2588 ἡμῶν
3165 2511 3249 2570 διὰ
3280 2518 3377 2582 τῆς
3432 2516 3663 2579 πίστεως

282 2607 584 2679 nuncupat
605 2600 666 2649 70
690 2619 704 2659 :
729 2618 838 2661 nos
862 2601 1000 2663 item
1035 2601 1299 2680 singulos
1321 2599 1599 2662 Ecclesia;
1624 2618 1730 2679 per
1751 2599 1925 2657 ﬁdem

2027 2602 2502 2681 ἐμπεφυτευμένους
2533 2602 2660 2681 (52)
2720 2609 2789 2680 τῇ
2849 2601 3142 2676 Ἐκκλησία
3191 2603 3445 2678 κλήματα
3488 2628 3663 2683 προσ-

279 2688 564 2768 insertos,
629 2691 901 2769 palmites
945 2692 1292 2772 appellavit,
1326 2701 1504 2771 atque
1549 2691 1618 2751 ad
1676 2688 1926 2747 multum

2027 2692 2269 2769 νιγόρευσε
2304 2707 2317 2721 ·
2367 2694 2453 2749 καὶ
2508 2692 2899 2771 προσκαλεῖται
2956 2696 3100 2768 ἡμᾶς
3155 2695 3230 2757 εἷς
3273 2693 3663 2773 πολυκαρπίαν,

283 2777 542 2838 fructum
575 2779 947 2841 afferendum
998 2781 1207 2844 invitat
1236 2800 1346 2843 nos
1374 2780 1456 2853 Ἱί,
1485 2798 1559 2840 ne
1592 2776 1929 2839 inutilitatis

2027 2781 2103 2837 ἵνα
2147 2780 2226 2856 μὴ
2278 2782 2578 2861 ἀχρηστίαν
2629 2782 3093 2857 καταγνωσθέντες
3139 2787 3219 2855 τῷ
3251 2784 3370 2860 πυρὶ
3420 2782 3658 2861 παραδο-

2026 1614 2188 1679 πελος
2220 1614 2317 1687 μὲν
2345 1615 2495 1671 οἶνον
2526 1623 2764 1693 γεννῶσα
2807 1618 3099 1695 εὒφραίνειν
3148 1615 3415 1691 μέλλοντα
3455 1616 3670 1695 καρδίαν

285 2867 572 2943 damnati,
596 2868 718 2948 igni
744 2870 1082 2944 tradamur;
1112 2890 1223 2933 nec
1253 2879 1446 2932 cessat
1468 2867 1777 2930 hominum
1797 2867 1927 2925 ani-

2027 2876 2183 2946 ὶῶμεν
2217 2889 2233 2905 ·
2280 2873 2368 2927 καὶ
2400 2871 2460 2929 οὒ
2492 2872 2713 2928 παύεται
2767 2877 3049 2950 πανταχοῦ
3084 2871 3174 2935 τὰς
3202 2872 3384 2951 ψυχας
3416 2878 3523 2927 τῶν
3570 2873 3633 2928 ἂν

284 2975 407 3017 mas
428 2955 648 3038 ubique
675 2959 887 3021 vitibus
911 2979 1287 3041 comparare.
1323 2960 1501 3022 Vinea
1530 2974 1809 3033 namque,
1831 2953 1929 3014 in-

2027 2959 2235 3039 Ιρώπων
2298 2957 2415 3040 (53)
2477 2975 2599 3024 ταῖς
2672 2960 2935 3037 ἀμπέλοις
3006 2958 3284 3035 ὶξομοιῶν.
3368 2961 3660 3036 Ἀμπελὼν

281 3044 1233 3126 quit,factaestdilccloincornu,
1262 3053 1325 3111 in
1349 3045 1779 3126 tocopingui‘l2
1808 3068 1821 3115 ;
1846 3055 1926 3117 et,

2027 3051 2111 3127 γὰρ
2168 3050 2397 3128 ἐγενήθη
2453 3054 2530 3124 τῷ
2576 3049 2937 3129 ἠγαπημένῳ,
2986 3051 3169 3129 φησὶν,
3245 3050 3298 3106 ὲν
3353 3050 3555 3128 κέρατι,
3605 3053 3662 3108 ὲν

288 3134 541 3197 Vineam
559 3138 927 3219 plantavi,et
958 3158 1153 3220 sepem
1174 3138 1555 3203 circumdedi
1577 3136 1658 3195 73.
1687 3134 1928 3195 Animas

2027 3138 2159 3213 :dmp
2210 3139 2350 3195 πίονι
2379 3154 2393 3168 ⁹
2492 3140 2605 3219 καὶ,
2674 3136 2995 3219 Ἀμφελὼνα
3082 3137 3361 3220 ἐφύτευσα,
3419 3142 3504 3196 καὶ
3566 3162 3665 3198 πε-

282 3224 571 3286 humanas
594 3225 766 3304 plane
787 3228 1024 3289 vineam
1058 3230 1223 3297 dicit.
1247 3248 1395 3310 quas
1426 3244 1589 3306 sepe,
1619 3224 1922 3284 mandato-

2027 3227 2235 3294 ›ιέθηκα
2292 3230 2561 3307 φραγμὸν.
2627 3230 2725 3293 Τὰς
2775 3229 3102 3307 ἀνθρωπίνας
3163 3230 3345 3308 ψυχὰς
3406 3228 3661 3296 δηλονότι

281 3331 412 3373 rum
446 3314 676 3375 scilicet
710 3318 889 3380 tutela
913 3329 971 3379 et
991 3321 1338 3398 angelorum
1376 3315 1647 3380 custodia
1666 3315 1924 3375 circum-

2027 3316 2152 3396 ιέγει
2200 3315 2326 3396 (54)
2368 3318 2460 3372 τὸν
2490 3316 2806 3392 ἀμπελῶνα,
2849 3318 2939 3378 αἶς
2968 3319 3213 3395 πραγμὸν
3244 3318 3525 3393 περιέθηκε
3565 3322 3660 3387 τὴν

282 3401 771 3466 deditJmmittet
786 3409 947 3468 enim
964 3409 1225 3487 angelus
1244 3407 1491 3470 Domini
1508 3406 1568 3465 in
1584 3406 1840 3464 circuitu
1860 3404 1930 3463 ti-

2027 3430 2073 3463 εκ
2124 3408 2230 3464 τῶν
2289 3409 2717 3487 προσταγμάτων
2766 3407 3059 3488 ἀσφάλειαν
3123 3410 3207 3465 καὶ
3265 3410 3364 3476 τὴν
3422 3409 3665 3488 φυλακὴν

281 3496 573 3551 mentium
587 3495 1077 3559 eum75'.Deinde
1092 3505 1265 3559 etiam
1279 3494 1637 3571 ,constitntis
1654 3493 1712 3553 in
1730 3492 1835 3553 Ecc
1848 3492 1922 3551 le-

2027 3502 2117 3554 τῶν
2161 3496 2427 3575 ἀγγέλων.
2479 3497 2823 3575 Παρεμὸαλεῐ
2874 3498 2998 3577 (55)
3034 3500 3134 3577 γὰρ
3194 3498 3423 3576 ἅγγελος
3473 3500 3661 3578 Κυρίου

283 3579 371 3641 sia
394 3581 648 3660 primum
666 3586 1250 3664 apostolis,secundo
1287 3582 1793 3666 prophetislertin
1818 3582 1928 3639 do-

2027 3584 2194 3662 κύκλῳ
2258 3593 2362 3643 τῶν
2419 3585 2761 3668 φοϐουμένων
2818 3590 3002 3646 αὒτὸν.
3068 3586 3310 3644 ’Ἔπειτα
3363 3594 3450 3645 καὶ
3505 3590 3664 3646 οἱονεὶ

281 3668 810 3751 εῑοτὶὺυ874,ιιυιιδὶ
835 3675 985 3736 valla
1008 3676 1178 3736 nobis
1202 3677 1427 3737 deﬁxit.
1445 3681 1479 3733 ,ι
1497 3684 1631 3753 tque
1649 3672 1783 3731 anti
1800 3693 1929 3746 ίυυ-

2027 3677 2265 3757 ίάρακας
2294 3679 2428 3754 ἡμῖν
2484 3676 2895 3757 παρακατέπηξε
2942 3678 3161 3743 θέμενος
3205 3677 3258 3732 ἐν
3302 3684 3371 3754 τῇ
3415 3677 3661 3746 Ἐκκλη-

278 3776 413 3819 rum
430 3776 498 3820 ac
522 3760 827 3823 beatorum
852 3763 1113 3826 virorum
1134 3765 1424 3845 exemplis
1446 3766 1498 3823 in
1525 3761 1780 3821 sublime
1803 3779 1932 3823 cve-

279 3847 366 3908 xit
387 3855 642 3911 nostram
680 3861 965 3928 mentem,
991 3871 1101 3917 nec
1144 3873 1271 3915 eam
1296 3852 1589 3928 prosterni
1614 3850 1801 3923 humi,
1838 3859 1936 3911 aut

279 3938 732 4002 conculcatione
764 3942 999 4019 dignam
1045 3961 1177 4005 esse
1217 3944 1370 4005 sivit.
1398 3942 1537 4002 Vult
1581 3950 1778 4001 autem
1828 3958 1935 4000 nos

282 4026 585 4089 charitatis
606 4030 984 4109 amplexibus
1008 4050 1118 4093 ceu
1146 4030 1819 4113 quibusdamclaviculis
1846 4028 1937 4088 46

281 4116 618 4195 proximum
654 4130 925 4182 nostrum
959 4122 1299 4197 complecti,
1327 4140 1393 4182 ac
1427 4122 1485 4181 in
1520 4122 1663 4200 ipsis
1690 4120 1933 4198 acquie-

279 4222 478 4286 scere,
502 4214 565 4267 ut
574 4208 705 4287 jngi
730 4209 939 4291 impeti
977 4229 1213 4272 sursum
1245 4229 1453 4272 versus
1483 4210 1937 4283 contendentes,

279 4294 467 4356 instar
490 4294 802 4359 vinearum
834 4302 1227 4380 quarumdam
1254 4300 1500 4362 arbores
1531 4298 1941 4361 conscenden-

2019 3766 2104 3839 σία
2146 3773 2354 3845 πρῶτον
2414 3767 2762 3847 ἂποστόλους,
2813 3766 3052 3845 δεύτερον
3111 3770 3409 3845 προφήτας,
3492 3769 3666 3849 τρίτον

2020 3855 2388 3922 διδασκάλους.
2455 3859 2551 3917 Καὶ
2600 3870 2719 3919 τοϊς
2777 3863 2882 3912 τῶν
2941 3856 3185 3913 παλαιῶν
3237 3860 3324 3915 καὶ
3392 3861 3667 3940 μακαρίων

2019 3944 2219 4024 ἀνδρῶν
2253 3945 2374 4025 (56)
2404 3944 2792 4023 ὑποδείγμασιν
2841 3947 2911 4011 είς
2956 3944 3088 4021 ὕψος
3143 3949 3299 4021 ἡμῶν
3351 3949 3562 4028 ἀνάγων
3604 3951 3669 4005 τὰ

2019 4034 2361 4114 φρονήματα,
2415 4035 2508 4090 οὒκ
2559 4035 2762 4114 ἀφῆκεν
2819 4033 3104 4113 ἒρῤιμμένα
3176 4039 3377 4118 χαμαὶ,
3436 4041 3523 4095 καὶ
3578 4046 3670 4096 τοῦ

2019 4125 2304 4179 πατεῖσθαι
2342 4120 2481 4188 ἄξια.
2544 4123 2797 4181 Βούλεται
2842 4125 2895 4181 δὲ
2933 4124 3071 4193 ἡμᾶς
3104 4130 3191 4184 καὶ
3218 4129 3386 4184 οἷονεί
3417 4128 3543 4195 ἕλιξι
3577 4152 3664 4186 τι·

2022 4234 2080 4267 σι
2109 4225 2233 4277 ταῖς
2264 4211 2616 4292 περιπλοκαῖς
2651 4214 2746 4282 τῆς
2781 4217 2997 4293 ἁγαπης
3028 4223 3133 4272 τῶν
3174 4217 3403 4284 πλησίον
3435 4220 3672 4300 ἐινιτέχε⁸

3128 4307 3152 4329 ον
3191 4306 3203 4327 ν

2022 4304 2163 4374 σθαι,
2216 4304 2303 4358 καὶ
2375 4303 2799 4361 ἐπαναπαύεσθαι
2860 4309 3067 4381 αὐτοῖς,
3128 4307 3185 4363 ’ίν

3141 4308 3228 4385 ἶν’,
3287 4308 3365 4364 ἀεὶ
3429 4312 3564 4387 πρὸς
3608 4308 3671 4364 τὸ

279 4384 453 4466 tium,
479 4388 877 4469 nosmetipsos
907 4408 1108 4453 rerum
1157 4391 1581 4451 altissimarum
1618 4386 1933 4448 vertit-ibus

2027 4390 2134 4447 ἅνω
2162 4392 2260 4459 τὴν
2294 4394 2465 4471 ὁρμὴν
2497 4392 2740 4474 ἔχοντες,
2768 4394 2888 4453 οἷον
2923 4419 3061 4459 τινες
3118 4384 3491 4473 ὰνανδενδράδες
3542 4410 3668 4457 ταῖς

280 4460 685 4556 adaequamus.
723 4460 875 4551 Quin
902 4488 961 4541 et
994 4499 1027 4541 a
1050 4479 1227 4541 nobis
1261 4479 1549 4559 exposcit,
1577 4486 1640 4537 ut
1668 4478 1806 4538 dum
1838 4477 1933 4538 de-

2027 4496 2278 4560 κορυφαῖς
2357 4489 2461 4540 τῶν
2536 4484 2891 4559 ὑψηλοτάτων
2959 4487 3174 4550 ἑαυτοὺς
3263 4487 3665 4554 περισίζωιαει.

280 4561 562 4642 fodimur,
586 4568 1333 4635 sustineamus.Det‘oditur
1352 4576 1548 4631 autem
1569 4567 1935 4643 anima,cum

280 4653 486 4715 mundi
517 4655 698 4731 curis,
734 4676 869 4735 qum
902 4659 1186 4722 cordibus
1220 4659 1436 4720 nostris
1468 4667 1605 4718 sunt
1636 4658 1937 4732 oneri,se-

930 4808 984 4857 7t
1024 4806 1170 4868 ibid.
1203 4809 1259 4865 5.
1347 4806 1405 4856 7*
1434 4804 1545 4866 Isa.
1578 4821 1633 4878 v,
1672 4806 1728 4866 1.

525 4932 662 5018 μεθ.
696 4936 813 5018 duo
844 4939 1148 5018 ἐξευρίσκω.
1189 4937 1301 4999 Alii
1333 4936 1452 4999 duo
1485 4936 1645 5015 εὖροι.

391 5013 487 5086 49)
520 5016 607 5077 Ita
649 5016 829 5079 editio
861 5013 1045 5081 Basil.
1105 5036 1238 5078 cum
1286 5027 1418 5079 octo
1457 5013 1600 5078 mss.
1634 5037 1668 5078 e
1700 5019 1921 5081 nostris

280 5101 497 5173 praeter
525 5094 695 5157 Bodl.
731 5096 924 5161 Editio
958 5099 1143 5161 Paris.
1180 5097 1278 5154 ὅσα
1310 5098 1363 5153 δὲ
1396 5099 1524 5156 ἀπό.

364 5174 489 5254 (50)
516 5174 715 5239 Editio
746 5181 918 5241 Basil.
955 5199 1088 5242 cum
1142 5178 1413 5240 Combef.
1448 5187 1505 5237 et
1556 5196 1689 5239 cum
1720 5180 1920 5240 multis

278 5253 415 5339 aliis
440 5253 928 5339 M§s,__cpo-coxdu0t.
956 5260 1152 5323 Editio
1176 5258 1358 5321 Paris.
1385 5258 1709 5339 φ’)τηκόμοι,
1745 5261 1923 5321 male.

276 5333 437 5419 Infra
494 5333 663 5401 cum.
718 5333 1022 5404 secundus
1081 5342 1364 5419 συνέτρεχε
1400 5333 1538 5395 ’κατὰ
1593 5342 1780 5395 ταυτὸν
1835 5342 1928 5394 τὸν

277 5438 344 5471 κα
356 5438 466 5477 ιρον
477 5464 489 5477 .

521 5494 785 5570 Quatuor
836 5522 981 5567 mss.
1037 5505 1085 5559 ot
1144 5501 1385 5579 βότρυες.
1453 5496 1607 5558 Editi
1640 5516 1774 5558 cum
1810 5516 1927 5558 uno

276 5584 378 5636 aut
398 5577 587 5660 altera
622 5598 733 5643 ms.
768 5584 981 5660 βότρυς.

356 5658 479 5742 (52)
513 5656 776 5742 Codices
809 5656 1043 5742 aliquot
1096 5660 1574 5742 ἐμφυτευομένους.
1609 5660 1743 5721 Mox
1779 5656 1923 5719 editi

277 5738 631 5813 προκαλεῖται
670 5758 681 5771 ·
717 5751 776 5803 at
804 5738 1065 5805 sex—mss
1122 5738 1533 5821 προσκαλεῖται.

359 4803 613 4867 7010mm.
648 4822 747 4876 xv,
790 4814 843 4869 1.

2023 4569 2280 4631 Ἀπαιτεϊ
2308 4570 2442 4651 (57)
2473 4570 2526 4629 δὲ
2570 4576 2713 4649 ἡμᾶς
2746 4576 2832 4629 καὶ
2882 4576 2941 4629 τὸ
3000 4572 3388 4651 καταδέχεσθαι
3420 4592 3668 4626 σκαπτο-

2023 4658 2227 4733 μένους.
2295 4660 2728 4719 Ἀποσκάπτεται
2771 4661 2824 4717 δὲ
2870 4663 3024 4740 ψυχὴ
3071 4660 3123 4715 ἐν
3169 4666 3235 4735 τῇ
3281 4659 3526 4715 ἀποθέσει
3561 4659 3668 4716 τῶν

1817 4806 1879 4855 7⁵
1912 4807 2130 4869 Matth.
2163 4825 2287 4882 xxt,
2322 4807 2423 4873 33.
2472 4810 2553 4860 π’
2585 4808 2743 4871 Psal.
2776 4822 2981 4879 xxxnl,
3016 4810 3073 4866 8.
3122 4804 3185 4853 ⁷4
3213 4801 3396 4865 lCor.
3425 4820 3536 4886 xu,
3580 4806 3657 4868 28

2081 4939 2204 5015 (53)
2232 4938 2483 5002 Codices
2507 4948 2627 5000 tres
2658 4939 2838 5018 ψυχὰς
2868 4938 3160 5018 ἡμῶν-τῶν
3186 4935 3333 5013 ἀνθρ.

2085 5014 2382 5100 (54)Beg.
2433 5025 2633 5080 sextus
2680 5014 3005 5095 ἀνθρωπίνας
3036 5014 3280 5091 δυνάμεις
3314 5017 3494 5096 ψυχὰς
3542 5016 3646 5084 δη..

2003 5099 2183 5157 λονότι
2216 5099 2388 5178 λέγει.

2086 5179 2209 5259 (55)
2246 5176 2609 5255 Παρεμϐαλεϊ,
2650 5176 3045 5255 etc.Vulgata,
3086 5176 3370 5239 Immittet
3400 5178 3659 5255 angelus

2014 5258 2266 5321 Domini
2296 5264 2361 5319 in
2386 5260 2653 5320 circuitu
2689 5259 3027 5321 timentium
3055 5276 3211 5321 eum.

2088 5339 2218 5418 (56)
2253 5337 2379 5419 vox
2412 5338 2609 5419 ἀνδρῶν
2642 5337 2919 5419 όεθεῑίίη
2996 5338 3174 5419 editis
3243 5345 3298 5399 et
3348 5337 3407 5398 in
3471 5339 3671 5401 multis

2012 5417 2316 5495 mss.;'sed
2344 5420 2398 5480 le
2440 5417 2559 5480 itur
2602 5419 2662 5480 in
2698 5418 2903 5499 Regiis
2937 5417 3110 5480 tertio
3157 5427 3213 5479 et
3249 5425 3444 5479 sexto.
3489 5421 3669 5481 Paulo

2014 5506 2147 5562 Dost
2177 5498 2360 5561 codex
2397 5438 2664 5562 Eombef.
2701 5518 2835 5561 cum
2865 5501 3015 5562 Rea.
3054 5508 3257 5560 octavo
3294 5497 3664 5562 ἒόὀιυτλένους.

2014 5506 2147 5578 post
2177 5498 2360 5561 codex
2397 5497 2664 5562 Combef.
2701 5497 2835 5561 cum
2865 5501 3015 5579 Reg.
3054 5508 3257 5560 octavo
3294 5497 3664 5577 ἐῤῥῳμένους,

2009 5579 2182 5641 male.

2088 5661 2211 5742 (57)
2247 5662 2397 5741 Reg.
2436 5664 2642 5725 sextus
2665 5661 3004 5719 ἀπαιτεῒται.
