4098 6370
125 317 234 436 iiv

1175 359 1496 428 HOMILIA
1540 359 1620 426 v1
1662 357 1744 426 IN
1775 347 2350 425 'HEXAEMERON.

3385 361 3499 427 118

123 474 289 571 θέντες
332 505 390 561 δν
440 509 517 578 τῷ
560 501 698 574 οἴκῳ
741 499 950 581 Κυρίου,
998 498 1051 555 ἓν
1103 511 1222 564 ταῖς
1261 495 1453 563 αὐλαῖς
1500 504 1592 554 τοῦ
1635 503 1758 554 Θεοῦ

1849 501 2074 574 nostro,
2109 499 2202 555 cui
2227 492 2415 574 gloria
2444 501 2504 558 et
2531 489 2851 576 imperium
2904 499 2963 554 in
2997 493 3212 555 secula
3234 493 3499 555 Saecula-4

120 598 266 672 ἡμῶν
322 591 693 667 ἐξανθήσωμεν
785 592 841 646 ιν
919 596 1129 670 Χριστῷ
1204 583 1380 656 Ἰησοῦ
1439 595 1517 662 τῷ
1591 585 1760 666 Κυρίῳ

1841 601 2002 646 rum.
2036 583 2251 648 Amen.

116 690 287 764 ἡμῶν,
313 689 360 758 ᾦ
393 684 428 750 ἡ
459 680 580 747 δόξα
603 680 692 738 καὶ
723 681 784 736 τὸ
815 679 1005 759 κράτος
1035 680 1108 744 εἷς
1141 679 1262 742 τοὺς
1287 679 1482 742 αὶῶνας
1513 683 1620 734 τῶν
1651 675 1881 739 αἰώνων,
1909 672 2115 751 Ἀμήν,

116 808 3444 840 ﬂ

728 901 962 954 ΟΜΙΛΙΑ
1009 891 1120 968 ς’.

460 987 580 1066 Περὶ
611 984 869 1065 γενέσεως
901 983 1198 1065 φωστήρων
1235 979 1386 1060 (81).

187 1075 243 1140 1.
305 1077 409 1135 Τὸν
465 1075 708 1142 ἀθλητῶν
770 1074 966 1140 θεατὴν
1015 1071 1268 1152 μετέχειν
1311 1071 1455 1134 τινὸς
1514 1067 1752 1146 προσῆκε

113 1165 190 1220 καὶ
219 1167 379 1224 αὺτὸν
431 1166 688 1229 εὐτονίας.
743 1163 841 1222 Καὶ
896 1169 1052 1220 τοῦτο
1112 1159 1171 1216 ἐκ
1221 1166 1328 1217 τῶν
1376 1162 1752 1236 πανηγυρικῶν

107 1257 310 1329 θεσμῶν
369 1253 431 1311 ἅν
473 1276 554 1318 τις
610 1250 843 1324 κατίδοι,
897 1254 954 1308 οἳ
1012 1253 1133 1312 τοὺς
1167 1246 1643 1327 συγκαθεζομένους
1676 1246 1748 1307 εἷς

105 1344 160 1399 τὸ
202 1342 419 1401 στάδιον
466 1343 590 1424 (82)
627 1347 804 1421 γυμνῇ
863 1344 1124 1407 καθῆσθαι
1181 1341 1250 1415 τῇ
1293 1336 1500 1418 κεφαλῇ
1557 1334 1745 1413 διαγο-

101 1431 330 1498 ρεύουσιν
365 1448 381 1463 ’
431 1432 548 1508 ἐμοὶ
608 1429 786 1487 δοκεῖν
831 1426 980 1508 (83),
1042 1428 1136 1485 ’ίνα
1195 1428 1271 1502 μὴ
1332 1427 1525 1493 θεατὴς
1585 1427 1746 1498 μόνον

96 1520 432 1600 ἀγωνιστῶν,
488 1519 625 1579 ἀλλά
681 1520 766 1574 καὶ
822 1517 1124 1595 ἀγωνιστὴς
1187 1515 1409 1578 ἕκαστος
1474 1513 1630 1575 αὒτὸς
1692 1513 1746 1569 ἐν

92 1617 160 1683 τῷ
202 1611 359 1689 μέρει
391 1609 658 1687 τυγχάνῃ.
698 1605 849 1664 Οὕτω
880 1605 1053 1662 τοίνυν
1109 1605 1198 1661 καὶ
1257 1606 1347 1660 τὸν
1403 1610 1508 1660 τῶν
1572 1603 1747 1680 μεγά-

89 1697 192 1755 λων
221 1701 312 1756 καὶ
374 1699 654 1777 ὑπερφυῶν
710 1694 994 1769 θεαμάτων
1027 1693 1337 1773 ἐξεταστὴν,
1371 1695 1454 1750 καὶ
1507 1694 1596 1748 τὸν
1647 1697 1746 1758 τῆς

87 1787 250 1864 ἆρκας
298 1785 471 1850 ὅντως
525 1787 612 1842 καὶ
663 1783 962 1863 ἀποῤῥήτου
1020 1784 1207 1859 σοφίας
1259 1783 1526 1862 ἀκροατὴν
1575 1803 1747 1859 προσ-

2440 881 2750 946 HOMILIA
2780 885 2880 946 Vl.

2185 975 2269 1037 De
2297 979 2687 1054 generatione
2715 975 3139 1039 luminarium.

1924 1067 1978 1126 1.
2005 1067 2414 1144 Spectatorem
2428 1065 2787 1128 athletarum
2805 1073 3113 1145 oportetet
3133 1063 3328 1146 ipsum
3347 1080 3494 1123 con-

1837 1153 2122 1214 tentionis
2149 1154 2497 1234 participem
2527 1154 2881 1236 esse.ldque
2904 1173 2971 1216 ex
2994 1152 3364 1236 panegyricis
3397 1151 3487 1212 le-

1834 1241 2012 1321 gibus
2057 1242 2251 1322 quivis
2278 1244 2646 1322 cognoverit,
2673 1263 2824 1325 quas,
2860 1247 2916 1306 in
2941 1243 3129 1305 stadio
3161 1241 3489 1305 considen-

1836 1331 2118 1406 tes,nudo
2139 1331 2332 1412 capite
2349 1333 2562 1394 sedere
2577 1332 2812 1414 jubent:
2826 1341 2886 1395 ut
2905 1334 3178 1414 quisque,
3195 1349 3327 1392 mea
3350 1330 3490 1410 qui-

1831 1418 1966 1481 dem
1993 1426 2308 1494 seutentia,
2333 1440 2452 1482 non
2470 1423 2546 1482 sit
2574 1423 2764 1484 solum
2796 1422 3232 1484 decertantium
3251 1428 3491 1502 specta-

1832 1519 1947 1590 tor,
1988 1511 2094 1572 sed
2129 1515 2308 1572 etiam
2343 1510 2545 1592 aliqua
2571 1529 2640 1573 ex
2681 1521 2843 1593 parte
2863 1512 3090 1575 athleta
3113 1511 3483 1573 exsistat.Sic

1828 1616 1974 1660 sane
2006 1604 2185 1661 etiam
2216 1618 2562 1678 magnorum
2596 1611 2775 1682 atque
2798 1600 3238 1663 admirabilium
3262 1606 3484 1679 specta-

1829 1690 2098 1749 culorum
2131 1688 2580 1769 inquisitorem,
2615 1691 2898 1772 illiusque
2950 1709 3086 1751 vere
3129 1706 3379 1750 summa;
3417 1703 3487 1748 ac

1830 1777 2153 1838 ineﬂ‘abilis
2181 1779 2487 1859 sapientiai
2513 1780 2874 1854 auditorem,
2924 1781 3064 1840 dum
3097 1778 3350 1856 accedit,
3384 1793 3489 1856 par

86 1848 214 1944 ii.er
248 1877 468 1933 οἴκοθεν
500 1874 649 1954 ἔχειν
710 1848 906 1940 ἥκοντά
960 1848 1108 1935 τινας
1159 1848 1402 1950 ἀφορμὰς
1464 1873 1593 1949 πρὸς
1618 1848 1748 1938 ιτὴν

1848 1848 2300 1947 :‘ueritquaedam
2315 1867 2386 1928 ad
2411 1886 2507 1929 res
2534 1848 2870 1949 propositas
2891 1848 3489 1948 contemplandas'im

88 1967 306 2044 θεωρίαν
367 1970 476 2019 τῶν
531 1961 922 2040 προκειμένων,
981 1963 1068 2018 καὶ
1117 1963 1400 2019 κοινωνεῖν
1471 1960 1590 2036 ἐμοὶ
1648 1964 1746 2027 τῆς

96 2055 322 2133 ἀγωνίας
373 2053 449 2118 εἰς
508 2050 750 2128 δύναμιν,
786 2050 909 2129 οὒχὶ
954 2051 1142 2128 κριτὴν
1187 2049 1393 2125 μᾶλλον
1438 2050 1474 2120 ἢ
1507 2072 1752 2128 συναγω-

101 2143 279 2210 νιστὴν
334 2142 652 2220 παρεστῶτα
684 2158 701 2175 ο
763 2143 974 2210 μήποτε
1034 2139 1134 2219 ἄρα
1191 2139 1414 2218 διαλάθῃ
1457 2141 1601 2216 ἡμᾶς
1649 2144 1750 2207 τῆς

114 2231 358 2300 ἀληθείας
391 2232 425 2299 ἡ
457 2232 682 2309 εὕρεσις,
729 2231 814 2286 καὶ
869 2233 932 2287 τὸ
989 2230 1117 2304 ἐμὸν
1170 2229 1389 2308 σφάλμα
1448 2230 1602 2298 κοινὴ
1660 2236 1750 2300 ζη-

119 2322 205 2397 μία
234 2328 344 2378 τῶν
398 2320 702 2376 ἀκουόντων
751 2318 995 2397 γένηται,
1028 2321 1166 2394 Πρὸς
1199 2319 1288 2375 οὖν
1339 2320 1389 2375 τί
1435 2327 1601 2376 ταῦτα
1658 2317 1754 2375 λέ-

119 2431 228 2489 γω;
279 2421 402 2489 Οτι,
437 2408 622 2477 ἐπειδὴ
679 2409 956 2487 πρόκειται
1011 2411 1148 2484 ἡμῖν
1196 2410 1270 2470 εἰς
1300 2409 1400 2476 τὴν
1428 2419 1521 2468 τοῦ
1551 2409 1756 2483 κόσμου

119 2501 360 2557 σύστασιν
420 2498 656 2565 ἐξέτασις
706 2499 794 2555 καὶ
847 2499 1036 2577 θεωρία
1113 2506 1205 2556 τοῦ
1262 2499 1487 2578 παντὸς,
1547 2501 1644 2556 οὐκ
1699 2496 1760 2552 ἐκ

120 2591 210 2656 τῆς
240 2596 331 2646 τοῦ
365 2587 571 2664 κόσμου
606 2587 788 2668 σοφίας
833 2589 925 2651 τὰς
976 2588 1147 2667 ἀρχὰς
1179 2587 1402 2667 ἔχουσα,
1437 2586 1558 2644 ἀλλ’
1605 2587 1655 2653 ἐξ
1684 2586 1757 2643 ὦν

121 2680 204 2735 τὸν
248 2679 441 2736 ἑαυτοῦ
481 2678 776 2756 θεράποντα
806 2681 834 2734 ὁ
892 2679 1020 2742 Θεὸς
1078 2676 1461 2750 ἐξεπαίδευσεν,
1515 2677 1570 2733 ἐν
1627 2674 1758 2732 εἴδει

118 2767 348 2839 λαλήσας
379 2769 513 2847 πρὸς
546 2767 728 2836 αὐτὸν,
789 2769 877 2824 καὶ
933 2771 994 2826 οὗ
1023 2764 1091 2822 δι’
1146 2768 1499 2845 αἰνιγμάτων,
1548 2766 1757 2844 ἀνάγκη

122 2880 209 2917 που
262 2858 480 2920 πάντως
535 2856 656 2919 τοὺς
731 2862 838 2912 τῶν
910 2855 1162 2934 μεγάλων
1222 2854 1610 2935 φιλοθεάμονας
1677 2859 1754 2930 μή

118 2945 444 3024 ἀγύμναστον
490 2945 640 3026 ἔχειν
695 2947 789 3001 τὸν
847 2954 966 3003 νοῦν
1010 2948 1140 3024 πρὸς
1183 2947 1284 3014 τὴν
1312 2951 1420 3002 τῶν
1464 2945 1755 3023 προκειμέ-

118 3056 211 3091 νων
243 3039 373 3113 ἧμϊν
404 3036 756 3102 κατανόησιν.
791 3033 860 3093 E’t'
918 3055 1050 3092 ποτε
1096 3036 1207 3115 οὖν,
1263 3035 1317 3091 ἐν
1350 3036 1516 3112 αἰθρίᾳ
1563 3055 1756 3091 νυκτεο

119 3131 247 3203 ρινῇ,
277 3127 411 3205 πρὸς
439 3125 505 3181 τὰ
530 3120 730 3202 ἄῤῥητα
787 3123 965 3192 κάλλη
1023 3132 1128 3181 τῶν
1173 3124 1378 3203 ἄστρων
1409 3123 1529 3204 (84)
1566 3124 1752 3182 ἑνατε-

1836 1953 2158 2016 citamenta
2191 1974 2259 2016 ex
2277 1974 2342 2018 se
2362 1955 2686 2032 habere,ac
2712 1977 2946 2020 mecum
2971 1976 3076 2038 pro
3102 1957 3332 2019 viribus
3355 1972 3487 2016 esse

1833 2043 2182 2106 certaminis
2213 2054 2581 2127 consortem,
2615 2066 2724 2109 nec
2773 2052 2956 2127 magis
2973 2046 3240 2127 judicem
3269 2053 3484 2118 astare,

1833 2150 2008 2214 quam
2021 2142 2578 2206 concertantem;ne
2595 2135 2749 2199 forte
2775 2145 3087 2217 praetereat
3105 2154 3210 2196 nos
3223 2133 3488 2195 veritatis

1836 2222 2198 2299 iuventio,ac
2222 2241 2391 2285 meus
2404 2243 2571 2285 error
2593 2244 2912 2288 commune
2932 2225 3303 2288 audientium
3328 2223 3492 2284 dam-

1839 2329 1981 2372 num
2009 2311 2131 2373 ﬁat.
2156 2311 2450 2383 Quorsum
2474 2313 2568 2375 50
2592 2315 2718 2376 haec
2738 2315 2978 2378 tandem
3003 2321 3030 2378 ?
3051 2315 3200 2389 Quia
3231 2332 3364 2375 cum
3394 2317 3490 2372 in-

1842 2401 2134 2481 quirenda
2164 2402 2338 2463 nobis
2359 2414 2726 2483 proponatur
2759 2406 2961 2468 mundi
2985 2403 3496 2483 constitutio,uni-

1842 2495 2116 2570 versique
2138 2494 2729 2573 contemplatio,qua3
2752 2514 2820 2556 ex
2843 2496 3045 2555 mundi
3071 2491 3370 2573 sapientia
3395 2509 3488 2551 ne-

1842 2597 2142 2659 quaquam
2176 2579 2536 2661 principium
2570 2582 2754 2652 ducit,
2800 2587 2906 2646 sed
2939 2601 3007 2643 ex
3043 2582 3134 2643 his
3165 2599 3296 2662 quae
3321 2596 3492 2639 suum

1843 2671 2250 2732 servumDeus
2273 2670 2503 2744 docuit,
2534 2670 2620 2733 illi
2635 2672 2694 2733 in
2713 2672 3062 2751 specie,non
3091 2687 3196 2749 per
3213 2667 3494 2746 aenigma-

1843 2764 1900 2818 ta
1935 2760 2190 2820 locutus:
2227 2778 2474 2821 necesse
2505 2770 2594 2821 est
2616 2762 2891 2834 omnino,
2913 2761 3241 2840 ingentium
3270 2764 3494 2836 specta-

1841 2848 2113 2909 culorum
2138 2858 2434 2910 amatores
2461 2866 2578 2912 non
2601 2851 2869 2910 animum
2892 2849 3113 2912 habere
3130 2848 3199 2910 ad
3227 2846 3489 2929 proposi‘»

1842 2947 2030 3001 tarum
2067 2942 2240 3001 nobis
2272 2959 2475 3003 rerum
2508 2945 2958 3024 perceptionem
3010 2939 3488 3002 inexercitatum.

1838 3027 2040 3109 Itaque
2066 3030 2390 3111 siun1uam
2417 3033 2472 3093 in
2507 3043 2800 3095 nocturna
2826 3031 3491 3105 serenitate,ineuarrao

1841 3119 2022 3181 bilem
2055 3129 2348 3182 astrorum
2385 3123 2891 3204 pulchritudinem
2926 3122 3170 3185 intentis
3193 3118 3492 3183 oculissu-

119 3213 280 3286 νίσας,
344 3214 553 3270 ἔννοιαν
600 3210 786 3277 ἔλαϐες
836 3220 927 3270 τοῦ
977 3214 1222 3293 τεχνίτου
1278 3219 1382 3270 τῶν
1434 3212 1598 3294 ὅλων,
1627 3215 1752 3276 τίςὸ

1848 3214 2122 3288 spiciens,
2151 3209 2226 3272 de
2242 3213 2653 3274 universorum
2687 3215 2899 3293 opiﬁce
2918 3209 3490 3291 cogitasti,quisnam

119 3315 228 3367 τοῖς
259 3301 437 3360 ἄνθεσι
465 3301 667 3366 τούτοις
701 3300 1034 3364 διαποικίλας
1088 3305 1179 3358 τὸν
1211 3302 1453 3380 ούρανον,
1489 3303 1574 3360 καὶ
1605 3301 1753 3365 ὅπως

120 3389 168 3446 ἐν
221 3404 340 3456 τοῖς
397 3389 689 3469 ὁρωμένοις
731 3389 894 3447 πλέον
952 3399 1046 3447 τοῦ
1087 3391 1313 3470 τερπνοῦ
1369 3393 1430 3447 τὸ
1460 3390 1756 3467 ἀναγκαῖόν

121 3478 222 3536 ἐστι
258 3498 271 3512 ⁸
330 3479 496 3538 πάλιν
563 3479 619 3536 ἐν
689 3479 865 3558 ἡμέρᾳ
941 3482 986 3536 εἰ
1068 3482 1285 3559 νήφοντι
1353 3487 1430 3554 τῷ
1511 3479 1756 3557 λογισμῷ

122 3570 410 3646 κατέμαθες
469 3571 535 3626 τὰ
603 3575 702 3636 τῆς
785 3569 986 3647 ἡμέρας
1050 3571 1315 3644 θαύματα,
1370 3571 1457 3626 καὶ
1512 3568 1596 3626 διὰ
1653 3573 1757 3624 τῶν

121 3658 390 3736 δρωμένων
452 3658 749 3738 ἀνελογίσω
818 3661 908 3714 τὸν
968 3663 1072 3740 οὐχ
1142 3659 1451 3738 ὡρώμενον,
1511 3659 1754 3736 ἐμπαρεί-

123 3767 292 3815 σκευος
351 3750 505 3818 ἥκεις
557 3748 826 3826 ἀκροατὴς
878 3749 966 3804 καὶ
1025 3748 1241 3826 πρέπων
1301 3755 1378 3824 τῷ
1434 3748 1757 3827 πληρώματι

121 3845 204 3893 τοῦ
237 3846 435 3910 σεμνοῦ
493 3839 680 3897 τούτου
728 3840 823 3895 καὶ
865 3841 1126 3918 μακαρίου
1186 3840 1423 3915 θεάτρου.
1471 3847 1633 3917 Δεῦρο
1696 3837 1761 3906 δὴ

120 3927 218 3997 οὗ»,
277 3929 460 4006 ὥσπερ
521 3931 567 3987 οἱ
626 3929 749 3992 τοὺς
781 3929 966 3997 ἀήθεις
1010 3936 1116 3986 τῶν
1172 3928 1379 3987 πόλεων
1421 3929 1518 3996 τῆς
1577 3930 1762 4009 χειρὸς

120 4010 397 4091 λαϐόμενοι
442 4021 846 4098 περιηγοῦνται,
897 4018 1040 4076 οὕτω
1091 4018 1156 4086 δὴ
1215 4022 1302 4077 καὶ
1348 4020 1506 4083 αὐτὸς
1555 4017 1641 4074 ἐπὶ
1698 4019 1762 4074 τὰ

120 4107 450 4184 κεκρυμμένα
521 4107 764 4178 θαύματα
851 4108 988 4182 ὑμᾶς
1072 4114 1172 4176 τῆς
1244 4107 1488 4187 μεγάλης
1561 4109 1762 4176 ταύτης

121 4193 315 4259 πόλεως
352 4194 652 4272 ξεναγήσω.
698 4193 791 4250 Ἐν
821 4201 889 4271 τῇ
939 4196 1094 4253 πόλει
1125 4199 1316 4274 ταύτῃ,
1349 4198 1404 4254 ἐν
1426 4201 1463 4274 ᾗ
1495 4197 1530 4264 ἡ
1562 4197 1763 4279 ἀρχαία

121 4288 294 4363 πατρὶς
326 4286 487 4360 ἡμῶν
522 4281 674 4364 (85),
709 4287 776 4352 ἧς
839 4287 1237 4358 μετανέστησεν
1292 4289 1436 4360 ἡμᾶς
1467 4289 1494 4344 ὁ
1551 4287 1761 4365 ἀνθρω-

121 4374 367 4440 ποιιτόνος
399 4373 626 4449 δαίμων,
661 4385 779 4434 τοῖς
839 4374 1029 4430 ἑαυτοῦ
1086 4373 1438 4450 δελεάαμασιν
1491 4375 1762 4455 ἀνδραπο-

123 4455 254 4526 δίσας
312 4467 406 4522 τὸν
453 4461 728 4542 ἄνθρωπον
759 4480 773 4494 '
837 4465 1060 4522 ὶνταῦθα
1122 4466 1346 4540 κατόψει
1397 4466 1496 4532 τὴν
1547 4467 1766 4542 πρώτην

124 4557 207 4606 τοῦ
260 4551 537 4631 ἀνθρώπου
585 4553 816 4632 γένεσιν,
879 4555 1086 4611 καὶτὸν
1133 4555 1278 4616 εύθῦς
1311 4556 1455 4629 ἡμᾶς
1499 4554 1764 4610 ἐπικατα-

125 4633 344 4698 λαόόντα
396 4644 528 4722 ς86)
575 4643 798 4701 θάνατον
833 4659 847 4676 ⁸
884 4644 940 4700 ὃν
992 4643 1277 4721 ἐγέννησεν
1320 4646 1355 4712 ἦ
1403 4644 1656 4722 ἁμαρτία,
1707 4645 1767 4700 τὸ

125 4731 454 4803 πρωτότοκον
499 4732 720 4810 ἔκγονον
804 4740 897 4790 τοῦ
975 4732 1284 4813 ἀρχεκάκοὺ
1341 4732 1617 4807 δαίμονος.
1673 4736 1768 4792 Καὶ

127 4818 390 4896 γνωρίσεις
470 4823 662 4880 σαυτὸν
724 4822 911 4898 γήινον
993 4822 1090 4897 μὲν
1141 4827 1210 4897 τῇ
1269 4821 1443 4900 φύσει,
1505 4818 1655 4898 ἔργον
1714 4818 1768 4876 δὲ

127 4903 267 4990 θείων
297 4907 507 4990 χειρῶν
543 4930 557 4946 ⁶
609 4907 826 4984 δυνάμει
859 4911 958 4984 μὲν
989 4912 1076 4967 καὶ
1107 4908 1390 4988 παραπολὺ
1419 4915 1526 4964 τῶν
1558 4909 1768 4988 ἀλόγων

126 4987 458 5075 λειπόμενον,
515 4997 758 5080 ἄρχοντα
819 4997 873 5054 δὲ
934 4987 1320 5080 χειροτονητὸν
1395 4999 1500 5055 τῶν
1557 4987 1770 5077 ἀλόγων

128 5085 208 5137 καὶ
252 5093 356 5143 τῶν
415 5089 644 5171 ἀψύχων
671 5106 683 5122 '
733 5100 857 5155 ταῖς
915 5091 1013 5165 μὲν
1069 5087 1128 5144 ἐκ
1176 5089 1275 5157 τῆς
1326 5090 1532 5169 φύσεως
1591 5111 1768 5168 παρα-

364 5257 491 5333 Illa,
528 5259 627 5340 Καὶ
658 5257 815 5315 εἶπεν
846 5260 874 5315 ὃ
908 5258 1037 5324 θεός
1078 5277 1094 5294 ⁸
1156 5261 1530 5340 Γενεθτίτωσαν
1556 5265 1772 5340 φωστῇ-

126 5348 207 5402 ρες
235 5333 289 5422 έν
318 5347 396 5422 τῷ
426 5339 757 5422 στερεώματι
788 5346 880 5422 τού
911 5344 1155 5422 οὒρανού,
1191 5333 1579 5422 reperiuntur
1606 5338 1774 5422 initio

130 5418 402 5479 orationis
436 5421 494 5480 in
530 5437 649 5480 uno
678 5425 779 5479 aut
807 5418 995 5480 altero
1026 5419 1234 5484 codice
1264 5418 1286 5482 Ξ
1325 5421 1432 5481 sed
1468 5419 1683 5480 desunt
1716 5419 1772 5479 in

129 5490 578 5573 antiquioribus,
611 5507 751 5579 puta
777 5498 836 5560 in
873 5504 1128 5582 utroque
1162 5501 1342 5564 Coisl.
1389 5501 1512 5563 Nos
1563 5499 1776 5560 omisi-

129 5583 273 5632 mus.

201 5652 327 5811 E82)
364 5661 450 5725 Εἰς
480 5661 541 5716 τὸ
566 5657 800 5739 στάδιον,
835 5668 928 5721 etc
977 5659 1137 5739 Lege
1160 5663 1463 5725 Ducaaum.

225 5732 324 5811 83)
346 5736 494 5811 Reg.
517 5745 726 5801 sextus
756 5739 874 5811 ἰμοὶ
903 5738 1072 5799 δοκεῖ.
1102 5741 1238 5803 Mox
1271 5758 1425 5803 unus
1450 5759 1463 5801 ι

225 5732 324 5817 83)
346 5736 494 5822 Reg.
517 5745 726 5801 sextus
756 5732 874 5817 ἐμοὶ
903 5732 1238 5803 Samiolo:
1271 5758 1425 5803 unus
1450 5759 1564 5802 ms.
1628 5761 1778 5819 αγω-

1840 3297 1890 3357 is
1919 3297 2016 3369 sit,
2051 3298 2153 3378 qui
2179 3299 2272 3360 his
2292 3300 2541 3362 ﬂoribus
2561 3303 2776 3364 caelum
2807 3297 3488 3377 distiuxit,etquomodo

1840 3385 1900 3444 in
1930 3385 2115 3448 rebus
2143 3387 2479 3450 visibilibus
2512 3392 2701 3471 major
2723 3391 2802 3452 sit
2834 3392 3079 3471 utilitas,
3116 3408 3293 3470 quam
3323 3387 3490 3447 volu-

1842 3481 2002 3554 ptas;
2030 3492 2238 3536 rursus
2269 3477 2318 3537 si
2344 3477 2602 3539 interdiu
2635 3479 2754 3540 diei
2784 3480 3069 3542 miracula
3095 3478 3496 3556 didicisti,per

1842 3564 2188 3642 diligentem
2207 3566 3156 3648 meditationem,invisibilemque
3173 3583 3280 3645 per
3293 3564 3502 3625 visibi-

1842 3652 1923 3713 lia
1953 3655 2254 3716 aestimasti
2267 3664 2536 3734 ,paratus
2553 3659 2788 3718 accedis
2803 3658 3060 3733 auditor,
3089 3676 3154 3718 ac
3169 3657 3384 3734 dignus
3399 3651 3501 3733 qui

1845 3743 2254 3805 venerandum
2289 3744 2437 3806 illud
2470 3765 2539 3808 ac
2582 3745 2818 3808 beatum
2847 3749 3143 3808 theatrum
3169 3743 3494 3821 compleas.

1847 3835 1972 3911 Age
2003 3830 2202 3910 igitur,
2230 3835 2736 3914 quemadmodum
2772 3837 2873 3917 qui
2907 3837 3144 3897 urbium
3204 3839 3494 3904 insuetos,

1849 3939 2027 3981 manu
2055 3923 2458 4000 apprehensa,
2491 3925 2954 3987 circumducunt
2988 3945 3000 3986 :
3040 3926 3120 3985 ita
3155 3931 3211 3984 et
3268 3921 3396 4001 ipse
3427 3917 3498 3980 ad

1847 4010 2080 4074 Occulta
2126 4029 2356 4090 magnae
2406 4014 2580 4076 istius
2618 4015 2869 4076 civitatis
2915 4012 3204 4075 miracula
3233 4028 3334 4071 vos
3367 4017 3502 4070 tan-

1847 4118 2024 4180 quam
2058 4102 2416 4183 poregriuos
2436 4106 2793 4167 conducam.
2825 4107 2889 4167 In
2911 4105 3142 4166 civitate
3162 4099 3350 4182 illa,in
3375 4116 3489 4178 qua

1848 4199 1937 4250 est
1968 4199 2136 4252 vetus
2169 4193 2354 4270 patria
2389 4202 2691 4266 nostra,ex
2726 4212 2842 4275 qua
2878 4193 3102 4274 expulit
3135 4209 3244 4253 nos
3265 4189 3498 4250 daemon

1850 4279 2151 4342 homicida
2172 4280 2413 4363 ille,qui
2446 4283 2570 4345 suis
2602 4284 2905 4346 illecebris
2943 4281 3249 4344 hominem
3273 4279 3505 4356 redegit

1848 4371 1910 4432 in
1941 4371 2308 4435 servitutem:
2339 4374 2654 4439 intuebere
2682 4377 2776 4440 hic
2820 4377 3070 4458 primam
3107 4372 3366 4436 hominis
3395 4388 3503 4449 ge-

1789 4457 1830 4508 D
1855 4461 2256 4537 nerationem,
2285 4472 2342 4525 et
2372 4466 2532 4528 illam
2568 4486 2698 4546 quae
2745 4457 2854 4528 nos
2882 4466 3080 4528 statim
3113 4461 3510 4545 apprehendit

1854 4557 2315 4631 mortemzquam
2349 4557 2578 4635 peperit
2599 4553 3386 4636 peccatum,primogenitus
3406 4549 3509 4612 ille

1851 4638 2141 4701 daemonis
2159 4642 2446 4704 malorum
2468 4646 2730 4706 auctoris
2747 4655 2954 4723 partus
2968 4695 2974 4702 .
2987 4645 3144 4717 Quin
3159 4651 3217 4704 et
3233 4650 3290 4703 te
3311 4641 3502 4719 ipsum

1854 4747 2066 4790 nosces
2097 4739 2388 4794 utnatura
2425 4743 2711 4815 terreum,
2739 4736 2817 4795 ita
2856 4752 3134 4795 manuum
3166 4731 3500 4790 divinarum

1853 4837 2026 4898 opus:
2056 4820 2282 4882 viribus
2306 4822 2548 4902 quidem
2576 4825 2752 4902 longe
2786 4822 2976 4884 brutis
3007 4817 3365 4883 animalibus
3387 4816 3502 4874 im-

1853 4926 2080 4988 parem,
2100 4911 2534 4974 irrationalium
2553 4933 2690 4974 vero
2713 4923 2770 4975 et
2791 4911 3254 4973 inanimatorum
3286 4903 3505 4986 princi-

1854 5017 1989 5078 pem
2010 5001 2394 5062 constitutum
2409 5003 2778 5066 :inl‘eriorem
2795 5001 3034 5083 quidem
3062 4997 3314 5060 naturali
3334 5011 3511 5083 appa-

1852 5095 2005 5159 ratu,
2044 5107 2180 5152 eum
2217 5109 2376 5173 vero,
2409 5094 2511 5172 qui
2545 5093 2794 5157 rationis
2823 5082 3180 5171 praestantia
3212 5083 3402 5169 possis
3432 5082 3504 5145 ad

1859 5267 2048 5315 νιστῶν
2078 5261 2297 5327 ἕκαστος
2308 5310 2320 5324 ,

1946 5339 2066 5418 (84)
2098 5340 2378 5403 Nonnulli
2416 5362 2554 5405 mss.
2599 5352 2702 5400 τῶν
2734 5344 2988 5419 ἀστέρων.

1947 5419 2302 5506 (85)_(_30dex
2332 5423 2501 5485 Bodl.
2555 5429 2586 5492 ἡ
2621 5426 2822 5506 ἀρχαία
2868 5427 3080 5504 πατρὶς,
3110 5428 3296 5503 πατρὶς
3331 5428 3510 5504 ἡμῶν,

1862 5507 2041 5583 vetus,
2060 5501 2175 5562 illa
2201 5506 2435 5583 patria,
2465 5509 2668 5582 patria
2691 5501 2934 5566 nostra.

1949 5580 2080 5666 (86)
2114 5580 2482 5666 Ita'Combel‘
2523 5604 2656 5646 cum
2691 5585 2819 5647 aliis
2853 5593 3104 5666 quatuor
3134 5603 3276 5648 mss.
3317 5583 3515 5647 Editio

1870 5661 2058 5724 Paris,
2091 5663 2459 5722 καταλαϐόντα
2472 5713 2482 5724 .
