4098 6370
604 252 717 318 123
1963 254 2025 319 S.
2074 254 2235 317 BASI

2322 256 2347 318 Ι
2390 254 2639 321 MAGNI
3867 258 3985 324 124

599 388 1163 469 crementispeciem
1180 398 1238 451 et
1251 388 1611 451 incrementi
1627 386 1797 450 nobis
1810 387 2235 462 exhibetQuod

2330 388 2466 443 ἀλλά
2498 390 2557 445 τὸ
2588 391 2954 465 περικείμενον
3008 398 3119 471 φῶς
3176 392 3532 468 ἀποτιθεμένη
3563 396 3649 449 καὶ
3683 393 3982 473 προσλαμ-

598 488 795 539 autem
817 478 971 538 lunae
988 480 1363 556 corpus,ipsa
1389 477 1757 549 silente,non
1790 478 2235 549 absumatur,ea

2329 474 2559 535 ϐάνουσα
2588 478 2766 557 πύλιν,
2828 480 3172 547 ἐλαττώσεως
3229 483 3367 558 ημῖν
3414 484 3500 539 καὶ
3546 481 3819 553 αὒξήσεως
3876 486 3977 551 τὰς

597 586 729 647 qua;
750 567 1391 640 cernimus,evidenter
1407 566 1829 647 probant.Nam
1855 566 1914 628 in
1949 586 2084 627 aere
2100 584 2235 646 puro

2330 569 2617 648 φαντασίας
2648 571 2966 651 παρέχεται.
3018 579 3120 628 Τοῦ
3152 570 3207 627 δὲ
3266 572 3342 641 μὴ
3375 572 3500 629 αὒτὸ
3535 574 3596 629 τὸ
3619 574 3778 649 σῶμα
3810 573 3980 641 αὗτῆς

596 658 882 736 omnique
941 656 1158 717 nebula
1190 664 1459 736 purgato,
1495 675 1631 717 cum
1682 658 1937 718 maxime
1967 657 2240 717 falcatain

599 746 845 823 ﬁguram
871 746 1045 805 liabet
1068 746 1228 817 luna,
1267 745 1404 805 licet
1437 746 1544 807 tibi
1570 745 1889 807 observare
1918 765 1986 807 ac
2018 744 2240 823 videre,

599 846 820 914 partem
850 834 1039 913 ipsius
1056 835 1380 897 obscuram
1401 854 1466 895 ac
1493 836 1625 896 luce
1648 836 2056 908 destitutam,a
2082 845 2240 895 tanta

593 936 905 986 curvatura
921 926 1659 1003 circumscribi,quantain
1686 925 2033 1006 pleniluniis
2057 935 2238 985 to'am

592 1015 778 1095 ipsam
806 1012 1435 1093 explet.Quamobi-em
1473 1013 1733 1075 circulus
1751 1016 2061 1075 absolutus
2084 1014 2242 1074 clare

595 1105 977 1184 conspicitur,
1016 1105 1063 1162 si
1099 1104 1275 1165 modo
1308 1102 1473 1164 visus
1498 1122 1743 1186 opacum
1772 1112 1827 1165 et
1850 1103 2237 1183 caliginosum

593 1201 786 1253 sinum
819 1192 889 1253 ad
924 1202 1149 1272 partem
1181 1193 1573 1254 illuminatam
1612 1194 1849 1254 referat.
1887 1196 2012 1257 Nec
2049 1193 2235 1271 dicas,

594 1281 1019 1362 quaaso,lucem
1043 1282 1198 1343 lunae
1219 1282 1598 1343 adventitiam
1649 1302 1807 1358 esse,
1834 1302 1903 1344 eo
1934 1284 2089 1363 quod
2121 1282 2199 1341 im
2221 1317 2238 1327 -

595 1371 898 1442 minuitur,
929 1371 1067 1430 dum
1104 1371 1174 1430 ad
1201 1372 1388 1432 solem
1421 1371 1670 1446 accedit,
1713 1372 1924 1433 iterum
1951 1389 2096 1433 vero
2130 1391 2240 1433 au-

593 1471 785 1535 getur,
822 1459 963 1519 dum
1015 1460 1291 1521 discedit.
1323 1458 1526 1539 Neque
1557 1461 1717 1521 enim
1774 1461 1920 1521 illud
1954 1461 2128 1521 nobis
2180 1463 2238 1521 in

595 1548 869 1629 praesenti
895 1549 1367 1627 investigandum
1389 1550 1881 1630 proponitur,sed
1900 1552 2055 1631 quod
2079 1550 2237 1611 aliud

2330 659 2601 735 ληγούσης
2644 659 3092 717 ἀπαναλίσκεσθαι
3124 660 3340 739 ἐναργὲς
3388 663 3675 740 μαρτύριον
3706 664 3770 719 τὰ
3829 663 3976 739 ὁρώ-

2328 768 2483 821 μενα,
2522 744 2749 813 ’Ἔξεστι
2807 750 2906 827 γάρ
2967 771 3049 806 σοι
3102 751 3188 805 καὶ
3247 749 3299 805 ἐν
3360 754 3576 829 καθαρῷ
3632 758 3711 827 τῷ
3740 752 3856 833 ἀέρι
3890 756 3977 809 καὶ

2328 837 2503 904 πάσης
2537 836 2739 917 ἀχλύος
2772 837 3200 919 ἀπηλλαγμένὼ,
3233 838 3358 896 ὅταν
3394 839 3628 914 μάλιστα
3682 841 3975 917 μηνοειδὴς

2325 928 2571 1005 τυγχάνῃ
2603 928 2738 983 κατά
2768 929 2830 984 τὸ
2865 928 3058 1007 σχῆμα
3119 926 3504 1007 ἔπιτηρήσαντι
3536 929 3684 1006 (97),
3733 931 3976 989 κατιδεῖν

2324 1018 2385 1070 το
2436 1016 2681 1091 ἀλαμπὲς
2742 1018 2906 1087 αὐτῆς
2992 1020 3080 1074 καὶ
3136 1017 3435 1098 ἀφώτιστον
3491 1020 3577 1076 καὶ
3636 1019 3976 1090 τηλικαύτης

2324 1103 2517 1179 ἁψῖδος
2565 1107 3044 1186 περιγραφόμενον,
3108 1106 3271 1175 ἡλίκη
3330 1107 3460 1188 (98)
3502 1112 3555 1166 ἓν
3618 1123 3740 1173 ταῖς
3768 1133 3973 1168 πανσε-

2322 1192 2508 1264 λήνοις
2564 1198 2662 1263 τὴν
2717 1202 2892 1253 πᾶσαν
2924 1197 3090 1264 αὐτὴν
3145 1196 3432 1276 ἆκπληροῐ,
3469 1196 3649 1256 ’Ὥστε
3690 1198 3976 1279 τηλαυγῶς

2324 1284 2717 1361 ἀπηρτισμένον
2762 1288 3079 1364 καθορᾶσθαι
3143 1287 3233 1357 ζὸν
3287 1286 3481 1344 κύκλον
3514 1291 3591 1361 τῷ
3620 1287 3969 1365 περιλαμπο-

2325 1375 2469 1450 μὲνῳ
2499 1375 2645 1454 μέρει
2705 1376 2795 1431 τὸν
2848 1376 3056 1454 σκιερὸν
3107 1378 3194 1432 καὶ
3238 1376 3446 1453 ἀερώδη
3492 1378 3694 1435 κόλπον
3739 1401 3972 1435 συνανα-

2324 1465 2586 1543 φερούσης
2637 1470 2735 1532 τῆς
2783 1462 2983 1539 ὅψεως.
3034 1466 3131 1522 Καὶ
3186 1466 3264 1540 μή
3324 1490 3414 1542 μοι
3473 1465 3596 1544 λέγε
3658 1467 3971 1525 ἐπείσακτον

2326 1554 2468 1611 εἶναι
2519 1559 2617 1621 τῆς
2666 1553 2903 1623 σελήνης
2950 1557 3011 1610 τὸ
3062 1555 3196 1633 φῶς,
3232 1553 3365 1611 διότι
3411 1565 3653 1631 μειοῦται
3693 1559 3790 1632 μὲν
3837 1560 3969 1635 πρός

591 1648 681 1699 est
711 1656 925 1716 corpus
978 1638 1188 1717 ipsius,
1222 1639 1379 1701 aliud
1428 1639 1512 1698 vis
1543 1639 1909 1701 illuminans.
1948 1638 2103 1701 Sane
2132 1640 2235 1700 tale

2325 1642 2480 1710 ἥλιον
2518 1644 2810 1723 φερομένη,
2846 1643 3065 1710 αὔξεται
3112 1642 3166 1699 δὲ
3219 1644 3377 1701 πάλιν
3424 1646 3784 1726 ἀφισταμένη.
3839 1646 3969 1704 Ούδὲ

590 1727 891 1806 quidpiam
916 1727 1059 1786 mihi
1086 1729 1276 1806 cogita
1301 1740 1362 1790 et
1384 1728 1457 1788 de
1484 1729 1631 1789 sole:
1662 1739 2058 1809 praeterquam
2082 1730 2237 1809 quod

590 1817 684 1875 hic
720 1815 941 1895 lucem,
968 1834 1142 1896 quam
1184 1820 1368 1877 semel
1394 1820 1625 1898 accepit
1649 1838 1716 1879 ac
1741 1818 1854 1878 sibi
1875 1828 2238 1898 attempera-

589 1916 704 1967 tam
738 1906 965 1981 habuit,
999 1905 1244 1967 minime
1269 1908 1555 1987 deponit:
1594 1909 1691 1969 illa
1711 1927 1879 1987 vero,
1914 1909 2053 1967 dum
2088 1909 2240 1969 assi-

589 1997 703 2056 due
726 1994 883 2055 vrlut
908 1995 1069 2056 exuit
1089 2003 1149 2055 et
1169 2014 1379 2058 rursus
1403 1997 1593 2057 induit
1629 1999 1964 2075 lucem,per
1983 1997 2238 2076 seipsam

588 2101 658 2145 ea
690 2085 890 2163 etiam,
925 2101 1055 2161 quas
1085 2084 1160 2144 de
1190 2085 1317 2145 sole
1368 2085 1521 2145 dicta
1549 2094 1714 2165 sunt,
1740 2086 2071 2146 confirmat.
2102 2084 2238 2147 Haac

589 2172 903 2233 luminaria
919 2172 1089 2250 jussa
1111 2186 1250 2233 sunt
1270 2193 1507 2254 quoque
1527 2175 1683 2235 diem
1708 2193 1775 2235 ac
1819 2185 2054 2235 noctem
2086 2175 2241 2235 inter

589 2281 653 2323 se
687 2260 1225 2341 separare.Etenim
1250 2264 1530 2343 superius
1552 2283 1585 2324 a
1622 2264 1886 2325 tenebris
1920 2264 2113 2325 lucem
2141 2265 2236 2324 di—

591 2352 722 2411 visit
739 2356 916 2426 Ueus;
946 2361 1203 2432 tuncque
1218 2362 1486 2413 naturam
1502 2354 1764 2433 ipsorum
1785 2355 1845 2414 in
1866 2358 2235 2416 contrarium

594 2441 839 2521 partitus
864 2452 976 2503 est:
1002 2449 1065 2500 ut
1086 2441 1242 2502 inter
1263 2443 1392 2523 ipsa
1411 2443 1741 2505 intercedat
1756 2443 2028 2505 admistio
2053 2444 2236 2525 nulla,

592 2541 649 2591 et
672 2532 787 2591 luci
810 2549 944 2590 cum
992 2532 1254 2591 tenebris
1287 2533 1449 2593 nulla
1478 2535 1554 2593 sit
1585 2540 1859 2596 societas.
1888 2533 2050 2605 Quod
2076 2533 2235 2595 enim

2324 1733 2422 1811 γὰρ
2456 1732 2633 1790 ἐκεῖνο
2664 1738 2799 1809 ἡμῖν
2854 1732 3115 1805 εξετάζειν
3160 1733 3213 1789 έν
3246 1742 3322 1808 τῷ
3380 1738 3601 1811 παρόντι
3664 1737 3967 1809 πρόκειται,

2326 1820 2445 1877 ἀλλ’
2467 1821 2547 1876 ὅτι
2576 1820 2755 1900 ἕτερον
2789 1824 2885 1897 μὲν
2920 1824 3079 1891 αὐτῆς
3122 1825 3183 1879 τὸ
3228 1830 3408 1900 σῶμα,
3442 1825 3619 1903 ἕτερον
3651 1823 3706 1881 δὲ
3756 1828 3819 1883 τὸ
3848 1848 3967 1906 φω-

2323 1910 2486 1982 τίζον,
2545 1919 2791 1968 Τοιοῦτον
2849 1909 2913 1981 δή
2970 1915 3020 1968 τί
3076 1937 3167 1987 μοι
3217 1935 3325 1970 νοει
3374 1916 3462 1971 καὶ
3509 1913 3593 1971 ἐπὶ
3623 1922 3714 1972 τοῦ
3762 1914 3918 1981 ἡλίου
3954 1931 3968 1945 ⁸

2326 1998 2464 2067 πλὴν
2497 1999 2577 2056 ὅτι
2623 2003 2649 2057 ὁ
2708 2003 2827 2076 μὲν,
2884 2000 3061 2058 λαϐὼν
3108 2002 3245 2068 ἅπαξ
3292 2006 3381 2061 καὶ
3414 2004 3802 2083 ἐγκεκραμένον
3836 2005 3969 2063 ἑαυ-

2322 2095 2399 2163 τῷ
2431 2088 2555 2169 (99)
2590 2091 2648 2146 τό
2680 2093 2788 2169 φῶς
2822 2090 2990 2172 ἔχων,
3025 2094 3119 2147 οὒκ
3163 2092 3466 2149 ἀποτίθεται
3492 2109 3509 2124 ⁸
3542 2095 3577 2161 ἡ
3609 2091 3690 2158 δὲ,
3720 2098 3969 2172 συνεχῶς

2324 2178 2441 2235 οἷον
2492 2177 2827 2252 ἀποδυομένη
2873 2182 2957 2237 καὶ
3015 2179 3174 2237 πάλιν
3217 2180 3663 2260 ἒπαμφιαζομένη
3716 2184 3777 2239 τὸ
3828 2189 3964 2261 ορῶς,

2322 2266 2389 2323 δι’
2422 2268 2615 2335 ἑαυτῆς
2646 2271 2731 2325 καὶ
2772 2270 2837 2324 τὰ
2868 2271 2987 2341 περὶ
3035 2277 3128 2327 τοῦ
3172 2269 3325 2337 ἡλίου
3367 2271 3621 2348 εἰρημένα
3652 2278 3956 2333 πιστοῦται,

2322 2359 2479 2415 Οὔτοι
2510 2359 2598 2414 καὶ
2627 2356 2964 2439 διαχωρίζειν
2996 2359 3303 2440 ἐτάχθησαν
3334 2362 3433 2417 ἀνά
3484 2360 3648 2436 μέσον
3697 2360 3795 2429 τῆς
3827 2363 3966 2435 ἡμέ-

2319 2467 2415 2518 ρας
2447 2448 2532 2502 καὶ
2563 2446 2659 2503 ἀνὰ
2694 2448 2855 2521 μέσον
2887 2448 2986 2515 τῆς
3039 2470 3245 2513 νυκτος,
3301 2447 3469 2505 "Awo
3511 2448 3608 2522 μὲν
3640 2450 3741 2527 γὰρ
3775 2449 3942 2527 διεχώ

2320 2557 2464 2614 ρισεν
2495 2538 2521 2591 ὁ
2553 2538 2681 2599 Θεὸς
2715 2535 2812 2593 ἀνά
2838 2536 3000 2610 μέσον
3029 2547 3122 2596 τοῦ
3151 2539 3324 2617 φωτὸς
3353 2539 3440 2594 καὶ
3490 2537 3590 2593 ἀνά
3648 2538 3813 2613 μέσον
3874 2544 3965 2594 τοῦ

592 2630 678 2680 est
712 2625 768 2679 in
798 2618 896 2680 die
930 2619 1164 2694 umbra,
1194 2621 1454 2700 idipsum
1491 2641 1623 2684 esse
1646 2634 1824 2685 noctu
1858 2623 2233 2683 tenebrarum

2321 2624 2544 2689 σκότους
2582 2645 2598 2661 ο
2631 2625 2753 2680 τότε
2784 2623 2838 2679 δὲ
2869 2632 2968 2702 τῇν
2993 2624 3084 2704 (ι)
3118 2627 3269 2707 φύσιν
3329 2630 3502 2685 αὐτῶν
3554 2629 3686 2705 πρὸς
3716 2628 3778 2683 τὸ
3810 2626 3963 2683 ἐναν-

592 2717 854 2770 naturam
882 2707 1210 2788 putandum
1232 2708 1496 2771 est.Nam
1520 2712 1570 2772 si
1588 2713 1782 2773 omnis
1799 2711 2235 2790 umbra,splen-

2321 2713 2423 2770 τίον
2488 2713 2791 2779 ἀπέστησεν
2824 2731 2837 2745 ⁸
2892 2714 3029 2771 ὥστε
3074 2714 3310 2791 ἀμίκτως
3357 2714 3506 2795 ἔχειν
3551 2718 3683 2795 πρὸς
3728 2715 3961 2789 ἄλληλα,

590 2801 734 2860 dore
757 2799 955 2878 aliquo
985 2798 1396 2875 illucescente,
1434 2801 1496 2862 in
1524 2812 1749 2881 partem
1781 2801 1899 2862 luci
1924 2802 2229 2862 adversam

2321 2804 2402 2859 καὶ
2451 2803 2583 2882 φωτὶ
2624 2804 2753 2881 πρὸς
2802 2802 2991 2866 σκότος
3039 2802 3303 2879 μηδεμίαν
3350 2804 3492 2861 εἶναι
3536 2805 3849 2872 καινότητα.
3883 2804 3963 2862 ’Ὀ

584 2907 618 2949 a
644 2886 997 2968 corporibus
1019 2887 1258 2964 excidit,
1292 2899 1350 2950 et
1385 2909 1556 2953 inane
1589 2892 1833 2973 quidem
1859 2893 1930 2952 ad
1955 2907 2230 2951 occasum

2321 2893 2415 2969 γὰρ
2473 2892 2527 2947 έν
2574 2893 2743 2968 ἡμέρᾳ
2786 2893 2925 2949 ἐστὶν
2969 2895 3004 2961 ἡ
3064 2895 3209 2967 σκιὰ,
3270 2903 3425 2953 τοῦτο
3485 2893 3689 2951 οἴεσθαι
3749 2896 3860 2975 χρὴ
3912 2894 3965 2949 ἐν

586 2978 988 3058 protenditur,
1019 2994 1268 3056 vespere
1292 2997 1429 3041 vero
1453 2980 1524 3041 ad
1553 2983 1844 3041 orientem
1880 2998 2085 3040 versus
2108 2997 2231 3040 ver-

583 3069 687 3147 git,
716 3068 897 3148 ﬁtque
954 3067 1011 3127 in
1046 3066 1298 3129 meridie
1329 3069 1814 3150 septentrionalis
1848 3090 1861 3129 :
1908 3068 2081 3129 etiam
2119 3087 2231 3128 nox

582 3158 641 3218 in
678 3168 874 3237 partes
903 3155 1085 3218 radiis
1108 3160 1413 3238 oppositas
1445 3160 1695 3239 secedit,
1732 3177 1867 3221 cum
1903 3158 2230 3219 secundum

586 3256 855 3307 naturam
881 3245 1029 3307 nihil
1052 3246 1217 3307 aliud
1248 3248 1329 3310 sit
1359 3267 1535 3328 quam
1569 3257 1744 3309 terra:
1772 3248 2231 3319 umbra.Quem-

583 3337 899 3396 admodum
932 3337 1092 3395 enim
1127 3338 1339 3399 umbra
1366 3337 1500 3399 ideo
1527 3338 1590 3399 in
1621 3338 1721 3398 die
1750 3337 2040 3411 subsistit,
2072 3336 2227 3417 quod

2315 2983 2458 3037 νυκτὶ
2502 2988 2591 3037 τοῦ
2650 2981 2868 3046 σκότους
2926 2982 3070 3038 εἶναι
3124 2985 3218 3051 τὴν
3278 2986 3453 3064 φύσιν.
3532 2985 3590 3041 Εἰ
3662 2986 3762 3064 γὰρ
3820 2990 3964 3041 πᾶσα

2315 3071 2438 3126 σκιὰ
2474 3069 2587 3150 (2),
2622 3071 2790 3149 αὐγῆς
2841 3093 2983 3134 τινος
3015 3069 3412 3152 διαφαινούσης,
3464 3073 3841 3148 ἀντικειμένως
3888 3081 3966 3149 τῷ

2313 3160 2446 3238 φωτὶ
2502 3159 2608 3216 ἀπὸ
2684 3162 2787 3216 τῶν
2837 3160 3100 3237 σωμᾶτων
3171 3161 3412 3219 ἐκπίπτει
3448 3178 3461 3192 ⁸
3528 3165 3617 3222 καὶ
3664 3161 3818 3218 ἕωθεν
3863 3164 3966 3239 μὲν

2312 3249 2444 3328 πρὸς
2502 3246 2701 3325 δυσμὰς
2778 3249 2991 3306 τέταται
3072 3251 3298 3330 ἑσπέρας
3384 3250 3437 3307 δὲ
3516 3254 3647 3324 πρὸς
3699 3250 3966 3319 ἀνατολὴν

2312 3337 2610 3413 ἀποκλίνει,
2641 3339 2695 3395 έν
2726 3336 2782 3395 δὲ
2814 3341 2881 3409 τῖι
2913 3338 3218 3421 μεσημϐρίᾳ
3248 3342 3462 3421 ἀρκτῴα
3513 3343 3712 3419 γίνεται
3747 3360 3764 3376 ·
3797 3343 3887 3398 καὶ
3929 3344 3964 3410 ἡ

586 3424 806 3505 aliquid
840 3425 1029 3484 lucem
1064 3423 1320 3488 obstruit
1359 3444 1373 3489 :
1418 3427 1494 3486 ita
1519 3426 1866 3489 naturaliter
1886 3445 1995 3486 nox
2030 3427 2228 3487 nasci-

586 3526 840 3592 tur,cum
857 3530 958 3575 aer
984 3521 1156 3574 terrae
1170 3515 1565 3576 circumfusus
1593 3515 1999 3577 obumbratur.
2026 3517 2225 3596 Itaque

584 3607 838 3685 idipsum
863 3605 1128 3682 estquod
1154 3605 1378 3666 dictum
1421 3606 1526 3666 fuit
1561 3627 1572 3667 :
1609 3608 1767 3668 Deus
1790 3608 1997 3668 divisit
2030 3612 2225 3667 lucem

2321 3630 2363 3663 εν
2421 3607 2593 3687 ἡμέρᾳ
2637 3610 2669 3675 ἦ
2716 3610 2837 3664 σκιὰ
2877 3612 2951 3682 τῷ
2995 3609 3397 3691 ἀντιφράσσοντι
3444 3610 3543 3677 τὴν
3589 3611 3757 3688 αὒγὴν
3817 3635 3964 3689 παρ-

581 3718 616 3756 ιι
644 3693 909 3755 tenebris
932 3694 1014 3753 83:
1032 3694 1515 3772 quandoquidem
1542 3695 1693 3757 lucis
1715 3714 2017 3757 accessum
2045 3698 2226 3757 decli-

2321 3698 2610 3777 κρίσταται,
2668 3698 2834 3761 οὕτως
2903 3700 2936 3764 ἡ
2999 3697 3084 3762 νὺξ
3146 3698 3493 3775 σκιαζομὲνου
3550 3707 3642 3756 τοῦ
3684 3701 3800 3768 περὶ
3858 3707 3966 3779 γῆν

582 3793 724 3845 nant
747 3784 1172 3861 tenebrae,cum
1197 3782 1474 3845 alii-natio
1500 3791 1785 3848 naturalis
1808 3787 1865 3845 in
1884 3787 2068 3864 prima
2091 3804 2218 3866 pro-

2321 3785 2461 3857 itépoc
2516 3788 2847 3843 συνίστασθαι
2898 3786 3119 3866 πέφυκε.
3167 3790 3332 3844 Τοῦτο
3397 3789 3565 3846 τοίνυν
3614 3789 3722 3845 ἐστὶ
3776 3791 3835 3845 τὸ
3886 3793 3965 3846 εἶ-

580 3875 881 3937 creatione
912 3870 1069 3932 inter
1100 3889 1166 3932 se
1202 3872 1465 3935 instituta
1506 3876 1599 3937 sit.
1640 3874 1808 3936 Nunc
1861 3885 2058 3935 autem
2107 3874 2223 3935 diei

2321 3874 2562 3953 >ημένον,
2650 3873 2730 3929 ὅτι
2822 3873 3135 3953 διεχώρισεν
3215 3880 3241 3931 ὁ
3319 3880 3448 3940 Θεὸς
3498 3876 3593 3933 ἐινά
3648 3878 3805 3954 μέσον
3868 3888 3968 3938 τοῦ

582 3962 881 4024 metiendo
908 3961 1092 4021 solem
1120 3961 1404 4041 praefecit:
1432 3964 1632 4025 lunam
1656 3983 1964 4045 vero,cuin
1998 3964 2055 4023 in
2088 3982 2226 4043 pro-

2321 3965 2484 4041 ρωτὸς
2537 3964 2622 4018 καὶ
2667 3964 2763 4018 ἀνὰ
2810 3964 2973 4038 μέσον
3022 3967 3113 4020 10-5
3178 3965 3396 4030 σκότους
3436 3987 3449 4001 ⁸
3497 3967 3679 4037 ἐπειδὴ
3723 3968 3783 4025 τό
3832 3971 3964 4025 σκό-

577 4056 704 4137 prio
736 4053 958 4116 circulo
992 4053 1272 4113 omnibus
1324 4054 1447 4113 suis
1495 4062 1761 4117 numeris
1790 4054 2061 4115 absoluta
2111 4062 2222 4133 est,

2321 4074 2399 4115 ιος
2432 4053 2717 4131 ὑποφεύγει
2775 4055 2869 4109 τοῦ
2919 4056 3092 4118 φωτὸς
3142 4056 3235 4119 τὰς
3289 4054 3602 4138 ἐπιδρομὰς,
3633 4058 3687 4114 ἐν
3714 4064 3782 4135 τῇ
3811 4060 3960 4135 πρώο

581 4145 768 4207 noctis
793 4141 1248 4202 moderatricem
1297 4141 1392 4201 55
1423 4150 1648 4204 statuit.
1683 4146 1849 4207 Tunc
1904 4142 2064 4203 enim
2098 4143 2222 4203 fere

2321 4164 2374 4216 τῃ
2406 4138 2721 4219 δημιουργίᾳ
2761 4148 2986 4223 φυσικῆς
3028 4146 3212 4210 αὐτοῖς
3264 4151 3364 4215 τῆς
3397 4146 3801 4226 ἀλλοτριώσεως
3850 4171 3959 4204 κα-

580 4253 652 4298 ex
675 4235 968 4295 diametro
992 4231 1150 4292 inter
1171 4248 1235 4292 se
1258 4235 1531 4313 opposita
1555 4245 1693 4293 sunt
1717 4234 2219 4296 luminaria.Nam

2321 4232 2752 4298 τασκευασθείσης
2815 4231 2898 4313 (3)
2961 4237 3092 4313 πρὸς
3145 4234 3379 4303 ἄλληλα.
3442 4245 3543 4296 Νῦν
3576 4235 3628 4292 δὲ
3658 4237 3809 4305 ἥλιον
3857 4238 3969 4295 ἐπι·

578 4325 719 4387 luna
747 4322 804 4383 in
833 4318 1512 4401 pleniluniis,exoriente
1535 4323 2056 4403 sole,ecouspectu
2082 4341 2219 4382 eva-

2321 4319 2452 4385 Ξταξε
2498 4333 2614 4385 τοῖς
2660 4322 2892 4402 μέτριοις
2949 4326 3048 4391 τῆς
3108 4326 3311 4404 ἡμέρας
3350 4345 3363 4360 °
3420 4328 3506 4383 καὶ
3538 4326 3793 4399 σελήνην,
3830 4326 3967 4383 ὅταν

578 4415 770 4478 nescit
802 4429 819 4474 :
848 4417 1073 4488 contra,
1108 4408 1421 4470 occidente
1451 4412 1600 4487 sole,
1634 4414 1761 4474 haec
1798 4415 1924 4494 ipsa
1953 4430 2220 4493 saepenu-

2321 4409 2435 4468 τοτὲ
2490 4412 2619 4489 πρὸς
2676 4413 2764 4467 τὸν
2852 4411 2989 4471 ἴδιον
3077 4415 3268 4471 κύκλον
3327 4415 3646 4492 ἀπαρτισθῇ,
3704 4416 3968 4493 ἀρχηγὸν

579 4520 745 4566 mero
761 4499 838 4563 ab
857 4498 1089 4560 oriente
1107 4499 1378 4578 emergit.
1402 4502 1571 4574 Quod
1591 4503 1643 4565 si
1668 4502 1898 4564 caeteris
1922 4503 1987 4563 in
2012 4501 2219 4563 formis

2321 4499 2522 4567 main“
2576 4505 2675 4567 τῆς
2733 4503 2943 4569 νυκτός.
2992 4502 3199 4583 Σχεδὸν
3229 4504 3329 4581 γὰρ
3362 4501 3481 4557 τότε
3513 4503 3647 4559 κατά
3673 4499 3968 4578 διάμετρον

576 4595 789 4657 lunare
806 4588 1013 4652 lumen
1046 4604 1163 4647 una
1194 4606 1327 4648 cum
1356 4600 1527 4653 nocte
1551 4611 1670 4652 non
1691 4610 1759 4654 ex
1786 4612 1954 4673 aequo
1987 4592 2220 4672 pertici-

2321 4592 2349 4646 i't
2407 4594 2681 4670 φωστῆρες
2752 4591 3011 4663 ἀλλήλοις
3064 4592 3542 4652 ἀντικαθίστανται,
3600 4585 3968 4647 ἈνατέλΑον-

578 4677 853 4757 tur,nibil
883 4675 962 4738 ad
994 4677 1327 4739 institutum
1357 4699 1697 4744 sermonem
1729 4683 1933 4745 refert.
1966 4680 2220 4743 Verum-

2321 4702 2392 4745 τος
2415 4679 2512 4754 μὲν
2556 4681 2656 4759 γὰρ
2686 4692 2780 4741 τοῦ
2827 4680 3002 4756 ἡλίου,
3061 4681 3116 4735 έν
3158 4691 3281 4742 ταῖς
3329 4676 3681 4747 πανσελήνοις
3712 4682 3961 4760 καταγέ-

577 4783 773 4835 tamen
800 4786 935 4830 cum
957 4784 1131 4828 suum
1158 4777 1376 4829 statum
1394 4771 1894 4850 perfectissimum
1918 4772 2133 4850 attigit,
2160 4782 2224 4831 ut

2321 4789 2447 4826 >εται
2493 4770 2624 4846 πρὸς
2669 4771 2729 4825 τὸ
2787 4770 2981 4849 ἀφανὲς
3026 4771 3057 4835 ἦ
3108 4766 3311 4834 σελήνη
3346 4781 3361 4794 ⁵
3410 4763 3663 4842 δυομένου
3690 4764 3743 4822 δὲ
3790 4768 3960 4828 πάλιν

574 4863 765 4924 noctis
776 4856 1435 4941 obtinetprincipatum,
1445 4860 1929 4943 propriolumine
1943 4880 2014 4924 ac
2026 4861 2223 4943 Splen-

2321 4868 2398 4917 εοῦ
2438 4856 2615 4931 ἡλίου,
2645 4856 2779 4925 αὕτη
2810 4856 3068 4920 πολλάκις
3101 4855 3151 4920 ἐξ
3183 4853 3456 4913 ἀνατολῶν
3489 4857 3796 4936 ἀντανίσχει

2313 3426 2397 3493 νὺξ
2453 3428 2537 3484 ἐπὶ
2611 3430 2672 3484 τὸ
2745 3429 2979 3487 ἐναντίον
3030 3444 3145 3494 τοῖς
3191 3431 3407 3487 ἀκτῖσιν
3463 3432 3767 3511 ὑποχωρεῖ,
3816 3429 3966 3488 οὐδὲν

2312 3517 2486 3596 ἕτερον
2531 3518 2659 3573 οὖσα
2705 3519 2838 3574 κατά
2882 3520 2982 3585 τὴν
3026 3522 3175 3599 φύσιν
3208 3523 3240 3587 ἡ
3289 3522 3521 3592 σκίασμα
3552 3525 3678 3599 γῆς,
3718 3511 3810 3585 ’λὶς
3858 3522 3963 3601 γὰρ

651 5025 715 5075 83
743 5020 891 5086 Gen.
927 5034 970 5096 ι,
998 5017 1061 5081 4.

654 5180 1429 5260 (97iltaeditioiBasil.cum
1452 5183 1938 5247 Combef.etcum
1957 5182 2093 5246 aliis
2113 5201 2219 5247 sex
2302 5190 2505 5243 octavo
2550 5176 2754 5260 uiuas
2809 5179 2930 5247 τήν.
2980 5178 3299 5260 Aliquanto
3352 5186 3484 5257 post
3514 5180 3663 5260 Reg.
3705 5181 3954 5260 quintus

574 5283 717 5328 mss.
751 5259 1257 5344 AgeditioParis.
1290 5265 1427 5319 κατὰ
1456 5267 1515 5319 τὸ
1548 5269 1742 5344 σχῆμα
1771 5267 1805 5335 ἡ
1828 5266 2053 5334 σελήνη,

2321 5263 2447 5319 ιῖναι
2478 5259 2779 5317 κοινωνίαν.

659 5342 1390 5428 (98)_Euitio_Basil._ct_nn
1426 5362 1529 5428 sex
1561 5339 1780 5428 nostris
1829 5363 1972 5408 mss.
2006 5347 2213 5413 ἡλίκον.

2388 5342 2474 5422 (2)
2498 5340 2586 5428 ita
2617 5346 2879 5428 quatuor
2930 5355 3101 5428 mss._
3132 5339 3334 5428 Editio
3368 5342 3579 5428 __Parts.
3614 5344 3648 5409 ἡ
3693 5344 3793 5420 γὰρ
3825 5346 3951 5401 σκιά

572 5419 774 5488 Editio'
792 5423 979 5486 Paris.
1021 5422 1205 5490 ἡλίκη.
1237 5421 1466 5485 Ibidem
1500 5424 1666 5489 Colb.
1718 5427 2016 5488 secundus
2045 5434 2219 5483 πᾶσαν

2321 5419 2470 5484 τᾶσα.
2496 5419 2675 5481 Deest
2707 5419 2831 5475 σκιά
2864 5419 2923 5478 in
2957 5421 3223 5483 editione
3247 5420 3429 5483 Basil.

571 5511 742 5586 αὐγὴν
772 5504 1057 5583 ἐκπληροῖ.
1227 5581 1239 5586 _

2384 5500 2466 5582 (3)
2520 5498 2689 5563 COIb.
2761 5500 3059 5564 secundus
3127 5502 3528 5581 ἀλλοτριώσιοκ
3600 5522 3949 5583 παρασκευα-

655 5581 779 5667 (99)
816 5581 984 5649 Colb.
1019 5581 1319 5667 secundus
1338 5586 1814 5667 nyexpapévova
1848 5588 2040 5667 έαυτῷ.
2070 5665 2093 5667 ξ

2321 5581 2537 5667 [θείσης.

652 5658 737 5750 (ι)
761 5658 1052 5747 ’ρυὶιιιιιιο
1086 5680 1228 5725 mss.
1262 5658 1392 5721 τότε
1414 5658 1512 5740 μὲν
1556 5658 1679 5736 τήν.
1713 5665 1872 5729 Editi
1901 5658 2041 5729 curn
2066 5665 2216 5745 Reg.

2383 5666 2455 5743 (4)
2484 5661 2629 5741 Reg.
2665 5658 2889 5742 primus
2910 5660 3143 5741 ἀνίσχει.
