4098 6394
285 380 316 464 ,ι
336 374 413 448 33

1367 378 1693 443 HOMILIA
1737 375 1821 443 VI
1864 378 1948 441 IN
1995 374 2558 440 HEXAEMERON.

3561 376 3672 441 134

281 517 380 584 τὴν
448 515 594 582 ἀξίαν
653 514 916 592 διανέμειν
970 516 1202 596 ἑκάστῳ,
1255 514 1375 572 ἀλλ’
1433 515 1616 582 ἐπειδὴ
1673 515 1726 570 ἐν
1797 513 1927 588 τῷδε

2026 513 2496 589 suere,adeoque
2530 511 2822 591 profiteri,
2850 511 2988 573 ideo
3039 510 3272 572 stellam
3307 529 3439 573 esse
3472 511 3664 573 bene-

282 613 358 681 τῷ
412 605 566 680 τόπῳ
642 605 881 684 γέγονεν,
955 605 1278 685 ἀγαθοποιὸν
1324 606 1591 685 ὑπάρχειν
1639 603 1786 684 (35),
1839 607 1928 662 καὶ

284 693 466 762 ἐπειδὴ
528 695 629 750 ὑπὸ
685 694 832 751 τοῦδε
897 697 1110 774 ὁρᾶται,
1197 697 1488 751 κακοποιὸν
1549 697 1778 772 γίνεσθαι
1839 698 1928 751 τὸν

283 785 466 841 αὐτόν⁹
541 785 628 840 καὶ
703 783 912 841 ἐπειδὰν
967 784 1128 841 πάλιν
1179 785 1366 862 μικρόν
1401 807 1450 840 τι
1482 784 1807 864 παρεκκλίνῃ
1837 792 1930 841 τοῦ

285 874 593 953 σχήματος,
655 874 800 938 εὐθὺς
873 880 970 941 τῆς
1031 875 1218 936 κακίας
1270 872 1755 950 ἐπιλανθάνεσθαι;
1820 875 1930 932 Καὶ

285 970 450 1020 ταῦτα
519 962 616 1037 μὲν
649 963 721 1023 εἷς
779 973 1053 1026 τοσοῦτον,
1089 965 1145 1020 Ei
1193 961 1247 1018 δὲ
1319 961 1435 1019 καθ’
1490 962 1716 1021 ἕκαστον
1790 965 1932 1019 ἁκαο

287 1065 460 1130 ριαϊον
492 1061 583 1111 τοῦ
625 1052 822 1132 χρόνου
881 1052 965 1108 ἐπ’
991 1051 1120 1108 ἄλλο
1192 1055 1279 1109 καὶ
1312 1051 1443 1108 ἄλλο
1507 1055 1928 1131 μεθαρμόζονται

286 1147 505 1222 σχῆμα,
581 1141 630 1198 ἐν
691 1140 744 1197 δὲ
809 1155 931 1202 ταῖς
1021 1141 1236 1220 μυρίαις
1309 1141 1520 1206 ταύταις
1573 1141 1929 1219 μεταϐολαῖς,

286 1230 546 1294 πολλάκις
603 1237 702 1298 τῆς
772 1231 975 1310 ἡμὲρας
1031 1231 1175 1303 (36),
1211 1235 1257 1288 οἱ
1310 1239 1413 1288 τῶν
1470 1232 1762 1309 βασιλικῳν
1793 1234 1939 1312 γενέ-

287 1342 423 1378 σεων
484 1319 864 1378 ἀποτελοῦνται
959 1324 1356 1400 σχηματισμοί’
1444 1319 1528 1376 διὰ
1586 1322 1634 1378 τί
1704 1326 1799 1380 οὐκ
1856 1320 1937 1402 ἐφ’

289 1410 518 1477 ἑκάστης
569 1409 769 1485 ἡμέρας
811 1408 1100 1488 γεννῶνται
1153 1410 1399 1486 βασιλεῖς
1435 1431 1450 1491 ;
1482 1410 1518 1478 ἢ
1551 1409 1632 1467 διὰ
1689 1413 1738 1467 τί
1798 1410 1936 1474 ὅλως

285 1501 538 1578 πατρικαὶ
593 1499 720 1578 παρ’
793 1502 979 1562 αὺτοῖς
1035 1501 1133 1555 εἶσι
1193 1498 1463 1576 βασιλείας
1526 1497 1823 1581 διαδοχαίς
1864 1503 1937 1558 Οὒ

285 1587 458 1656 δὴπου
527 1590 625 1664 γὰρ
697 1588 919 1651 ἕκαστος
979 1593 1084 1643 τῶν
1156 1588 1420 1663 βασιλέων
1479 1589 1934 1668 παρατετηρημέ-

285 1701 394 1742 νως
443 1675 564 1756 (37)
592 1679 665 1741 εἰς
723 1679 784 1734 τὸ
814 1676 1094 1752 βασιλικὸν
1137 1685 1244 1734 τῶν
1302 1678 1539 1756 ἀστέρων
1607 1685 1802 1759 σχῆμα
1848 1691 1938 1738 τοῦ

283 1769 415 1822 ἰδίου
468 1769 577 1822 υἱοῦ
628 1767 724 1834 τὴν
781 1767 987 1844 γένεσιν
1041 1767 1338 1845 ἐναρμόζει.
1389 1769 1474 1833 Τίς
1519 1769 1616 1847 γὰρ
1647 1770 1934 1848 ἀνθρώπιον

281 1857 468 1934 κύριος
529 1864 620 1913 τοῦ
678 1857 965 1935 τοιούτου,
1020 1864 1138 1920 Πῶς
1181 1857 1264 1912 οὖν
1323 1855 1497 1928 Ὀζίας
1549 1857 1799 1934 ἐγέννησε
1846 1861 1936 1914 τὸν

283 1943 522 2019 Ἰωάθαμ
551 1962 566 2018 ;
624 1942 854 2020 Ἰωάθαμ
886 1947 975 2002 τὸν
1007 1945 1202 2025 "Ala:
1239 1965 1254 2021 ;
1283 1944 1478 2024 ’Ἄχαζ
1523 1945 1642 2026 (38)
1666 1949 1757 2003 τὸν
1783 1945 1936 2018 Ἐζε-

281 2033 452 2108 κίαν;
534 2035 618 2088 καὶ
663 2032 828 2096 οὐδεὶς
881 2034 936 2090 ἐν
968 2035 1173 2099 τούτοις
1245 2033 1464 2111 δουλικῇ
1497 2036 1784 2116 συνέτυχεν
1828 2037 1938 2115 ὥρᾳ

281 2122 545 2200 γενέσεως
578 2142 593 2202 ς
631 2121 871 2179 ’Ἐπειτα
902 2127 945 2180 εἰ
978 2125 1062 2180 καὶ
1088 2131 1193 2181 τῶν
1224 2125 1359 2181 κατᾶ
1390 2125 1580 2180 κακίαν
1624 2128 1711 2182 καὶ
1745 2127 1936 2204 ἀρετὴν

285 2211 668 2289 ἐνεργημάτων
722 2215 816 2271 οὒκ
872 2213 931 2268 ἐκ
988 2220 1081 2269 τοῦ
1140 2212 1224 2291 ἐφ’
1277 2216 1414 2287 ἡμῖν
1470 2216 1598 2270 εἰσιν
1643 2216 1693 2270 αἱ
1747 2215 1932 2294 ἀρχαὶ,

285 2299 405 2356 ἀλλ’
476 2300 536 2356 ἐκ
592 2302 690 2367 τῆς
753 2301 1010 2378 γενέσεως
1061 2303 1113 2358 αἱ
1172 2302 1426 2380 ἀνάγκαι,
1474 2307 1708 2381 περιττοὶ
1766 2304 1862 2379 μὲν
1893 2306 1941 2360 οἱ

286 2389 592 2464 νομοθέται,
646 2391 711 2445 τὰ
755 2391 993 2466 πρακτέα
1043 2393 1179 2465 ἡμῖν
1229 2392 1314 2447 καὶ
1360 2392 1425 2446 τὰ
1503 2394 1699 2470 φευκτὰ
1773 2392 1939 2471 διορί-

285 2486 465 2549 ζοντες
524 2476 671 2555 (39),
751 2481 984 2559 περιττοὶ
1043 2477 1096 2535 δὲ
1184 2481 1268 2535 καὶ
1320 2483 1365 2535 εἰ
1422 2477 1685 2556 δικασταὶ,
1749 2483 1939 2562 ἀρετὴν

286 2573 579 2648 τιμῶντες,
672 2570 759 2624 καὶ
861 2570 1119 2649 πονηρίαν
1177 2569 1514 2640 κολάζοντες.
1577 2571 1650 2628 Οὗ
1697 2572 1796 2650 γὰρ
1849 2579 1939 2627 τοῦ

283 2656 523 2715 κλέπτου
581 2659 641 2714 τὸ
697 2655 959 2738 ἀδίκημα,
1013 2656 1127 2716 οὐδὲ
1182 2666 1277 2715 τοῦ
1333 2658 1556 2739 φονέως·
1615 2667 1660 2734 ᾦ
1714 2683 1774 2739 γε
1824 2659 1936 2717 οὐδὲ

281 2744 598 2823 βουλομένῳ
640 2745 858 2804 δυνατὸν
915 2747 980 2815 ἧν
1068 2761 1286 2828 κρατεῖν
1343 2748 1439 2816 τῆς
1507 2751 1689 2828 χειρὸς
1747 2749 1830 2806 διὰ
1877 2751 1938 2805 τὸ

285 2833 690 2913 ἄναπὸδραστον
739 2843 838 2903 τῆς
891 2837 976 2893 ἐπὶ
1033 2839 1127 2901 τὰς
1215 2836 1425 2912 πράξεις
1479 2840 1636 2894 αὐτὸν
1682 2861 1938 2895 κατεπει-

283 2926 492 3003 γούσης
518 2925 782 3004 ἀνάγκης.
838 2929 1202 2984 Ματαιὸτατοι
1235 2923 1290 2982 δὲ
1341 2928 1553 2984 πάντων
1601 2930 1689 2986 καὶ
1719 2929 1767 2984 οἱ
1823 2931 1939 3008 περὶ

283 3018 379 3079 τὰς
453 3015 651 3094 τέχνας
698 3016 1032 3090 πονούμενοι·
1095 3014 1215 3072 ἀλλ’
1248 3019 1525 3087 εὐθηνήσει
1577 3017 1674 3081 μὲν
1703 3019 1730 3073 ὁ
1763 3039 1938 3098 γεωρ-

280 3106 406 3184 γὸς,
474 3106 612 3180 μήτε
670 3105 948 3184 σπέρματα
1022 3103 1397 3184 καταϐάλλων,
1480 3107 1619 3182 μὴτε
1678 3104 1939 3186 δρεπάνην

279 3193 604 3269 θηξάμενος·
659 3194 1083 3273 ὐπερπλουτήσει
1161 3192 1215 3250 δὲ
1269 3197 1296 3251 ὁ
1345 3193 1600 3274 ἔμπορος,
1654 3193 1751 3253 Kay
1813 3199 1939 3274 βού-

282 3284 476 3363 ληται,
530 3283 627 3341 κέν
701 3284 804 3359 μὴ,
865 3294 961 3357 τῆς
1049 3284 1376 3362 εἱμαρμένης
1464 3290 1608 3358 αὒτῷ
1659 3291 1936 3367 συναθροι-

280 3373 486 3444 ζούσης
549 3375 611 3428 τὰ
672 3375 956 3453 χρήματα.
1009 3377 1070 3430 Αἱ
1122 3371 1175 3429 δὲ
1207 3374 1436 3451 μεγάλαι
1471 3377 1577 3430 τῶν
1610 3383 1936 3452 Χριστιανῶν

280 3459 495 3525 ἐλπίδες
556 3461 768 3540 capolim
829 3461 952 3536 (40)
984 3464 1119 3538 ἡμῖν
1177 3465 1518 3544 οἰχήσονται,
1579 3463 1697 3520 οὔτε
1723 3463 1936 3522 δικαιο-

279 3553 448 3619 σύνης
507 3550 843 3629 τιμωμένης,
904 3552 1019 3609 οὔτε
1098 3553 1555 3631 κατακρινομένης
1605 3559 1704 3620 τῆς
1757 3555 1933 3635 ἁμαρ-

278 3643 426 3717 τίας,
461 3640 546 3702 διὰ
575 3643 633 3698 τὸ
697 3641 862 3718 μηξὲν
920 3643 1056 3698 κατὰ
1085 3643 1382 3722 προαίρεσιν
1433 3645 1533 3698 ὑπὸ
1595 3649 1702 3699 τῶν
1728 3643 1934 3722 ἀνθρώ-

281 3753 401 3788 πων
457 3730 841 3793 ἐπιτελεῖσθαι.
908 3729 1093 3789 ’Ὀπου
1157 3733 1256 3810 γὰρ
1326 3731 1533 3810 ἀνάγκη
1588 3734 1675 3788 καὶ
1747 3735 1936 3812 εἱμαρ-

279 3820 426 3895 μένη
486 3834 692 3900 κρατεῖ,
766 3819 1012 3896 οὐδεμίαν
1048 3820 1164 3900 ἔχει
1238 3821 1423 3901 χώραν
1451 3822 1512 3876 τὸ
1542 3820 1670 3900 πρὸς
1705 3822 1876 3899 ἀξίαν,
1906 3825 1935 3879 ὅ

277 3919 382 3980 τῆς
444 3910 824 3990 δικαιοκρισίας
910 3910 1168 3991 ἐξαίρετόν
1242 3911 1376 3969 ἐστι.
1459 3912 1557 3969 Καὶ
1642 3914 1774 3992 πρὸς
1832 3915 1929 3988 μὲν

275 4001 518 4062 ἐκείνους
578 4000 663 4056 ἐπὶ
722 4007 996 4060 τοσοῦτον.
1051 3999 1179 4058 Οὔτε
1210 4001 1309 4078 γὰρ
1333 4001 1491 4076 ὑμεῖς
1534 3999 1794 4060 πλειόνων
1825 4001 1935 4062 δεῖ·

276 4095 370 4147 σΘε
429 4086 558 4167 (41)
605 4087 779 4167 λόγων
823 4088 948 4168 παρ’
981 4090 1184 4146 ἑαυτῶν
1213 4089 1560 4168 ὑγιαίνοντες,
1601 4089 1707 4148 ὅτε
1751 4095 1935 4173 καιρὸς

273 4182 380 4238 οὐκ
431 4174 665 4234 ἐνδίδωσι
728 4178 857 4256 πέρα
918 4185 1011 4236 τοῦ
1063 4179 1258 4259 μέτρου
1299 4182 1431 4259 πρὸς
1485 4184 1676 4241 αὐτοὺς
1719 4184 1940 4242 ἀποτεί-

275 4271 466 4327 νεσθαι
478 4312 490 4326 .

361 4358 431 4424 8.
467 4355 604 4429 Πρὸς
637 4352 692 4410 δὲ
740 4354 807 4411 τὰ
857 4353 975 4421 ἐξῆς
1033 4361 1138 4414 τῶν
1196 4357 1450 4435 ῥημάτων
1495 4357 1616 4438 (42)
1642 4359 1939 4419 ἐπανέλθω-

277 4472 408 4528 μεν,
505 4443 822 4520 "Bormam,
876 4446 1060 4525 φησὶν,
1126 4447 1198 4510 εἰς
1258 4460 1485 4523 σημεῖα,
1544 4451 1631 4504 καὶ
1679 4451 1752 4512 εἰς
1811 4473 1937 4508 και-

277 4543 433 4620 ροὺς,
482 4536 571 4592 καὶ
658 4537 731 4601 εἰς
800 4535 1028 4616 ἡμέρας,
1086 4537 1174 4594 καὶ
1228 4537 1302 4600 εἷς
1353 4535 1640 4599 ἐνιαυτούς.
1703 4537 1932 4616 Εἴρηται

282 4631 428 4706 ἡμῖν
488 4628 556 4682 τὰ
610 4627 727 4705 περὶ
776 4626 883 4683 τῶν
937 4625 1200 4702 σημείων.
1269 4627 1492 4704 Καιροὺς
1550 4623 1606 4682 δὲ
1662 4629 1938 4706 ἡγούμεθα

256 4719 469 4798 λέγειν
517 4717 611 4781 τὰς
659 4721 798 4781 τῶν,
840 4715 990 4795 ὡρῶν
1062 4715 1380 4795 ἔναλλαγὰς,
1471 4722 1768 4797 χειμῶνος,
1846 4720 1934 4776 καὶ

255 4809 468 4890 -ἕαρος,
545 4808 633 4863 καὶ
711 4809 914 4886 θέρους,
995 4807 1083 4864 καὶ
1144 4808 1480 4885 μετοπώρουο
1544 4805 1609 4870 ἅς
1667 4808 1932 4874 εὐτάκτως

363 4943 436 4996 86
464 4941 616 5009 Gen.
650 4962 697 5025 1,
739 4944 832 5005 t4.

367 5105 500 5184 (35)
529 5103 610 5188 [ta
638 5110 897 5185 quatuor
927 5119 1071 5167 mss.
1121 5101 1278 5165 Editi
1309 5121 1449 5166 vero
1508 5105 1704 5186 ἀγαθὸν
1770 5107 1944 5188 ὑπάρ-

281 5211 356 5271 χε
371 5211 474 5271 ιν,Δ
489 5186 696 5271 minus
732 5193 916 5247 recte.

309 5259 327 5269 ’
372 5259 792 5347 (56)_C_odices
817 5272 1069 5347 quatuor
1101 5266 1330 5347 ποσάκις
1358 5271 1456 5333 τῆς
1487 5266 1690 5346 ἡμέρας
1709 5271 1946 5347 quoties

281 5351 354 5412 in
384 5344 541 5411 die?
561 5345 718 5408 Editi
749 5344 961 5408 saltem
983 5365 1122 5408 cum
1143 5344 1505 5426 Reg.octavo
1533 5344 1770 5410 ootimie
1789 5362 1945 5411 notae

280 5428 559 5490 πολλάκις
589 5429 685 5496 τῆς
708 5428 936 5506 ἡμέρας.

367 5507 498 5580 (3b)
539 5506 788 5576 Codices
821 5507 937 5568 duo
988 5507 1526 5587 παρατετηρημὲνον.
1588 5508 1750 5570 Editi
1808 5528 1943 5570 cum

281 5589 430 5654 aliis
468 5606 610 5650 mss.
647 5588 1196 5667 παρατετηρημὲνως.
1231 5590 1357 5648 Mox
1383 5605 1485 5648 sex
1519 5607 1663 5652 mss.
1698 5599 1790 5649 του
1815 5589 1942 5647 ἷδὶου

281 5675 427 5732 υἱοῦ.
466 5667 1003 5732 Βθεὶᾶεταιυτίδίοὺ
1034 5669 1093 5729 in
1129 5667 1328 5729 editis.

2015 603 2211 675 licam,
2245 602 2384 682 quia
2413 603 2470 662 in
2496 603 2611 662 hoc
2659 601 2790 662 loco
2821 610 2954 672 stat,
2987 609 3065 675 et,
3119 601 3399 681 quoniam
3451 602 3524 662 ab
3558 602 3668 662 hac

2012 693 2402 772 conspicitur,
2438 692 2662 752 idcirco
2695 710 2824 752 eam
2859 692 2985 752 ﬁeri
3025 691 3350 752 maleficam
3376 713 3387 753 :
3417 703 3476 751 et
3499 709 3665 751 eam-

2014 782 2148 843 dem
2165 800 2372 842 rursus
2387 829 2397 842 .
2413 791 2723 860 postquam
2750 782 3052 860 paululum
3070 781 3455 841 declinaverit
3472 799 3506 840 a
3526 782 3670 857 ligu-

2014 888 2101 945 ra,
2137 870 2543 950 suaaprotinus
2567 869 2835 930 oblivisci
2874 870 3295 948 malignitatis?
3325 871 3518 950 Atque
3541 872 3665 930 haec

2017 961 2256 1038 quidem
2282 958 2656 1022 hactenus.Si
2677 977 2812 1020 vero
2834 959 3081 1040 singulis
3097 961 3381 1040 temporis
3401 979 3668 1021 momen-

2018 1049 2092 1111 tis
2124 1050 2310 1111 stella)
2340 1049 2398 1110 in
2433 1049 2607 1110 aliam
2629 1057 2802 1127 atque
2828 1050 3000 1110 aliam
3025 1058 3492 1112 transmutantur
3514 1051 3667 1129 ligu-

2019 1139 2227 1218 ram,si
2263 1140 2320 1199 in
2353 1140 2444 1200 his
2477 1139 2814 1200 innumeris
2847 1140 3412 1201 commutationibus
3433 1159 3588 1219 smpe
3608 1145 3668 1200 in

2024 1231 2124 1291 die
2149 1231 2440 1308 regiarum
2460 1229 2831 1289 nativitatum
2850 1229 3231 1307 ﬁgurationes
3257 1231 3669 1312 perficiuntur;

2023 1338 2128 1381 cur
2149 1319 2398 1396 singulis
2420 1318 2632 1378 diebus
2665 1338 2781 1378 non
2827 1331 3155 1380 nascuntur
3198 1319 3404 1399 reges?
3435 1329 3536 1382 aut
3566 1337 3673 1382 cur

2021 1409 2264 1470 omnino
2315 1408 2482 1486 regni
2539 1407 2950 1470 successiones
3003 1418 3267 1488 paterna:
3317 1412 3472 1489 apud
3505 1410 3671 1486 ipsos

2022 1498 2189 1559 sunt?
2220 1499 2426 1576 Neque
2475 1497 2634 1558 enim
2689 1517 2790 1559 rex
2830 1498 3083 1578 quilibet
3115 1499 3436 1578 diligenter
3466 1500 3538 1561 ad
3567 1519 3666 1561 re—

2021 1588 2173 1667 giam
2191 1589 2493 1649 stellarum
2513 1587 3214 1662 liguram,ﬁliisuiortum
3234 1589 3668 1664 accommodat,

2022 1678 2168 1749 Quis
2202 1678 2360 1738 enim
2387 1677 2719 1736 mortalium
2749 1677 2879 1737 talis
2899 1679 2987 1738 rei
3010 1678 3287 1739 dominus
3308 1697 3441 1740 esse
3460 1678 3671 1757 possit?

2023 1766 2334 1838 Quomodo
2392 1784 2529 1843 ergo
2581 1763 2749 1828 Ozias
2803 1767 3006 1844 genuit
3050 1768 3344 1848 Joatham,
3397 1769 3666 1829 Joatham

2023 1856 2243 1935 Achas,
2270 1857 2465 1917 Achas
2503 1855 2904 1935 Ezechiam,et
2936 1857 3131 1917 nullus
3166 1875 3240 1918 ex
3271 1857 3364 1918 his
3387 1857 3666 1919 servilem

2022 1945 2342 2007 nativitatis
2375 1947 2578 2006 horam
2610 1954 2814 2006 nactus
2835 1952 2953 2007 est?
2983 1945 3299 2022 Praeterea,
3319 1947 3369 2006 si
3392 1949 3665 2009 vitiorum

2022 2045 2122 2097 aut
2151 2033 2427 2094 virtutum
2462 2034 2752 2113 principia
2784 2053 2902 2094 non
2934 2044 3070 2096 sunt
3097 2037 3158 2096 in
3191 2035 3361 2096 nobis
3398 2037 3530 2110 sita,
3559 2037 3664 2098 sed

2023 2134 2162 2186 sunt
2196 2125 2580 2185 necessitates
2604 2123 2677 2184 ab
2711 2132 2843 2184 ortu
2874 2125 3231 2204 pendentes;
3259 2125 3502 2187 inutiles
3533 2134 3670 2188 sunt

2024 2214 2414 2294 legislatures,
2456 2212 2558 2293 qui
2603 2211 2772 2273 nobis
2803 2213 3030 2291 agenda
3060 2233 3126 2275 ac
3169 2215 3449 2293 fugienda
3481 2235 3669 2295 prius»

2025 2302 2284 2382 cribuut;
2308 2301 2552 2362 inutiles
2585 2302 3097 2382 quoquejudices,
3124 2304 3223 2383 qui
3255 2304 3528 2365 virtutem
3557 2305 3671 2366 ho-

2025 2393 2292 2472 nore,57
2319 2391 2524 2452 vitium
2549 2396 2736 2470 pomis
2759 2392 3050 2454 afﬁciunt.
3073 2391 3199 2454 Non
3224 2394 3382 2455 enim
3417 2395 3562 2456 furis
3585 2404 3673 2456 est

2023 2481 2328 2562 iniquitas,
2357 2499 2552 2560 neque
2580 2481 2926 2560 homicidae;
2957 2483 3056 2561 qui
3089 2501 3165 2543 ne
3191 2483 3394 2544 volens
3431 2485 3670 2564 quidem

2025 2579 2255 2652 poterat
2286 2589 2523 2631 manum
2553 2570 2971 2650 continere,0b
2991 2571 3434 2634 ineluctabilem
3457 2592 3670 2635 neces-

2024 2658 2259 2719 sitatem
2289 2657 2481 2737 ipsum
2505 2656 2575 2717 ad
2598 2657 2889 2734 agendum
2914 2658 3673 2738 impellentem.Vanissimi

2023 2759 2217 2809 autem
2243 2752 2509 2808 omnium
2542 2745 2800 2825 suntqui
2822 2755 2977 2806 artes
3010 2748 3539 2828 excoluntzquippe
3557 2751 3672 2811 fru-

2025 2837 2195 2917 gibus
2213 2835 2541 2897 abundabit
2564 2835 2844 2915 agricola,
2878 2835 3111 2896 tametsi
3136 2855 3330 2916 neque
3355 2837 3584 2899 semina
3609 2839 3671 2900 in

2021 2935 2241 2988 terram
2283 2922 2544 3004 dejiciat,
2583 2941 2780 3003 neque
2821 2923 3033 2985 falcem
3069 2934 3334 2988 exacuat.
3378 2929 3674 2989 Mercator

2022 3014 2253 3090 itidem,
2284 3016 2444 3094 velit,
2481 3012 2648 3088 nolit,
2689 3031 2869 3093 supra
2901 3015 3142 3075 modum
3167 3015 3435 3089 ditescet,
3468 3017 3582 3077 fato
3616 3017 3671 3078 ei

2024 3123 2168 3186 opes
2196 3112 2610 3167 coacervante.
2645 3101 2866 3181 Magnae
2896 3111 3092 3164 autem
3146 3104 3261 3165 illa;
3302 3104 3672 3166 Christiano—

2025 3212 2155 3256 rum
2193 3213 2328 3274 spes
2359 3199 2788 3254 evanescentes
2815 3192 3092 3253 excident
3117 3193 3677 3273 uobis,cumneque

1958 3259 2249 3364 Cjustitia
2283 3284 2612 3346 honoribus
2642 3283 2779 3343 ullis
2803 3283 3120 3360 afficiatur,
3158 3259 3353 3366 neque
3404 3259 3676 3366 puniatur

2026 3381 2362 3454 peccatum,
2391 3379 2705 3452 propterea
2737 3373 2895 3451 quod
2923 3373 3069 3434 nihil
3106 3373 3178 3433 ab
3221 3375 3564 3436 hominibus
3598 3375 3674 3436 li-

2023 3463 2167 3525 bero
2203 3463 2383 3523 animi
2428 3463 2725 3542 proposito
2769 3469 2996 3538 agatur.
3035 3464 3184 3524 Nam
3213 3464 3313 3523 ubi
3353 3466 3678 3527 necessitas

2021 3561 2079 3614 et
2103 3553 2281 3614 fetum
2316 3551 2675 3623 dominatur,
2711 3549 2795 3610 ibi
2827 3551 3127 3628 dignitatis
3176 3552 3489 3632 meritique
3522 3561 3670 3615 ratio

2021 3643 2251 3705 nullum
2299 3643 2494 3702 locum
2529 3639 2826 3701 habetzid
2852 3644 3012 3720 quod
3061 3651 3257 3701 tamen
3303 3644 3670 3722 praecipuum

2011 3731 2387 3813 justijudicii
2421 3730 2868 3790 fundamentum
2894 3738 3007 3792 est.
3032 3729 3102 3789 Et
3125 3731 3365 3810 quidem
3389 3732 3675 3793 adversus

2017 3823 2151 3886 illos
2175 3826 2506 3899 hucusque.
2534 3820 2737 3898 Neque
2765 3818 2925 3879 enim
2960 3821 3154 3879 verbis
3187 3818 3459 3899 plurifus
3484 3821 3670 3895 egetis

2018 3931 2140 3989 vos,
2191 3911 2292 3992 qui
2340 3909 2565 3970 scilicet
2594 3927 2626 3969 a
2666 3908 2828 3968 vobis
2879 3909 3024 3989 ipsis
3054 3927 3213 3968 sanae
3246 3911 3460 3970 mentis
3487 3911 3618 3972 sitis
3656 3934 3668 3975 :

2021 4020 2216 4084 neque
2249 4011 2484 4080 tempus
2513 3998 2666 4059 ultra
2697 3999 2937 4059 modum
2987 3997 3271 4059 adversus
3322 4016 3428 4084 eos
3467 4000 3669 4060 invehi

2026 4113 2135 4157 nos
2159 4093 2322 4157 sinit.

2104 4365 2163 4426 8.
2197 4362 2326 4428 Jam
2359 4360 2433 4421 ad
2465 4359 2642 4422 verba
2671 4359 3105 4440 consequentia
3154 4360 3497 4425 redeamus.
3530 4359 3672 4426 Sint

2021 4454 2241 4534 inquit,
2267 4458 2334 4515 in
2359 4455 2562 4532 signa,
2601 4460 2660 4512 et
2710 4454 2774 4512 in
2810 4459 3105 4531 tempora,
3142 4459 3202 4512 et
3237 4454 3302 4512 in
3331 4452 3482 4527 dies,
3518 4461 3572 4516 et
3609 4457 3674 4518 in

2017 4561 2210 4606 annos
2242 4542 2325 4603 86.
2361 4540 2593 4602 Dictum
2616 4549 2762 4602 esta
2787 4540 2962 4601 nobis
3005 4541 3078 4600 de
3122 4541 3331 4620 signis.
3377 4544 3675 4623 Tempora

2017 4641 2213 4696 autem
2231 4641 2506 4711 putamus
2522 4629 2643 4692 dici
2660 4632 2816 4710 ipsas
2830 4641 2946 4691 tem
2957 4639 3254 4711 pestatum
3279 4633 3667 4711 mutationes,

2019 4709 2258 4784 hiemis.
2295 4709 2700 4788 veris,:estatis
2732 4717 2790 4770 et
2825 4709 3095 4770 autumni
3130 4731 3142 4771 :
3171 4709 3388 4789 quibus
3414 4713 3660 4774 ordina-

2021 4813 2115 4868 tus
2144 4800 2527 4864 luminarium
2557 4805 2756 4863 motus
2785 4799 3016 4878 tribuit,
3053 4809 3116 4859 ut
3142 4817 3253 4860 nos
3281 4800 3548 4861 ordinate
3581 4805 3672 4862 lu-

2113 5103 2997 5186 (39)Colb.secundusoeuxutz
3020 5099 3158 5186 amp:
3182 5101 3316 5163 Mox
3339 5098 3672 5183 Regquin-

2029 5182 2551 5258 ιυέοίνδικάζοντες.
2591 5182 2758 5262 Reg.
2794 5192 2994 5244 Sexius
3023 5182 3282 5257 τιμῶντες
3343 5188 3430 5241 καὶ
3487 5182 3677 5241 κακίαν

2029 5268 2341 5339 κολάζοντες
2354 5316 2368 5330 ,

2113 5350 2236 5426 (49)
2267 5347 2516 5411 Codices
2539 5348 2809 5426 quinque
2839 5344 3045 5427 ἐλπίδες
3078 5342 3317 5427 φροῦδαι.
3348 5343 3505 5427 Editi
3539 5363 3675 5406 cum

2029 5429 2174 5506 Reg.
2227 5443 2432 5489 octavo
2455 5427 2662 5508 ἐλπίδες
2699 5426 2933 5508 φροῦδοι.
2986 5426 3110 5488 Nec
3167 5426 3249 5486 ita
3306 5426 3494 5488 multo
3543 5437 3678 5506 post

2027 5509 2201 5573 Bodl.
2237 5509 2264 5565 ὅ
2309 5510 2404 5576 της
2448 5506 2650 5571 δικαίας
2679 5506 2924 5586 κρίσεως,

2137 5591 2238 5667 41)
2275 5590 2400 5651 Duo
2434 5605 2579 5647 mss.
2613 5588 2835 5649 ἐδεῖσθε.

2140 5670 2238 5746 42)
2271 5670 2469 5730 Codex
2505 5667 2772 5728 Combef.
2806 5668 2924 5735 ὲΞῆς
2957 5671 3060 5724 τῶν
3097 5669 3450 5745 ῥητῶν,ΒΒε.
3474 5671 3675 5728 sextus

288 5750 506 5848 :“(382
558 5748 753 5848 90H)...
790 5747 1098 5848 fecundus
1155 5745 1506 5848 ’ξωαραμωδὲ
1550 5749 1803 5848 ἐγένγησε
1856 5753 1936 5807 τὸ,

2035 5745 2154 5820 ἒξῆς
2187 5745 2280 5809 τοῦ
2322 5749 2483 5827 λόγου
2519 5749 2916 5825 ἔπανελθωμεν.

282 5826 527 5914 ’Ἂῇιαὶλ
558 5827 754 5909 "Alani;
785 5827 860 5890 δέ.
895 5830 1047 5907 Reg.
1072 5835 1273 5922 seritus
1293 5826 1515 5906 ’tmctezv
1546 5826 1602 5885 δέ
1630 5830 1742 5895 τόν,
