4098 6372
242 336 353 404 Hi.

1332 337 1661 403 HOMILIA
1704 335 1782 399 νι
1824 331 1904 397 ΙΝ
1947 333 2504 397 ΗΕΧΑΕΜΕΗΟΝ.

3492 333 3616 400 142

237 472 413 549 Μέγας
468 474 555 528 οὖν
613 474 642 528 ὁ
692 471 934 552 φωστὴρ,
996 473 1134 529 κατὰ
1163 473 1262 540 τήν
1289 477 1389 540 τῆς
1430 477 1644 551 Γραφῆς
1676 491 1877 550 μαρτυ-

1968 464 2114 525 libet
2134 466 2455 538 constat,in
2477 463 2755 528 maximis
2777 463 3105 525 intervallis
3121 483 3235 524 non
3259 462 3608 542 perfectam,

233 561 368 641 ρίαν,
402 560 488 616 καὶ
519 560 949 638 ἀπειροπλασίων
978 571 1072 621 τοῦ
1102 561 1448 642 φαινομένου,

312 826 412 890 10.
475 827 708 887 Κάκεϊνο
758 829 814 888 δέ
865 853 948 887 σοι
1017 829 1233 908 ἐναργὲς
1283 829 1420 887 ἔστω
1478 837 1571 886 τοῦ
1621 826 1872 906 μεγέθους

233 931 494 991 σημεῖον.
543 919 802 996 Ἀπείρων
833 919 1000 976 ’ὀντων
1032 921 1108 994 τῷ
1137 919 1329 990 πλήθει
1363 919 1470 976 τῶν
1493 916 1613 976 κατ’
1658 917 1874 996 οὐρανὸν

229 1006 491 1088 ἀστέρων,
540 1010 601 1064 τὸ
661 1009 783 1087 παρ’
865 1009 1037 1066 αὑτῶν
1109 1009 1574 1088 συνερανιζόμενον
1616 1013 1728 1087 φῶς
1783 1009 1876 1064 οὑκ

231 1097 438 1176 ἐξορκεϊ
495 1105 592 1168 τῆς
653 1103 837 1164 νυκτὸς
887 1103 982 1169 τὴν
1039 1104 1333 1181 κατήφειαν
1384 1099 1646 1160 διαλῦσαι.
1701 1100 1874 1158 Μόνος

231 1183 285 1240 δὲ
342 1189 514 1268 οὗτος,
576 1191 886 1271 ὑπερφανεὶς
948 1198 1042 1248 τοῦ
1092 1191 1377 1269 ὁρίζοντος,
1444 1188 1647 1264 μᾶλλον
1695 1187 1750 1244 δὲ
1797 1186 1872 1243 ἔτι

231 1277 321 1331 καὶ
384 1278 835 1356 προσδοκώμενος,
891 1282 1009 1359 πρὶν
1066 1284 1146 1337 κοὶ
1191 1283 1484 1359 ὑπερσχεῖν
1547 1279 1665 1356 (62)
1734 1277 1872 1336 ὅλως

229 1365 333 1432 τῆς
389 1373 511 1446 γῆς,
558 1370 779 1447 ἠφάνισε
810 1369 908 1444 μὲν
937 1377 996 1425 τό
1041 1369 1254 1448 σκότος,
1304 1369 1636 1446 ὑπερηύγασε
1668 1365 1723 1422 δὲ
1751 1367 1872 1430 τοὺς

229 1452 480 1536 ἀστέρας,
565 1461 651 1514 καὶ
709 1461 996 1536 πεπηγότα
1057 1458 1189 1523 τέως
1263 1461 1348 1515 καὶ
1401 1456 1875 1533 συμπεπιλημένον

227 1546 326 1600 τὸν
383 1548 502 1624 περὶ
571 1549 674 1624 γῆν
704 1547 832 1626 ἀέρα
889 1547 1142 1614 κατέτηξε
1199 1549 1286 1604 καὶ
1317 1545 1544 1628 διέχεεν.
1578 1544 1746 1603 ’Ὀθεν
1789 1547 1876 1603 καὶ

230 1632 426 1709 ἂνεμοι
487 1637 687 1692 ἑωθινοὶ
743 1638 829 1692 καὶ
854 1636 1028 1715 δρόσοι
1087 1637 1140 1692 ἐν
1186 1639 1351 1716 αἰθρίᾳ
1383 1638 1479 1704 τὴν
1536 1642 1638 1714 γῆν
1697 1635 1877 1714 περιβ-

226 1721 433 1797 ῥέουσι.
498 1727 769 1793 Τοσαύτην
828 1725 881 1782 δὲ
939 1727 1096 1783 οὖσαν
1145 1728 1241 1795 τὴν
1272 1733 1373 1805 γῆν
1405 1733 1517 1791 πῶς
1551 1726 1612 1781 ἅν
1641 1725 1873 1795 ἠδυνήθη

1958 555 2062 615 sed
2098 555 2400 614 confusam
2434 573 2752 635 corporum
2785 555 3042 632 efﬁgiem
3065 553 3464 633 apprehendi.
3487 555 3610 616 Ma-

1956 663 2133 722 gnum
2167 643 2345 722 igitur
2376 656 2463 704 est
2489 644 2978 723 luminare,juxta
3001 641 3609 722 Scripturaetestimo-

1958 733 2146 812 nium,
2181 751 2247 793 ac
2269 731 2498 793 inﬁnito
2527 734 2718 811 majus
2741 751 2920 809 quam
2953 741 3220 812 apparet.

2035 823 2130 882 60
2157 821 2245 885 10.
2272 821 2385 884 Sed
2414 831 2470 882 et
2503 822 2646 882 illud
2673 821 2772 882 tibi
2803 822 3047 882 evidens
3069 821 3144 881 sit
3175 820 3606 899 magnitudinis

1955 913 2210 990 signum.
2237 912 2518 985 Quamvis
2559 912 2874 972 innumera
2918 919 2993 973 sit
3018 913 3075 972 in
3113 913 3261 973 caelo
3295 910 3601 972 stellarum

1959 1003 2299 1070 multitudo;
2327 1001 2640 1063 collectum
2661 1002 2923 1081 ipsarum
2946 1003 3144 1063 lumen
3173 1002 3244 1062 ad
3281 1001 3474 1062 noctis
3493 1000 3605 1061 tri-

1959 1094 2179 1158 stitiam
2213 1095 2660 1155 dissolvendam
2704 1112 2818 1154 non
2845 1095 3078 1156 suflicit.
3113 1097 3190 1155 At
3217 1095 3409 1155 solum
3452 1095 3602 1157 illud

1957 1185 2276 1257 luminare,
2304 1184 2478 1244 simul
2513 1192 2576 1244 ut
2607 1201 2791 1263 super
2815 1185 3180 1246 horizontem
3207 1185 3601 1266 apparet,imo

1956 1275 2096 1336 dum
2123 1275 2315 1334 adhuc
2339 1279 2735 1352 exspectatur,
2776 1273 3116 1352 priusquam
3151 1275 3328 1336 etiam
3360 1278 3602 1338 omnino

1957 1382 2136 1442 supra
2167 1373 2382 1424 terram
2408 1365 2688 1435 emineat,
2717 1371 2776 1424 et
2809 1363 3085 1425 tenebras
3110 1364 3604 1445 dissipat,etstel-

1959 1453 2043 1513 las
2073 1452 2392 1531 splendore
2449 1461 2712 1530 superat,
2760 1462 2816 1514 et
2848 1454 3372 1534 circumjacentem
3408 1457 3605 1519 telluri

1959 1559 2156 1603 aerem
2186 1551 2358 1602 antea
2407 1551 2747 1602 concretum
2776 1549 2836 1604 et
2859 1543 3169 1605 densatum
3207 1546 3502 1626 liquefacit
3532 1567 3601 1610 ac

1960 1629 2225 1691 effundit.
2252 1629 2421 1694 Unde
2456 1639 2513 1690 et
2560 1633 2716 1691 venti
2769 1634 3039 1694 matutini
3089 1643 3146 1695 et
3187 1655 3286 1697 ros
3336 1637 3397 1698 in
3452 1637 3600 1698 sudo

1961 1731 2176 1781 terram
2203 1719 2642 1782 circumfluunt.
2675 1721 2985 1793 Quomodo
3015 1733 3210 1785 autem
3255 1735 3472 1788 terram
3505 1737 3602 1789 to-

231 1810 290 1864 ἐν
337 1818 434 1884 μιᾷ
491 1823 685 1888 καιροῦ
740 1815 878 1893 ῥοπῇ
932 1817 1030 1883 τὴν
1085 1823 1260 1873 πᾶσαν
1291 1818 1765 1895 καταφωτίζειν,εἰ
1797 1817 1875 1890 μὴ

1968 1818 2099 1882 tam,
2133 1828 2266 1870 cum
2301 1817 2458 1868 tanta
2481 1810 2576 1876 sit,
2619 1829 2735 1870 uno
2791 1814 3075 1890 temporis
3118 1826 3419 1876 momento
3467 1819 3604 1879 illu-

227 1896 339 1953 ἀπὸ
399 1902 636 1978 μεγάλου
695 1913 785 1961 τοῦ
840 1904 1035 1963 κύκλου
1091 1904 1219 1977 (63)
1271 1906 1370 1972 τὴν
1400 1907 1566 1982 αὐγὴν
1622 1905 1877 1982 ἐπηφίεις

1968 1907 2151 1959 strare
2180 1898 2521 1978 posset,nisi
2545 1918 2578 1959 a
2607 1918 2814 1976 magno
2847 1900 2990 1961 orbe
3018 1902 3217 1964 lumen
3257 1905 3605 1970 emitteret?

225 1984 489 2046 Ἐνταὺθά
557 2015 646 2066 μοι
697 1993 796 2060 τὴν
821 1995 1010 2074 σοφίαν
1041 2002 1130 2051 τοῦ
1159 1996 1406 2074 τεχνίτου
1439 1995 1731 2070 κατάμαθε,
1767 1997 1877 2059 πῶς

1968 1987 2073 2049 Hic
2095 1987 2282 2058 disce,
2317 2006 2540 2066 quaeso,
2593 1987 2824 2067 opiﬁcis
2881 1992 3253 2069 sapientiam,
3303 1997 3603 2075 quomodo

225 2080 306 2150 τῷ
360 2075 682 2155 διαστήματι
749 2083 920 2155 τούτῳ
969 2084 1274 2164 σύμμετρον
1327 2082 1521 2140 ἔδωκεν
1580 2085 1724 2158 αὖτῷ
1786 2085 1877 2151 τὴν

1969 2079 2223 2140 calorem
2277 2076 2390 2155 ipsi
2432 2077 2678 2138 contulit
2710 2086 2868 2139 tanto
2905 2079 2998 2140 hic
3038 2082 3347 2146 intervallo
3379 2105 3602 2150 conve-

222 2168 551 2244 θερμότητα,
616 2179 875 2230 Τοσοῦτον
919 2173 1020 2251 γάρ
1073 2173 1214 2231 ἐστιν
1271 2177 1429 2231 αὑτοῦ
1493 2176 1555 2230 τὸ
1615 2173 1877 2252 πυρῶδες,

227 2256 303 2319 ὤς
350 2259 490 2332 μήτε
526 2257 594 2315 δι’
629 2260 926 2340 ὑπερϐολὴν
959 2262 1279 2343 καταφλέξαι
1312 2265 1408 2332 τὴν
1453 2264 1577 2341 γῆν,
1627 2267 1764 2339 μήτε
1797 2263 1880 2320 διὰ

224 2349 328 2416 τὴν
381 2348 624 2426 ἔλλειψιν
674 2353 1085 2432 κατεψυγμένην
1138 2355 1303 2421 αὐτὴν
1334 2356 1422 2411 καὶ
1452 2353 1642 2432 ἄγονον
1682 2354 1878 2413 ἀπολι-

227 2451 381 2498 πεῖν.
445 2438 680 2522 Ἀδελιρὰ
725 2441 780 2498 δὲ
812 2457 931 2508 τοῖς
975 2443 1274 2521 εἰρημένοις
1304 2446 1388 2500 καὶ
1415 2445 1480 2501 τὰ
1510 2447 1628 2525 περὶ
1660 2446 1758 2512 τῆς
1785 2467 1879 2502 σε-

229 2526 401 2596 λὴνης
452 2532 688 2590 νοείσθω.
733 2532 882 2610 Μέγα
943 2533 1042 2612 γὰρ
1086 2535 1174 2590 καὶ
1221 2535 1282 2590 τὸ
1337 2535 1535 2601 ταύτης
1578 2541 1757 2609 σῶμα,
1793 2535 1880 2591 καὶ

226 2618 525 2697 φανότατόν
580 2643 638 2699 γε
727 2623 861 2698 μετὰ
890 2624 981 2678 τὸν
1001 2621 1180 2688 ἥλιον,
1216 2623 1324 2681 Οὔκ
1353 2623 1431 2680 ἀεὶ
1463 2625 1643 2696 μέντοι
1690 2627 1878 2704 ὁρατὸν

228 2708 398 2774 αὑτῆς
457 2709 691 2784 διαμένει
754 2713 815 2767 τὸ
845 2711 1090 2789 μέγεθος·
1126 2711 1262 2770 ἀλλὰ
1292 2720 1378 2769 νῦν
1410 2715 1508 2789 μὲν
1539 2714 1872 2793 ἆπηρτισμέ·

225 2821 289 2865 νη
336 2806 415 2872 τῷ
473 2799 672 2875 κύκλῳ,
709 2811 796 2860 νῦν
845 2799 898 2857 δὲ
931 2801 1245 2859 ἐλλεὶπουσα
1280 2801 1405 2883 (64)
1440 2806 1525 2860 καὶ
1581 2805 1873 2880 μειουμένη

224 2889 491 2965 φαίνεται,
546 2888 666 2946 καθ’
719 2889 894 2968 ἕτερον
958 2892 1148 2960 ἱαυτῆς
1200 2891 1360 2972 μέρος
1415 2891 1764 2971 προδεικνῦσα
1814 2896 1874 2951 τὸ

225 2976 443 3039 λεῖπον,
508 2975 715 3052 "Alqu
771 2979 868 3054 μὲν
925 2981 1025 3059 γὰρ
1097 2980 1244 3060 μέρει
1289 2981 1556 3053 σκιάζεται
1588 2981 1873 3059 αυξομένη,

229 3064 362 3122 ἄλλο
406 3064 460 3122 δὲ
518 3067 672 3146 μέρος
717 3071 880 3138 αὐτῆς
938 3073 994 3125 ἓν
1052 3078 1127 3142 τῷ
1177 3077 1346 3149 καιρῷ
1375 3076 1472 3138 τῆς
1504 3069 1708 3142 λήξεως
1733 3073 1873 3130 ἀπο-

1971 2167 2268 2258 nientem.‘
2291 2167 2344 2226 ls
2374 2174 2461 2226 est
2492 2165 2650 2258 enim
2682 2166 2893 2247 ipsius,
2925 2170 3108 2242 calor,
3148 2182 3208 2234 ut
3239 2193 3429 2254 neque
3462 2193 3605 2258 pro-

1964 2267 2098 2338 pter
2131 2255 2492 2316 nimietatem
2525 2256 2735 2317 adurat
2767 2258 3063 2336 tellurem,
3102 2281 3296 2341 neque
3343 2255 3604 2343 per—de-

1962 2347 2179 2407 fectum
2208 2344 2652 2424 perfrigeratam
2693 2345 2851 2406 illam
2886 2348 3388 2433 infecundamque
3409 2355 3603 2417 relin-

1964 2443 2124 2511 quat.
2150 2437 2276 2493 Jam
2303 2451 2650 2524 germanum
2695 2434 2978 2513 quiddam
3009 2457 3075 2499 ac
3107 2440 3302 2502 simile
3335 2443 3428 2505 his
3476 2464 3609 2524 qum

1964 2525 2121 2586 dicta
2142 2523 2382 2603 sunt,de
2407 2524 2544 2584 luna
2574 2523 2753 2583 etiam
2801 2524 3190 2605 intelligatur.
3228 2535 3327 2594 Est
3359 2523 3514 2596 enim
3550 2544 3607 2598 et

1963 2631 2180 2690 corpus
2201 2613 2389 2692 ipsius
2413 2624 2787 2690 magnum,et
2812 2625 2940 2691 post
2960 2618 3148 2678 solem
3169 2639 3311 2681 sane
3343 2624 3606 2702 splendi-

1961 2704 2294 2764 dissimum.
2323 2703 2454 2764 Non
2490 2711 2687 2761 tamen
2718 2720 2962 2780 semper
2995 2704 3246 2768 visibilis
3280 2722 3608 2789 permamet

1959 2794 2145 2872 ipsius
2169 2790 2505 2870 magnitudo
2534 2811 2546 2851 :
2574 2791 2675 2850 sed
2713 2809 2868 2851 nunc
2893 2793 3131 2871 quidem
3157 2796 3215 2856 in
3250 2817 3356 2858 suo
3380 2800 3605 2864 circulo

1959 2881 2249 2960 absoluta,
2281 2899 2438 2942 nunc
2461 2898 2598 2940 vero
2618 2880 2905 2942 deficiens
2928 2891 3106 2962 atque
3127 2885 3444 2951 imminuta
3467 2909 3608 2954 con-

1961 2975 2300 3055 Spicitur,et
2322 2973 2506 3033 altera
2537 2972 2628 3032 sui
2665 2981 2826 3051 parte
2851 2974 3149 3038 defectum
3183 2982 3462 3043 ostendit.
3499 2985 3607 3046 Et-

1963 3068 2122 3127 enim
2157 3066 2297 3125 dum
2330 3063 2766 3143 crescit,altera
2790 3073 2953 3143 parte
2978 3065 3397 3132 obumbratur:
3421 3075 3608 3137 altera

229 3158 540 3235 κρύπτεται.
608 3159 779 3235 Λόγος
811 3157 865 3216 δέ
897 3182 977 3223 τις
1038 3159 1264 3238 ἅῤῥητος
1295 3171 1386 3220 τοῦ
1418 3169 1581 3240 σοφοῦ
1618 3160 1872 3242 δημιουρ-

1968 3175 2102 3218 vero
2133 3156 2288 3216 illius
2342 3173 2478 3234 pars
2509 3163 2778 3232 tempore
2829 3155 3198 3220 decrementi
3249 3161 3604 3230 occultatur.

224 3254 316 3322 γοῦ
364 3245 461 3313 τῆς
510 3248 756 3314 ποικὶλης
810 3249 1007 3315 ταύτης
1067 3249 1368 3327 ἐναλλαγῆς
1402 3251 1507 3306 τών
1540 3253 1872 3330 σχημάτων,

225 3337 308 3392 ’Ἢ
341 3338 443 3413 γὰρ
527 3335 664 3393 ὥστε
706 3339 842 3412 ἡμῖν
873 3337 1170 3416 ὑπόδειγμα
1202 3339 1422 3418 ἐναργὲς
1455 3339 1714 3420 παρέχειν
1751 3340 1878 3421 (65)

226 3427 323 3494 τῆς
384 3428 649 3506 ἡμετέρας
717 3429 946 3507 φύσεωςο
982 3427 1062 3484 ὅτι
1095 3427 1242 3488 οὐδὲν
1274 3432 1502 3505 μὸνιμον
1543 3436 1644 3487 τῶν
1669 3431 1877 3508 ἀνθρω-

268 3516 278 3529 '
473 3517 487 3534 ν
580 3519 590 3532 ε
797 3518 812 3534 ‘
904 3517 917 3538 τ
1053 3518 1080 3538 Υ
1163 3520 1174 3536 \
1225 3518 1249 3538 ἢ
1741 3521 1754 3540 \
1856 3521 1866 3533 ‘

224 3538 412 3588 πινων,
465 3516 606 3574 αλλα
653 3517 715 3575 τά
753 3540 850 3592 μεν
900 3539 959 3574 εκ
989 3540 1081 3574 του
1112 3543 1189 3592 μη
1226 3541 1375 3582 οντος
1421 3522 1662 3598 πρόεισιν
1715 3542 1788 3584 εις
1820 3542 1882 3575 το

221 3606 448 3669 τέλειον,
524 3608 588 3662 τὰ
620 3605 672 3662 δὲ
733 3606 864 3684 πρὸς
897 3609 994 3673 τὴν
1028 3609 1223 3664 οἷκεὶαν
1255 3608 1437 3682 ἀκμὴν
1489 3610 1762 3688 φθάσαντα
1790 3611 1880 3665 καὶ

221 3699 279 3751 τὸ
343 3694 637 3772 ἀκρότατον
697 3696 888 3773 μέτρον
941 3697 1141 3753 ἑαυτῶν
1202 3697 1508 3778 αὑξηθέντα,
1561 3698 1721 3754 πάλιν
1754 3712 1878 3762 ταῖς

224 3786 362 3841 κατὰ
413 3787 596 3863 μικρὸν
667 3785 1157 3865 ὑφαιρέσεσιφθὶνει
1210 3809 1266 3843 τε
1324 3789 1413 3843 καὶ
1443 3786 1737 3860 διόλλυται,
1789 3791 1880 3844 καὶ

228 3875 521 3949 μειούμενα
569 3879 923 3955 καθαιρεϊται,
979 3876 1161 3932 "uate
1185 3877 1245 3933 ἐκ
1274 3887 1366 3936 τοῦ
1415 3879 1552 3935 κατὰ
1581 3880 1678 3947 τὴν
1709 3878 1878 3948 σελή-

232 3987 329 4032 νην
389 3968 653 4041 θεάματος
716 3965 1043 4023 παιδεύεσθαι
1095 3967 1238 4042 ἠμᾶς
1270 3968 1333 4023 τᾶ
1365 3967 1622 4044 ἡμέτερα,
1652 3969 1739 4025 καῖ⁸
1786 3970 1880 4036 ἰἧς

229 4057 456 4136 ταχείας
541 4056 648 4112 τῶν
713 4056 1051 4134 ἀνθρωπίνων
1127 4059 1451 4136 περιτροπῆς
1513 4056 1882 4134 λαμϐὶνοντας

230 4146 464 4216 ἔννοιαν,
549 4145 626 4219 μὴ
688 4145 826 4222 μέγα
920 4159 1132 4226 φρονεῖν
1217 4161 1336 4212 ταῖς
1421 4149 1727 4224 εὐημερίαις
1790 4156 1884 4206 τοῦ

225 4237 368 4311 βίου,
455 4235 529 4306 μτε
619 4232 1009 4310 ἒπαγάλλεσθαι
1117 4234 1466 4318 δυναστείαις,
1553 4241 1630 4313 μὴ
1719 4239 1880 4296 ἐπαί-

227 4329 410 4392 ρεσθαι
475 4321 702 4378 πλούτου
755 4320 1069 4403 ἀδηλότητι,
1120 4340 1456 4403 περιφρονετν
1503 4330 1600 4394 τῆς
1687 4331 1879 4406 σαρκὸς

230 4417 352 4492 περὶ
421 4413 487 4478 ἢν
547 4413 582 4480 ἡ
629 4411 937 4482 ἀλλοίωσις,
984 4411 1356 4487 ἐπιμελεῖσθαι
1413 4412 1468 4470 δὲ
1525 4417 1624 4484 τῆς
1695 4417 1880 4496 ψυχῆς

227 4504 293 4571 ἧς
332 4505 396 4559 τὸ
446 4503 646 4581 ὴγαθόν
715 4502 858 4558 ἐστιν
931 4501 1203 4568 ἀκίνητον.
1262 4505 1318 4560 Εἰ
1375 4502 1431 4560 δὲ
1503 4504 1664 4562 λυπεῖ
1715 4527 1773 4561 σε
1846 4509 1880 4574 ἡ

1967 3250 2148 3309 Porro
2171 3245 2422 3325 sapienti
2447 3241 2642 3324 opiﬁci
2667 3245 2726 3303 in
2759 3245 2864 3304 hac
2897 3247 3061 3306 varia
3091 3249 3417 3326 ﬁgurarum
3463 3273 3605 3334 per-

1965 3335 2291 3398 mutatione
2305 3353 2423 3394 non
2437 3334 3130 3414 defuitarcanaquzedam
3151 3340 3607 3408 ratio.Autenim

1967 3427 2024 3486 id
2045 3427 2102 3487 ﬁt
2117 3433 2202 3498 ,ut
2217 3423 2389 3486 nobis
2408 3433 2627 3484 nostra:
2644 3432 2864 3484 natura:
2878 3427 3261 3504 perspicuum
3279 3434 3616 3512 exemplum

1969 3513 2490 3595 praebeat,scilicet
2514 3514 2660 3574 nihil
2686 3515 2924 3573 humani
2949 3516 3164 3577 stabile
3198 3523 3472 3583 esse:sed
3499 3524 3614 3587 alia

1965 3604 2208 3684 quidem
2231 3623 2360 3684 qua:
2385 3622 2500 3663 non
2527 3603 2992 3676 exsistebant,ad
3029 3607 3458 3685 perfectionem
3481 3632 3613 3691 per-

1966 3693 2284 3757 ducizalia
2326 3713 2464 3754 vero
2497 3694 2567 3754 ad
2606 3693 2910 3773 proprium
2965 3695 3220 3771 vigorem
3271 3718 3606 3784 progressa,

1963 3804 2198 3846 summa
2211 3802 2386 3864 mque
2411 3801 2705 3843 mensurae
2728 3784 2990 3860 ipsorum
3017 3785 3451 3850 incrementum
3475 3791 3613 3854 ade-

1968 3875 2311 3954 pta,iterum
2339 3873 2617 3954 paulatim
2641 3873 3047 3933 decrescendo
3061 3878 3610 3956 corrumpi,dissol-

1969 3965 2168 4044 vique,
2193 3973 2249 4025 et
2275 3962 2588 4025 imminuta
2607 3962 2856 4023 destrui.
2885 3963 3080 4036 Quare
3096 3983 3167 4024 ex
3192 3965 3346 4027 luna:
3363 3979 3610 4048 aspectu

1969 4072 2075 4114 nos
2103 4062 2300 4115 nostra
2319 4053 2724 4124 erudimur,ut
2747 4051 3048 4113 celebrem
3080 4072 3278 4115 rerum
3313 4056 3609 4121 humana-

1967 4163 2097 4205 rum
2124 4148 2510 4204 mutationem
2543 4141 2964 4222 percipientes,
3003 4141 3077 4204 ob
3113 4142 3237 4204 vita;
3265 4145 3609 4211 felicitatem

1969 4254 2087 4294 non
2115 4233 2362 4294 nimium
2389 4233 2563 4292 nobis
2608 4249 2978 4310 arrogemus,
3033 4251 3226 4313 neque
3259 4234 3315 4294 in
3346 4240 3610 4315 potentia

1963 4323 2310 4402 gloriemur,
2351 4340 2542 4400 neque
2574 4319 2908 4380 divitiarum
2966 4323 3195 4384 incerto
3244 4325 3610 4404 attollamur,

1965 4415 2068 4474 sed
2101 4430 2342 4473 carnem
2375 4430 2506 4492 quae
2557 4419 2836 4482 mutatur,
2887 4429 3302 4494 aspernemur,
3349 4416 3610 4480 animam

1966 4520 2104 4562 vero
2135 4505 2302 4580 cujus
2349 4503 2658 4562 immotum
2691 4511 2782 4562 est
2821 4502 3068 4575 bonum,
3112 4522 3412 4570 curemus.
3441 4509 3612 4581 Quod

232 4593 438 4662 σελήνη
508 4605 632 4656 ταῖς
733 4592 868 4648 κατὰ
934 4593 1122 4670 μικρὸν
1179 4592 1484 4672 ὑφαιρέσεσι
1574 4595 1630 4650 τὸ
1684 4594 1877 4672 φέγγος

1968 4591 2017 4652 si
2068 4592 2208 4652 luna
2247 4591 2386 4652 dum
2433 4591 2814 4672 splendorem
2878 4594 3152 4672 paulatim
3204 4595 3610 4660 decrescendo

231 4679 660 4746 εξαναλίσκουτα·
713 4679 944 4738 λυπείτω
1042 4703 1099 4738 σε
1183 4680 1345 4738 πλέον
1435 4683 1590 4761 ψυχὴ
1679 4683 1877 4762 ἀρετὴν

1968 4681 2363 4752 absumit,tibi
2397 4681 2688 4741 tristitiam
2721 4693 2921 4742 creat:
2956 4682 3164 4743 dolore
3186 4692 3240 4744 te
3267 4685 3493 4762 majore
3515 4688 3610 4748 af-

235 4770 551 4845 κτησαμένη
588 4770 733 4842 (663,
788 4773 876 4828 καὶ
937 4771 1022 4828 διὰ
1044 4771 1357 4848 ὰπροσεξίας
1385 4772 1447 4827 τὸ
1491 4771 1655 4828 καλὸν
1685 4771 1877 4853 ἀφανί-

1970 4769 2127 4831 ﬁciat
2154 4769 2535 4851 anima,quaa,
2561 4778 2868 4850 postquam
2889 4771 3157 4830 virtutem
3189 4782 3458 4834 assecuta
3494 4785 3605 4858 est,

236 4868 421 4940 ζουσα,
473 4862 561 4916 καὶ
618 4859 888 4936 μηδέποτε
947 4862 1032 4918 ἐπὶ
1083 4861 1181 4930 τῆς
1213 4862 1376 4928 αὐτῆς
1435 4859 1715 4928 διαθέσεως
1777 4863 1877 4937 μέ-

1973 4859 2191 4920 bonum
2223 4861 2437 4921 amittit
2465 4861 2540 4920 ob
2567 4860 3073 4938 negligentiam,et
3095 4879 3395 4940 nunquam
3423 4863 3481 4923 in
3515 4883 3612 4927 ea-

235 4973 416 5026 νουσα,
471 4949 605 5006 ἀλλὰ
661 4953 832 5008 πυκνὰ
907 4951 1209 5031 τρεπομένη
1273 4952 1360 5008 καὶ
1429 4949 1877 5029 μεταϐαλλομένη

1972 4948 2106 5012 dem
2134 4951 2394 5030 persistit
2423 4951 2756 5024 affectione,
2789 4949 2892 5010 sed
2937 4949 3282 5031 frequenter
3312 4950 3386 5012 ob
3418 4954 3606 5019 animi

321 5119 440 5196 (62)
465 5121 615 5200 Reg.
643 5119 890 5202 quintus
913 5122 1031 5202 πρὶν
1060 5123 1148 5178 καὶ
1182 5123 1495 5202 ὑπερσχεῖν,
1549 5118 1717 5184 Colb.
1757 5121 1880 5202 ριιί-

242 5218 372 5261 mus
401 5202 488 5258 καὶ
521 5199 817 5282 ὑποσχεῖν.
842 5199 1005 5264 Editi
1058 5220 1193 5282 cum
1247 5199 1544 5282 aliquibus
1589 5219 1732 5266 mss.
1758 5199 1772 5202 ⁷
1795 5206 1882 5261 καὶ

239 5283 554 5418 ὺτὲερσχετκ.
591 5281 660 5344 Et
688 5281 866 5362 paulo
886 5289 1020 5362 post
1042 5281 1210 5345 Colb.
1237 5281 1538 5344 secundus
1585 5305 1879 5358 συμπεπη-

242 5385 275 5418 Υ
309 5383 396 5418 τα.

242 5383 396 5439 γοτα.

331 5441 454 5533 (63ξ
480 5441 730 5533 Codices
774 5461 894 5533 non
917 5443 1103 5533 pauci
1131 5451 1222 5500 τοῦ
1251 5441 1882 5533 κύκλουηῡθεξόεςξιιιιιέ

247 5521 532 5604 articulus
565 5523 624 5583 in
648 5521 1072 5604 excusisfnfra
1099 5523 1538 5604 mss.7mu|tir+,v
1569 5521 1877 5604 ﬁv.Abest

1968 5525 2271 5604 ἀωαιρέσεσι
2304 5521 2486 5604 φθίνει.

247 5602 530 5685 articulus
551 5605 624 5664 ab
643 5603 1120 5669 editis.Subinde
1141 5603 1381 5685 codices
1400 5588 1515 5665 duo
1534 5588 1877 5685 καταλιπεῖν.

2051 5588 2174 5685 (66)
2208 5588 2376 5669 Colb.
2426 5604 2728 5665 secundus
2760 5605 2836 5678 μὴ
2887 5603 3227 5685 κτησαμένη.
3275 5603 3394 5666 Aut
3427 5604 3600 5682 nihil,

241 5679 450 5771 Statim
488 5685 765 5776 permulti
792 5702 912 5746 mss
969 5687 1068 5752 τῆς
1101 5683 1356 5753 σελήνης.
1394 5687 1574 5748 Deest
1597 5683 1880 5746 articulus
1963 5679 2066 5746 aut
2095 5679 2297 5770 parum
2345 5686 2548 5766 refert,
2582 5685 2765 5746 addas
2785 5704 2858 5746 an
2892 5684 3173 5750 detrahas
3200 5679 3599 5762 negationem.

240 5779 299 5824 In
328 5781 581 5828 BXCUSIS.

2046 5122 2169 5200 t64)
2203 5121 2369 5184 Colb.
2399 5118 2966 5200 primusiénmoun.
3018 5118 3229 5181 Statim
3261 5118 3403 5200 duo
3459 5141 3599 5186 mss.

1966 5199 2128 5269 αὖτὴς
2163 5203 2344 5281 μέρος.
2365 5201 2592 5263 Ibidem
2627 5199 2767 5281 ξος.
2795 5199 3040 5277 quintus
3061 5217 3196 5262 cum
3222 5199 3354 5261 aliis
3371 5202 3608 5269 duobus

1967 5301 2107 5346 mss.
2148 5280 2553 5358 προδεικνύουσα
2626 5280 2780 5341 Ediii
2807 5300 2939 5342 cum
2989 5282 3343 5363 Reg._terti'o
3388 5284 3608 5363 προδει-

1967 5371 2153 5427 κνὺσα.
2187 5367 2315 5424 ΜοΧ
2351 5365 2495 5440 Reg.
2538 5370 2738 5421 sextus
2772 5365 3038 5433 σκιάζεται
3086 5361 3438 5437 αὑξανομὲνη,

2047 5445 2177 5521 (65)
2204 5443 2370 5506 Colb.
2406 5443 2632 5523 primus
2655 5458 2981 5523 παρασχεῖν.
3018 5440 3173 5503 lnfra
3207 5444 3330 5522 Reg
3385 5445 3607 5525 primus
