4098 6448
245 410 389 476 145

1364 409 1694 473 HOMILIA
1738 407 1820 472 VI
1864 409 1948 471 IN
1993 407 2552 472 HEXAEMERON.

3547 403 3681 470 146

246 556 376 606 τῶν
431 551 720 624 εἰρημένων
778 547 904 624 παρ’
989 551 1201 611 ἑαυτοῖς
1275 546 1698 624 ἀναλογίζεσθαι,
1773 544 1913 599 πόσα

2023 542 2088 603 iis
2122 548 2397 603 metiatur
2425 561 2439 605 :
2471 543 2574 604 sed
2619 560 2688 604 ex
2733 541 2939 623 paucis
2968 561 3104 620 quae
3128 542 3463 618 retulimus,
3500 562 3618 623 quo
3641 534 3676 587 ε

246 642 386 697 τινεί⁵
431 641 544 698 ἐστι
576 642 661 698 καὶ
711 638 914 707 πηλίκα
954 641 1018 696 τὰ
1072 637 1383 716 παρεθέντα,
1437 636 1522 703 Μὴ
1575 637 1744 690 τοίνυν
1781 630 1910 697 μηδέ

247 728 507 800 σελήνην
539 729 793 808 ὀφθαλμῷ
826 731 1122 805 μετρήσῃς,
1156 727 1293 783 ἆλλᾶ
1338 726 1608 804 λογισμῷ,
1642 725 1695 788 ὃς
1729 721 1915 794 πολλῴ

245 824 374 874 τῶν
409 819 695 899 ὀφθαλμῶν
752 816 1124 897 ἄκριϐἐστερός
1181 817 1290 872 ἐστι
1337 818 1467 893 πρὸς
1529 813 1779 880 ἀληθείας
1825 809 1914 866 εὕ-

248 929 436 982 ρεσιν.
475 911 636 964 Μῦθοί
679 929 818 971 τινες
891 907 1278 985 καταγέλαστοι
1331 907 1433 961 ὑπὸ
1490 901 1743 983 γραϊδίων
1802 924 1914 956 κω-

245 1000 642 1072 θωνιζομένων
723 994 1189 1076 παραληρούμενοι
1247 996 1529 1073 πανταχοῦ
1584 990 1913 1063 διεδόθησαν,

247 1085 344 1141 ὅτι
387 1087 734 1164 μαγγανείαις
766 1087 868 1141 τισὶ
929 1087 1027 1151 τῆς
1087 1087 1281 1149 οἰκείας
1326 1083 1477 1162 ἕδρας
1529 1083 1920 1148 ἁποκινηθεῖσα

250 1173 468 1242 σελένη
496 1177 624 1252 πρὸς
687 1182 790 1250 γῆν
827 1174 1200 1254 καταφέρεται.
1266 1178 1386 1235 Πῶς
1435 1172 1532 1248 μὲν
1559 1179 1644 1228 οὖν
1707 1171 1917 1238 κινήσει

250 1266 488 1340 γοήτων
539 1264 784 1334 ἔπαοιδὴ,
819 1264 887 1331 ἣν
947 1264 1104 1326 αὐτὸς
1137 1262 1484 1338 ἐθεμελίωσεν
1532 1263 1558 1317 ὁ
1619 1259 1917 1337 ”1’ψιστος,

251 1360 443 1416 Ποῖος
501 1352 545 1408 δ’
604 1353 665 1408 ἂν
707 1354 795 1411 καὶ
850 1353 1012 1415 τόπος
1071 1355 1543 1409 κατασπασθεῖσαν
1596 1349 1759 1414 αὒτὴν
1815 1347 1918 1402 ὕπ-

250 1439 486 1508 εδέξατο
524 1462 539 1516 ;
599 1441 784 1500 Βούλει
844 1441 948 1496 ἀπὸ
995 1448 1198 1519 μικρῶν
1248 1441 1551 1516 τεκμηρίων
1599 1435 1785 1492 λαϐεῖν
1830 1441 1921 1490 τοῦ

252 1533 533 1610 μεγέθους
565 1531 727 1598 αὐτῆς
784 1531 882 1596 τὴν
940 1528 1205 1594 ἀπόδειξιν
1243 1549 1259 1609 ς
1320 1531 1378 1584 Αἱ
1428 1528 1565 1584 κατὰ
1597 1526 1694 1593 τὴν
1739 1527 1919 1582 οἰκου-

250 1623 448 1696 μένην
491 1618 672 1681 πόλεις
726 1618 982 1676 πλεῖστον
1043 1617 1294 1687 ἀλλήλων
1367 1615 1740 1691 ἀπῳκισμέναι
1798 1626 1921 1678 ταῖς

251 1712 416 1767 κατὰ
447 1710 545 1775 τὴν
599 1709 864 1775 ἀνατολὴν
918 1707 1306 1784 τετραμμέναις
1360 1706 1704 1784 ῥυμοτομίαις
1756 1702 1922 1768 ἒξίσου

250 1805 446 1856 πᾶσαι
476 1799 536 1852 τὸ
566 1796 853 1864 σεληναῖον
904 1804 1014 1876 φῶς
1045 1796 1425 1876 ὑποδέχονται,
1461 1794 1567 1858 Αἷς
1603 1797 1643 1850 εἶ
1687 1795 1763 1868 μὴ
1811 1793 1923 1848 πά·

253 1908 395 1952 σαις
447 1887 849 1962 ἀντιπρόσωπος
905 1887 994 1958 ἧι,
1069 1887 1190 1946 τοὺς

253 1978 565 2031 στειωπῶν
597 1975 806 2037 πάντως
859 1973 919 2028 ἂν
977 1975 1331 2054 κατεφώτισε,
1394 1975 1515 2036 τοὺς
1545 1972 1600 2028 δὲ
1633 1973 1694 2029 τὰ
1722 1971 1923 2034 πλάτος

257 2064 441 2126 αὒτᾶς
500 2064 924 2140 ὅπερπίπτοντας
982 2062 1386 2140 ἐγκεκλιμένης
1439 2062 1498 2117 ἂν
1551 2074 1673 2122 ταῖς
1734 2062 1924 2136 αὒγατς

260 2155 364 2210 ἐπὶ
425 2153 482 2211 τὰ
540 2153 741 2228 πλάγια
821 2153 1280 2234 παραφερομέναις
1352 2148 1710 2230 προσέϐαλλεν
1770 2148 1920 2229 (73).

263 2243 464 2320 ”Οπερ
513 2243 598 2296 καὶ
657 2241 742 2296 ἐπὶ
792 2248 897 2297 τὼν
953 2241 1168 2320 λύχνων
1227 2241 1369 2296 ἔστιν
1425 2239 1560 2297 ἰδεῖν
1618 2241 1753 2296 κατὰ
1807 2241 1926 2304 τοὺς

265 2333 464 2394 οἴκους
497 2330 798 2409 γινόμενον.
865 2328 1110 2389 Ἐπειδὰν
1183 2329 1397 2391 πλείους
1459 2337 1779 2409 περιστῶσιν
1840 2333 1922 2386 αὒ-

267 2423 398 2501 τὸν,
457 2423 490 2487 ἡ
543 2421 638 2495 μὲν
684 2428 775 2478 τοῦ
829 2421 950 2477 κατ’
997 2422 1204 2477 εὒθεῖαν
1261 2420 1493 2483 ἑστῶτος
1553 2419 1676 2475 σκιὰ
1707 2420 1838 2497 πρὸς
1867 2419 1929 2473 τὸ

267 2510 455 2589 ὄρθιον
483 2510 839 2585 ἀποτείνεται,
896 2511 948 2566 αἱ
979 2507 1030 2565 δὲ
1083 2509 1272 2566 λοιπαὶ
1324 2507 1441 2565 καθ’
1489 2509 1739 2585 ἑκάτερον
1772 2506 1929 2585 μέρος

270 2599 607 2659 ἐκκλίνουσιν
660 2599 802 2678 (74).
837 2597 1043 2678 "tle-:5,

266 2689 546 2770 ὑπερέχον
575 2689 785 2768 μεγέθει
819 2690 878 2745 τό
929 2688 1245 2756 σεληνιακὸν
1303 2695 1482 2766 σῶμα,
1515 2690 1610 2745 οὒκ
1642 2684 1703 2741 ἂν
1735 2686 1931 2761 ὁμοίως

1087 2601 1129 2654 εἰ
1188 2599 1265 2673 μὴ
1329 2597 1559 2654 ἄπλετόν
1615 2618 1665 2652 τι
1721 2598 1788 2662 ἦν
1845 2595 1933 2651 καὶ

271 2783 742 2860 ἄντιπαρετείνετο
810 2788 993 2842 πᾶσιν.
1035 2781 1265 2856 Ὀμοίως
1310 2781 1410 2860 γὰρ
1456 2783 1622 2846 αὐτῆς
1679 2778 1784 2834 ἆπὸ
1828 2784 1934 2834 τῶν

269 2872 607 2950 ἰσημερινῶν
650 2871 831 2928 τόπων
883 2869 1275 2937 ἀνατελλούσης
1321 2872 1376 2926 οἳ
1427 2891 1483 2925 τε
1529 2875 1934 2947 προσοικοῦντες

271 2970 346 3040 τῇ
399 2963 777 3040 κατεψυγμένη
827 2962 914 3017 καὶ
957 2962 1059 3017 ὑπὸ
1103 2959 1230 3040 (75)
1284 2960 1378 3022 τὰς
1429 2959 1780 3038 περιστροφόις
1837 2956 1933 3024 τῆς

275 3053 482 3133 ἄρκτου
563 3052 798 3126 κείμενοι
886 3047 1373 3129 μεταλαμϐάνουσι,
1437 3071 1522 3104 και
1580 3050 1626 3104 οἱ
1684 3048 1820 3103 κατὰ
1872 3047 1937 3102 τα

272 3142 445 3223 κοῖλα
478 3141 574 3209 τῆς
621 3139 954 3217 μεσημϐρίας
1001 3145 1098 3206 τῆς
1159 3137 1580 3214 διακεκαυμένης
1642 3139 1876 3214 γείτονες
1917 3152 1929 3166 ’

2000 644 2056 695 et
2079 645 2297 715 quanta
2321 634 2438 695 sint
2486 653 2556 695 ea
2586 653 2719 714 quae
2749 635 2970 695 omissa
2999 636 3192 710 fuere,
3227 634 3382 712 apud
3411 654 3511 696 vos
3550 651 3654 694 re-

2002 734 2207 803 putare
2229 723 2578 786 debetisNe
2605 725 2787 804 igitur
2809 724 2979 786 oculo
3005 724 3206 784 lunam
3235 724 3508 804 metiare,
3543 723 3650 783 sed

1999 813 2389 892 ratione,quaa
2409 811 2478 872 ad
2501 812 2916 872 inveniendam
2937 812 3241 872 veritatem
3262 813 3452 873 oculis
3473 812 3652 888 longe

2000 901 2326 962 accuratior
2364 911 2455 964 est
2486 920 2552 962 ac
2577 902 2819 963 certior.
2845 901 3133 963 Ridiculae
3151 902 3416 982 quaedam
3439 900 3654 962 fabulae

2000 992 2074 1052 ab
2098 991 2351 1052 aniculis
2378 989 2729 1053 tumulentis
2758 991 3114 1070 insipienter
3135 990 3650 1072 confictae,ubique

2005 1082 2363 1161 pervulgatae
2383 1081 2710 1162 sunt,quod
2732 1082 2872 1142 luna
2893 1081 3389 1143 incantationibus
3407 1079 3650 1160 quibus-

2003 1170 2138 1231 dam
2170 1189 2240 1231 ex
2275 1173 2513 1250 propria
2545 1170 2689 1232 sede
2721 1184 2941 1241 emota,
2970 1171 3042 1231 ad
3079 1181 3296 1233 terram
3323 1170 3644 1233 deferatur.

2005 1259 2315 1331 Quomodo
2331 1278 2470 1337 ergo
2489 1260 2981 1341 praestigiatorum
3000 1261 3502 1322 incantamentum
3521 1277 3648 1320 eam

2005 1349 2507 1430 emovebit,quam
2532 1349 2658 1430 ipse
2682 1350 3027 1413 Altissimus
3052 1350 3343 1412 fundavit?
3366 1348 3649 1423 Quisnam

2005 1457 2145 1500 vero
2177 1439 2344 1500 locus
2373 1439 2696 1502 detractam
2758 1441 2944 1520 ipsam
2981 1441 3288 1522 suscipere
3316 1440 3654 1521 potuisset?

2007 1528 2108 1589 Vis
2133 1547 2203 1589 ex
2229 1530 2453 1609 exiguis
2502 1530 2739 1593 indiciis
2796 1531 3260 1610 magnitudinem
3297 1530 3455 1591 illius
3486 1549 3656 1591 com-

2007 1626 2234 1698 pertam
2260 1617 2707 1682 habere?Urbes
2725 1620 2888 1682 orbis
2914 1631 3422 1701 terrarum,quam
3444 1617 3661 1699 longis-

2008 1708 2158 1768 simo
2185 1709 2328 1771 licet.
2351 1711 2506 1771 inter
2530 1727 2598 1773 se
2618 1710 2841 1771 dissita;
2862 1709 3202 1783 intervallo,
3239 1728 3304 1770 ex
3332 1727 3496 1789 aequo
3523 1726 3656 1769 om-

2011 1816 2117 1858 nes
2140 1799 2198 1858 in
2227 1800 2297 1859 iis
2324 1799 2420 1879 qui
2451 1799 2665 1861 orienti
2693 1799 2929 1860 obversi
2957 1799 3284 1867 suntvicis,
3323 1801 3534 1859 lunare
3567 1797 3658 1858 lu-

1265 1886 1362 1960 μὲν
1423 1883 1505 1940 ἐπ’
1566 1883 1761 1948 εὒθείας
1821 1889 1926 1938 τῶν

2023 1905 2148 1948 men
2174 1889 2741 1968 excipiunt.Quibus
2763 1888 3039 1949 omnibus
3062 1889 3175 1949 nisi
3201 1887 3532 1968 oppositam
3567 1887 3656 1947 l'a-

2010 1976 2164 2038 ciem
2192 1977 2814 2058 haberet,angiportus
2836 1977 3076 2058 quidem
3103 1987 3262 2039 recta
3281 1977 3390 2058 ipsi
3416 1994 3660 2056 respon-

2009 2068 2218 2128 dentes
2240 2067 2482 2129 omnino
2503 2069 2849 2142 illustraret;
2890 2070 2949 2129 in
2973 2086 3077 2130 eos
3102 2087 3241 2129 vero
3264 2068 3355 2127 62
3385 2068 3486 2147 qui
3517 2066 3657 2127 lati-

2011 2157 2281 2218 tudinem
2312 2157 2502 2238 ipsius
2529 2159 3174 2231 excedunt,inclinatos
3205 2157 3408 2219 radios
3431 2163 3489 2216 in
3516 2155 3660 2216 obli-

2009 2265 2123 2327 qua
2148 2246 2422 2326 delapsos
2451 2246 2892 2309 immittereLId
2915 2247 3076 2324 quod
3102 2250 3277 2308 etiam
3300 2265 3367 2307 ex
3393 2245 3661 2307 accensis

2010 2332 2071 2396 in
2099 2334 2374 2396 domibus
2398 2335 2662 2397 lucernis
2689 2336 3010 2399 observare
3033 2334 3348 2399 licet.Nam
3375 2353 3506 2398 cum
3536 2333 3660 2415 plu-

2016 2443 2112 2486 res
2145 2424 2656 2487 circumsteterint
2704 2431 2891 2506 ipsam
2933 2427 3265 2501 lucernam,
3295 2425 3508 2486 umbra
3537 2423 3666 2503 ejus

2014 2513 2115 2593 qui
2143 2510 2374 2575 directo
2406 2523 2540 2591 stat,
2599 2517 2656 2576 in
2718 2516 3011 2578 directum
3049 2516 3389 2597 porrigitur,
3424 2513 3668 2593 reliquae

2019 2621 2161 2665 vero
2195 2603 2254 2664 in
2287 2611 2600 2684 utramque
2659 2605 2968 2668 declinant
3002 2611 3264 2686 partem.
3302 2603 3520 2685 Quare,
3550 2601 3668 2663 nisi

2017 2710 2235 2772 corpus
2269 2693 2476 2752 lunare
2509 2702 2669 2754 esset
2700 2692 3060 2755 immensum
3102 2693 3384 2773 quiddam
3419 2702 3476 2752 et
3507 2709 3664 2771 pra:-

2017 2780 2267 2862 grande,
2302 2799 2424 2842 non
2455 2781 2660 2863 utique
2703 2784 2775 2845 ad
2804 2800 3012 2844 omnes
3039 2783 3320 2843 similiter
3343 2780 3668 2842 extendere

2020 2889 2084 2931 se
2110 2871 2512 2951 posset.Enim
2541 2890 2682 2933 vero
2711 2873 2810 2952 qui
2837 2880 2894 2932 et
2924 2891 3133 2933 zonam
3158 2873 3450 2950 rigentem
3484 2888 3666 2930 acco-

2019 2960 2233 3031 lunt,et
2259 2960 2369 3022 sub
2395 2979 2549 3024 ursae
2571 2961 2669 3022 siti
2691 2972 2830 3024 sunt
2873 2960 3388 3026 conversionibus.
3425 2960 3668 3037 etjuxta

2023 3050 2297 3111 meridiei
2321 3069 2461 3111 cava
2489 3051 2664 3112 vicini
2691 3061 2828 3112 sunt
2858 3072 3022 3115 zonae
3044 3050 3306 3124 torrida},
3333 3049 3394 3111 hi
3425 3049 3560 3110 luna
3593 3047 3666 3108 ab

2021 3139 2533 3220 aequinoctialibus
2566 3139 2712 3201 locis
2747 3143 2978 3204 oriente
3011 3142 3235 3222 pariter
3265 3140 3562 3200 fruuntur:
3596 3137 3666 3198 ad

276 3239 369 3297 οἷς
406 3238 534 3288 πᾶσι
591 3231 726 3287 κατὰ
783 3232 846 3286 τὸ
889 3228 1090 3292 πλάτος
1143 3228 1599 3306 ἀντιπαρήκουσα,
1659 3227 1933 3305 σαφεστά-

2023 3248 2172 3305 quos
2203 3247 2412 3289 omnes
2436 3231 2768 3290 secundum
2793 3231 3169 3294 latitudinem
3197 3249 3266 3291 ex
3292 3229 3540 3290 adverso
3572 3246 3668 3287 ac-

275 3346 383 3390 την
462 3320 748 3400 μαρτυρίαν
810 3326 901 3376 τοῦ
975 3317 1230 3396 μεγέθους
1310 3317 1631 3396 παρέχεται.
1696 3319 1783 3378 Τίς
1845 3325 1932 3374 οὖν

2023 3317 2701 3398 cedens,magnitudinis
2726 3339 2847 3382 suae
2880 3319 3289 3383 testimonium
3319 3317 3672 3378 manilestis-

277 3414 502 3486 ἀντερεῖ
531 3410 609 3485 μὴ
660 3409 785 3490 οὒχὶ
838 3407 1177 3486 παμμέγεθες
1225 3412 1387 3473 αὒτῆς
1440 3407 1581 3462 εἶναι
1634 3407 1692 3461 τὸ
1752 3411 1930 3478 σῶμα,

277 3506 344 3561 τὸ
393 3501 732 3570 τηλικούτοις
789 3503 921 3575 ὁμοῦ
970 3502 1059 3556 καὶ
1102 3499 1370 3561 τοσούτοις
1431 3495 1548 3553 δτασ
1584 3499 1785 3572 ἤμασιν
1848 3496 1936 3561 ἐξ·-

282 3596 566 3670 ισούμενον
602 3614 617 3669 ;
654 3595 748 3651 Καὶ
779 3593 844 3648 τὰ
876 3593 973 3668 μὲν
1013 3594 1123 3670 περὶ
1153 3591 1392 3669 μεγεθῶν
1449 3589 1600 3658 ἡλίου
1647 3591 1735 3646 καὶ
1766 3587 1936 3658 σελή-

280 3708 387 3753 νης
435 3684 517 3741 ἐπὶ
561 3685 835 3744 τοσοῦῖον.
888 3681 1052 3757 Ἡμῖν
1085 3680 1138 3737 δὲ
1169 3684 1196 3737 ὁ
1225 3678 1587 3761 χαρισάμενος
1620 3677 1852 3734 διάνοιαν
1883 3677 1942 3733 ἐκ

280 3779 396 3832 τῶν
428 3773 758 3852 μικροτάτων
801 3775 897 3838 τῆς
941 3773 1163 3834 κτίσεως
1210 3772 1306 3838 τὴν
1341 3768 1583 3846 μεγάλην
1631 3775 1722 3824 τοῦ
1753 3767 1939 3847 τεχνί-

281 3888 380 3922 του
413 3865 596 3942 σοφίαν
631 3861 758 3938 (⁵76)
800 3862 1253 3937 καταμανθάνειν,
1297 3859 1569 3937 παράσχοι
1627 3858 1715 3913 καὶ
1746 3858 1804 3914 ἐκ
1837 3864 1940 3913 τῶν

283 3952 542 4032 μεγάλων
574 3953 816 4028 μείζονας
861 3948 1148 4026 λαμϐάνειν
1193 3950 1284 4014 τὰς
1327 3949 1528 4011 ἐννοίας
1575 3953 1666 4003 τοῦ
1719 3947 1939 4002 κτίσαν-

280 4066 404 4106 τος.
441 4042 684 4118 Καίτοι-ίε
718 4043 982 4118 συγκρίσει
1031 4046 1122 4096 τυῦ
1166 4045 1394 4106 ποιητοῦ
1434 4036 1580 4103 ἥλιος
1612 4038 1700 4092 καὶ
1735 4035 1938 4105 σελήνη

282 4128 508 4209 ἐμπίδος
553 4132 639 4185 καὶ
696 4131 976 4206 μύρμηκος
1023 4129 1277 4210 ἐπέχουσι
1336 4127 1495 4205 λόγον
1536 4126 1689 4204 (77).
1726 4125 1796 4182 0'3
1843 4126 1941 4203 γὰρ

283 4223 434 4278 ἔστιν
467 4217 610 4282 ἀξίαν
641 4226 734 4273 τοῦ
764 4217 1016 4294 μεγέθους
1062 4226 1153 4274 τοῦ
1198 4226 1330 4276 Θεοῦ
1380 4218 1485 4272 τῶν
1523 4215 1662 4271 ὅλων
1695 4215 1754 4272 ἐκ
1812 4216 1939 4272 τού-

288 4333 399 4368 των
430 4305 621 4362 λαϐεῖν
661 4308 761 4373 τὴν
793 4308 1034 4382 θεωρίαν,
1071 4306 1207 4362 ἀλλὰ
1258 4320 1478 4382 μικραῖς
1509 4328 1616 4362 τισι
1663 4305 1752 4361 καί
1796 4307 1944 4379 ἀμυ-

2021 3407 2238 3468 simum
2269 3407 2518 3487 praibet.
2549 3407 2695 3480 Quis
2723 3409 2900 3488 igitur
2933 3410 3159 3470 inficias
3183 3409 3319 3470 ierit
3343 3407 3669 3469 maximum

2023 3514 2155 3558 esse
2188 3497 2375 3575 ipsius
2407 3515 2791 3576 corpus,cum
2821 3507 2903 3559 tot
2935 3518 3005 3560 ac
3038 3499 3214 3560 tantis
3245 3498 3420 3559 simul
3449 3498 3640 3559 distan

2024 3585 2125 3646 tiis
2151 3585 2536 3662 adaequetur?
2559 3585 2629 3646 Et
2650 3587 2893 3663 quidem
2921 3587 2997 3649 de
3023 3588 3164 3648 sols
3186 3606 3256 3648 ac
3279 3587 3671 3666 lunzemagni-

2026 3674 2235 3736 tudine
2261 3675 2574 3738 hactenus.
2600 3680 2889 3738 Caeterum
2923 3677 3029 3754 qui
3053 3696 3179 3737 eam
3216 3676 3669 3754 intelligentiam

2027 3764 2331 3839 tribuit,ut
2364 3783 2432 3824 ex
2465 3765 2727 3825 minimis
2751 3765 2933 3826 rebus
2955 3767 3173 3828 creatis
3197 3784 3466 3845 magnam
3494 3765 3671 3846 opiﬁ-

2024 3853 2110 3915 cis
2135 3854 2485 3934 sapientiam
2519 3855 3264 3924 condisceremus,tribuat
3295 3857 3471 3917 etiam
3508 3863 3568 3915 ut
3598 3872 3671 3915 ex

2027 3944 2256 4024 magnis
2279 3945 2505 4023 majora
2524 3944 2596 4005 de
2617 3954 2883 4006 creatore
2899 3946 3146 4005 suntiam
3157 3964 3225 4005 us
3240 3943 3678 4021 concipiamus-

2027 4030 2506 4115 que.Quanquam
2531 4034 2858 4095 conditm-is
2883 4055 3011 4095 com
3025 4034 3444 4115 paratione,so|
3471 4035 3678 4096 etluna

2027 4123 2232 4185 colicis
2252 4140 2318 4183 ac
2345 4122 2610 4183 formicae
2637 4123 2925 4185 rationem
2963 4123 3256 4184 obtinent.
3283 4124 3458 4186 Notio
3483 4125 3675 4204 siqui-

2029 4213 2163 4272 dem
2196 4231 2330 4290 quze
2356 4212 2462 4274 Dei
2494 4213 2912 4274 universorum
2943 4213 3347 4293 magnitudine
3373 4213 3546 4292 digna
3575 4214 3673 4287 sit,

2029 4322 2099 4364 ex
2133 4304 2207 4364 llS
2231 4301 2465 4363 desumi
2497 4321 2613 4362 non
2640 4303 2968 4382 potestzsed
2999 4323 3066 4365 ex
3093 4303 3288 4383 parvis
3321 4305 3674 4383 quibusdam

288 4397 446 4478 δραῖς
481 4395 743 4473 ἐμφάσεσι
777 4392 843 4450 δι’
880 4398 1050 4453 αὒτιῦν
1099 4392 1517 4472 προῗιϐασθῆναι
1573 4393 1721 4474 (78),
1769 4393 1933 4469 diana;

2030 4402 2088 4452 et
2113 4392 2400 4452 tenuibus
2426 4391 2664 4452 indiciis
2691 4411 2796 4472 per
2825 4394 2946 4474 ipsa
2973 4393 3474 4473 quemadmodum
3496 4403 3551 4456 et
3577 4413 3682 4474 per

291 4488 385 4544 καὶ
426 4483 493 4541 δι’
542 4485 762 4540 ἑκάστου
793 4484 898 4540 τῶν
944 4484 1278 4562 μικροτάτων
1310 4483 1362 4537 ἐν
1394 4487 1550 4554 ζώοις
1585 4482 1620 4550 ἢ
1680 4482 1732 4537 ἐν
1775 4483 1933 4558 βοτα-

2033 4481 2269 4561 singula
2303 4482 2696 4542 minutissima
2723 4481 3134 4559 animalia,aut
3163 4485 3336 4544 etiam
3367 4503 3468 4564 per
3496 4484 3684 4545 minu-

295 4598 439 4639 ναις.
500 4573 871 4652 Ἀρκεσθῶμεν
922 4586 1038 4636 τοῖς
1108 4571 1407 4652 εἶρημὲνοις
1449 4597 1456 4604 ·
1516 4572 1622 4649 ἐγὼ
1655 4573 1752 4646 μὲν
1787 4573 1949 4652 εὔχα-

297 4665 554 4744 ριστήσας
609 4670 685 4737 τῷ
741 4663 842 4729 τὴν
898 4664 1087 4740 μικράν
1134 4683 1224 4736 μοι
1284 4662 1483 4726 ταύτην
1535 4659 1800 4716 διακονίαν
1858 4662 1951 4715 τοῦ

297 4753 463 4834 λόγοῦ
518 4752 892 4833 χαρισαμὲνῳ,
964 4753 1122 4827 ὑμεῖς
1191 4749 1245 4807 δὲ
1303 4755 1379 4824 τῷ
1430 4749 1760 4830 διατρέφοντι
1815 4751 1948 4823 ὑμᾶς

298 4856 424 4906 ταῖς
476 4854 864 4917 πνευματικαῖς
925 4854 1171 4921 τροφαῖς,
1255 4841 1312 4905 ὃς
1374 4841 1458 4896 καὶ
1520 4849 1606 4897 νῦν
1649 4840 1782 4913 ὕμᾶς
1832 4843 1950 4896 οἷον

302 4932 517 5011 κριθίνῳ
559 4933 659 4986 τινὶ
689 4931 831 5009 ἄρτῳ
879 4936 948 5006 τῇ
1005 4929 1240 5003 εὐτελείᾳ
1288 4933 1386 4998 τῆς
1445 4927 1708 5006 ἡμετέρας
1771 4935 1950 5008 φωνῆς

301 5021 540 5099 διέθρεψε
576 5034 590 5049 ·
626 5021 714 5075 καὶ
757 5017 1023 5097 διατρέφοι
1070 5041 1132 5097 γε
1177 5021 1250 5082 εἰς
1302 5019 1404 5098 ὄιεὶ³
1438 5018 1575 5074 κατὰ
1603 5017 1702 5084 τὴν
1749 5017 1946 5075 ἄναλο-

308 5235 502 5316 secuti
523 5254 729 5296 sumus
753 5235 1056 5302 Duceeum.
1085 5233 1184 5316 qui
1209 5232 1422 5316 aitlegi
1444 5235 1727 5316 oportere
1751 5253 1958 5316 μεῖρη-

306 5313 533 5377 1:.Vult
559 5333 769 5377 rursus
793 5317 877 5376 vir
900 5313 1283 5377 doctissimus
1302 5315 1417 5393 legi
1451 5314 1547 5374 hic
1575 5313 1796 5393 debere
1827 5313 1959 5367 ἀνα-

310 5396 615 5473 λογίσησθε.
656 5415 773 5458 ηοιι
805 5397 1213 5474 ἀναλογίσασθε,
1242 5403 1306 5456 ut
1339 5391 1398 5455 in
1424 5392 1674 5469 vulgatis
1706 5391 1962 5453 habetur

309 5475 425 5536 Sed
461 5478 649 5536 nostri
683 5496 891 5540 novem
922 5495 1061 5539 mss.
1099 5495 1297 5553 neque
1320 5475 1727 5551 ἀναλογίσησθε,
1767 5489 1962 5552 ηθίιιιθ

315 5556 698 5638 ἀναλογίσασθε
732 5557 1078 5638 praeferunt,
1115 5559 1218 5617 sed
1242 5555 1665 5638 ἀναλογίζεσθαι,

395 5633 524 5715 (73)
553 5640 638 5700 Ita
667 5633 834 5698 multi
869 5655 1011 5698 mss.
1045 5639 1122 5699 At
1155 5637 1295 5698 editi
1327 5633 1670 5715 προσέϐαλεν.

400 5712 524 5797 (74)
577 5716 690 5780 Sex
749 5735 890 5778 mss.
969 5717 1318 5797 ἐκκλίνουσιν.
1607 5712 1955 5797 ἐγκλίνουσιν,

321 5792 445 5860 Mox
469 5792 702 5878 septem
738 5803 1107 5877 mss.pra3ter
1135 5795 1401 5860 Combel'.
1436 5794 1666 5853 ἄπλετόν
1694 5792 1961 5856 τι.Αὶ)εει

2031 4571 2290 4631 tissimas
2322 4571 2538 4631 herbas
2565 4571 3016 4634 incitamur.His
3053 4593 3181 4655 quae
3214 4573 3368 4634 dicta
3405 4573 3681 4654 fuerc,si-

2033 4679 2164 4720 mus
2186 4658 2601 4739 contentiEgo
2625 4661 2867 4742 quidem
2893 4667 3108 4739 gratias
3130 4682 3236 4739 ago
3263 4664 3448 4740 ei,qui
3473 4663 3683 4743 exigu-

2033 4768 2127 4810 am
2154 4749 2307 4810 hanc
2336 4748 2502 4810 verbi
2526 4751 3109 4812 administrationem
3139 4751 3281 4812 mihi
3316 4752 3683 4830 impertivit;

2034 4857 2132 4897 vos
2166 4857 2304 4898 vero
2331 4846 2530 4917 grates
2565 4840 2912 4918 persolvetis
2944 4841 2999 4902 ei
3033 4846 3129 4921 qui
3156 4860 3256 4900 vos
3282 4841 3687 4920 spiritualibus

2035 4929 2219 4988 nutrit
2237 4928 2672 5008 alimentis,qui
2697 4928 2875 4990 etiam
2907 4946 3062 4991 nunc
3090 4946 3191 4989 vos
3215 4931 3374 4990 vocis
3395 4948 3543 4990 meae
3563 4931 3686 4991 exi-

2033 5018 2196 5080 litate
2231 5028 2504 5098 tanquam
2563 5017 2896 5080 hordeaceo
2949 5018 3208 5099 quodam
3263 5037 3415 5099 pane
3450 5026 3683 5081 enutri-

2043 5257 2092 5289 τι
2123 5232 2196 5293 ab
2231 5233 2426 5297 editis.

2129 5313 2478 5403 (7.5)liditio
2518 5314 2703 5403 Basil.
2762 5333 2894 5403 cum
2941 5315 3203 5394 quinque
3259 5333 3398 5375 mss.
3433 5317 3521 5370 καὶ
3567 5317 3688 5374 ᾃπὸ.

2045 5393 2240 5454 Editio
2275 5396 2460 5456 Paris.
2498 5399 2586 5452 καὶ
2617 5400 2660 5452 οἳ
2689 5397 2812 5452 ὑπό.

2131 5474 2260 5553 (76)
2293 5473 2373 5535 Ita
2427 5494 2640 5536 novem
2687 5492 2828 5536 mss.
2863 5473 2936 5536 At
2967 5475 3108 5536 editi
3143 5477 3386 5553 μεγάλη-ι
3422 5484 3511 5532 τσῦ
3557 5484 3690 5531 Θεοῦ

2045 5555 2230 5633 σοφίαν
2245 5603 2258 5616 .

2127 5635 2244 5712 (77,
2285 5637 2409 5698 Duo
2438 5654 2581 5697 mss.
2612 5637 2798 5716 ἔχουσι
2823 5635 3003 5716 λύγον,

2128 5715 2252 5795 (78)
2284 5716 2534 5778 Codices
2566 5712 2679 5778 sei
2706 5714 3180 5794 προσϐιϐασθῆναι.
3215 5715 3370 5778 Edill
3396 5731 3526 5776 cum
3561 5712 3694 5776 aliis

2045 5793 2241 5859 tribus
2268 5815 2410 5859 mss.
2448 5795 2887 5877 προϐιϐααθῆναι,
