4098 6440
286 323 416 419 ιίο

1372 348 1712 418 ΗΟΜΙΙΑΙᾸ
1743 343 1854 418 VII
1873 352 1879 354 ”
1895 348 1976 416 ΙΝ
2020 348 2584 418 ΗΕΧᾹΕΜΕΒΟΝ.

3557 353 3692 432 159,

277 509 512 574 κοῦντα,
546 498 669 554 οἶον
700 495 872 576 φῶκαι
930 497 1017 551 καὶ
1066 492 1307 572 δελφῖνες
1362 494 1450 548 καὶ
1509 493 1715 571 νάρκαι,
1754 492 1843 548 καὶ
1873 489 1914 546 τέ

2023 493 2140 566 tur,
2195 495 2254 548 ut
2310 489 2557 569 phocae,
2616 489 2979 571 delphines,
3041 491 3404 570 torpedines,
3469 498 3528 551 et
3573 491 3677 554 his

266 587 447 662 ὃμοια
498 590 726 660 τούτοις,
763 588 826 643 τὰ
870 583 1076 662 σελοχη
1122 583 1408 660 λεγόμενα,
1455 584 1514 638 οὗ
1577 582 1640 638 τὰ
1683 582 1917 653 ὧάτόκα,

262 680 418 759 ἅπερ
474 667 582 736 ἐστὶ
639 679 810 734 πάντα
855 673 1051 755 σχεδὸν
1107 679 1210 730 τῶν
1259 673 1458 753 ἰχθύων
1508 672 1572 728 τὰ
1613 672 1766 751 γένη;
1819 673 1921 752 οὐχ

260 769 378 828 ὅσα
423 767 709 842 λεπιδωτὰ,
745 767 849 846 ούχ
893 765 990 821 ὅσα
1048 761 1311 843 φολιδωτὰ
1365 761 1525 842 (85),
1561 764 1666 842 οὔχ
1697 766 1780 828 οἷς
1811 763 1922 818 ἐστι

258 849 534 939 πτερύγια
567 860 652 916 καὶ
694 857 781 920 οἷς
814 857 890 932 μή
923 859 1090 927 hama;
1122 853 1186 912 Ἠ
1221 854 1317 929 μὲν
1350 854 1500 934 φωνὴ
1544 861 1633 910 τοῦ
1681 854 1921 931 προστά-

257 974 484 1028 γματος
547 949 731 1026 μικρὰ,
815 944 1018 1022 μᾶλλον
1076 942 1129 1000 δὲ
1189 941 1304 1000 ούδὲ
1362 943 1530 1022 φωνὴ,
1603 942 1741 1000 ἀλλά
1784 943 1923 1020 ῥοπὴ

257 1041 443 1115 μόνον
501 1041 587 1095 καὶ
630 1039 770 1117 ὁρμὴ
833 1046 926 1094 τοῦ
982 1033 1306 1110 θελήματοςο
1356 1035 1416 1090 τὸ
1483 1032 1536 1089 δὲ
1579 1040 1676 1100 τῆς
1736 1034 1790 1089 ἐν
1847 1041 1923 1107 τῷ

256 1131 648 1207 προστάγματι
681 1127 911 1190 διανοίας
942 1124 1250 1205 πιρὸλύχουν
1298 1126 1546 1182 τοσοῦτόν
1592 1126 1754 1188 ἐστιν,
1803 1123 1918 1180 ὅσαι

253 1221 359 1275 καὶ
420 1218 540 1298 (86)
589 1221 639 1275 αἰ
682 1220 788 1274 τῶν
818 1218 1014 1297 ἰχθύων
1046 1213 1284 1293 διαφοραὶ
1332 1216 1422 1271 καὶ
1467 1215 1800 1282 κοινότητες,
1837 1216 1919 1276 οἷς

253 1315 408 1366 πᾶσι
468 1308 537 1365 δι’
597 1306 863 1386 ἀκριϐείας
944 1304 1244 1370 ἐπεξελθεῖν
1299 1303 1421 1360 ἴσον
1483 1304 1598 1359 ἔστι
1675 1304 1761 1358 καὶ
1819 1302 1919 1356 κύ-

251 1420 421 1471 ματα
443 1398 703 1475 πελάγους
737 1398 1168 1471 ἀπαριθμετσθαι,
1226 1394 1260 1462 ἢ
1308 1395 1430 1455 ταῖς
1489 1393 1733 1455 κοτύλαις
1792 1413 1919 1447 πει-

249 1491 463 1564 ρᾶσθαι
499 1489 558 1543 τὸ
611 1485 745 1564 ὕδωρ
802 1487 902 1552 τῆς
957 1483 1228 1548 θαλὶσηης
1293 1483 1636 1558 ἀπομετρεϊν.
1687 1483 1916 1563 Ἐξαγα-

246 1575 416 1652 γέτω
459 1578 523 1632 τὰ
552 1575 712 1632 ὕδατα
744 1576 960 1652 ἑρπετά.
1003 1573 1092 1629 Ἐν
1124 1575 1329 1634 τούτοις
1384 1572 1460 1628 ἔνι
1515 1574 1581 1628 τὰ
1633 1572 1865 1652 πελάγια
1900 1625 1914 1653 ,

245 1665 327 1720 τὰ
367 1663 691 1742 αἷγιαλώδη,
738 1665 804 1719 τὰ
849 1662 1022 1738 βύθια,
1056 1663 1121 1717 τὰ
1151 1660 1422 1741 πετρώδη,
1453 1663 1517 1718 τὰ
1576 1662 1918 1742 ἀγελαῖα,τὰ

236 1752 585 1831 σποραδικὰ,
651 1754 716 1808 τὰ
765 1751 930 1832 κήτη,
983 1753 1047 1808 τὰ
1094 1751 1361 1829 ὑπέρογκα
1412 1800 1427 1830 ,
1493 1753 1556 1807 τὰ
1620 1752 1917 1809 λεπτότατα

2007 576 2245 646 similia,
2303 597 2439 655 quas
2484 579 2767 641 dicuntur
2825 579 3286 656 cartilaginosa?
3339 596 3539 640 onnon
3600 596 3673 640 ea

2008 667 2442 745 comprehensa
2470 679 2609 732 sunt
2634 679 2776 731 sunt
2805 689 2938 747 quas
2978 688 3083 732 ova
3109 668 3676 750 edunt.qualiasunt

2007 755 2208 817 omnia
2229 757 2352 818 fere
2369 757 2628 837 piscium
2658 767 2909 837 genera?
2923 778 3122 821 nonne
3141 776 3521 840 squammosa
3541 776 3670 818 om-

2011 843 2138 906 nia?
2168 862 2366 907 nonne
2404 851 2606 908 omnia
2637 848 2958 911 corticosa?
2978 868 3177 910 nonne
3212 848 3428 929 quibus
3457 847 3665 908 insunt

2011 931 2224 1012 pinnze.
2267 945 2327 997 et
2355 935 2714 1011 quibusnon
2748 940 2914 998 sunt?
2942 937 3062 1000 Vox
3095 939 3336 1019 quidem
3381 932 3666 1018 praecepti

2011 1024 2333 1100 parva,imo
2369 1043 2441 1086 ne
2474 1044 2583 1086 vox
2615 1026 2880 1106 quidem,
2905 1029 3009 1089 sed
3038 1029 3236 1090 solum
3266 1037 3440 1090 nutus
3465 1035 3524 1089 et
3555 1045 3659 1087 vo-

2007 1110 2555 1193 luntatisimpetus:
2591 1124 2648 1176 at
2679 1135 2816 1178 vero
2845 1120 3314 1200 sententiae,quze
3343 1120 3399 1179 in
3429 1135 3661 1198 praece-

2007 1211 2106 1280 pto
2129 1203 2622 1283 delitescit,tanta
2653 1217 2745 1268 est
2767 1214 3043 1282 varietas,
3066 1217 3286 1285 quanta
3308 1217 3367 1270 et
3399 1209 3525 1288 ipsa
3557 1205 3656 1285 pi-

2004 1292 2196 1352 scium
2231 1291 2697 1368 diﬂ'erentia,aut
2721 1298 3144 1370 societas.Quae
3166 1298 3369 1360 omnia
3384 1305 3659 1360 accurate

2003 1382 2606 1462 recensere,perinde
2629 1395 2716 1446 est
2735 1394 2914 1462 atque
2937 1389 2983 1449 si
3002 1387 3294 1468 quispiam
3328 1390 3542 1450 ﬂuctus
3563 1405 3661 1467 pe-

2003 1469 2115 1544 lagi
2150 1489 2528 1544 enumerare,
2557 1484 2656 1534 aut
2690 1494 2902 1538 manus
2930 1479 3059 1539 vola
3083 1496 3295 1557 aquam
3327 1477 3507 1538 maris
3544 1476 3654 1536 ad-

2006 1561 2216 1620 meteri
2248 1564 2956 1628 conaretur.Prod-ucant
2985 1586 3160 1646 aqua:
3191 1566 3542 1644 reptiliadn
3569 1567 3661 1628 his

2002 1657 2138 1709 sunt
2165 1649 2889 1731 pelagia,littorea,aliain
2914 1658 3208 1734 profundo
3240 1656 3661 1735 degentia,alia

2004 1739 2192 1817 petris
2223 1741 2593 1802 adhaerentia
2625 1766 2636 1801 :
2669 1752 2808 1803 sunt
2847 1747 3132 1824 gregalia,
3165 1745 3445 1823 solivaga,
3490 1754 3649 1818 cete,

240 1841 359 1907 τῆν
397 1841 619 1919 ἰχθύων,
671 1847 748 1916 Τῇ
803 1842 902 1919 γὰρ
960 1845 1092 1915 tat-31?,
1151 1838 1391 1918 δυνάμει,
1424 1843 1511 1896 καὶ
1542 1848 1616 1914 τῷ
1646 1841 1750 1912 ἴσῳ
1780 1865 1914 1918 προ-

2006 1828 2243 1890 maximi
2274 1837 2332 1889 et
2371 1833 2747 1894 minutissimi
2801 1834 3013 1912 pisces.
3064 1835 3236 1896 Enim
3271 1853 3407 1896 vero
3438 1840 3655 1893 virtute

241 1929 560 2006 στάγματι,
619 1929 680 1985 τό
751 1951 807 1984 τε
877 1929 1015 2005 μέγα
1058 1931 1145 1984 καὶ
1205 1931 1264 1984 τὸ
1328 1931 1514 2002 μικρὸν
1566 1929 1916 2010 μεταλαγχά,

242 2030 341 2073 νεῖ
401 2024 497 2074 τοῦ
537 2017 703 2077 εἶναι.
741 2016 1076 2096 Ἐξαγαγέτω
1124 2019 1186 2073 τὰ
1235 2016 1416 2074 ὕδατα.
1466 2016 1679 2084 ’Ἔδειξέ
1711 2041 1792 2075 σοι
1822 2022 1920 2086 τὴν

205 2107 490 2187 ,φυσικὴν
580 2108 682 2163 τῶν
754 2114 964 2174 νηκτῶν
1051 2109 1179 2183 πρὸς
1237 2109 1298 2163 τὸ
1380 2107 1514 2186 ὕδωρ
1589 2109 1917 2185 σῦγγένειαν.

245 2193 340 2251 διὸ
396 2194 528 2276 (87)
590 2198 775 2274 μικρὸν
835 2200 880 2252 οἱ
937 2195 1118 2275 ἰχθύες
1179 2197 1530 2276 χωρισθέντες
1589 2206 1682 2256 τοῦ
1735 2197 1922 2262 ὕδατος

247 2283 676 2365 διαφθείρονται.
757 2285 884 2343 Οὗδὲ
961 2288 1057 2363 γὰρ
1084 2281 1335 2366 ἔχουσιν
1415 2287 1685 2354 ἀναπνοὴν
1722 2334 1736 2361 ,
1785 2287 1920 2344 ὥστε

245 2375 439 2433 ἕλκειν
493 2377 584 2432 τὸν
645 2375 774 2454 ἀέρα
830 2383 1039 2434 τοῦτον·
1097 2374 1215 2431 ἀλλ’
1275 2375 1403 2445 ὅπερ
1465 2389 1583 2438 τοϊς
1644 2377 1922 2456 χερσαίοις

247 2465 407 2522 ἐστὶν
482 2464 608 2544 ἀὴρ,
661 2472 815 2522 τοῦτο
875 2474 952 2540 τῷ
1009 2465 1206 2541 πλωτῷ
1264 2465 1403 2542 γένει
1459 2467 1520 2522 τὸ
1569 2463 1726 2542 ὕδωρ.
1760 2468 1919 2536 Καὶὴ

248 2555 404 2612 αἰτία
454 2553 617 2624 δήλη,
688 2555 820 2612 ’Ὅτι
877 2558 1016 2631 ἡμτν
1067 2555 1162 2629 μὲν
1220 2558 1245 2611 ὁ
1317 2557 1566 2628 πνεύμων
1632 2556 1865 2634 ἔγκειται
1900 2604 1915 2630 ,

251 2645 451 2724 ἀραιὸν
498 2646 585 2701 καὶ
645 2643 944 2714 πολύπορον
1005 2644 1340 2725 σπλάγχνον,
1377 2646 1403 2700 ὃ
1434 2643 1516 2700 διὰ
1561 2650 1658 2712 τῆς
1690 2653 1780 2703 τοῦ
1811 2645 1920 2702 θώ-

252 2756 427 2812 ρακος
478 2732 764 2800 διαστολῆς
812 2737 902 2790 τὸν
962 2734 1089 2812 ἀέρα
1139 2733 1455 2814 δεχόμενον,
1488 2736 1549 2792 τὸ
1593 2734 1738 2791 ἔνδον
1763 2737 1919 2810 ἡμῶν

253 2823 460 2902 θερμὸν
504 2821 807 2900 διαῤῥιπίζει
855 2825 943 2880 καὶ
1021 2824 1310 2904 ἀναψύχει·
1385 2823 1604 2888 ἐκείνοις
1635 2823 1690 2880 δὲ
1733 2827 1767 2892 ἡ
1815 2828 1920 2880 τῶν

253 2912 546 2991 βραγχίων
597 2910 852 2980 διαστολή
883 2920 896 2929 “
938 2915 1025 2969 καὶ
1091 2911 1358 2978 ἐπίπτὺξις
1399 2961 1414 2985 ,
1467 2911 1776 2994 δεχομένων
1859 2916 1921 2971 τὸ

252 2999 399 3081 ὕδωρ
450 3003 537 3057 καὶ
594 2999 854 3072 διιέντων,
913 3004 1002 3058 τὸν
1035 3007 1130 3068 τῆς
1161 3002 1434 3068 ἀναπνοῆς
1466 3001 1628 3080 λόγον
1658 3003 1918 3070 ἀποπλη-

256 3104 374 3169 ροῖ,
429 3088 600 3156 ’Ἰδιος
655 3090 853 3168 κλῆρος
912 3097 1018 3148 τῶν
1084 3092 1304 3172 ἰχθύων,
1360 3091 1461 3148 ἰδία
1521 3093 1696 3165 φύσις,
1751 3091 1918 3149 δίαιτα

252 3180 667 3260 κεχωρισμένη,
703 3179 1002 3259 ἷδιότροπος
1061 3183 1094 3248 ἡ
1153 3182 1288 3252 ζωή,
1333 3183 1428 3237 Διὰ
1473 3190 1626 3239 τοῦτο
1679 3181 1972 3277 068‘s1t-C

241 3269 593 3325 θασσεύεσθαί
643 3292 692 3326 τι
749 3275 856 3324 τῶν
902 3268 1115 3336 νηκτῶν
1165 3267 1545 3349 καταδέχεται,
1601 3268 1716 3326 ούδὲ
1771 3268 1910 3328 ὅλως

253 3357 515 3432 ὑπομένει
547 3360 728 3438 χειρὸς
774 3358 1103 3436 ἀνθρωπίνης
1136 3357 1391 3426 ἐπιϐολὴν

331 3447 394 3509 2.
447 3445 790 3525 Ἐξαγαγέτω
838 3450 902 3503 τὰ
961 3446 1121 3504 ὕδατα
1199 3446 1389 3525 ἑρπετὰ
1460 3451 1654 3527 ψυχῶν
1723 3448 1912 3519 ζωσῶν

246 3538 387 3593 κατά
450 3537 624 3614 γένος.
687 3535 946 3594 Ἐκάστού
1032 3537 1218 3613 γένους
1298 3537 1424 3599 τὰς’
1477 3537 1728 3615 ἀπαρχὰς
1804 3543 1910 3609 νῦν,

251 3627 415 3682 οἱονεὶ
471 3625 749 3704 σπέρματά
792 3649 909 3682 τινα
963 3629 1058 3694 τῆς
1119 3626 1348 3704 φύσεως,
1409 3623 1774 3702 προϐληθῆναι
1823 3647 1911 3680 κεο

251 3713 396 3770 λεύει
441 3713 586 3790 (88)·
649 3717 708 3771 τὸ
765 3714 819 3771 δὲ
867 3715 1066 3782 πλῆθος
1122 3714 1291 3770 αὖτῶν
1350 3715 1402 3771 ἐν
1462 3721 1530 3790 τῇ
1577 3715 1710 3787 μετὰ
1756 3720 1914 3769 ταῦτα

248 3802 482 3883 διαδοχῇ
538 3806 867 3883 ταμιεύεται,
905 3803 1028 3860 ὅταν
1082 3804 1388 3869 αὐξάνεσθαι
1452 3804 1584 3859 αὔτα
1642 3805 1730 3859 καὶ
1779 3803 1916 3880 πλῃ-

249 3891 490 3950 θύιεοθαι
549 3893 664 3970 δὲῃ,
715 3893 929 3951 ’Ἄλλου
983 3894 1166 3971 γένους
1225 3896 1331 3949 ἐστὶ
1393 3895 1458 3949 τὰ
1516 3891 1910 3970 ὀστρακόδερμα

249 3986 771 4062 προσαγορευόμενα.
825 3984 943 4040 οἷον
1006 4006 1234 4061 κόγχαι,
1284 3986 1368 4038 καὶ
1431 3989 1634 4054 κτένες,
1689 3985 1774 4038 καὶ
1822 4006 1908 4038 κο-

251 4069 407 4150 χλίαι
459 4071 760 4140 θαλάσσιοι,
818 4076 905 4130 καὶ
964 4071 1241 4151 στρόμϐοι,
1303 4074 1392 4129 καὶ
1447 4074 1497 4128 αἱ
1557 4076 1733 4149 μυρίαι
1804 4074 1909 4128 τῶν

247 4160 481 4231 ὀστρέων
541 4161 803 4242 διαφοραί,
843 4161 1027 4219 ’Ἄλλο
1079 4161 1239 4217 πάλιν
1299 4163 1442 4238 παρὰ
1489 4170 1655 4218 ταῦτα
1728 4163 1902 4240 γένος,

250 4251 315 4306 τὰ
352 4250 774 4329 μαλακόστρακα
805 4250 1223 4330 προσειρημένα,
1281 4249 1523 4328 κάραϐοι,
1581 4254 1667 4308 καὶ
1721 4266 1906 4328 καρκῒ-

250 4361 351 4407 νοι,
394 4342 480 4396 καὶ
511 4341 575 4396 τὰ
607 4341 955 4420 παραπλήσια
998 4341 1228 4403 τούτοις.
1266 4338 1499 4418 ’Ἕτερον
1549 4342 1689 4415 παρά
1742 4342 1908 4397 ταῦτα

249 4429 403 4504 γένος
440 4430 551 4486 ἐστὶ
597 4432 662 4485 τὰ
713 4430 950 4507 μαλάκια
1009 4428 1145 4485 οὕτω
1205 4430 1717 4511 προσαγορευθέντα,
1769 4429 1909 4486 ὅσων

249 4517 281 4582 ἦ
343 4517 472 4595 σὰρξ
525 4518 708 4586 ἀπαλὴ
775 4521 854 4576 διαὶ
925 4520 1125 4599 χαύνη·
1190 4516 1506 4591 πολύποδες,
1559 4521 1642 4574 καὶ
1695 4523 1906 4598 σηπίαι,

2006 1918 2213 1978 eadem
2234 1927 2291 1979 et
2306 1921 2516 1998 aequali
2531 1933 2824 2003 prrecepto
2841 1926 3060 1986 animal
3086 1935 3212 1987 tum
3231 1942 3505 2002 magnum
3524 1933 3651 1985 tum

2007 2025 2250 2084 parvum
2270 2010 2326 2070 in
2351 2010 2544 2071 lucem
2573 2012 3146 2078 editur.Producunt
3171 2011 3658 2092 aquw.Ostendit

2009 2095 2111 2155 tibi
2142 2114 2273 2158 eam
2309 2117 2482 2178 quam
2505 2101 2766 2163 natatilia
2787 2123 2918 2164 cum
2952 2105 3124 2185 aquis
3157 2103 3377 2165 habent
3405 2101 3655 2164 al'linita-

2009 2193 2354 2268 tenuesque
2387 2191 2577 2268 pisces
2601 2193 2901 2270 paululum
2933 2195 3005 2254 ab
3027 2213 3180 2271 aqua
3216 2192 3652 2271 semoti,inter-

2011 2285 2170 2336 eunt.
2227 2278 2433 2357 Neque
2465 2280 2624 2340 enim
2655 2280 2802 2362 ipsis
2831 2282 2988 2344 inest
3019 2283 3358 2362 respiratio,
3400 2292 3462 2340 ut
3493 2283 3652 2343 hunc

2011 2365 2240 2441 possint
2275 2369 2512 2429 trahere
2541 2388 2739 2430 aerem
2774 2389 2787 2433 :
2825 2373 2930 2434 sed
2956 2373 3110 2454 quod
3145 2371 3527 2434 terrestribus
3565 2378 3656 2432 est

2005 2472 2127 2526 aer,
2181 2455 2238 2515 id
2273 2473 2424 2536 aqua
2455 2467 2544 2518 est
2576 2459 2711 2520 huic
2755 2462 3085 2523 natatilium
3109 2463 3337 2540 generi.
3377 2463 3448 2522 Et
3478 2479 3658 2522 causa

2005 2543 2164 2604 clara
2187 2553 2277 2605 est
2301 2555 2356 2605 et
2377 2547 3013 2612 manifesta.Nimirum
3035 2553 3095 2612 in
3127 2553 3299 2614 nobis
3322 2563 3412 2612 est
3434 2551 3661 2630 pulmo,

2006 2633 2206 2694 viscus
2239 2652 2436 2694 rarum
2471 2654 2539 2697 ac
2562 2639 2768 2699 multis
2800 2640 3095 2702 meatibus
3125 2639 3523 2719 patens,quod
3555 2657 3662 2719 per

2008 2723 2265 2784 thoracis
2289 2724 2716 2789 distensionem
2750 2747 2950 2791 aerem
3001 2730 3322 2810 recipiens,
3352 2729 3652 2791 internum

2008 2822 2274 2874 nostrum
2327 2816 2589 2876 calorem
2624 2819 2873 2879 ventilat
2923 2819 3357 2898 refrigeratque
3392 2834 3406 2878 :
3442 2817 3502 2878 in
3533 2816 3652 2877 illis

2002 2919 2140 2962 vero
2201 2904 2622 2968 branchiarum
2687 2908 2974 2970 distensio
3019 2920 3077 2970 et
3105 2907 3454 2978 contractio,
3521 2925 3656 2983 quae

2002 3010 2212 3072 aquam
2241 2996 2569 3074 suscipiunt
2598 3002 2658 3060 et
2687 2998 3212 3072 emittunt,munus
3243 3015 3310 3058 ac
3326 2996 3517 3058 vicem
3545 3015 3652 3057 ex-

2005 3083 2165 3161 plent
2190 3085 2880 3167 respirationis.Propria
2901 3088 3149 3167 piscium
3165 3097 3253 3148 est
3279 3094 3649 3161 sors,natura

2003 3173 2260 3251 propria,
2285 3174 2437 3235 victu
2463 3189 2796 3257 separatus,
2829 3178 3147 3256 peculiaris
3195 3179 3329 3238 vita.
3365 3176 3504 3239 Ideo
3539 3194 3648 3236 ne-

1998 3280 2115 3340 que
2148 3263 2403 3325 cicurari
2433 3265 2758 3345 quidquam
2795 3287 2861 3329 ex
2889 3267 3186 3329 natalibus
3208 3275 3420 3346 potest,
3456 3283 3652 3341 neque

1999 3351 2120 3410 ullo
2149 3355 2326 3413 modo
2361 3355 2635 3416 humanae
2671 3375 2888 3417 manus
2913 3367 3251 3418 contactum
3285 3361 3528 3436 patitur.

2069 3441 2482 3505 2.Pr0ducant
2503 3453 2682 3524 atque
2703 3447 2958 3521 reptiliu
2986 3445 3649 3508 animarumolviven—

2001 3531 2151 3591 tium
2171 3533 2494 3594 secundum
2511 3533 3221 3616 genusﬂniuscujusque
3243 3536 3481 3613 generis
3525 3541 3650 3612 pri-

2004 3619 2198 3679 mitias
2221 3622 2578 3702 nunc,quasi
2599 3623 2864 3702 quaedam
2890 3635 3113 3687 natura;
3141 3623 3651 3702 semina,produci

1995 3711 2206 3786 jubet:
2244 3728 2451 3771 eorum
2485 3723 2681 3772 autem
2713 3713 3029 3774 multitudo
3063 3717 3117 3774 in
3143 3722 3476 3776 secuturam
3510 3731 3650 3774 suc-

2002 3799 2337 3860 cessionem
2363 3801 2704 3878 remittitur,
2734 3821 2868 3863 cum
2914 3822 2981 3863 ea
3013 3815 3185 3866 aucta
3219 3802 3550 3881 oportuerit
3579 3820 3647 3863 ac

2004 3888 2412 3968 multiplicata.
2447 3892 2712 3952 Alterius
2741 3893 2980 3968 generis
3026 3902 3162 3953 sunt
3193 3910 3262 3952 ca
3295 3909 3424 3971 qua:
3479 3890 3648 3950 testis

1995 3988 2206 4057 operta
2229 3979 2531 4055 dicuntur,
2569 3998 2675 4042 ceu
2712 3983 2978 4061 conchae,
3025 3982 3289 4061 pectines
3317 4027 3332 4054 ,
3390 3981 3650 4040 cochlea).

1995 4068 2262 4132 marinae.
2301 4069 2579 4149 strombi,
2616 4080 2672 4132 et
2725 4072 3053 4132 innumerae
3082 4078 3413 4131 ostreorum
3461 4067 3642 4131 diffe-

1990 4159 2202 4219 rentia:
2264 4161 2489 4220 Praeter
2522 4161 2644 4222 haec
2677 4161 2836 4223 aliud
2874 4179 3077 4222 rursus
3102 4179 3290 4236 genus
3333 4167 3468 4218 sunt
3506 4177 3637 4238 qua}

1990 4258 2298 4310 crnstacea
2320 4259 2637 4310 vocantur:
2668 4253 2948 4312 nimirum
2973 4249 3425 4329 carabi,cancri,
3462 4262 3515 4309 et
3552 4248 3650 4310 his

1993 4338 2238 4400 similia.
2288 4339 2463 4400 Aliud
2499 4348 2718 4418 praeter
2771 4341 2892 4402 haec
2923 4359 3111 4419 genus
3143 4349 3231 4401 est
3275 4356 3478 4400 eorum
3515 4356 3649 4414 quae

1997 4427 2199 4489 mollia
2221 4430 2566 4508 appellant:
2601 4448 2852 4510 quorum
2883 4449 3017 4492 caro
3053 4439 3257 4491 tenera
3285 4437 3373 4489 est
3407 4435 3462 4488 et
3496 4427 3644 4502 laxa,

2000 4516 2079 4576 uti
2108 4517 2398 4597 polypi,et
2427 4519 2972 4600 sepiaemmteraqne
3009 4519 3411 4598 ejnsznodiJ‘lt
3445 4517 3500 4576 in
3533 4517 3651 4578 illis

255 4607 340 4661 καὶ
401 4607 465 4661 τὰ
497 4604 658 4680 ὅμοια
717 4610 942 4674 τούτοις.
1000 4609 1097 4665 Καὶ
1125 4605 1179 4662 ἐν
1211 4607 1414 4671 τούτοις
1474 4606 1634 4662 πάλιν
1665 4606 1906 4686 διαφοραὶ

2005 4604 2214 4665 iterum
2267 4606 2515 4668 infinitae
2565 4609 2948 4687 reperiuntur
2978 4610 3315 4670 varietates.
3355 4605 3650 4666 Dracones

251 4697 453 4773 μυρίαι.
493 4697 787 4774 Δράκοντες
839 4700 938 4777 γὰρ
995 4698 1083 4752 καὶ
1127 4696 1375 4773 μύραιναι
1408 4695 1537 4772 (89)
1599 4700 1686 4753 καὶ
1734 4699 1904 4777 ἐγχέ-

251 4779 396 4853 λυες,
458 4786 510 4840 αἱ
576 4788 711 4844 κατὰ
762 4791 884 4854 τοὺς
941 4784 1176 4843 ἰλυώδεις
1235 4785 1510 4858 ποταμοὺς
1560 4788 1648 4841 καὶ
1705 4785 1891 4853 λίμνας

1991 4694 2490 4770 enim,mur:enae,
2525 4707 2582 4757 et
2613 4699 2888 4776 anguillae
2941 4700 2999 4758 in
3039 4697 3267 4758 limosis
3300 4694 3646 4755 ﬂuminibus

2004 4792 2062 4844 et
2093 4784 2152 4844 in
2190 4785 2415 4863 stagnis
2450 4787 3112 4866 nascentes,reptilidus
3137 4783 3440 4844 venenatis
3465 4783 3647 4860 magis

253 4873 553 4947 γινόμεναι,
596 4877 718 4939 τοῖς
761 4875 990 4940 ἰοϐόλοις
1051 4874 1255 4948 μᾶλλον
1285 4875 1390 4930 τῶν
1421 4875 1677 4954 ἑρπετῶν,
1712 4875 1746 4943 ἢ
1777 4889 1896 4940 τοῖς

2005 4891 2164 4952 luam
2183 4875 2622 4954 piscibusjuxta
2639 4886 2856 4936 naturae
2873 4875 3322 4934 similitudinem
3339 4871 3646 4932 accedunt.

252 4959 424 5040 ἰχθύσι
485 4965 621 5020 κατὰ
676 4970 776 5030 τὴν
845 4965 1140 5043 ὁμοιότητα
1194 4965 1292 5029 τῆς
1347 4964 1550 5041 φύσεως
1611 4967 1899 5042 προσεγγί-

1985 4961 2384 5024 Pertinentad
2430 4963 2588 5024 aliud
2619 4983 2813 5040 genus
2846 4983 2914 5024 ea
2947 4981 3077 5038 quae
3129 4980 3329 5033 ovum,
3376 4959 3446 5019 ad
3484 4957 3643 5019 aiiud

254 5053 445 5116 ζουσιν.
499 5049 685 5111 ’Ἄλλο
730 5055 871 5122 θένος
922 5057 982 5112 τὸ
1033 5053 1138 5109 τῶν
1195 5052 1596 5131 ὡοτοκούντων,
1649 5056 1734 5109 καὶ
1772 5053 1903 5112 ἄλλο

2005 5069 2126 5111 rem
2149 5071 2218 5114 ea
2241 5053 2599 5132 quaeanirnal
2628 5054 2882 5132 pariunt.
2933 5051 3249 5114 Procrcant
3272 5056 3468 5108 autem
3506 5048 3641 5108 ani-

251 5137 309 5192 τὸ
363 5143 466 5196 τῶν
530 5147 955 5212 ζωοτοκούντων,
1007 5154 1277 5201 Ζωστοκεῐ
1353 5139 1406 5197 δὲ
1454 5142 1518 5199 τὰ
1550 5141 1794 5220 γάλεώδη
1817 5146 1904 5200 καὶ

343 5431 468 5515 (8-5)
499 5430 598 5495 Sic
632 5435 783 5515 Duc.
815 5440 1066 5515 uterque
1091 5434 1436 5515 etNCombef.
1467 5453 1598 5515 cum
1634 5434 1761 5495 aliis
1786 5434 1910 5515 qni-

261 5503 506 5572 busdam
533 5530 675 5574 mss.
705 5513 914 5573 Nostra
939 5503 1119 5574 editio
1144 5514 1333 5579 Paris.
1371 5514 1676 5579 φωλιδωτά.

343 5551 506 5572 σιω...
533 5551 675 5574 ...ω
707 5551 914 5573 “om...
939 5551 1119 5574 ευηιυ
1145 5551 1161 5575 ι
1189 5551 1333 5579 am,
1371 5551 1391 5560 -ι

343 5589 466 5668 (86)
506 5591 588 5654 [ta
623 5610 764 5653 mss.
803 5593 997 5654 multi.
1027 5595 1210 5658 Abest
1237 5598 1324 5652 καί
1347 5551 1421 5656 ab
1448 5596 1646 5656 editis.

330 5672 444 5736 (87l
472 5671 650 5756 dUnus
705 5691 829 5756 ms.
860 5672 924 5729 δι’
957 5674 1060 5756 ὅτιἐ
1096 5676 1416 5756 Aliquanto
1471 5685 1602 5754 post
1648 5675 1912 5756 quinque

259 5760 398 5811 mss.
462 5753 536 5810 ὅτι
592 5755 875 5831 ἡμινςμὲν
923 5756 972 5816 ὀ.
1037 5753 1228 5817 Βεθεί
1261 5757 1355 5832 μὲν
1409 5753 1748 5836 ἰῐιυῑῐοῳιο
1782 5753 1910 5817 eili-

1997 5142 2110 5202 mal
2135 5160 2202 5203 ea
2223 5161 2354 5221 quae
2377 5143 2674 5203 mustelini
2698 5142 2934 5221 generis
2962 5150 3098 5201 sunt
3130 5151 3189 5203 et
3219 5136 3539 5218 cynisci,et
3581 5140 3639 5199 in

1998 5434 2185 5495 tione.

2079 5516 2204 5594 (88)
2247 5514 2391 5591 Reg.
2429 5525 2630 5578 sextus
2689 5535 2820 5577 cum
2870 5515 3038 5579 Coll).
3078 5515 3267 5594 primo
3315 5513 3640 5594 ἐμϐληθῆναι

1999 5590 2222 5677 κελεύει.
2260 5590 2484 5677 Ibidem
2511 5604 2764 5677 quatuor
2789 5617 2927 5658 mss.
2961 5599 3021 5652 τὸ
3053 5590 3104 5652 δὲ
3139 5595 3363 5662 πλῆθος.
3387 5590 3641 5654 Αὺθδῐδέ

1999 5673 2071 5734 ab
2105 5674 2356 5737 excusis.

2086 5756 2214 5835 (89)
2242 5756 2408 5819 Multi
2443 5774 2583 5819 mss.
2620 5759 2705 5814 καὶ
2737 5759 3042 5839 σμύραιναι,
