4098 6378
487 306 592 373 151

1827 313 1889 378 8.
1933 310 2215 377 BASILII
2258 311 2520 377 MAGNI

3751 307 3870 375 152

481 460 813 519 summa,ea
841 459 974 520 qua
1002 439 1418 520 cartilaginosa
1447 443 1920 518 vocantur.Quin
1941 447 2124 510 etiam

2227 451 2256 506 ιῑ
2309 450 2543 511 κυνίσκοι
2582 449 2760 530 (90),
2809 452 2895 507 καὶ
2953 448 3279 517 ἁπαξαπλῶς
3331 449 3399 506 τὰ
3441 447 3656 528 σελαχη
3689 447 3864 526 λεγό-

481 532 637 594 inter
666 532 1085 613 cete,plurima
1109 544 1249 594 sunt
1275 551 1410 610 quae
1438 533 1655 595 animal
1688 535 1954 614 gignunt,
1991 536 2126 598 del-

481 621 696 702 phines
715 630 771 683 et
797 621 1020 702 phocae,
1050 640 1180 702 qua:
1202 639 1344 683 suos
1365 623 1592 686 catulos
1623 636 1903 686 recentes
1935 626 2130 690 adhuc

479 728 546 772 ac
581 720 838 785 teneros,
864 711 1064 792 aliqua
1086 729 1158 773 ex
1178 730 1359 773 causa
1391 711 1840 792 perterritos,in
1864 723 2128 776 ventrem

478 799 675 862 denuo
693 801 1012 875 admissos,
1053 806 1111 862 in
1139 803 1381 864 tutelam
1403 820 1566 862 suam
1591 801 1865 882 recipere
1888 823 2134 866 narran-

482 889 1158 970 tur.Producantaquaa
1194 894 1370 968 iuxta
1403 909 1619 969 genus.
1659 891 1834 954 Aliud
1859 901 2130 955 cetorum

483 997 700 1059 genus,
723 979 882 1042 aliud
899 979 1243 1059 exiguorum
1270 980 1857 1060 piscium.Rursusin
1869 983 2134 1063 piscibus

480 1069 815 1131 innumerae
842 1078 982 1131 sunt
1002 1070 1356 1132 dill'ereutia:
1377 1071 1705 1132 secundum
1738 1090 1958 1150 genera
1979 1073 2131 1134 divi-

483 1176 844 1240 saezquarum
870 1167 925 1222 et
947 1159 1192 1220 nomina
1212 1160 1541 1240 propria,et
1563 1161 1916 1222 alimentum
1944 1161 2139 1224 diver-

482 1258 713 1323 sum,et
737 1250 1014 1329 figura,et
1039 1250 1470 1328 magnitudo,et
1495 1249 1764 1311 carnium
1795 1250 2130 1330 qualitates:

483 1338 686 1399 omnia
729 1338 1000 1400 maximis
1033 1340 1189 1401 inter
1239 1357 1304 1401 se
1335 1338 1689 1400 differentiis
1737 1339 2041 1421 distincta,
2076 1341 2135 1402 in

483 1427 618 1488 aliis
647 1436 824 1508 atque
849 1428 982 1490 aliis
1005 1428 1320 1508 speciebus
1351 1429 1810 1492 constituuntur.
1838 1428 1950 1502 Qui
1996 1438 2134 1491 sunt

481 1517 662 1595 igitur
689 1519 1052 1580 thunnorum
1086 1518 1506 1599 exploratores,
1524 1518 1625 1599 qui
1657 1520 1890 1582 diversa
1922 1537 2127 1580 eorum

482 1625 701 1686 genera
743 1607 915 1668 nobis
966 1625 1325 1669 enumerare
1368 1607 1641 1686 possint?
1683 1609 2035 1690 Quanquam
2068 1609 2128 1669 in

483 1696 708 1775 magnis
742 1697 991 1777 piscium
1025 1697 1306 1777 gregibus
1335 1697 1617 1758 dicuntur
1661 1697 1838 1759 etiam
1886 1698 2128 1759 illorum

2211 559 2344 614 μενα
2408 540 2504 598 Καὶ
2554 546 2660 596 τῶν
2693 544 2877 607 κητῶν
2922 541 2986 598 τὰ
3045 539 3274 598 πλεῖστα
3317 539 3581 611 ζωοτόκα.
3612 536 3859 616 δελφῖνες

2211 631 2298 685 καὶ
2356 630 2554 709 φῶκαι,
2617 630 2650 685 ἃ
2707 630 2794 686 καὶ
2853 631 3069 709 νεαροὺς
3129 628 3205 686 ἔτι
3248 629 3369 692 τοὺς
3447 629 3700 706 σκύμνος,
3745 625 3870 684 δια-

2214 718 2545 786 πτοηθέντας
2599 721 2702 775 ὑπὸ
2771 719 2939 784 αἰτίας
2984 721 3151 789 τινὸς,
3207 717 3420 796 λέγεται
3478 717 3637 774 πᾶλιν
3681 723 3750 793 τῇ
3775 740 3871 796 γα-

2215 809 2328 885 στρὶ
2369 809 2744 889 ὑποδεχόμεναι
2801 808 3188 887 περιστέλλειν.
3235 806 3577 885 Ἐξαγαγὲτω
3606 808 3672 863 τὰ
3700 805 3869 864 ὕδατα

2215 896 2350 952 κατὰ
2383 894 2514 974 (91)
2563 896 2737 974 γένος.
2797 897 3008 969 Ἕτερον
3059 897 3212 976 γένος
3274 898 3334 952 τὸ
3379 893 3639 969 κητῶδες,
3673 897 3763 953 καὶ
3804 897 3871 954 τί)

2215 985 2321 1041 τῶν
2380 984 2589 1042 λεπτῶν
2635 989 2831 1067 ἰχθύων
2866 986 3066 1066 ἕτερον.
3117 986 3282 1046 Πάλιν
3324 990 3379 1043 ἓν
3410 999 3526 1052 τοῖς
3556 987 3730 1066 ἰχθύσι
3761 1009 3866 1060 μυ·

2218 1075 2320 1152 ρίαι
2352 1073 2593 1152 διαφοραὶ
2647 1077 2782 1132 κατὰ
2831 1076 2960 1155 γένη
3021 1075 3359 1153 διῃρημέναι·
3420 1079 3496 1131 ῶν
3539 1077 3626 1132 καὶ
3657 1075 3871 1151 ὀνόμα-

2218 1185 2282 1220 τα
2327 1162 2458 1238 ἴδια,
2506 1167 2593 1220 καὶ
2638 1167 2804 1244 τροφὴ
2862 1165 3309 1244 παρηλλαγμένη,
3377 1167 3464 1221 καὶ
3507 1170 3726 1245 σχῆμα,
3775 1166 3869 1222 καὶ

2219 1257 2395 1334 γεθος,
2428 1259 2516 1311 καὶ
2567 1255 2780 1334 σαρκῶν
2809 1255 3115 1329 ποιότητες,
3151 1255 3322 1311 πάντα
3353 1255 3628 1333 μεγίσταις
3673 1251 3871 1336 διαφοι-

2220 1356 2341 1420 ραῖς
2403 1343 2655 1414 ἀλλήλων
2699 1344 3100 1425 κεχωρισμένα,
3133 1345 3221 1401 καὶ
3277 1344 3330 1400 ἐν
3380 1343 3576 1422 ἑτέροις
3621 1345 3708 1401 καὶ
3742 1344 3868 1400 ἑτέ-

2220 1454 2331 1501 ροις
2390 1431 2554 1490 εἴδεσι
2615 1438 2945 1493 καθεστῶτα.
2981 1442 3135 1492 Ποϊοι
3193 1434 3293 1507 μὲν
3348 1437 3433 1490 οὖν
3517 1434 3865 1491 θυννοσκόποι

2213 1528 2319 1578 τῶν
2363 1523 2532 1600 γενῶν
2588 1523 2682 1586 τὰς
2744 1521 3000 1604 διαφορὰς
3058 1526 3193 1598 ἡμῖν
3241 1523 3705 1602 ἀπαριθμήσασθαι
3766 1523 3864 1580 δύ-

2213 1634 2395 1668 νανται
2443 1633 2460 1687 ;
2527 1613 2706 1671 Καίτοι
2777 1615 2931 1692 φασὶν
2983 1614 3169 1676 αὐτο-ὂς
3231 1614 3286 1670 ἐν
3346 1613 3602 1691 μεγάλαις
3648 1613 3868 1691 ἀγέλαις

2212 1703 2408 1782 ἰχθύων
2467 1704 2552 1759 καὶ
2602 1705 2685 1760 τὸν
2730 1705 2946 1781 ἀριθμὸν
2999 1703 3384 1782 ἀπαγγέλλειν·
3434 1703 3520 1766 Τίς
3552 1700 3606 1758 δὲ
3636 1711 3742 1759 τῶν
3774 1725 3867 1758 πε-

480 1804 797 1848 numerum
824 1785 1451 1858 declarare.Quisvero
1465 1805 1534 1848 ex
1568 1787 1638 1847 iis
1669 1789 1768 1868 qui
1789 1787 1948 1854 circa
1974 1787 2132 1847 litto-

2227 1793 2262 1849 >ὶ
2320 1791 2589 1868 αἷγιαλοὺς
2633 1795 2722 1850 καὶ
2753 1794 2917 1855 ἀκτὰς
2966 1794 3456 1871 καταγηρασάντων
3487 1791 3700 1849 δύναται
3732 1797 3869 1863 ἧμιν

483 1894 549 1937 ra
579 1895 648 1938 ac
668 1876 829 1956 ripas
874 1894 1272 1948 consenuere,
1307 1877 1576 1937 omnium
1610 1876 1781 1938 nobis
1818 1875 2131 1938 historiam

481 1973 754 2028 accurate
777 1967 1108 2046 patefacere
1139 1984 1208 2030 ac
1242 1967 1508 2028 indicare
1531 1965 1891 2030 valeat?Alia
1915 1984 2137 2045 genera

480 2065 848 2134 cognoscunt
878 2056 977 2136 qui
1010 2055 1068 2116 in
1101 2055 1305 2119 Indico
1327 2057 1474 2118 mari
1505 2055 1812 2136 piscantur
1839 2073 1852 2117 :
1890 2055 2136 2136 alia,qui

490 2145 550 2206 in
601 2144 870 2227 Egyptio
901 2146 1034 2206 sinu
1063 2167 1075 2205 :
1114 2147 1248 2214 alia,
1287 2145 1620 2208 insulares:
1651 2145 1788 2226 alia,
1821 2146 2134 2208 Maurusii.

483 2233 698 2298 Omnia
719 2244 919 2296 autem
941 2236 1248 2317 aequaliter
1276 2244 1400 2298 tum
1427 2251 1604 2314 parva
1624 2242 1747 2295 tum
1783 2252 1992 2314 magna
2010 2235 2138 2315 pri-

491 2342 654 2386 mum
681 2323 828 2386 illud
864 2325 1228 2400 mandatum,
1254 2333 1313 2386 et
1343 2323 1758 2386 inenarrabilis
1791 2323 1892 2385 illa
1922 2332 2138 2402 poten-

485 2413 565 2475 tia
597 2414 947 2493 procreavit.
985 2414 1166 2476 Multa
1210 2413 1436 2475 vivendi
1493 2413 1844 2475 diversitas:
1883 2413 2134 2474 multum

487 2503 646 2565 circa
676 2503 1147 2585 uniuscujusque
1179 2503 1416 2582 generis
1441 2502 1881 2565 successionem
1915 2503 2135 2566 discri-

486 2610 656 2655 men.
692 2592 821 2655 Non
851 2603 915 2654 ut
943 2613 1104 2668 aves,
1132 2593 1257 2654 ovis
1281 2591 1564 2654 incubant
1595 2593 1845 2674 piscium
1867 2591 2129 2672 plurimi:

483 2701 600 2744 non
653 2691 1010 2746 construunt
1069 2683 1262 2757 nidos,
1319 2701 1513 2762 neque
1565 2701 1702 2744 cum
1758 2681 1966 2744 labore
1997 2699 2138 2744 suos

485 2777 788 2834 enutriunt
837 2773 990 2835 fetus
1023 2794 1036 2836 :
1073 2773 1179 2835 sed
1211 2791 1365 2853 aqua
1407 2774 1683 2852 elapsum
1735 2791 1904 2834 ovum
1940 2777 2139 2833 susci-

487 2862 681 2942 piens,
717 2862 936 2924 animal
968 2861 1168 2925 eﬂicit.
1201 2861 1352 2934 Quin
1383 2871 1440 2922 et
1470 2861 1859 2924 immutabilis
1890 2870 1949 2923 et
2001 2878 2136 2921 cum

482 2951 670 3012 altera
727 2961 937 3014 natura
991 2950 1360 3014 insociabilis
1408 2950 1712 3014 successio
1756 2949 1913 3012 inest
1933 2947 2140 3026 generi

485 3041 840 3117 unicuique.
872 3043 1004 3104 Non
1028 3041 1188 3102 velut
1217 3041 1538 3101 multorum
1585 3040 1647 3100 in
1689 3047 2139 3119 terra,autqua-

485 3128 760 3190 rumdam
783 3129 1086 3190 volucrum
1110 3127 1781 3209 permistiones,quibus
1802 3125 2136 3188 adulteran-

2217 1882 2315 1949 τὴν
2370 1883 2630 1959 ἱστρορίαν
2674 1883 2886 1938 πάντων
2934 1880 3000 1938 δι’
3059 1881 3326 1960 ἀκριϐείας
3367 1883 3640 1960 γνωρίσας
3679 1879 3871 1938 ’Ἂλλα

2219 1972 2555 2049 γνωρίζουσιν
2628 1973 2674 2028 οἱ
2741 1977 2838 2039 τὴν
2924 1969 3149 2039 Ἰνδικὴν
3207 1973 3504 2035 ἁλιεύοντες
3574 1969 3865 2027 θάλασσαν’

2221 2057 2356 2114 ἄλλα
2392 2062 2438 2116 οἶ
2483 2068 2571 2116 τὸν
2630 2061 2913 2137 Αίγύπτιον
2972 2061 3282 2139 ἀγρεύοντες
3327 2061 3548 2118 κόλπον
3599 2058 3736 2116 ἄλλα
3769 2083 3878 2127 νη·-

2222 2156 2435 2205 σιῶται·
2501 2151 2588 2204 καὶ
2649 2147 2784 2206 ἄλλα
2847 2151 3184 2227 Μαυρούσιοι.
3220 2154 3395 2208 Πάντα
3444 2149 3498 2206 δὲ
3556 2149 3752 2224 ὁμοίως
3787 2172 3876 2225 μιν

2223 2239 2324 2316 κρά
2358 2259 2408 2293 τε
2441 2239 2528 2295 καὶ
2559 2238 2769 2315 μεγάλα
2814 2241 2874 2295 τὸ
2929 2247 3134 2316 πρῶτον
3196 2240 3373 2298 ἐκεῖνο
3423 2240 3742 2316 πρόσταγμα
3785 2241 3878 2296 καὶ

2221 2330 2255 2393 ἡ
2315 2326 2513 2407 ἄφατοτ
2548 2327 2727 2394 ἐκείνη
2767 2330 3047 2407 παρήγαγε
3091 2328 3336 2405 δύναμις.
3384 2327 3582 2386 Πυλλαὶ
3611 2334 3718 2384 τῶν
3746 2330 3876 2404 βίων

2222 2420 2273 2473 αἱ
2322 2415 2682 2496 παραλλαγαί’
2757 2417 2953 2476 πολλαὶ
3007 2420 3095 2476 καὶ
3153 2421 3204 2475 αἱ
3276 2421 3392 2497 περὶ
3462 2419 3556 2481 τὰς
3616 2416 3874 2498 διαδοχὰς

2221 2507 2442 2564 ἑκάστου
2498 2506 2682 2584 γένους
2734 2504 2996 2587 διαφοραί,
3045 2511 3153 2565 Οὔκ
3209 2507 3534 2580 ὲπωάζουσιν
3591 2509 3639 2565 οἱ
3701 2508 3871 2564 πλεῖ-

2220 2618 2332 2652 στοι
2384 2598 2490 2652 τῶν
2545 2597 2744 2676 ἱλθύων
2802 2597 2981 2675 ὥσπερ
3031 2601 3080 2656 αἱ
3125 2597 3346 2678 ὄρνιθες,
3379 2596 3496 2654 οἷτε
3542 2595 3736 2660 καλιὰς
3767 2598 3875 2667 πή-

2219 2708 2432 2762 γνυνται
2467 2733 2484 2765 ,
2544 2685 2662 2742 οὕτε
2725 2687 2861 2760 μετα
2911 2689 3086 2744 πόνων
3146 2687 3482 2766 ἐκτρέφουσι-δ
3534 2687 3735 2745 ἑαυτῶν
3807 2689 3874 2742 τὰ

2222 2774 2436 2841 ἔκγονα·
2513 2775 2652 2831 ἀλλὰ
2729 2777 2790 2832 τὺ
2864 2774 2999 2849 ὕδωρ
3035 2824 3053 2845 ,
3112 2774 3497 2851 ὑποδεξάμενον
3562 2774 3752 2832 ἐπεσὸν
3811 2779 3874 2833 τὸ

2221 2865 2324 2921 ὠὸν
2361 2912 2377 2938 ,
2438 2857 2894 2935 ζιῦο-ιῗποίησεν.
2959 2867 3055 2922 Καὶ
3125 2865 3330 2937 ἑκάστῳ
3387 2863 3526 2943 γένει
3570 2866 3604 2932 ἦ
3644 2862 3874 2945 διαδοχὴ

2221 2953 2630 3032 ἀπαράλλακτος
2692 2955 2779 3010 καὶ
2838 2955 3182 3029 ἀνεπίμικτος
3237 2957 3365 3034 πρὸς
3441 2953 3623 3028 ἑτέραν
3691 2955 3868 3033 φύσινο

2223 3049 2327 3122 οὔχ
2357 3044 2474 3100 οἶαι
2533 3049 2639 3099 τῶν
2707 3045 2946 3118 ἡμιόνων
3006 3045 3090 3100 ἐπὶ
3120 3050 3218 3111 τῆς
3270 3043 3491 3124 χέρσου,
3527 3043 3558 3110 i‘,
3587 3044 3675 3099 καί
3710 3064 3870 3100 τινων

2225 3133 2441 3212 ὀρνίθων
2501 3131 2787 3189 ἐπιπλοκαὶ
2826 3134 3354 3214 παραχαρασσόντων
3409 3133 3473 3188 τὰ
3523 3132 3673 3211 γένη,
3711 3131 3871 3190 Οὗδὶν

487 3227 583 3279 tur
603 3215 1098 3295 genera.Nullum
1125 3217 1377 3297 piscium
1402 3235 1588 3296 genus
1611 3216 1857 3278 dimidia
1880 3235 1949 3277 ex
1976 3226 2136 3296 parte

2227 3222 2366 3297 παρὰ
2395 3235 2512 3285 τοῖς
2544 3222 2752 3302 ἱχθύσιν
2785 3221 2836 3289 ἐξ
2879 3224 3126 3294 ὴμισείας
3175 3221 3438 3280 ὥπλισται
3488 3235 3606 3286 τοῖς
3641 3221 3875 3302 ὁδοῦσιν,

488 3306 848 3368 instructum
884 3317 972 3369 est
1001 3305 1375 3380 dentibus,ut
1406 3306 1514 3367 hos
1542 3317 1599 3366 et
1629 3306 1757 3368 ovis
1791 3306 1944 3385 apud
1982 3324 2088 3367 nos
2123 3328 2136 3365 :

492 3413 688 3475 neque
712 3396 869 3457 enim
896 3399 1158 3476 ipsorum
1175 3395 1486 3476 quisquam
1507 3395 1911 3471 ruminat,nisi
1934 3414 2142 3461 scarus

488 3485 649 3545 solus
666 3487 999 3547 secundum
1031 3484 1422 3567 quorumdam
1458 3486 1971 3548 narrationemAt
2002 3504 2138 3547 vero

488 3591 696 3636 omnes
731 3575 923 3656 pisces
951 3574 1294 3638 acutissima
1321 3575 1823 3636 condansatorum
1869 3574 2135 3636 dentium

485 3663 612 3725 acie
641 3665 1150 3745 communiuntur,
1199 3683 1273 3725 ne
1296 3683 1432 3726 esca
1461 3668 1602 3727 dum
1640 3665 1858 3726 diutius
1900 3665 2136 3726 mandi-

488 3766 588 3814 tur
611 3755 980 3817 difﬂuatznisi
1007 3755 1164 3816 enim
1196 3754 1475 3815 celeriter
1505 3755 1762 3816 dissecta
1791 3753 1850 3814 iu
1875 3764 2136 3815 ventrem

487 3843 1250 3920 detruderetur,extenuata
1282 3861 1386 3924 per
1416 3862 1627 3924 aquam
1654 3844 2066 3924 dissiparetur.

525 3933 618 3994 65
639 3933 879 3997 3.Aliud
893 3945 1090 3997 autem
1115 3934 1246 3995 aliis
1272 3932 1536 4013 piscibus
1559 3933 1920 3995 destinatum
1936 3931 2141 3994 estali-

491 4034 752 4086 mentum
779 4025 1116 4086 secundum
1142 4021 1610 4099 genus.Quidam
1643 4025 1802 4083 enim
1825 4019 2134 4099 Ii':.o.qui-

487 4113 622 4174 (lam
649 4131 788 4174 vero
814 4114 943 4192 alga
964 4122 1309 4188 vescuntur;
1357 4111 1458 4172 alii
1493 4112 1697 4173 herbis
1752 4111 1810 4171 in
1846 4128 2000 4190 aqua
2029 4128 2139 4168 na-

487 4202 796 4265 scentibus
829 4214 965 4263 sunt
1008 4203 1291 4265 contenti.
1341 4199 1578 4268 Contra,
1615 4199 1867 4279 piscium
1902 4198 2142 4278 plurimi

491 4301 696 4355 vorant
721 4309 786 4353 se
817 4291 1420 4370 invicem,minorque
1451 4288 1604 4368 apud
1631 4289 1766 4350 illos
1793 4287 2140 4347 alimentqu

494 4389 584 4442 est
615 4380 880 4457 majoris.
914 4379 978 4440 Et
1007 4380 1058 4440 si
1090 4398 1347 4459 unquam
1373 4377 1712 4456 contigerit,
1747 4387 1808 4438 ut
1834 4377 1880 4437 is
1901 4379 1999 4458 qui
2023 4376 2139 4436 mi-

493 4487 697 4530 norem
730 4478 1132 4549 superaverat,
1161 4469 1404 4530 alterius
1453 4470 1545 4528 liat
1595 4467 1831 4548 praeda:
1867 4471 2046 4528 ambo
2082 4469 2139 4527 in

2222 3315 2296 3377 ὡς
2328 3312 2451 3388 βοῦς
2497 3311 2622 3386 παρ’
2667 3315 2802 3388 ἡμῖν
2849 3315 2934 3369 καὶ
2976 3311 3263 3389 πρόϐατονο
3311 3310 3426 3370 οὐδὲ
3479 3312 3580 3390 γὰρ
3647 3311 3878 3388 μηρυαί-

2221 3410 2298 3474 ζει
2328 3425 2378 3458 τι
2412 3402 2536 3480 παρ’
2578 3407 2780 3482 αὐτοῖς,
2817 3404 2860 3458 εἰ
2904 3402 2982 3477 μὴ
3019 3404 3108 3458 τὸν
3155 3402 3344 3479 σκάρον
3395 3401 3558 3473 μόνον
3609 3403 3880 3479 ἱστοροῦσί

2221 3513 2382 3556 τινες,
2451 3489 2628 3548 Ποίντα
2676 3490 2730 3546 δὲ
2787 3491 3058 3556 ὀξυτάταις
3111 3504 3316 3566 ακματς
3348 3486 3583 3548 όδόντων
3633 3513 3876 3547 καταπε-

2225 3582 2516 3659 πύκνωται,
2569 3579 2662 3637 ’ἕνα
2718 3582 2792 3655 μὴ
2830 3586 2896 3656 τῇ
2950 3580 3141 3660 χρονίᾳ
3172 3581 3404 3654 μασήσει
3459 3582 3492 3646 ἡ
3523 3581 3690 3660 τροφὴ
3722 3577 3876 3658 διαρς

2222 3670 2339 3749 ρέῃ·
2383 3669 2575 3746 ἔμελλε
2607 3669 2730 3746 γὰρ,
2765 3670 2808 3724 εἰ
2840 3669 2917 3743 μὴ
2948 3668 3107 3734 ὀξέως
3140 3667 3581 3744 κατᾶτεμνομένη
3612 3676 3682 3744 τῇ
3730 3691 3876 3746 γασ-

2221 3762 2300 3838 τρὶ
2334 3757 2737 3837 παρεπέμπετο,
2771 3757 2824 3812 ἐν
2856 3759 2923 3833 τῇ
2953 3756 3356 3827 λειπτοποιήσει
3385 3756 3744 3838 διαφορεῖσθαι
3774 3781 3878 3815 πα-

2222 3850 2285 3928 ρὰ
2311 3848 2434 3922 (9⁸2)
2467 3855 2558 3904 τοῦ
2592 3846 2804 3909 ὕδατος,

2399 3909 2580 4016 ’έροφὴ
2613 3934 2667 3991 δὲ
2713 3909 3149 4016 ὶχθύσινεζλλοις
3208 3935 3345 4005 ἄλλη
3376 3938 3512 3995 κατᾶ
3555 3937 3708 4016 γένος
3739 3935 3875 3994 διω-

2305 3962 2364 3997 ὖ.
2413 3962 2580 4016 ιροφη
2613 3962 2667 3991 ΟΞ
2717 3962 3149 4016 ιχυυσινσαΛΛοις
3208 3962 3345 4005 αΛΛη
3376 3962 3512 3995 κατα
3555 3962 3708 4004 ἐνος
3739 3962 3875 3994 οιω-

2223 4028 2470 4107 ρισμὲνη,
2509 4032 2570 4085 Oi
2628 4027 2723 4096 μὲν
2768 4028 2866 4104 γὰρ
2922 4027 3031 4082 ἱλύϊ
3080 4026 3380 4107 τρέφονται,
3441 4031 3488 4085 οἱ
3541 3962 3742 4092 δὲτοϊς
3774 4051 3878 4107 φυ-

2224 4117 2381 4179 κίοις⁶
2436 4113 2590 4172 ἄλλοι
2650 4113 2774 4195 (93)
2822 4127 2942 4180 ταῖς
3004 4117 3252 4192 βοτάναις
3309 4131 3430 4182 ταῖς
3461 4117 3874 4197 ἐντρεφομὲναις

2224 4212 2301 4280 τῷ
2357 4203 2502 4262 ὕδατι
2559 4204 2857 4283 ἀρκούνται.
2907 4205 3310 4286 ’Λλληλοφάγοι
3353 4207 3406 4262 δὲ
3450 4214 3556 4263 τῶν
3600 4207 3798 4287 τχθύων
3829 4212 3882 4263 oi

2226 4292 2492 4366 πλεῖστοι,
2530 4295 2610 4374 κᾴ
2658 4297 2684 4350 ὁ
2739 4295 3050 4374 μικρότερος
3095 4295 3222 4375 παρ’
3277 4297 3498 4360 ἓκείνοις
3542 4295 3733 4374 βρῶμᾶ
3763 4298 3883 4351 ὶστι

2225 4393 2316 4442 τοῦ
2373 4384 2634 4454 μείζονος.
2702 4383 2807 4441 Κέν
2877 4407 3007 4441 ποτε
3057 4383 3235 4460 συμϐῇ
3291 4393 3380 4440 τὸν
3443 4392 3534 4441 του
3599 4383 3887 4448 ἐλάττονος

2225 4475 2565 4551 κρατήσαντα
2633 4473 2812 4553 ἐτέρου
2867 4475 3107 4552 γενέσθαι
3171 4473 3405 4552 θήραμα,
3462 4473 3563 4526 ὑπὸ
3615 4472 3712 4537 τὴν
3755 4472 3889 4544 μίαν

493 4579 674 4621 unum
692 4568 746 4620 et
761 4559 1036 4620 eumdem
1056 4559 1401 4639 posterioris
1416 4568 1681 4621 ventrem
1704 4557 2136 4636 ingrediuntur.

2232 4561 2444 4640 ἄγονται
2501 4564 2734 4641 γαστέρα
2805 4566 2896 4620 τοῦ
2951 4561 3273 4622 τελευταίου.
3336 4561 3395 4617 Τί
3451 4559 3541 4614 οὖν
3598 4559 3763 4625 ἡμεῖς
3838 4563 3890 4615 οἳ

491 4647 641 4723 Quid
674 4648 855 4726 igitur
882 4649 1040 4710 aliud
1079 4669 1184 4710 nos
1220 4649 1492 4711 homines
1522 4647 1927 4728 agimus,dum
1957 4656 2144 4728 tyran-

489 4739 630 4801 nide
657 4747 715 4800 et
749 4740 1008 4819 potentia
1036 4739 1429 4820 opprimimus
1455 4737 1952 4813 inferiores?quid
1987 4755 2019 4796 a
2045 4755 2148 4818 po-

489 4839 715 4893 stremo
747 4831 912 4910 pisce
944 4829 1146 4892 diﬂert
1176 4829 1248 4904 is,
1285 4828 1387 4910 qui
1421 4847 1541 4910 pra;
1567 4827 1762 4888 voraci
1797 4825 2140 4888 divitiarum

491 4920 818 5001 cupiditate
848 4920 908 4982 in
938 4918 1412 4998 inexplebilibus
1467 4916 1728 4980 avaritiae
1773 4934 1896 4977 suae
1926 4914 2147 4977 finibus

577 5079 700 5159 (90;
735 5081 830 5138 Καὶ
864 5081 911 5136 οἷ
940 5082 1199 5142 κυνίσκοι.
1235 5076 1424 5142 Piscis
1455 5077 1571 5159 ille
1580 5077 1674 5138 cui
1700 5075 1904 5159 Graece
1928 5095 2145 5159 nomen

493 5157 594 5219 est
622 5161 884 5229 κυνίσκος,
922 5159 1130 5221 Latine
1173 5159 1391 5219 dicitur
1425 5158 1498 5219 ab
1533 5157 1840 5218 Eustetliio
1897 5157 2144 5220 asellus.

494 5238 638 5318 Ejus
663 5239 772 5299 hac
794 5239 1140 5300 suntverba:
1159 5239 1333 5300 Facit
1363 5247 1561 5300 autem
1582 5241 1820 5300 catulos
1844 5238 2146 5312 mustella,

494 5327 548 5378 et
565 5319 820 5390 asellus,
846 5327 897 5381 et
920 5321 1125 5380 omnia
1149 5337 1282 5398 quo:
1306 5321 1440 5379 siue
1462 5318 1795 5398 squammis
1817 5327 1982 5398 sunt,
2017 5337 2154 5398 quae

493 5399 712 5460 solatia
741 5401 934 5460 lintei
963 5397 1429 5461 nomirtantSetl
1457 5417 1564 5476 pro
1586 5397 1813 5460 solatia
1837 5397 2152 5476 legendum

496 5489 636 5560 puto
657 5478 918 5540 selachia
941 5481 1017 5539 ob
1041 5480 1184 5539 illud
1223 5479 1520 5560 Basiliigdi
1539 5477 2011 5558 as).i1n.Plinius
2044 5481 2146 5540 lib.

498 5559 578 5641 ix,
615 5560 952 5641 cap.24,si_c_
980 5560 1240 5640 loquitur
1277 5581 1287 5618 :
1320 5559 1458 5641 Haec
1483 5559 2150 5641 erceinuniversum

492 5639 734 5703 setae/ie
754 5639 1080 5720 appellavit
1105 5639 1458 5702 Aristoteles
1479 5644 1737 5719 primus,
1775 5639 1884 5702 hoc
1909 5644 2151 5702 nomine

495 5724 579 5786 eis
597 5723 900 5804 imposito.
928 5720 1054 5784 Nos
1074 5721 1450 5802 distinguere
1492 5737 1623 5783 non
1646 5737 1990 5802 possumus,
2023 5722 2151 5784 nisi

2230 4650 2489 4728 ἄνθρωποι
2549 4649 2680 4707 ἄλλο
2738 4675 2786 4708 τι
2847 4655 3097 4727 ποιοῦμεν
3130 4651 3182 4706 ἐν
3212 4655 3280 4725 τῇ
3321 4643 3739 4718 καταδυναστεία
3770 4647 3886 4704 τῶν

2229 4739 2646 4820 ὑποδεεστέρωη
2705 4742 2753 4797 τί
2820 4740 3050 4822 διαφέρει
3103 4739 3194 4794 τοῦ
3254 4735 3556 4793 τελευταίου
3617 4735 3796 4816 ἰχθύος
3858 4739 3890 4795 ὁ

2232 4835 2296 4904 τῇ
2327 4828 2607 4910 λαιμάργῳ
2651 4829 3003 4910 φιλοπλουτίᾳ
3031 4841 3147 4890 τοῖς
3178 4825 3518 4905 ἀπληρώτοις
3550 4824 3649 4892 τῆς
3679 4822 3886 4881 πλεον-

2232 4917 2368 4984 sitat,-
2422 4919 2580 4978 αὒτοῦ
2631 4919 2853 4982 κόλποις
2930 4916 3338 4996 ἐναποκρύπτων
3414 4915 3533 4980 τοὺς
3613 4914 3885 4986 ἀσθενεῖς

2230 5080 2641 5158 cartilagiuea
2672 5075 2981 5159 appellare
3011 5075 3193 5159 libeat

2311 5152 2657 5242 (ἕλη-(ΞΟΠ).
2711 5152 3024 5242 ἐὲευρόυε
3073 5156 3231 5242 ὕδατα
3283 5156 3476 5242 ἑρπετὰ
3533 5154 3691 5242 κατά.
3744 5152 3889 5242 Μοι

2238 5235 2645 5319 Βοε.ἐθχῑιιε
2694 5253 2832 5298 cum
2872 5235 3040 5299 Colb.
3100 5237 3293 5318 primo
3352 5240 3412 5293 τὸ
3453 5243 3560 5291 τῶν
3610 5235 3888 5290 λεπτοτά-

2237 5344 2362 5382 των,

2314 5400 2443 5480 (9?)
2479 5396 3066 5480 [tarcodeanombeft
3099 5415 3233 5458 cum
3275 5396 3406 5480 aliis
3433 5395 3698 5474 quinque
3731 5410 3881 5480 mss,

2239 5471 2587 5556 DeeSt'mpat
2615 5477 2676 5539 in
2708 5477 2904 5538 editis.
2941 5475 3167 5538 [bidem
3201 5471 3796 5554 codices—octo'rpoa‘q
3825 5471 3883 5529 δὲ

2231 5565 2455 5643 ἰχθύσιν,
2479 5569 2588 5643 aut
2616 5571 2734 5643 τοῖς
2767 5559 2996 5638 ἱχθύσιν.
3036 5557 3195 5643 Editi
3219 5559 3442 5643 ίχθύιιίντ

2277 5632 2290 5643 ’
2315 5632 2447 5723 (93)
2473 5639 2572 5703 Sic
2621 5632 2920 5723 quintium
2953 5658 3094 5723 mss.
3155 5632 3306 5723 Editi
3367 5636 3518 5723 ἄλλοι
3551 5634 3630 5695 δέ.
3665 5632 3882 5698 Statim

2233 5717 2373 5802 Reg.
2406 5717 2607 5785 sextus
2634 5717 2766 5782 cum
2793 5717 2965 5785 Colb.
2996 5720 3187 5801 primo
3215 5718 3362 5777 ὕδατι
3393 5717 3716 5780 διοικοῦνται,
