4098 6376
235 344 345 413 157

1303 338 1623 407 HOMILIA
1670 334 1783 407 VII
1825 342 1909 405 IN
1956 332 2512 403 HEXAEMERON.

3490 340 3611 407 158

234 508 345 547 γους
398 486 507 565 (7),
568 486 653 541 καὶ
684 484 767 539 δια
810 485 907 549 τῆς
960 480 1309 560 Προποντίδος
1341 482 1424 537 ἐπὶ
1482 482 1571 536 τὸν
1635 480 1869 545 Εὔξεινον

1976 477 2169 558 Ecquis
2202 479 2424 537 movet?
2439 476 2738 556 quodnam
2756 483 2845 536 est
2868 472 3027 554 regis
3050 478 3127 537 im
3137 478 3437 559 perium?q
3448 482 3605 542 ualia

233 576 464 652 ῥέοντας,
536 574 620 635 Τίς
667 577 692 629 6
764 572 923 629 κινῶν
961 592 976 651 ;
1024 586 1184 627 ποῗον
1217 571 1530 647 πρόσταγμα
1560 571 1867 647 βασιλέωςς

234 678 366 720 ποτα
442 662 817 740 διαγράμματα
874 658 993 716 κατ’
1054 661 1247 735 ἀγορὰν
1279 658 1576 734 ηπλωμένα
1607 661 1702 725 τὴν
1734 682 1871 735 προ-

235 754 450 826 Θεσμίαν
506 751 717 825 δηλοῖς
779 755 823 807 οἱ
908 750 1243 825 ξεναγοῦντες
1297 752 1488 817 τίνεςς
1558 746 1711 825 Ὀρᾷς
1777 749 1871 814 τὴν

234 845 372 899 θεὶαν
422 840 656 905 διάταξιν
724 842 885 896 πάντα
946 838 1271 917 πληροῦσαν,
1341 840 1426 893 καὶ
1482 836 1573 893 διὰ
1631 844 1738 893 τῶν
1788 861 1875 895 ιιι-

234 932 503 1009 κροτάτων
602 928 906 999 διήκουσαν.
994 928 1168 1007 Ἱχθυς
1242 930 1336 985 οὒκ
1400 928 1662 1005 ἀντιλέγει
1727 932 1875 1001 νόμῳ

238 1028 389 1093 Θεοῦ,
453 1021 536 1076 καὶ
569 1019 829 1097 ἅνθρωποι
890 1018 1161 1093 σωτηρίων
1223 1014 1558 1094 διδαγμάτων
1627 1017 1720 1071 οῦκ
1777 1018 1873 1070 ἂν·

238 1111 495 1189 εχόμεθα,
530 1112 615 1174 Μὴ
673 1108 985 1186 καταφρόνει
1046 1113 1153 1161 τῶν
1181 1107 1401 1184 ἰχθύων,
1463 1103 1645 1173 ἐπειδὴ
1692 1104 1875 1184 ἂφωνα

238 1203 324 1257 καὶ
382 1200 546 1277 ἄλογα
606 1196 903 1258 παντελῶς’
964 1196 1099 1252 ἀλλὰ
1158 1192 1319 1275 φοϐοῦ
1377 1197 1452 1269 μῖνι
1532 1198 1619 1251 καὶ
1678 1196 1877 1253 τούτων

236 1287 569 1367 ἀλογώτερος
626 1289 715 1365 ᾗς,
762 1293 829 1360 τῇ
889 1283 1114 1362 διαταγῇ
1174 1292 1265 1340 τοῦ
1314 1286 1589 1348 κτίσαντος
1624 1284 1878 1339 ἀνθιστάοι

236 1399 419 1452 μενος.
477 1377 684 1432 ’Ἄκουε
755 1374 858 1430 τῶν
889 1375 1085 1452 ἰχθύων
1158 1375 1447 1452 μονονουχὶ
1478 1374 1657 1453 φωνην
1691 1373 1879 1451 ὰφιένο

234 1489 341 1521 των
386 1466 451 1521 δι’
523 1467 596 1521 ῶν
641 1472 901 1541 ποιοῦσιν,
964 1463 1064 1517 ὅτι·
1117 1464 1197 1527 Εἷς
1258 1461 1517 1537 διαμονὴν
1550 1471 1639 1518 τοῦ
1694 1464 1878 1539 γένους

1772 1554 1879 1607 Οὔκ

1170 1640 1222 1695 δὲ
1273 1644 1362 1696 τὸν
1395 1642 1493 1709 τῆς
1548 1644 1749 1720 φύσεως
1784 1643 1872 1696 νό-

236 1757 341 1807 μον
399 1734 629 1809 ἰσχυρῶς
690 1726 1039 1805 ἐνιδρυμένον,
1091 1730 1178 1783 καί
1235 1730 1291 1782 τὸ
1346 1727 1603 1807 πρακτέον
1660 1726 1879 1783 ὑποδει-

1187 1817 1270 1872 ἐπὶ
1328 1820 1387 1872 τὸ
1428 1819 1636 1896 βορειον
1707 1818 1879 1873 πέλα-

234 1558 333 1623 τὴν
393 1558 597 1633 μακρὰν
669 1554 867 1617 ταύτην
945 1550 1245 1623 ἀποδημίαν
1334 1550 1684 1625 στελλόμεθα.

234 1646 454 1724 ἔχουσιν
512 1643 647 1698 ἴδιον
698 1640 885 1716 λόγον’
929 1641 1113 1719 ἔχουσι

232 1821 453 1876 κνύντα’
534 1815 856 1891 Βαδίσιιμεν,
922 1820 1098 1895 φασὶν,

1957 568 2148 627 edicta
2179 566 2238 626 in
2272 566 2396 626 foro
2430 566 2720 646 exposita,
2769 566 3127 644 praefinitum
3182 576 3412 647 tempus
3439 569 3604 630 indi-

1956 662 2122 717 cant?
2148 658 2244 735 qui
2274 664 2409 715 sunt
2442 656 2742 733 hospitum
2775 656 3260 733 advenarumque
3288 658 3606 722 ductores?

1958 744 2139 806 Vides
2162 746 2417 805 divinam
2445 745 2878 805 ordinationem
2925 756 3136 807 cuncta
3172 749 3599 826 complentem,

1956 841 2131 915 atque
2161 852 2265 912 per
2289 833 2686 894 minutissima
2708 834 3149 912 pervadentem.
3179 834 3363 895 Piscis
3394 836 3606 896 divina;

1958 923 2072 1002 legi
2101 942 2219 983 non
2250 922 2734 995 adversatur,nos
2752 942 2888 982 vero
2908 924 3264 985 salutaribus
3293 926 3606 1004 pravceptis

1958 1031 2078 1073 non
2107 1012 2599 1093 obscquimurﬂa
2612 1031 2676 1072 ve
2694 1013 2883 1090 pisces
2900 1014 3430 1094 asperneris,quod
3458 1018 3607 1077 muti

1959 1112 2120 1175 sunt,
2152 1112 2212 1163 et
2241 1102 2483 1161 omnino
2515 1101 2766 1163 rationis
2785 1102 2875 1162 67
2908 1105 3314 1181 experteszsed
3344 1106 3598 1174 time,ne

1965 1192 2141 1253 etiam
2156 1190 2508 1253 hisinferior
2537 1192 2616 1251 sis
2632 1193 3253 1272 ratione,ordinationi
3276 1196 3612 1260 conditoris

1965 1281 2451 1343 obsistens.Audi
2477 1282 2803 1361 pisces,qui
2838 1302 2948 1363 per
2976 1302 3044 1345 ea
3076 1304 3208 1364 quae
3233 1286 3609 1359 faciunl,tan-

1966 1378 2085 1429 tum
2127 1386 2242 1429 non
2268 1372 2544 1429 emittunt
2572 1373 2721 1431 hanc
2754 1390 2980 1436 vocem:
3016 1373 3133 1435 Nos
3156 1376 3229 1435 ad
3261 1388 3610 1455 perpetuam

1961 1458 2200 1537 generis
2231 1462 2741 1521 conservationem
2769 1462 2828 1521 in
2863 1464 3239 1544 longinquam
3263 1467 3417 1527 hanc
3444 1485 3613 1546 pere-

1963 1548 2361 1624 grinationem
2382 1548 2831 1612 mittimur.Non
2852 1552 2995 1631 ipsis
3013 1555 3419 1635 inestpropria
3433 1566 3606 1635 ratio;

1962 1637 2066 1697 sed
2096 1648 2320 1699 natura;
2347 1638 2539 1713 legem
2566 1639 2785 1701 habent
2808 1642 2919 1701 sibi
2955 1643 3184 1705 fortiter
3215 1644 3606 1718 insidentem,

1966 1737 2024 1787 et
2053 1729 2209 1807 quod
2243 1729 2532 1807 agendum
2562 1737 2650 1790 est
2678 1741 3117 1808 suggerentem.
3146 1734 3381 1808 Eamus,
3409 1736 3609 1815 inqui-

1966 1826 2099 1890 unt,
2134 1818 2202 1877 ad
2239 1817 2584 1895 aquilonare
2620 1820 2879 1897 pelagus.
2909 1820 3151 1883 Dulcior
3181 1834 3269 1883 est
3298 1826 3455 1884 enim
3516 1824 3617 1885 illa

234 1934 332 1989 γος
550 1910 865 1984 ι’)ιυκύτερον
894 1912 993 1987 γὰρ
1036 1912 1131 1977 τῆς
1179 1910 1373 1978 λοιπῆς
1402 1912 1673 1977 θαλάσσης
1704 1911 1881 1966 ἐκεῖνο

1976 1925 2116 1986 aqua
2137 1926 2317 1982 quam
2347 1908 2638 1987 reliquum
2658 1928 2844 1985 mare,
2864 1919 3174 1990 propterea
3191 1915 3348 1992 quod
3372 1914 3460 1973 sol
3487 1915 3619 1974 bre-

233 2003 299 2055 τὸ
350 1997 508 2079 ὕδωρ,
563 1998 692 2054 διότι
770 1998 855 2052 ἐπ’
916 1997 1094 2075 ολίγον
1172 1999 1304 2074 αὒτῇ
1367 1998 1780 2079 προσ-διατρίϐων
1858 2004 1885 2052 6

238 2089 415 2159 ἥλιος,
470 2090 562 2144 οῦκ
622 2087 792 2163 ἐξάγει
852 2090 1015 2153 αὐτῆς
1074 2086 1195 2144 ὅλον
1249 2087 1332 2144 διὰ
1404 2091 1501 2156 τῆς
1557 2092 1774 2154 ἀκτῖνος
1826 2093 1886 2145 τὸ

241 2180 492 2252 πότιμον.
548 2178 722 2255 Χαίρει
784 2176 837 2232 δὲ
886 2193 1002 2241 τοῖς
1059 2177 1275 2256 γλυκέσι
1325 2183 1408 2235 καὶ
1467 2180 1530 2236 τέ
1597 2180 1882 2237 θαλάσσια·

245 2268 363 2325 ὅθεν
435 2269 521 2321 καὶ
585 2266 667 2321 ἐπὶ
714 2270 834 2330 τοὺς
888 2269 1157 2341 ποταμοὺς
1211 2268 1539 2348 ἆνανήχεται
1594 2268 1885 2346 πολλάκις,

243 2360 331 2414 καὶ
393 2354 571 2433 πόῤῥω
627 2355 898 2422 θαλάσσης
952 2355 1187 2435 φέρεται,
1244 2355 1337 2414 Ἐκ
1382 2361 1563 2415 τούτου
1625 2362 1891 2437 προτιμό-

244 2469 392 2524 τερος
454 2448 633 2509 αυτοῖς
667 2448 693 2501 6
748 2447 945 2509 Πόντος
995 2452 1101 2500 τῶν
1144 2445 1345 2502 λοιπῶν
1377 2447 1485 2503 ἐστι
1536 2447 1777 2524 κόλπων,
1817 2452 1889 2512 ὡς

244 2533 544 2604 ὶπιτήδειος
629 2534 984 2603 ἐναποκυῆσαι
1063 2537 1149 2591 καὶ
1240 2536 1487 2614 ἐκθρεψαι
1543 2539 1608 2593 τά
1671 2541 1885 2616 ἔκγονα.

248 2624 496 2683 Ἐπειδάν
554 2622 607 2679 δὲ
698 2625 758 2679 τό
830 2623 1251 2700 σπουδαζόμενον
1318 2626 1617 2703 ἀρκούντως
1677 2628 1889 2695 ἐκπλη-

248 2718 416 2794 ρωθῇ,
481 2713 638 2770 πάλιν
691 2711 953 2787 πανδημεὶ
1044 2715 1231 2778 τ’άντες
1304 2716 1715 2795 ὑποστρέφουσιν
1797 2718 1890 2773 οἵ-

246 2804 399 2866 καδε,
461 2804 559 2861 Καὶ
610 2803 687 2865 τίς
730 2804 757 2857 6
830 2802 1010 2880 λόγος,
1074 2803 1383 2877 ἀκούσωμεν
1441 2806 1582 2882 παρά
1628 2806 1720 2881 (9)
1788 2814 1895 2862 τῶν

247 2893 597 2950 σιωπώντων.
661 2889 1031 2970 Ἐπιπόλαιος,
1093 2893 1271 2969 φασὶν,
1306 2894 1340 2960 ἡ
1383 2894 1597 2970 βορεινὴ
1627 2894 1891 2965 Θάλασσα,

247 2986 333 3041 καὶ
402 2982 558 3038 ὑπτία
624 2979 944 3059 προκειμένη
978 2987 1084 3035 τῶν
1142 2981 1352 3056 ἀνέμων
1385 2996 1507 3047 ταῖς
1558 2984 1716 3058 βίαις,
1778 2984 1893 3040 ὀλί-

413 3072 425 3087 9
514 3072 525 3087 ε
700 3073 713 3087 κ
759 3054 784 3087 ε
871 3066 893 3087 cs
1008 3071 1019 3085 ι
1142 3069 1247 3087 ,ιΛι
1303 3069 1326 3087 ν
1582 3084 1590 3087 .
1639 3076 1649 3087 .
1790 3076 1803 3087 ι
1840 3074 1854 3087 ς

1966 1997 2022 2056 vi
2048 2006 2317 2075 tempore
2351 1997 2410 2057 in
2445 2016 2515 2058 eo
2549 2017 2949 2071 commorans,
2985 2019 3100 2061 non
3136 2022 3203 2063 ex
3236 2022 3305 2063 eo
3340 2022 3445 2083 per
3476 2023 3615 2065 suos

1965 2085 2166 2145 radios
2199 2086 2398 2146 educit
2420 2086 2705 2169 quidquid
2735 2089 2895 2167 potui
2917 2100 3121 2170 aptum
3148 2094 3618 2155 est.Gaudentet

1972 2175 2202 2235 marina
2232 2176 2400 2254 aquis
2433 2176 2708 2238 dulcibus
2742 2197 2754 2239 :
2804 2179 2960 2240 unde
3010 2189 3064 2240 et
3089 2181 3161 2242 ad
3186 2182 3431 2243 ﬂumina
3463 2202 3620 2264 saepe

1976 2274 2234 2339 enatant,
2264 2266 2590 2347 proculque
2612 2285 2647 2327 a
2670 2268 2817 2329 mari
2844 2270 3180 2331 discedunt.
3209 2271 3329 2335 Hac
3354 2272 3428 2334 de
3453 2293 3627 2336 causa

1975 2354 2209 2415 caeteris
2243 2356 2471 2415 sinibus
2498 2355 2570 2417 ab
2602 2355 2747 2436 ipsis
2771 2358 3081 2435 praefertur
3103 2358 3520 2435 Pontus,velut
3550 2365 3621 2425 ad

1979 2443 2128 2503 fetus
2142 2443 2407 2533 edendos
2424 2453 2600 2521 atque
2613 2447 3002 2508 enutriendos
3021 2449 3292 2511 idoneus.
3306 2453 3622 2533 Postquam

1973 2549 2111 2591 vero
2144 2531 2201 2592 id
2232 2533 2388 2611 quod
2423 2534 2481 2592 in
2514 2534 2660 2593 votis
2679 2544 2829 2610 erat,
2870 2537 3171 2616 expletum
3205 2531 3578 2603 abunde—fuit
3605 2562 3622 2618 ;

1974 2637 2181 2680 rursus
2212 2640 2420 2683 omnes
2453 2622 2795 2683 catervatim
2830 2626 2900 2683 ad
2947 2630 3188 2705 propria
3219 2640 3620 2695 revertuntur.

1976 2708 2050 2770 Et
2077 2728 2208 2788 qua;
2225 2710 2609 2771 sitredeundi
2634 2711 2813 2792 ratio,
2838 2733 2867 2773 a
2892 2715 3415 2779 mutisaudiamus.
3447 2721 3623 2800 Aqui-

1978 2798 2183 2861 lonare
2196 2800 3099 2880 mquor,inquiunt,profundum
3120 2824 3236 2867 non
3253 2798 3625 2891 est,cumque

1980 2890 2259 2967 supinum
2293 2890 2387 2969 sit,
2424 2889 2700 2950 violentis
2732 2894 2922 2954 ventis
2952 2896 3291 2972 exponitur,
3324 2917 3393 2959 ac
3425 2889 3625 2961 littora

1981 2996 2166 3058 pauca
2186 2988 2244 3039 et
2276 2997 2494 3059 paucos
2524 2998 2796 3042 recessus
2820 2982 3018 3044 habet.
3047 2986 3425 3068 Quapmpter
3446 2989 3621 3050 etiam

247 3096 344 3152 γας
407 3072 571 3135 ἀκτὰς
628 3073 716 3126 καὶ
760 3066 1062 3146 ὖποδρομὰς
1136 3069 1254 3150 (10)
1303 3069 1527 3151 ἕχουσο,
1570 3076 1664 3128 Διὸ
1720 3076 1806 3130 καὶ
1837 3074 1888 3129 ἐκ

1980 3067 2053 3128 ab
2084 3068 2203 3127 imo
2237 3067 2363 3128 solo
2398 3068 2588 3148 ipsum
2623 3068 2793 3131 facile
2809 3066 3365 3154 concutiuntventi,
3392 3078 3541 3139 adeo
3561 3087 3625 3140 ut

248 3163 512 3237 πυθμένος

249 3257 319 3319 ὡς
384 3254 470 3307 καὶ
529 3250 623 3317 τὴν
682 3250 857 3326 βυθίαν
917 3250 1139 3323 ψάμμον
1176 3263 1292 3314 τοῖς
1341 3251 1567 3325 κύμασιν
1601 3252 1894 3331 ἀναμίγνυ-

252 3348 394 3403 σθαι,
458 3338 624 3395 Ἀλλὰ
678 3340 765 3393 καὶ
818 3338 1001 3417 ψυχρὰ
1054 3344 1326 3417 χειμῶνος
1359 3339 1492 3414 ὥρᾳ,
1525 3342 1627 3397 ὑπὸ
1680 3340 1897 3397 πολλῶν

251 3435 335 3488 καὶ
390 3428 639 3506 μεγάλων
702 3432 957 3501 ποταμῶν
988 3426 1357 3505 πληρουμένη,
1424 3430 1519 3483 Διὰ
1604 3436 1758 3487 τοῦτο
1813 3430 1894 3509 ἐφ’

252 3523 379 3578 ὅσον
432 3517 645 3597 μέτριον
708 3515 1102 3581 ἀπολαύσαντες
1142 3516 1304 3583 αὖτῆς
1348 3518 1401 3573 ἐν
1446 3526 1521 3593 τῷ
1577 3520 1734 3599 θέρει,
1784 3521 1894 3576 πά-

253 3610 334 3667 λιν
400 3613 670 3688 χειμῶνος
729 3607 813 3662 ἐπὶ
842 3607 940 3673 τὴν
972 3605 1026 3661 ἐν
1055 3613 1131 3679 τῷ
1160 3607 1300 3680 βυθῷ
1344 3607 1505 3663 ἀλέαν
1541 3608 1666 3688 (ll)
1699 3611 1785 3664 καὶ
1832 3610 1899 3664 τὰ

253 3697 525 3779 προσήλια
578 3704 683 3753 τῶν
742 3696 956 3775 χωρίων
1009 3694 1333 3775 ἐπείγονται,
1386 3698 1472 3752 καί
1544 3699 1798 3777 φυγόντες
1839 3701 1899 3754 τὸ

256 3788 553 3863 δυσήνεμον
580 3789 683 3842 τῶν
714 3785 990 3864 ἀρκτῴων,
1024 3797 1141 3847 τοῖς
1176 3783 1262 3840 ἐπ’
1306 3784 1526 3843 ἔλαττον
1574 3787 1899 3862 τινασσομέ-

256 3903 367 3943 νοις
400 3877 622 3939 κόλποις
668 3875 1155 3953 ἐγκαθορμίζονται.

337 3971 402 4031 5.
452 3965 614 4025 Εἶδον
642 3976 807 4023 ταῦτα
852 3965 984 4043 εγὼ,
1047 3966 1132 4021 καὶ
1174 3966 1271 4031 τὴν
1330 3964 1384 4019 ἐν
1444 3972 1573 4021 πᾶσι
1622 3974 1715 4023 τοῦ
1774 3974 1903 4025 Θεοῦ

613 3163 659 3215 οἱ
733 3157 917 3233 ἂνεμοι
976 3158 1164 3236 ῥᾳδίως
1236 3162 1399 3228 αύτήν
1458 3162 1888 3244 ἀναστρέιρόυσιν,

1979 3176 2162 3221 arena
2190 3176 2320 3249 quae
2352 3158 2410 3218 in
2446 3158 2626 3219 fundo
2657 3160 3024 3243 subsidebat,
3074 3164 3355 3229 fluctibus
3398 3171 3624 3249 permi—

1979 3246 2483 3341 sceatur.QuinAet
2510 3249 2788 3328 frigidum
2813 3260 2901 3312 est
2921 3253 3134 3315 hiemis
3158 3246 3624 3341 tempore,quip-

1983 3358 2055 3419 pe
2079 3338 2233 3431 quod
2256 3357 2289 3398 a
2310 3338 2511 3431 multis
2537 3341 2881 3420 magnisque
2897 3343 3089 3403 ﬂuviis
3109 3338 3627 3431 repleatur.Prop-

1985 3436 2151 3489 terea
2182 3428 2310 3507 ipso
2331 3428 2387 3487 in
2411 3437 2613 3489 aestate
2642 3431 2946 3492 moderate
2970 3434 3161 3512 potiti,
3198 3454 3404 3498 rursus
3427 3428 3624 3501 hieme

1982 3525 2047 3577 ut
2066 3517 2140 3576 ad
2172 3526 2437 3606 teporem
2464 3518 2521 3577 in
2554 3518 2848 3598 profundo
2876 3533 3314 3606 conservatum,
3348 3528 3428 3587 ita
3461 3540 3520 3590 et
3547 3530 3621 3589 ad

1982 3606 2184 3683 aprica
2214 3605 2343 3666 loca
2375 3616 2715 3686 properant,
2751 3618 2927 3685 atque
2950 3605 3449 3691 septentrionales
3479 3636 3619 3677 ven-

1984 3702 2073 3754 tos
2102 3712 2310 3773 graves
2333 3704 2390 3755 et
2438 3695 2682 3757 infestos
2728 3696 3045 3780 fugientes,
3098 3702 3159 3762 in
3210 3702 3377 3764 sinus
3428 3706 3626 3769 minus

1985 3783 2306 3862 exagitatos
2336 3784 2495 3844 velut
2533 3783 2594 3845 in
2628 3794 2829 3865 portus
2862 3806 2993 3850 sese
3022 3792 3337 3871 recipiunt.

2067 3962 2127 4025 5.
2162 3959 2297 4024 Vidi
2329 3961 2536 4025 isthaec
2566 3981 2673 4042 ego
2700 3964 2856 4044 ipse,
2894 3974 2951 4026 et
2981 3965 3087 4028 Dei
3121 3968 3178 4029 in
3214 3973 3495 4037 omnibus
3525 3996 3626 4039 sa-

258 4060 447 4140 σοφίαν
520 4056 818 4131 ἐθαύμασα.
858 4056 913 4111 Εἰ
966 4056 1032 4110 τὰ
1070 4051 1237 4131 ἄλογα
1283 4053 1595 4123 ἐπινοητικὰ
1654 4058 1742 4113 καὶ
1800 4080 1888 4137 qua

1993 4051 2282 4146 pientiam-
2309 4051 2638 4113 admiratus
2661 4054 3004 4146 s_um.Bruta
3025 4057 3075 4118 si
3098 4060 3467 4141 prospiciunt
3485 4066 3626 4146 sibi,

258 4148 487 4207 λακτικὰ
556 4151 654 4212 τῆς
700 4143 828 4208 ἰδίας
878 4147 1048 4202 αὒτῶν
1112 4144 1402 4223 σωτηρίας,
1436 4147 1523 4201 καὶ
1555 4144 1671 4202 οἶδε
1720 4148 1781 4203 τὸ
1813 4149 1888 4203 αὶ-

1988 4160 2057 4203 ac
2089 4140 2384 4223 propriam
2416 4160 2580 4202 suam
2613 4142 2861 4204 salutem
2894 4149 3222 4221 servant,si
3246 4140 3413 4214 novit
3442 4140 3623 4235 piscis

259 4243 411 4322 ρετὸν
480 4240 622 4310 αὐτῷ
665 4237 749 4292 καὶ
838 4236 895 4289 τὸ
965 4236 1186 4312 φευκτὸν
1246 4238 1273 4289 6
1328 4236 1501 4314 ἰχθύς·
1586 4243 1633 4293 τί
1682 4236 1888 4316 ἐροῦμεη

1988 4233 2129 4313 quid
2163 4232 2279 4323 sibi
2302 4231 2647 4323 eligendum
2671 4233 3318 4323 sitautefl‘ugiendum:
3345 4231 3485 4323 quid
3519 4266 3626 4308 nos

258 4321 427 4407 ἡμεῖς
482 4327 527 4383 οἱ
579 4326 724 4401 λόγῳ
780 4323 1151 4402 τετιμημένοι,
1224 4325 1309 4380 καὶ
1344 4326 1492 4399 νόμῳ
1551 4325 1888 4403 πεπαιδευμέ·

1988 4341 2194 4383 sumus
2210 4321 2421 4383 dicturi
2438 4321 2558 4402 ,ιιιιὶ
2576 4321 2804 4383 ratione
2826 4321 3623 4411 cohonestati,legeveruditi,

263 4446 368 4497 νοι,
421 4415 764 4495 ἐπαγγελίαις
815 4412 1228 4493 προτραπέντες,
1294 4416 1562 4489 Πνεύματι
1618 4417 1888 4495 σοφισθέν-

1992 4411 2518 4492 pollicitationibus
2552 4411 2799 4503 invitati,
2835 4424 2894 4474 et
2925 4415 3149 4495 Spiritu
3186 4419 3407 4503 edocti,
3433 4426 3630 4488 adhuc

261 4533 374 4589 τες,
438 4508 563 4564 εἶτα
611 4512 715 4561 τῶν
760 4504 960 4585 ἰχθύων
996 4502 1328 4582 ἀλογώτερον
1372 4507 1436 4559 τὰ
1499 4504 1616 4561 καθ’
1682 4507 1888 4562 ἑαυτοὺς

1990 4510 2187 4562 tamen
2209 4519 2308 4561 res
2329 4510 2564 4595 nostras
2594 4502 3051 4595 ineptius‘quam
3079 4508 3272 4587 pisces
3293 4502 3410 4592 ipsi
3432 4513 3631 4595 dispo-

263 4600 610 4675 διατιθέμενοι
640 4617 657 4678 ς
692 4594 846 4675 εἴπερ
904 4598 951 4652 οἱ
982 4595 1079 4670 μὲν
1145 4593 1295 4651 ἴσασι
1339 4602 1431 4651 τοῦ
1460 4594 1753 4669 μέλλοντός
1784 4619 1888 4652 τινα

1986 4591 2307 4653 nimus?llli
2328 4591 2487 4652 enim
2513 4592 2707 4653 futura
2727 4592 3165 4674 quodammodo
3178 4591 3491 4677 providere
3514 4591 3627 4665 no-

264 4694 532 4749 ποιεῖσθαι
576 4690 851 4767 πρόνοιαν,
882 4687 1044 4760 ἡμεῖς
1087 4682 1140 4739 δὲ
1185 4682 1245 4739 ἐκ
1276 4684 1371 4752 τῆς
1426 4687 1553 4764 πρὸς
1593 4687 1647 4741 τὸ
1706 4685 1888 4762 μέλλοι

1989 4688 2271 4741 runt:nos
2291 4688 2488 4741 autem
2519 4698 2625 4761 spe
2646 4682 2828 4743 luturi
2857 4682 3087 4761 abjecta
3118 4685 3180 4745 in
3212 4687 3493 4752 belluinis
3522 4714 3628 4757 vo-

266 4780 607 4842 ἇνελπιστίας
651 4774 717 4834 δ”
742 4775 936 4845 ἡδονῆς
967 4775 1417 4851 βοσκηματώδους
1449 4776 1547 4842 τὴν
1593 4778 1737 4847 ζωὴν
1771 4776 1888 4857 (ίρς

1992 4769 2314 4850 luptatibus
2341 4768 2518 4831 vitam
2563 4780 2822 4832 nostram
2853 4771 3244 4839 absumimus.
3308 4781 3498 4843 Piscis
3550 4794 3633 4846 tot

266 4870 643 4945 ἀναλίσκομεν,
694 4866 868 4947 ’ἰχθὺς
920 4874 1149 4923 τοσαῦτα
1207 4863 1461 4940 διαμείϐει
1505 4864 1719 4945 πελάγη
1778 4869 1888 4943 ὁπὲι

1994 4868 2181 4922 mutat
2211 4861 2414 4933 maria,
2441 4873 2503 4920 ut
2531 4860 2755 4952 aliquid
2790 4860 3051 4923 inveniat
3073 4864 3632 4952 emolumenti;quid

267 4970 361 5019 τοῦ
416 4958 657 5039 εὕρασθαί
685 4979 802 5013 τινα
872 4955 1157 5036 ὠφέλειαν·
1204 4956 1254 5012 τί
1283 4955 1424 5034 ἐρεῖς
1476 4956 1537 5011 σὺ
1582 4958 1609 5012 6
1652 4963 1720 5031 τῇ
1752 4956 1888 5035 ἀργίε

1991 4960 2052 5013 tu
2083 4952 2350 5014 dicturus
2372 4968 2458 5032 es,
2492 4950 2595 5032 qui
2621 4950 2682 5011 in
2706 4952 2823 5012 otio
2849 4970 2917 5012 ac
2944 4951 3171 5014 desidia
3209 4957 3387 5018 vitam
3419 4950 3585 5041 (legis
3608 4972 3636 5027 ί(

272 5049 691 5132 συζῶν;Ἀργία
756 5045 811 5103 δὲ
868 5046 1184 5125 κακουργίας
1244 5045 1412 5126 ἀρχὴ,
1451 5043 1644 5112 Μηδεὶς
1690 5045 1888 5125 ἄγνοιαε

1989 5041 2188 5105 Otium
2220 5050 2443 5117 autem,
2478 5042 2615 5103 mali
2636 5041 2893 5104 faciendi
2922 5042 3109 5122 origo.
3138 5045 3326 5107 Nemo
3348 5049 3634 5130 ignoran-

273 5141 690 5223 προφασιζὲσθω.
771 5140 999 5200 Φυσικὸς
1083 5136 1242 5213 λόγος
1318 5138 1579 5193 οἷκείωσιν
1627 5138 1763 5213 ἡμῖν
1816 5142 1888 5194 τοι

1988 5133 2129 5195 tiam
2161 5140 2470 5213 praetexat.
2502 5132 2685 5195 Insita
2706 5141 2799 5195 est
2828 5132 2999 5195 nobis
3017 5138 3301 5200 naturalis
3322 5142 3635 5225 ratio,qua:

353 5322 434 5401 (7)
494 5318 745 5381 Codices
797 5324 1052 5400 quatuor
1125 5317 1245 5382 τοὸς
1286 5319 1493 5401 ἰχθύας.
1574 5315 1727 5380 Editi
1787 5316 1907 5381 τοὺς

273 5402 447 5481 ἰχθῦς.
1867 5477 1879 5490 ⁸

353 5483 440 5558 (8)
470 5480 635 5544 Colb.
673 5481 899 5560 primus
928 5481 1013 5537 ἐπὶ
1038 5482 1099 5537 τὸ
1129 5480 1331 5558 βόρειον
1364 5483 1545 5560 μέρος,
1595 5480 1677 5541 ad
1728 5494 1910 5560 aqui-

275 5557 547 5623 lonurem
594 5557 853 5642 partem.
888 5562 1043 5642 Infra
1063 5557 1369 5622 duo’mss.
1404 5557 1579 5640 χαίρει
1616 5562 1715 5639 γὰρ
1765 5557 1911 5621 τοῖς.

384 5641 674 5728 9)_C9tlelt
704 5642 982 5728 Combef.
1012 5641 1235 5728 ἄκουσον
1264 5642 1427 5728 παρέξ.
1468 5723 1477 5728 _
1691 5723 1701 5728 _
1729 5718 1765 5728 υ

384 5644 444 5722 9)
475 5644 674 5706 Codex
704 5644 982 5705 Combef.
1012 5644 1235 5700 ἄκουσον
1264 5644 1427 5717 παρά,
1757 5719 1765 5728 ν

353 5644 481 5805 ίίΟ)
513 5726 673 5789 Editi
705 5744 839 5788 cum
868 5726 1018 5802 Reg.
1054 5720 1228 5783 tertio
1286 5719 1637 5801 ὑποδρόμους.
1671 5718 1794 5781 Alii
1814 5736 1915 5781 sex

1993 5314 2499 5406 mss._{in_089opés.
2530 5314 2677 5406 Puto
2703 5323 2900 5406 autem
2936 5333 3074 5382 voce
3120 5321 3392 5401 ὑποδρομή
3447 5328 3636 5406 signi-

1996 5396 2160 5457 ficari
2193 5396 2287 5457 hic
2318 5396 2700 5475 profundum
2727 5396 2991 5476 aliquem
3011 5396 3333 5468 recessum}

2077 5480 2127 5545 (1
2149 5478 2201 5557 l)
2236 5478 2319 5536 lia
2343 5477 2507 5554 Regii
2543 5478 2794 5561 primus,
2817 5479 3053 5553 tertius,
3082 5484 3558 5561 quintus,sextus
3581 5499 3643 5549 et

1999 5566 2265 5628 octavus,
2300 5576 2468 5637 aeque
2488 5574 2558 5637 ac
2592 5556 2757 5619 Colb.
2787 5561 3086 5623 secundus
3104 5556 3241 5625 cum
3267 5556 3534 5628 combef.
3560 5571 3640 5629 At

1999 5636 2453 5721 editioutraque
2483 5636 2536 5721 ἒν
2570 5643 2644 5713 τῷ
2672 5640 2811 5715 βυθῷ
2854 5639 3063 5721 animi“,
3100 5644 3403 5711 mendose.

2080 5718 2203 5800 (Ῑῖ)
2243 5716 2410 5781 Colb.
2448 5716 2675 5797 primus
2702 5721 2846 5791 ζωὴν
2873 5723 3050 5796 ἡμῶν,
