4098 6384
389 309 510 379 171:

1743 306 1806 366 S.
1854 306 2021 368 BASI
2036 305 2136 370 LII
2185 311 2431 375 MAGNI

3665 311 3783 376 172

392 445 654 529 ptilotas,
692 449 754 505 ut
767 460 1015 522 vespas:
1045 440 1192 503 alias
1204 458 1413 502 rursus
1436 440 1834 521 coloopteras,
1863 443 1954 502 75
1977 449 2035 502 ut

2125 446 2188 500 τὰ
2251 445 2305 501 δὲ
2356 445 2622 522 πτιλωτὰ,
2651 448 2726 509 ὡς
2773 449 2894 512 τοὺς
2941 448 3172 527 σφῆκας
3212 449 3278 505 τὰ
3307 445 3363 504 δὲ
3421 447 3782 529 κολεόπτερα,

387 533 725 612 scarabeos,
760 541 1212 612 etquzecunque
1259 531 1322 591 in
1361 529 1552 593 thecis
1596 530 1952 611 quibusdam
1978 539 2036 592 et

387 621 659 689 amiculis
670 628 1186 700 generatamrusta
1197 618 1272 680 ab
1287 618 1432 700 ipsis
1448 619 1821 686 distracta,ad
1840 619 1970 680 vola
1979 639 2038 679 n-

385 715 525 778 dum
541 710 833 792 expeditas
849 709 1361 771 evadunt.\'erum
1383 708 1692 770 sufﬁciens
1714 708 1888 771 nobis
1903 716 2040 770 nota

386 801 554 868 estad
572 817 862 881 generum
877 797 1304 880 proprietatem
1318 796 1735 876 assignandam
1746 817 1904 873 ,com
1915 817 1966 858 m
1978 819 2038 859 u-

384 893 480 956 nis
496 897 726 970 usus,et
742 889 934 951 allatae
953 906 986 950 a
1008 887 1313 968 Scriptura
1333 887 1409 948 de
1427 886 1669 948 mundis
1691 895 1754 948 et
1772 887 2036 949 immun-

388 982 480 1044 dis
495 978 934 1044 distinctiones.
964 976 1141 1043 Aliud
1157 976 1357 1056 itaque
1378 975 1825 1039 carnivorarum
1851 996 2038 1056 genus

389 1079 498 1149 est,
533 1070 772 1147 aliaque
811 1065 1182 1139 constitutio,
1230 1065 1303 1127 ad
1339 1065 1581 1127 modum
1615 1085 1732 1145 quo
1763 1066 1905 1146 ipsa;
1933 1087 2036 1128 ve-

386 1167 656 1238 scuntur,
680 1157 1150 1232 accommodata;
1177 1155 1462 1233 unguium
1485 1161 1666 1227 acies,
1693 1163 1752 1216 et
1779 1165 2034 1216 rostrum

383 1250 720 1321 incurvum,
771 1255 828 1308 et
884 1263 1079 1326 penna
1104 1245 1296 1316 velox,
1343 1252 1408 1304 ut
1436 1251 1495 1306 et
1523 1243 1694 1305 facile
1724 1244 2039 1324 arripiatur

387 1338 676 1420 prada,et
704 1335 989 1396 dilaniata
1021 1334 1370 1396 alimentum
1393 1334 1492 1394 liat
1521 1333 1880 1413 praedatrici.
1909 1335 2039 1396 Alia

386 1445 590 1491 earum
624 1424 965 1488 constitutio
997 1432 1116 1504 est,
1139 1443 1271 1503 quae
1299 1423 1532 1484 semina
1562 1423 1846 1502 colligunt
1876 1445 1888 1485 :
1921 1424 2038 1484 alia

387 1533 616 1594 earum,
653 1532 784 1594 quae
831 1513 998 1574 omni
1030 1531 1096 1574 re
1127 1512 1299 1574 obvia
1330 1513 1694 1575 nutriuntur.
1727 1514 1799 1574 Et
1855 1511 1914 1572 in
1949 1514 2039 1574 his

391 1605 661 1688 plurimm
678 1600 1330 1681 dilferentiaersarum
1355 1603 1511 1663 enim
1531 1601 2010 1681 qumdam,grega

2119 535 2188 599 ὡς
2257 537 2376 599 τοὺς
2453 536 2767 613 κανθάρους.
2844 539 2931 594 καὶ
2975 537 3098 613 ὅσα,
3133 539 3188 593 ἒν
3213 539 3402 607 θήκαις
3433 540 3538 594 τισὶ
3569 541 3658 595 καὶ
3689 563 3784 596 πε-

2119 621 2362 700 ριϐολαῖς
2435 626 2775 703 γεννηθέντα,
2836 625 3247 704 περιρραγέντος
3296 629 3476 692 αὐτοῖς
3513 637 3606 684 του
3653 629 3785 686 ἐλύ-

2121 734 2264 792 τρου,
2338 716 2467 793 πρὸς
2530 715 2626 780 τὴν
2684 713 2877 782 πτῆσιν
2933 714 3290 793 ἠλευθερώθη.
3332 713 3482 771 Ἀλλ’
3511 718 3652 790 ἡμῖν
3684 719 3786 796 ἂρ-

2123 813 2286 860 κούσα
2344 803 2638 874 σημείωσις
2726 805 2859 881 πρὸς
2913 803 3012 868 τὴν
3071 805 3175 858 τῶν
3219 811 3388 880 γενῶν
3443 801 3682 872 ἰδιότητα
3744 809 3780 874 ἡ

2121 892 2274 958 κοινὴ
2347 892 2566 972 χρῆσις,
2601 894 2685 948 καὶ
2729 896 2776 948 οἱ
2819 893 2962 971 παρὰ
2995 894 3093 958 τῆς
3126 894 3336 972 Γραφῆς
3368 894 3486 972 περί
3515 915 3571 951 π
3603 899 3778 952 καθα-

2121 983 2226 1058 ρῶν
2255 983 2342 1039 καὶ
2370 981 2678 1060 ἆκαθαίρτων
2734 979 3015 1060 διορισμοί.
3073 980 3258 1038 ’Άλλο
3318 984 3416 1057 μὲν
3483 986 3572 1040 οὖν
3623 985 3780 1062 γένος

2121 1074 2182 1126 τὸ
2242 1078 2346 1127 τῶν
2398 1072 2771 1150 σαρκοφάγων,
2827 1072 2913 1127 καὶ
2967 1069 3105 1137 ἄλλη
3151 1073 3452 1139 κατασκευὴ
3506 1071 3780 1149 πρέπουσα

2123 1168 2197 1234 τῷ
2257 1163 2437 1239 τρόπῳ
2483 1161 2578 1226 τῆς
2650 1159 2856 1226 διαίτης
2918 1160 3114 1240 αὐτῶν,
3190 1161 3400 1240 ὀνύχων
3443 1162 3630 1235 ἀκμαὶ,
3691 1165 3781 1219 καὶ

2123 1250 2312 1329 χεῖλος
2369 1248 2620 1326 ἀγκύλον,
2657 1251 2744 1305 καὶ
2781 1252 2972 1326 πτερὸν
3003 1248 3112 1323 ὀξὺ,
3170 1249 3307 1305 ὥστε
3341 1251 3427 1306 καὶ
3457 1249 3776 1327 συλληφθῆ-

2121 1363 2201 1394 vat
2231 1339 2416 1416 ῥᾳδίως
2476 1340 2535 1393 τὸ
2592 1339 2826 1417 θήραμα,
2889 1341 2975 1394 καὶ
3025 1336 3383 1416 διασπαραγὲν
3418 1336 3548 1417 (47)
3576 1341 3778 1418 τροφὴν

2120 1436 2197 1502 τῷ
2246 1426 2418 1484 ἑλόντι
2452 1427 2715 1506 γενέσθαι,
2747 1427 2939 1494 ’Ἀλλη
2999 1435 3103 1483 τῶν
3163 1427 3551 1506 σπερμολόγων
3601 1451 3777 1486 κατα-

2122 1519 2308 1586 σκευή·
2361 1517 2498 1584 ἄλλη
2531 1524 2635 1574 τῶν
2667 1520 2727 1573 ὲκ
2791 1525 2987 1581 παντὸς
3043 1518 3378 1596 τρεφομένων
3425 1526 3516 1574 τοῦ
3583 1541 3774 1576 συντυ-

2120 1608 2338 1685 χόντος.
2410 1609 2506 1666 Καὶ
2572 1611 2626 1662 εν
2681 1607 2886 1671 τούτοις
2932 1607 3187 1664 πλεῖσται
3235 1605 3505 1686 διαφοραί.
3561 1608 3632 1666 Τὰ
3677 1609 3773 1680 μὲν

387 1695 478 1757 les
501 1701 678 1756 sunt:
736 1690 999 1772 exceptis
1028 1689 1363 1770 rapacibus,
1397 1690 1552 1751 inter
1591 1709 1737 1770 quas
1782 1695 2035 1752 societas

2124 1698 2217 1774 γὰρ
2277 1700 2445 1754 αὐτῶν
2498 1697 2638 1752 ἐστιν
2698 1697 2827 1774 (48)
2859 1697 3104 1775 ἆγελικὰ,
3162 1696 3306 1762 πλὴν
3367 1703 3470 1753 τῶν
3501 1699 3772 1775 ἁρπακτι-

388 1783 553 1847 nulla
583 1791 672 1843 est
695 1788 912 1861 praeter
942 1779 1318 1860 conjugalem
1343 1779 1854 1859 conjunctionem.
1891 1779 2035 1841 Sunt

2124 1788 2248 1842 κῶν·
2315 1787 2512 1844 τούτων
2569 1785 2624 1842 δὲ
2686 1785 2832 1844 οὒδὲν
2862 1787 3173 1843 κοινωνικὸν
3205 1787 3360 1850 ἐκτὸς
3391 1795 3485 1843 τοῦ
3514 1788 3650 1843 κατὰ
3680 1789 3775 1850 τὰς

391 1890 536 1936 vero
553 1870 684 1934 aliae
699 1870 1194 1949 innumerae,quao
1214 1868 1586 1930 collectivam
1599 1869 2035 1949 amplectuntur

2124 1875 2364 1952 συζυγίας
2419 1873 2766 1948 συνδυασμοῦ.
2832 1877 2998 1954 Μυρία
3058 1875 3114 1931 δέ
3165 1873 3304 1935 ἄλλα
3335 1878 3424 1932 τὸν
3471 1877 3774 1954 ἄθροισμα-

385 1963 589 2034 vitam,
616 1969 682 2024 ut
702 1959 1703 2039 columbae,grues,sturni,graculi.
1728 1958 1958 2020 Rursus
1977 1961 2036 2019 in

387 2052 482 2117 his
503 2052 635 2115 alia;
659 2049 879 2113 nullius
907 2049 1244 2110 subduntur
1273 2048 1555 2130 imperio,
1594 2056 1651 2109 et
1689 2058 1826 2109 sunt
1859 2047 2037 2108 veluti

387 2142 480 2206 sui
492 2142 644 2220 juris
680 2162 697 2217 ;
729 2139 861 2202 aliae
917 2138 1055 2201 duci
1085 2137 1302 2217 subjici
1352 2157 1473 2199 non
1526 2146 1822 2212 recusant,
1875 2137 2039 2200 velut

387 2250 588 2313 grues.
614 2228 745 2292 Jam
772 2245 910 2291 vero
942 2229 1118 2290 etiam
1150 2226 1270 2289 alia
1298 2229 1576 2308 quaedam
1600 2237 1688 2290 est
1715 2227 1777 2288 in
1820 2227 1913 2288 his
1931 2226 2039 2287 dif-

387 2320 840 2400 ferentia,juxta
867 2337 1044 2400 quam
1068 2318 1200 2380 aliae
1219 2336 1523 2398 nunquam
1549 2317 1755 2378 sedem
1786 2324 2033 2390 mutant,

388 2406 1106 2490 suntqueindigenaazaliae
1119 2406 1678 2485 solentlongissime
1697 2405 2034 2480 discedere,

387 2509 448 2564 et
477 2499 678 2561 hieme
698 2496 1215 2577 appropinquante
1232 2504 1295 2557 ut
1312 2494 1638 2576 plurimum
1663 2495 1725 2555 in
1747 2495 1928 2556 alium
1953 2495 2038 2556 lo—

390 2608 524 2654 cum
537 2605 671 2650 sese
681 2585 1135 2668 recipere.Quin
1151 2584 1882 2666 etcompluresaves,dum
1898 2585 2039 2646 edu-

389 2685 619 2756 cantur,
646 2684 1071 2741 mansuescunt
1085 2676 1798 2757 cicuranturque,praeter
1809 2673 2039 2737 debiles

386 2787 456 2832 ac
476 2767 768 2846 inﬁrmas,
792 2785 924 2848 qua;
944 2765 1024 2830 ob
1057 2765 1302 2828 nimiam
1329 2764 1710 2827 timiditatem
1736 2784 1804 2826 ac
1824 2763 2036 2825 formi-

387 2857 613 2932 dinem,
650 2854 950 2919 assiduam
989 2855 1325 2917 molestiam
1358 2853 1472 2916 sibi
1505 2872 1685 2914 manu
1714 2853 2033 2914 exhibitam

385 2965 506 3011 non
538 2946 867 3027 patiuntur.
901 2944 1022 3007 Sed
1045 2951 1104 3004 et
1122 2946 1383 3004 humana
1408 2941 1843 3004 consuetudine
1867 2943 2034 3002 volu-

381 3053 515 3100 cres
531 3035 806 3116 quadam
824 3033 1180 3112 gaudent,et
1199 3031 1442 3092 easdem
1461 3039 1637 3109 atque
1657 3049 1766 3091 nos
1786 3029 1900 3110 ipsi
1925 3030 2036 3091 ha—

381 3123 707 3189 bitationes
719 3120 1182 3202 recipiuntzaliaa
1203 3119 1817 3193 incoluntmontes,ac
1836 3119 2039 3179 solitu-

387 3208 1048 3277 dinedelectanturllla
1067 3208 1540 3288 uniuscujusque
1561 3207 1894 3289 proprietas
1907 3226 2038 3288 quae

387 3302 461 3367 ad
482 3317 689 3362 vocem
715 3299 1327 3379 pertinet,maximum
1355 3300 1534 3359 etiam
1561 3297 1886 3359 discrimen
1909 3297 2033 3358 effi-

389 3392 496 3466 cit.
530 3388 678 3452 Aliae
699 3389 858 3449 enim
880 3389 1150 3451 volucres
1171 3388 1452 3469 loquaces
1470 3395 1607 3449 sunt
1639 3396 1699 3449 et
1747 3387 2038 3466 garrulae;

391 3480 524 3544 aliae
546 3476 987 3540 taciturnaaﬂw
1008 3478 1254 3558 quidem
1275 3495 1531 3553 canoras,
1568 3485 1626 3538 et
1642 3477 1890 3539 multum
1910 3477 2038 3539 cla-

391 3567 978 3645 mosaa;illaeomnino
994 3567 1493 3631 modulationisac
1515 3575 1722 3629 cantus
1737 3579 2040 3646 expertes.

393 3658 673 3734 Quaedam
697 3658 1224 3738 suntimitatrices,
1252 3657 1694 3720 aemulationem
1722 3657 1882 3718 illam
1910 3658 2040 3718 vela

388 3757 597 3812 natura
625 3747 716 3809 vel
746 3746 818 3807 ab
851 3748 1135 3810 exercitio
1161 3747 1545 3828 accipientes:
1575 3749 1850 3826 quaedam
1870 3767 2036 3810 eam»-

391 3842 528 3906 dem
551 3856 790 3920 semper
811 3855 880 3900 ac
901 3836 1341 3898 immutabilem
1356 3855 1560 3898 vocem
1583 3837 1886 3901 emittunt.
1919 3836 2036 3899 Su-

389 3928 612 4014 perbus
634 3935 724 3992 est
742 3927 934 4008 gallus
966 3947 979 3987 :
1009 3934 1254 3988 ornatus
1275 3933 1334 3987 et
1365 3926 1676 4007 elegantiae
1697 3935 1926 3990 amator
1949 3933 2040 3989 est

391 4017 902 4102 pavo:libidinosm
913 4015 1228 4092 columbae,
1238 4016 1487 4096 perinde
1502 4027 1680 4096 atque
1693 4015 2041 4096 gallinaedo-

388 4108 817 4186 mesticaa,quae
837 4107 1002 4168 nullo
1020 4123 1143 4167 non
1165 4115 1438 4185 tempore
1457 4103 1692 4167 libidini
1706 4106 2035 4186 indulgent.

389 4198 610 4265 Dolosa
635 4202 696 4258 et
722 4197 990 4278 zelotypa
1022 4194 1234 4275 perdix
1251 4193 1752 4270 est,venatoribus
1781 4195 1854 4256 ad
1884 4213 2038 4274 pra;-

388 4287 526 4351 dam
557 4284 908 4365 capiendam
947 4284 1247 4347 malitiose
1263 4301 1429 4346 suam
1455 4302 1698 4364 operam
1725 4293 2036 4365 praestans.
2063 4313 2106 4362 ο

470 4375 534 4436 4.
566 4372 886 4435 Innumera
922 4381 1081 4449 sunt,
1117 4382 1180 4434 ut
1234 4373 1516 4451 diximus,
1551 4383 1608 4435 et
1648 4374 1946 4438 actionum
1981 4384 2038 4436 et

386 4465 522 4528 vita
537 4461 908 4528 discrimina.
943 4466 1126 4524 Porro
1151 4462 1420 4544 quaedam
1448 4482 1518 4526 ex
1542 4464 1634 4526 his
1678 4463 1869 4526 brutis
1899 4465 2034 4527 ani-

390 4552 694 4619 mantibus
709 4559 846 4614 sunt
875 4571 1114 4634 quoque
1129 4553 1711 4636 politicae:siquidem
1728 4555 1917 4617 civilis
1933 4556 2029 4617 ad-

389 4641 846 4709 ministrationis
869 4643 1180 4725 proprium
1205 4652 1312 4719 est,
1345 4652 1408 4706 ut
1436 4645 1509 4706 ad
1543 4664 1725 4707 unum
1759 4664 2030 4708 commu-

386 4755 524 4800 nem
538 4734 720 4798 ﬁnem
739 4732 1112 4815 singulorum
1130 4734 1397 4796 actiones
1409 4735 2036 4817 concurrant,utquis-

387 4845 507 4909 que
535 4827 599 4889 in
628 4823 839 4908 apibus
855 4823 1078 4890 intueri
1100 4831 1317 4906 potest.
1352 4823 1457 4887 His
1488 4825 1646 4887 enim
1700 4825 2033 4888 communis

463 5023 588 5106 (47)
614 5019 770 5106 Reg.
806 5022 1034 5103 primus
1053 5037 1191 5084 cum
1221 5019 1392 5086 Colb.
1421 5019 1630 5082 itidem
1666 5019 1857 5098 primo
1880 5019 2034 5076 διασ-

388 5105 686 5184 παραχθέν.

468 5184 598 5264 (48)
631 5181 800 5246 Colb.
848 5182 1078 5264 primus
1121 5185 1292 5243 αὐτῶν
1325 5185 1477 5246 εἰσιν.
1511 5178 1645 5242 Mox
1691 5177 1853 5241 idem
1922 5197 2029 5242 ms.

387 5263 525 5320 κατὰ
553 5265 794 5340 συζυγίαν
805 5306 818 5321 .

473 5339 889 5425 (49)-Εξᾶ-ἱιί-ὤς
921 5345 1327 5425 αἰ-περιστεραί.
1381 5341 1684 5425 Articulus
1755 5341 1925 5425 deest
1984 5341 2038 5401 in

391 5438 536 5485 mss.
577 5419 855 5484 Subinde
888 5419 1234 5485 multi‘mss.
1278 5431 1471 5501 ψῆρες.
1503 5422 1658 5501 Editi
1691 5424 1877 5500 ψᾶρες.

469 5447 536 5485 58.
583 5447 855 5484 ουυιηυυ
888 5447 1060 5485 ιιιυιιι
1094 5447 1234 5484 [1158.
1278 5447 1356 5501 ψη
1395 5447 1471 5488 ες.
1503 5447 1658 5484 ειηιιι
1691 5447 1877 5500 ψᾶρες.

469 5501 594 5583 (50)
624 5503 985 5583 Reg,sextus
1009 5503 1338 5583 ὑφίστανται.
1361 5447 1590 5565 lbidem
1618 5499 2034 5568 Cod.Combef.

390 5581 805 5662 συνανθρωπικοί
820 5628 833 5641 .

621 5660 882 5746 ςοάῇρθε
903 5659 1020 5746 duo
1056 5663 1574 5746 προσλαμϐάνονται.

463 5742 594 5836 (52)
620 5742 792 5826 Regii
823 5743 1076 5836 primus,
1101 5742 1318 5836 tertius
1341 5753 1411 5836 ‘et
1437 5745 1684 5836 quin_tus
1741 5742 1948 5836 sones,
1981 5745 2033 5804 ὁ.

382 5820 539 5894 Editi
566 5820 937 5892 cum'multis
958 5825 1092 5892 aliis
1112 5843 1256 5894 mss.
1279 5820 1493 5906 δολιρὲῑν
1509 5828 1770 5892 6.Potest
1790 5820 2032 5906 quidem

2121 1968 2266 2022 τικὸν
2321 1967 2518 2043 ᾕρηται
2577 1967 2712 2042 βίον,
2773 1969 2846 2028 ὡς
2907 1968 3209 2044 περιστεραὶ
3234 1965 3380 2044 (49),
3415 1968 3503 2022 καὶ
3534 1966 3774 2045 γέρανοι,

2119 2057 2205 2111 καὶ
2259 2054 2450 2132 ψῆρες,
2510 2056 2595 2110 καὶ
2645 2054 2873 2114 κολοιοί.
2937 2054 3103 2110 Πάλιν
3151 2055 3204 2111 ἐν
3277 2056 3480 2116 τούτοις
3540 2056 3607 2109 τὰ
3677 2063 3778 2129 μὲν

2122 2141 2330 2224 ἄναρχά
2389 2144 2498 2199 ἐστι
2559 2147 2644 2200 καὶ
2673 2145 2795 2200 οἷον
2851 2144 3139 2218 αὖτόνομα’
3205 2146 3269 2200 τὰ
3300 2145 3351 2200 δὲ
3417 2144 3502 2224 ὑφ’
3549 2146 3776 2221 ἡγεμόνι

2121 2235 2376 2312 τετάχθαι
2436 2231 2864 2313 καταδεχόμενοι,
2897 2236 2970 2296 ὡς
3033 2240 3086 2293 αἱ
3115 2233 3346 2312 γέρανοι.
3383 2232 3540 2301 ’Ἤδη
3586 2232 3642 2288 δέ
3694 2256 3776 2296 τις

2122 2324 2210 2379 καὶ
2268 2322 2422 2401 ἑτέρα
2497 2321 2551 2378 ἐν
2596 2323 2804 2386 τούτοις
2858 2324 2968 2379 ἐστὶ
3001 2323 3241 2402 διαῳορὰ,
3305 2320 3420 2379 καθ’
3452 2323 3516 2390 ἢν
3571 2325 3637 2379 τὰ
3678 2325 3779 2398 μὶν

2121 2412 2488 2487 ἐπιδιιμητικά
2539 2411 2597 2467 τέ
2653 2411 2762 2468 ἐστι
2823 2414 2908 2469 καὶ
2966 2411 3232 2492 ἐγχώρια,
3303 2413 3370 2468 τὰ
3425 2411 3480 2468 δὲ
3534 2413 3777 2490 ἀπαίρειν

2120 2501 2318 2580 πέφυκε
2374 2500 2719 2579 πορρωτάτω,
2776 2502 2862 2558 καὶ
2922 2507 3193 2580 χειμῶνος
3267 2502 3571 2579 ἐγγίζοντος
3624 2502 3780 2559 ἐκτο-

2119 2591 2286 2661 πίζειν
2338 2591 2411 2655 ὡς
2469 2591 2534 2647 τὰ
2601 2589 2799 2654 πολλά,
2861 2592 3127 2670 Χειροήθη
3182 2590 3236 2646 δὲ
3293 2592 3382 2647 καὶ
3430 2592 3653 2647 τιθασσὰ
3713 2594 3778 2648 τὰ

2119 2679 2316 2760 πολλὰ,
2366 2684 2472 2736 τῶν
2514 2681 2710 2760 ὀρνέων
2753 2681 3112 2758 ἐκτρεφόμενα
3156 2681 3381 2758 γίνεται.
3435 2680 3585 2750 πλήν
3618 2704 3679 2759 γε
3709 2681 3774 2750 δὴ

2119 2776 2224 2825 τῶν
2277 2769 2532 2844 ἀσθενῶν,
2595 2771 2630 2825 όί
2671 2769 2739 2826 δι’
2765 2769 3194 2850 ὑπερϐάλλουσαν
3251 2768 3450 2827 δειλίαν
3495 2771 3584 2828 καὶ
3613 2772 3777 2827 ἀναν-

2119 2856 2261 2936 δρίαν
2311 2860 2407 2926 τὴν
2467 2865 2670 2938 συνεχῆ
2699 2865 2798 2926 τῆς
2849 2862 3032 2939 χειρὸς
3091 2859 3380 2939 ἐνόχλησιν
3408 2865 3510 2940 οὔχ
3563 2862 3779 2940 ὑφίστατο

2121 2969 2206 3002 ται
2273 2945 2423 3026 (50).
2485 2947 2653 3004 Ἀλλὰ
2684 2951 2771 3004 καὶ
2814 2950 3317 3028 συνανθρωπιστικοί
3359 2972 3496 3014 τινες
3541 2955 3644 3005 τῶν
3678 2952 3776 3027 ὀρ-

2121 3038 2276 3093 νίθων
2325 3039 2443 3109 εἰσὶ,
2496 3039 2588 3100 τὰς
2648 3039 2806 3101 αὑτὰς
2867 3041 3002 3112 ἡμῖν
3048 3040 3282 3108 οἰκήσεις
3324 3037 3770 3117 καταδεχόμενον

2123 3124 2276 3182 ἄλλοι
2329 3124 2381 3181 δὲ
2442 3125 2607 3206 ὅρειοι
2657 3127 2744 3183 καὶ
2817 3125 3122 3208 φιλέρημοι,
3193 3129 3432 3205 Μεγίστη
3464 3126 3517 3184 δὲ
3549 3127 3777 3207 διαφορὰ

2123 3217 2210 3272 καὶ
2262 3217 2296 3282 ἡ
2339 3220 2456 3293 περὶ
2500 3218 2596 3283 την
2653 3218 2834 3293 φωνὴν
2864 3215 3064 3282 ἰδιότης
3135 3218 3380 3280 ἑκάστου,
3439 3221 3498 3276 Οἱ
3548 3219 3645 3293 μὲν
3678 3220 3779 3297 γὰρ

2126 3304 2338 3361 κωτίλιι
2411 3307 2497 3362 καὶ
2567 3304 2720 3363 λάλοι
2790 3307 2896 3363 τῶν
2932 3307 3144 3386 ὀρνίθων
3175 3308 3324 3363 εἷσίν⁶
3374 3311 3420 3364 οἱ
3450 3307 3506 3364 δὲ
3540 3309 3779 3385 σιγηλοί.

2129 3397 2223 3454 Καὶ
2288 3395 2354 3450 τὰ
2423 3396 2522 3471 μὲν
2576 3393 2743 3468 ῲόικὰ
2801 3400 2886 3453 καὶ
2946 3396 3256 3477 πολύφωναο
3331 3398 3395 3455 τὰ
3455 3395 3510 3452 δὲ
3569 3398 3781 3473 ἄμουσα

2125 3482 2399 3548 παντελῶς
2459 3486 2547 3541 καὶ
2600 3484 2738 3558 ᾠδῆς
2780 3485 3001 3564 ἄμοιρα.
3069 3488 3165 3544 Καὶ
3191 3487 3257 3542 τὰ
3288 3488 3386 3563 μὲν
3444 3486 3688 3568 μιμηλὰ,
3740 3489 3775 3556 ἢ

2125 3577 2186 3631 in
2257 3573 2460 3655 φύσεως
2519 3574 2718 3654 ἔχοντα
2776 3576 2835 3631 τὸ
2916 3579 3219 3650 μιμεῖσθαι,
3295 3575 3330 3642 ἥ
3393 3574 3444 3641 ἑξ
3500 3577 3780 3647 ἀσκήσεως

2129 3662 2494 3741 προσλαϐόντα
2556 3663 2695 3741 (51)’
2752 3665 2816 3720 τὰ
2846 3662 2900 3720 δὲ
2947 3665 3277 3742 μονότροπον
3331 3667 3416 3722 καὶ
3476 3665 3780 3738 ἀμετάϐλη-

2123 3777 2211 3809 τον
2263 3754 2360 3821 τὴν
2385 3754 2566 3832 φωνὴν
2626 3753 2866 3834 ἀφιέντα,
2917 3760 3113 3832 Γαῡρον
3186 3757 3213 3810 ὁ
3245 3754 3570 3834 ἀλεκτρυών
3626 3755 3777 3835 φιλό-

2124 3843 2288 3900 καλον
2321 3846 2348 3898 ὁ
2401 3842 2561 3904 ταώς·
2629 3841 2836 3919 λάγνιοι
2897 3845 2948 3900 αἱ
3036 3846 3337 3924 περιστεραὶ
3362 3846 3449 3901 καὶ
3506 3847 3555 3901 αἱ
3589 3868 3778 3902 κατει-

2121 3932 2274 3990 κίδιοι
2337 3930 2530 4010 ὄρνεις,
2599 3932 2685 3988 ἐπὶ
2745 3935 2940 3998 παντὸς
2983 3936 3170 4013 καιροῦ
3219 3936 3280 3990 τὸ
3343 3938 3779 3993 συνουσιαστικὸν

2121 4022 2370 4102 ἔχουσαι.
2462 4023 2689 4099 Δολερὸν
2739 4024 2766 4078 ὁ
2830 4021 2954 4101 (5ἓ)
3017 4023 3191 4103 πέρδιξ
3295 4026 3382 4080 καὶ
3455 4024 3774 4097 ζηλότυπον,

2121 4113 2426 4191 κακούργως
2497 4114 2851 4188 συμπράττων
2922 4125 3039 4175 τοῖς
3123 4116 3387 4192 θηραταῖς
3462 4117 3595 4193 πρὸς
3679 4116 3779 4182 τὴν

2124 4200 2316 4278 ἄγραν,

2200 4381 2255 4442 4.
2297 4379 2504 4458 Μυρίαι,
2569 4387 2641 4442 ως
2698 4379 2922 4461 ἔφαμεν,
2958 4384 3044 4439 καὶ
3076 4383 3179 4439 τῶν
3235 4382 3473 4461 πράξεων
3518 4384 3603 4438 καὶ
3675 4385 3779 4439 τῶν

2117 4471 2245 4547 βίων
2309 4467 2572 4550 διαφοραί,
2634 4466 2804 4526 ’Ἔστι
2835 4469 2890 4526 δέ
2945 4494 3062 4528 τινα
3091 4473 3178 4528 καὶ
3207 4470 3456 4527 πολιτικὰ
3501 4477 3605 4525 τῶν
3639 4471 3774 4524 ἀλό-

2117 4584 2248 4638 γων,
2304 4557 2458 4637 εἴπερ
2517 4557 2787 4624 πολιτείας
2849 4559 3010 4632 ἴδιον,
3047 4562 3108 4615 τὸ
3142 4562 3270 4635 πρὸς
3317 4558 3371 4612 ἕν
3395 4558 3555 4634 πέρας
3591 4559 3770 4612 κοινὸν

2117 4648 2380 4708 συννεύειν
2453 4649 2547 4716 τὴν
2605 4649 2870 4728 ἐνέργειαν
2926 4656 3033 4704 τῶν
3092 4638 3210 4703 καθ’
3264 4647 3512 4725 ἕκαστον,
3558 4648 3629 4709 ὡς
3692 4647 3779 4702 ἐπὶ

2119 4745 2222 4795 τῶν
2279 4735 2548 4813 μελισσῶν
2606 4737 2666 4793 ἄν
2697 4759 2777 4804 τις
2823 4735 2952 4794 ῗδιι.
2992 4737 3088 4795 Καὶ
3113 4737 3213 4813 γὰρ
3245 4735 3458 4790 ’ἐκείνων
3488 4736 3643 4803 κοινὴ
3676 4739 3778 4807 μὲν

2117 4831 2150 4896 ἡ
2183 4827 2426 4906 οἴκησις,
2458 4827 2611 4896 κοινῆ
2652 4826 2706 4882 δὲ
2735 4830 2768 4894 ἡ
2801 4827 3024 4899 πτῆσις,
3059 4825 3273 4904 ἐργασία
3306 4823 3360 4880 δὲ
3390 4825 3601 4882 πάντων
3637 4825 3754 4923 (53)

2121 5019 2297 5084 lectio
2325 5029 2574 5102 utraque
2603 5019 2673 5081 ad
2685 5018 2972 5102 mittizsed
2993 5037 3130 5102 cum
3149 5025 3493 5081 constanter
3509 5019 3626 5102 hoc
3643 5019 3773 5100 ipso

2121 5103 2180 5162 in
2216 5102 2344 5163 loco
2374 5100 2708 5182 reperiatur
2766 5101 2827 5161 in
2865 5101 3162 5182 omnibus
3237 5118 3380 5182 mss.
3409 5100 3756 5182 ζηλότυπον.

2118 5182 2365 5244 dubium
2395 5177 2514 5242 non
2555 5180 2744 5242 habeo
2777 5180 2920 5260 quin
2946 5179 3266 5258 legendum
3296 5180 3373 5240 sit
3405 5177 3644 5259 δολερὸν,

2199 5263 2326 5341 (53)
2363 5261 2518 5323 Editi
2540 5280 2674 5323 cum
2703 5261 2902 5323 multis
2929 5280 3061 5322 mss.
3101 5261 3334 5341 πάντων.
3366 5260 3770 5341 Colb.secun-

2125 5339 2234 5402 dus
2252 5339 2650 5405 πάσῶυΝετηο
2677 5360 2794 5402 non
2809 5341 2968 5402 videt
2991 5339 3425 5402 correctionem
3451 5340 3761 5415 esseignm

2124 5422 2176 5482 ri
2202 5422 2454 5503 librarii,
2491 5422 2591 5502 qui
2623 5423 2782 5502 quod
2818 5441 2919 5482 vox
2946 5421 3170 5503 μέλιστα
3222 5419 3772 5503 femininigeneris

2122 5504 2218 5581 sit,
2242 5502 2322 5564 ita
2354 5499 2794 5564 emendandum
2824 5520 2957 5564 esse
2981 5499 3347 5582 putavit.Sed
3373 5500 3518 5582 nihil
3555 5519 3769 5582 necesf

2121 5601 2185 5644 se
2208 5580 2343 5644 fuit.
2379 5582 2526 5644 Nam
2553 5590 2614 5645 ut
2636 5582 2782 5644 alias
2805 5580 3076 5663 saepeﬁta
3101 5581 3199 5642 hic
3227 5580 3509 5663 generale
3526 5581 3681 5660 aliqu
3696 5581 3768 5639 ml

2120 5681 2337 5746 nomen
2369 5663 2744 5745 subauditur,
2783 5660 2923 5746 puta
2946 5660 3106 5736 ζῶον.
3141 5660 3352 5725 Statim
3379 5661 3538 5724 idem
3573 5665 3758 5723 codex

2119 5747 2204 5801 καῖ
2233 5744 2325 5812 ταξ
2337 5747 2528 5828 ιάρχῃ,
