4098 6374
406 279 536 346 179.

395 512 756 591 iniquissimi
778 519 1065 591 sunterga
1083 509 1849 584 liberos.Quemadmodum
1877 513 2036 576 enim

396 607 703 681 cuique,ut
733 611 912 675 esset,
933 620 1008 664 ex
1035 620 1206 682 aequo
1234 601 1520 676 tribuere,
1557 603 1634 663 ita
1655 621 1887 683 aequum
1921 612 2034 686 est,

395 698 459 752 ut
480 691 565 752 eis
596 690 726 752 vitae
746 692 991 769 agendae
1022 691 1359 754 facultatem
1413 692 1537 772 pari
1569 692 1897 774 aequalique
1928 712 2034 755 ra-

395 781 560 843 tione
590 780 1150 862 suppeditent.Cave
1173 781 1425 844 imiteris
1450 800 1654 842 earum
1677 781 1871 844 avium
1903 785 2034 862 qui-

395 869 504 931 bus
539 889 766 950 ungues
795 872 1012 933 adunci
1066 881 1226 942 sunt,
1277 870 1691 933 credulitatem
1723 889 1735 930 :
1773 890 1904 949 quae
1933 872 2034 934 ubi

391 959 652 1021 viderint
684 981 822 1022 suos
853 962 1005 1023 fetus
1051 963 1302 1042 jamjam
1353 961 1570 1024 volatui
1603 969 1889 1036 maturos,
1925 963 2035 1023 alis

389 1069 490 1111 eos
520 1050 1005 1133 verberantes,ac
1027 1052 1490 1132 expellentes,ex
1521 1051 1664 1113 nido
1689 1052 2035 1132 ejiciunt,ac

389 1139 679 1220 deinceps
701 1143 918 1202 nullam
946 1161 1152 1202 eorum
1177 1161 1378 1203 curam
1399 1140 2034 1220 suscipiunt.Laudan-

392 1228 502 1290 dus
535 1239 624 1290 est
655 1231 911 1292 cornicis
933 1231 993 1290 in
1017 1250 1156 1292 suos
1181 1230 1372 1306 pullos
1390 1231 2028 1310 amor,quaeipsosjam

389 1318 652 1381 volantes
683 1321 1018 1396 comitatur,
1055 1321 1512 1400 alimoniamque
1543 1318 2030 1393 subministrans,

387 1407 525 1469 illos
551 1409 884 1472 diutissime
907 1409 1359 1473 enutrit.Multis
1383 1410 1574 1470 avium
1609 1409 1932 1488 generibus
1954 1411 2029 1471 ad

387 1509 744 1578 conceptum
779 1499 930 1561 nihil
963 1519 1111 1579 opus
1142 1508 1231 1561 est
1264 1499 1472 1580 copula
1503 1501 1751 1559 marium
1787 1522 1798 1557 :
1833 1500 1938 1562 sed
1969 1506 2028 1562 in

384 1587 517 1648 aliis
546 1589 868 1667 generibus
913 1589 1071 1650 edita
1120 1591 1265 1651 citra
1297 1592 1514 1650 coitum
1552 1609 1678 1669 ova,
1713 1588 2028 1651 infecunda

383 1686 540 1737 sunt.
576 1679 795 1740 Ferunt
819 1687 1009 1740 autem
1038 1679 1169 1740 sine
1189 1681 1346 1740 coitu
1367 1687 1426 1740 ut
1459 1679 1782 1758 plurimum
1819 1697 2028 1758 parere

382 1766 666 1840 vultures,
703 1767 842 1829 licet
882 1769 1134 1830 maxime
1167 1768 1464 1846 longaevos
1499 1789 1512 1828 :
1551 1770 1766 1848 quippe
1811 1769 2026 1848 quibus

1748 287 1808 350 S.
1855 287 2134 352 BASILII
2177 289 2428 355 MAGNI

398 426 492 484 tes
513 426 942 502 exponunt,aut
959 420 1138 482 etiam
1160 420 1223 482 in
1249 420 1603 501 patrimonio
1628 421 2003 487 distribuend

2103 427 2281 508 .tpa'O’Et
2327 450 2510 493 πενιας
2567 430 2890 506 ἐκτιθέμενοι
2945 433 3009 488 τὰ
3069 434 3232 504 νήπια
3269 451 3286 471 ⁸

3663 300 3776 370 180

3335 435 3371 503 ἢ
3442 437 3531 493 καὶ
3582 437 3637 494 ιν
3707 437 3774 513 τῇ

2122 516 2351 595 διανομῇ
2405 525 2492 575 τοῦ
2582 518 2781 600 κλήρου
2857 520 3179 578 ἆνισώτατοι
3239 525 3370 598 πρὸς
3429 525 3496 580 τὰ
3553 524 3769 604 ἔκγονα,

2125 609 2337 664 Δίκαιον
2395 609 2515 688 γὰρ,
2570 607 2748 687 ὥσπερ
2809 609 2860 675 ἐξ
2920 610 3042 669 ἴσου
3089 610 3517 686 μεταδεδώκασιν
3561 615 3773 690 ἑκάστῳ

2119 704 2208 752 τοῦ
2267 699 2432 773 εἶναι,
2497 697 2637 756 οὕτω
2680 700 2771 755 καὶ
2811 701 2907 762 τὰς
2951 701 3083 778 πρὸς
3125 701 3187 757 τὸ
3230 706 3326 778 ζῇν
3357 701 3598 782 ἀφορμάς
3631 703 3772 768 ἴσως

2118 789 2301 851 αὐτοῖς
2357 789 2443 843 καὶ
2531 788 2805 864 ὁμοτίμως
2871 789 3154 869 παρέχειν.
3249 792 3336 859 Μὴ
3395 794 3613 869 μιμήσῃ
3664 801 3773 850 τῶν

2117 877 2504 956 γαμψωνύχων
2535 879 2750 956 ὀρνίθων
2801 880 2863 934 τὸ
2909 877 3112 945 ἀπηνές
3151 897 3166 914 ⁶
3223 879 3303 952 οἳ,
3338 879 3552 939 ἐπειδὰν
3609 881 3771 940 ἴδωσι

2117 967 2238 1030 τοὺς
2299 967 2495 1025 ἑαυτῶν
2579 969 2822 1032 νεοττοὺς
2900 967 3356 1044 κατατολμῶντας
3413 969 3600 1028 λοιπὸν
3670 972 3770 1040 τῆς

2117 1057 2390 1136 πτήσεως,
2453 1053 2767 1113 ἐκϐάλλουσι
2825 1061 2925 1126 τῆς
3001 1056 3216 1130 καλιᾶς,
3304 1059 3587 1126 τύπτοντες
3645 1074 3769 1125 τοϊς

2117 1158 2336 1221 πτεροῖς
2421 1148 2507 1201 καὶ
2596 1147 2876 1224 ὠθοῦντες,
2974 1148 3063 1202 καὶ
3138 1145 3382 1223 οὐδεμίαν
3455 1149 3770 1225 ἐπιμέλειαν

2116 1241 2384 1289 ποιοῦνται
2420 1236 2550 1308 πρὸς
2594 1236 2654 1290 τὸ
2703 1234 2909 1293 λοιπόν.
2943 1233 3254 1291 Ἐπαινετὸν
3283 1241 3381 1302 τῆς
3414 1238 3656 1316 κορώνης
3705 1239 3770 1296 τὸ

2114 1321 2426 1401 φιλότεκνον
2465 1373 2478 1385 ,
2527 1326 2562 1391 ἢ
2607 1325 2694 1380 καὶ
2739 1322 3051 1399 πετομένοις
3099 1325 3221 1402 (76)
3279 1322 3380 1392 ἤδη
3446 1325 3767 1408 παρέπεται,

2114 1415 2375 1482 σιτίζουσα
2438 1413 2620 1474 αὐτοὺς
2709 1413 2797 1468 καὶ
2869 1411 3190 1492 ἐκτρέφουσα
3263 1414 3426 1494 μέχρι
3485 1413 3764 1481 πλείστου,

2113 1500 2293 1557 Πολλὰ
2349 1505 2454 1558 τῶν
2540 1505 2754 1578 ὀρνίθων
2839 1501 2970 1580 γένη
3032 1501 3177 1560 οὐδὲν
3234 1504 3362 1581 πρὸς
3422 1505 3520 1573 τὴν
3578 1508 3765 1573 κύησιν

2111 1587 2284 1646 δεῖται
2317 1593 2413 1658 τῆς
2445 1599 2551 1648 τῶν
2597 1591 2823 1668 ἆῤῥένων
2857 1591 3150 1660 ἐπιπλοκῆς
3191 1612 3202 1625 ·
3239 1591 3360 1648 ἀλλ’
3410 1593 3463 1648 ἐν
3518 1595 3616 1670 μὲν
3645 1610 3764 1662 τοῖς

2111 1677 2292 1743 ἄλλοις
2325 1680 2491 1758 ἄγονοί
2537 1685 2647 1736 ἔστι
2707 1682 2771 1736 τὰ
2822 1681 3113 1755 ὑπηνέμια,
3161 1683 3282 1744 τοὺς
3313 1679 3367 1736 δὲ
3399 1685 3573 1760 γῦπάς
3607 1707 3765 1764 φασιν

2113 1767 2478 1834 ὰσυνδυάστως
2512 1772 2702 1826 τίκτειν
2737 1773 2807 1834 ὡς
2839 1773 2902 1826 τὰ
2949 1769 3147 1850 πολλὰ,
3200 1773 3289 1826 καὶ
3337 1775 3500 1827 ταῦτα
3558 1796 3763 1852 μακρο-

379 1857 497 1918 vita
529 1858 599 1918 ad
634 1867 872 1921 centum
898 1879 1090 1942 usque
1119 1879 1308 1921 annos
1332 1860 1688 1939 plerumque
1715 1860 2005 1937 protendat

2107 1854 2398 1920 ϐιωτάτους
2432 1859 2583 1924 ὄντας
2611 1878 2625 1892 ⁶
2688 1860 2772 1923 οἷς
2833 1881 2893 1936 γε
2938 1858 3132 1937 μέχρις
3184 1860 3372 1916 ἑκατὸν
3404 1860 3536 1916 ἐτῶν
3567 1867 3640 1925 ὼς
3700 1866 3766 1919 τὰ

379 1946 564 2009 tur.ld
588 1949 758 2010 velim
782 1957 1045 2011 notatum
1079 1957 1139 2012 et
1163 1951 1543 2011 observatum
1577 1967 1648 2009 ex
1679 1949 1881 2008 alitum
1908 1949 2024 2010 his-

373 2037 568 2100 toria:
601 2044 669 2101 ut
715 2040 763 2100 si
792 2039 1028 2120 quando
1071 2039 1392 2100 nonnullos
1434 2037 1652 2098 videris
1680 2039 2019 2116 mysterium

376 2133 644 2186 nostrum
678 2127 958 2208 irridere,
979 2129 1145 2208 quasi
1179 2128 1306 2188 ﬁeri
1341 2133 1623 2202 nequeat,
1653 2136 1714 2186 et
1745 2126 1916 2204 quasi
1947 2126 2025 2188 sit

373 2233 406 2274 a
439 2224 646 2277 natura
675 2217 1033 2291 alienum,ut
1057 2215 1591 2296 virgo,virginitate
1612 2216 1742 2293 ejus
1775 2215 2023 2278 inteme-

365 2312 496 2365 rata
521 2316 936 2384 permanente,
960 2305 1491 2386 pepererit,veniat
1513 2305 1572 2366 in
1602 2312 1858 2366 mentem
1884 2305 2013 2381 tibi,

368 2390 582 2473 Deum,
611 2395 705 2454 cui
735 2415 842 2475 per
873 2395 1312 2475 praedicationis
1343 2394 1657 2457 stultitiam
1701 2394 2016 2458 credentes

369 2481 566 2544 salvos
599 2483 795 2546 facere
838 2485 1013 2547 libuit
1052 2486 1107 2567 ϐ,
1142 2487 1464 2547 innumera
1495 2483 1902 2558 incitamenta,
1936 2486 2013 2548 ab

367 2569 492 2649 ipse
527 2579 733 2634 natura
763 2574 1100 2656 desumpta,
1135 2575 1207 2635 ad
1261 2575 1438 2635 fidem
1487 2571 1669 2634 rebus
1700 2572 2011 2654 stupendis

365 2659 794 2724 conciliandam
821 2664 882 2726 in
913 2672 1289 2726 antecessum
1327 2660 1734 2744 proposuisse.
1919 2675 1928 2682 '

448 2749 858 2817 7.Producant
879 2773 1049 2834 aquae
1067 2753 1315 2831 reptilia
1339 2771 1416 2815 rm
1428 2755 1688 2813 imarum
1702 2753 1790 2812 77
1805 2754 2008 2816 viven-

362 2841 447 2901 tiu
458 2843 900 2917 m,etvolatilia
918 2843 1187 2907 volantia
1207 2861 1394 2924 super
1424 2843 2006 2916 terram,seeundum

359 2927 806 3006 ﬁrmamentum
822 2934 979 2998 caeli.
995 2934 1172 2997 Jussa
1187 2941 1324 2994 sunt
1338 2948 1516 3012 super
1529 2939 1746 2992 terram
1763 2931 2003 3011 quidem

361 3017 582 3091 volare,
620 3030 938 3103 prapterea
966 3023 1124 3104 quod
1157 3020 1434 3084 omnibus
1468 3021 1816 3082 alimentum
1851 3029 2008 3082 terra

360 3106 792 3174 subministret:
814 3112 1149 3176 Secundum
1167 3113 1624 3191 ﬁrmamentum
1638 3118 1833 3170 autem
1849 3110 2004 3186 cwli,

363 3205 678 3275 propterea
719 3200 902 3281 quod,
957 3210 1022 3264 ut
1073 3211 1210 3262 ante
1269 3201 1550 3272 diximus,
1585 3216 1688 3260 aer
1716 3199 1828 3264 hoc
1876 3201 2007 3264 loco

360 3284 692 3364 appellatur
740 3292 986 3371 coelum,
1051 3310 1160 3353 ceu
1195 3292 1435 3369 οὖρανός,
1469 3288 1743 3350 videlicet
1767 3309 1800 3352 a
1827 3291 2006 3353 verbo

361 3378 599 3448 ὁρᾶσθαι,
627 3379 781 3458 quod
805 3391 896 3442 est
918 3382 1141 3443 videri.
1168 3380 1321 3454 Quin
1349 3389 1406 3441 et
1429 3379 1870 3441 firmamentum
1905 3381 2000 3441 di-

361 3464 679 3538 citur,ideo
700 3469 860 3548 quod
883 3488 985 3530 aer
1005 3471 1242 3548 ille,qui
1268 3476 1471 3530 nostro
1497 3469 1676 3550 capiti
1699 3469 2001 3551 imminet,

357 3553 614 3616 aethereo
636 3559 872 3638 corpori
897 3558 1750 3641 comparatus,quodammodo
1771 3559 2004 3622 densio-

357 3641 439 3731 ris
466 3644 545 3707 sit
575 3651 928 3730 coagmenti,
985 3650 1290 3731 magisque
1347 3648 1420 3710 ob
1470 3648 1880 3710 exhalationes
1929 3650 2000 3710 ab

355 3730 490 3792 imis
526 3735 671 3797 locis
703 3739 1095 3803 ascendentes
1128 3730 1800 3815 constringaturHabes
1826 3737 2003 3817 igitur

355 3823 568 3883 caelum
604 3837 978 3904 exornatum,
1016 3840 1236 3891 terram
1271 3828 1637 3906 decoratam,
1673 3845 1833 3887 mare
1869 3845 2005 3907 pro-

356 3912 500 3991 priis
533 3913 749 3978 fetibus
805 3918 1161 3998 exuberans,
1219 3936 1418 3980 aerem
1453 3917 1660 3978 avibus
1691 3916 1998 3991 refertum,

352 4001 543 4083 iisque
575 4005 766 4084 ipsum
812 4008 1282 4087 pervolantibus.
1318 4007 1456 4068 Haec
1490 4006 1689 4067 omnia
1736 4025 1867 4087 quae
1895 4005 2003 4067 Dei

353 4103 644 4173 praecepto
670 4114 702 4157 e
736 4097 922 4159 nihilo
975 4098 1035 4158 in
1092 4098 1286 4160 lucem
1315 4096 1474 4157 edita
1496 4102 1656 4175 sunt,
1693 4103 1751 4156 et
1771 4095 2001 4174 reliqua

352 4199 482 4260 qum
506 4191 708 4245 nostra
731 4186 922 4248 oratio
945 4204 1104 4248 nunc
1136 4183 1538 4268 praatermisit,
1563 4184 1997 4246 diuturniorem

350 4269 412 4330 in
445 4270 536 4331 his
561 4291 786 4334 moram
821 4274 1154 4350 declinans,
1192 4285 1253 4338 ut
1303 4294 1378 4335 ne
1431 4273 1670 4334 modum
1706 4272 2000 4336 excedere

349 4358 640 4440 videatur,
671 4368 727 4421 tu
764 4371 983 4443 tecum,
1021 4373 1222 4443 utpote
1251 4363 1574 4437 studiosus,
1595 4371 1907 4445 reputans,
1943 4372 1997 4425 et

348 4446 459 4511 Dei
489 4448 551 4508 in
581 4450 865 4513 omnibus
886 4453 1236 4533 sapientiam
1259 4453 1600 4533 addiscens,
1629 4471 1702 4514 ne
1736 4471 1994 4530 unquam

426 4608 459 4658 6
487 4608 512 4672 Ι
543 4613 677 4671 Cor.
709 4628 749 4686 ι,
782 4615 883 4676 21.

347 4771 471 4856 bito
492 4773 636 4851 quin
670 4773 885 4856 melius
905 4774 1082 4856 absit,
1110 4793 1242 4856 cum
1286 4775 1347 4837 id
1377 4794 1495 4836 non
1528 4777 1837 4856 agnoverit
1863 4775 1987 4838 Eu-

343 4855 616 4937 stathius,
649 4854 748 4934 qui
791 4857 877 4916 sic
915 4854 1090 4917 vertit
1127 4874 1139 4915 :
1180 4855 1352 4918 Tales
1383 4866 1526 4919 sunt
1555 4854 1842 4920 nonnulli
1871 4876 1990 4937 pa-

343 4944 540 5018 rentes
569 4935 884 5018 heminam
911 4939 1015 5014 qui
1040 4944 1464 5017 paupertatem
1496 4940 1759 5018 causali,
1793 4935 1908 5001 etc.

426 5016 542 5088 (76)
575 5015 730 5076 Εάὶιὶ
761 5019 847 5073 καὶ
879 5015 1219 5092 πετομένοις.
1283 5023 1357 5080 At
1408 5035 1552 5078 mss.
1590 5027 1721 5079 octo
1744 5015 1992 5094 ’πετομέ-

345 5117 471 5152 νων.
509 5094 750 5171 Magnus
773 5095 873 5156 ille
903 5097 1177 5159 codicum
1206 5117 1352 5159 mss.
1375 5116 1707 5160 consensus
1737 5098 1864 5160 fere
1897 5117 1992 5160 me

342 5172 926 5256 adducitutcredam
955 5177 1237 5238 Basilium
1267 5178 1724 5256 πετομένων,ηοη
1755 5180 1989 5252 πετομέ-

341 5275 450 5315 νοις
479 5251 1000 5338 scripsisse,atque
1023 5258 1136 5318 hoc
1163 5258 1294 5319 loco
1315 5251 1827 5338 contigisse,quod
1849 5251 1988 5320 alibi

342 5350 525 5410 sape,
560 5341 622 5391 ut
652 5337 1187 5416 typographi,quod
1225 5339 1505 5399 mendum
1539 5337 1788 5400 subesse
1820 5339 1985 5401 arbi-

345 5419 866 5476 trarentur.casum
883 5433 1068 5476 unum
1086 5419 1144 5478 in
1161 5419 1342 5479 alium
1364 5419 1984 5481 transmutarint.Dum

339 5493 525 5579 igitur
551 5492 822 5553 viderent
879 5493 1121 5556 verbum
1175 5501 1480 5578 παρέπομαι
1533 5499 1821 5579 (ιθιίτνυηι,
1869 5519 1986 5561 non

340 5573 669 5658 genitivum
695 5590 928 5658 regere,
979 5573 1292 5652 πετομένοις
1327 5573 1430 5658 pro
1465 5580 1774 5654 πετομένων
1806 5573 1986 5642 Marte

341 5654 582 5744 proprio
599 5660 804 5744 contra
818 5653 996 5744 (idem
1017 5675 1160 5744 mss.
1174 5653 1440 5744 fortassis
1465 5653 1730 5744 scribere
1745 5662 1987 5744 nondu-

338 5733 631 5797 bitarunt.
671 5735 787 5799 Sed
807 5734 858 5796 si
881 5737 1186 5821 πετομένων
1213 5739 1506 5821 scriptura
1526 5759 1665 5821 vera
1685 5742 1784 5815 sit,
1819 5741 1984 5802 dicas

341 5832 592 5882 necesse
613 5823 706 5878 est
725 5833 932 5880 casum
955 5835 1089 5883 esse
1110 5817 1544 5900 absolut'um,ac
1563 5820 1616 5883 si
1636 5821 1771 5900 quis
1783 5821 1986 5886 Latine

2093 3130 2217 3188 χειν
2252 3127 2269 3145 ⁹

2028 3171 2066 3220 C
2093 3196 2111 3220 Ἴ
2164 3196 2221 3220 ρο

2113 1945 2282 2002 πολλὰ
2311 1951 2680 2026 παρατείνεται
2717 1948 2836 2026 (77)
2883 1951 2914 2016 ἡ
2960 1949 3094 2019 ζωή.
3130 1958 3294 2008 Τοῦτο
3347 1972 3438 2024 μοι
3499 1950 3597 2032 ἔχε
3651 1976 3763 2009 πα-

2107 2038 2612 2112 ρασεσημειωμένον
2670 2038 2729 2093 ἐκ
2788 2043 2884 2104 τῆς
2937 2039 3054 2114 περὶ
3113 2039 3231 2102 τοὺς
3263 2035 3468 2114 ὄρνιθας
3501 2042 3760 2120 ἱστορίας,

2105 2124 2204 2203 ἵν’,
2267 2124 2480 2182 ἐπειδάν
2534 2149 2660 2185 ποτε
2707 2125 2828 2202 ἴδῃς
2858 2125 3129 2204 γελῶν-τάς
3160 2148 3306 2190 τινας
3353 2129 3412 2182 τὸ
3466 2132 3761 2209 μυστήριον

2105 2215 2281 2294 ἡμῶν,
2340 2218 2412 2276 ὡς
2458 2215 2708 2275 ἀδυνάτου
2743 2215 2892 2279 ὄντος
2937 2216 3023 2272 καὶ
3065 2215 3164 2281 ἔξω
3197 2217 3294 2282 τῆς
3348 2217 3581 2295 φύσεως,
3614 2241 3762 2300 παρ-

2101 2305 2247 2359 θένον
2303 2319 2504 2385 τεκεῖν,
2581 2311 2680 2372 τῆς
2763 2305 3046 2382 παρθενίας
3106 2305 3266 2370 αὐτῆς
3357 2304 3758 2384 φυλαττομένης

2097 2393 2388 2474 ἀχράντου,
2425 2395 2747 2472 ἐνθυμηθῂς,
2810 2394 2891 2450 ὅτι
2948 2396 2975 2451 ὁ
3032 2393 3327 2464 εὐδοκήσας
3360 2395 3415 2450 ἐν
3461 2403 3530 2472 τῇ
3588 2401 3760 2479 μωρίᾳ

2097 2483 2188 2539 τοῦ
2243 2486 2585 2564 κηρύγματος
2636 2490 2802 2540 σῶσαι
2848 2485 2969 2547 τοὺς
3031 2484 3402 2560 πιστεύοντας,
3451 2491 3638 2566 μυρίας
3693 2488 3758 2546 ὲκ

2092 2579 2191 2640 τῆς
2224 2574 2430 2651 φύσεως
2490 2575 2732 2655 ἀφορμὰς
2784 2576 2914 2653 πρὸς
2970 2574 3066 2640 τὴν
3111 2572 3286 2628 πίστιν
3315 2579 3421 2630 τῶν
3451 2575 3757 2656 παραδόξων

2091 2661 2371 2742 προλαϐὼν
2406 2662 2736 2721 κατεϐάλετο
2767 2663 2923 2743 (78).

2173 2755 2232 2816 7,
2283 2751 2621 2832 Ἐξαγαγέτω
2680 2755 2746 2811 τὰ
2815 2751 2980 2808 ὕδατα
3048 2753 3242 2830 ἑρπετὰ
3287 2757 3481 2835 ψυχῶν
3540 2759 3750 2840 ζωσῶν,

2091 2842 2180 2896 καὶ
2250 2844 2465 2898 πετεινὰ
2526 2843 2796 2918 πετόμενα
2840 2842 2924 2898 ἐπὶ
2982 2847 3078 2909 τῆς
3141 2848 3269 2920 γῆς,
3338 2845 3475 2901 κατὰ
3531 2848 3592 2901 τὸ
3625 2867 3756 2904 στε-

2094 2929 2274 3008 ρέωμα
2335 2939 2426 2988 τοῦ
2487 2934 2730 3009 οὗρανοῦ.
2798 2929 2914 2988 Ἐπῖ
2973 2932 3072 3007 μὲν
3153 2937 3250 2998 τῆς
3311 2937 3412 3009 γῆς
3467 2931 3749 3002 ἐκελεύσθη

2092 3023 2369 3099 πετᾶσθαι,
2404 3019 2487 3076 διὰ
2519 3023 2578 3076 τὸ
2611 3027 2740 3076 πᾶσι
2786 3023 2888 3088 τὴν
2917 3023 3118 3101 τροφὴν
3164 3022 3266 3078 ἀπὸ
3310 3025 3406 3088 τῆς
3437 3027 3538 3099 γῆς
3571 3023 3747 3101 ὑπάρ-

2321 3111 2467 3168 Κατὰ
2513 3109 2566 3165 δὲ
2610 3112 2672 3166 τὸ
2730 3110 3007 3188 στερέωμα
3051 3119 3144 3169 τοῦ
3190 3113 3430 3190 οὖρανοῦ,
3489 3113 3561 3176 ὡς
3609 3134 3746 3188 προ-

2092 3196 2342 3263 λαϐόντες
2375 3194 2790 3273 ἀποδεδώκαμεν
2840 3200 2990 3280 (79),
3059 3205 3278 3279 οὖρανοῦ
3335 3201 3551 3258 ἓνταῦθα
3608 3203 3749 3280 παρὰ

2091 3290 2150 3342 τὸ
2208 3291 2420 3366 δρᾶσθαι
2479 3297 2571 3346 τοῦ
2620 3289 2772 3368 ἀέρος
2836 3291 3266 3371 προσηρειμένου
3301 3305 3313 3318 ⁹
3373 3291 3747 3370 στερεώματος

2088 3374 2166 3450 δὲ,
2235 3379 2317 3434 διὰ
2363 3381 2423 3435 τὸ
2496 3379 2815 3457 πυκνότερόν
2887 3403 3002 3444 πως
3081 3380 3249 3454 εἶναι,
3333 3381 3602 3458 συγκρίσει
3657 3384 3750 3436 τοῦ

2088 3468 2310 3543 αἰθερίου
2370 3469 2644 3543 σώματος,
2734 3472 2821 3526 καὶ
2880 3469 3089 3546 μᾶλλον
3181 3467 3551 3544 πεπιλημένον
3623 3484 3745 3534 ταῖς

2085 3557 2320 3613 κάτωθεν
2369 3559 2663 3637 ἀναφορανς
2713 3561 2802 3615 τὸν
2857 3560 2988 3637 ὑπὲρ
3070 3556 3309 3638 κεφαλῆς
3377 3559 3533 3634 ἡμῶν
3591 3560 3742 3637 ἀέρα.

2087 3643 2291 3726 ’Ἔχεις
2353 3650 2439 3704 οὖν
2492 3650 2717 3727 οὐρανὸν·
2739 3645 3259 3724 διακεκοσμημένον,
3307 3654 3410 3725 γῆν
3454 3647 3742 3705 κεκαλλω-

2087 3736 2372 3811 πισμένην,
2433 3735 2701 3793 θάλασσαν
2734 3737 3125 3813 εὖθηνουμένην
3176 3750 3292 3802 τοῖς
3339 3738 3551 3802 οἰκείοις
3612 3761 3738 3817 γεν-

2084 3828 2337 3900 νήμασιν,
2402 3825 2531 3904 ἀέρα
2587 3826 2770 3902 πλήρη
2827 3834 2932 3883 τῶν
2991 3825 3354 3902 διιπταμένων
3397 3829 3556 3884 αὐτὸν
3603 3830 3741 3906 ὀρνί-

2084 3921 2210 3980 θων,
2260 3919 2436 3974 Πάντα
2472 3920 2839 3998 προστάγματι
2883 3927 3013 3976 Θεοῦ
3062 3920 3122 3975 ἐκ
3167 3926 3258 3975 τοῦ
3311 3920 3389 3996 μὴ
3451 3919 3604 3984 όντος
3663 3923 3736 3984 εἰς

2085 4009 2143 4061 τὸ
2215 4008 2357 4064 εἶναι
2404 4007 2770 4088 παραχθέντα,
2805 4010 2893 4066 καὶ
2922 4007 3020 4065 ὅσα
3078 4012 3105 4065 ὁ
3155 4008 3314 4086 λόγος
3368 4016 3578 4090 παρῆκε
3624 4017 3736 4089 νῦν,

2085 4097 2182 4162 τὴν
2240 4098 2325 4153 ἐπὶ
2375 4097 2564 4153 πλεῖον
2595 4097 2652 4152 ἐν
2684 4099 2894 4162 τούτοις
2947 4097 3220 4178 διατριϐὴν
3253 4098 3535 4174 ἐκκλίνων,
3568 4103 3642 4165 ὡς
3674 4098 3733 4155 ἂν

2083 4187 2159 4260 μὴ
2205 4184 2329 4263 δόξῃ
2386 4188 2794 4267 ὑπερεκπίπτειν
2837 4187 2973 4268 (80)
3020 4200 3115 4250 τοῦ
3153 4187 3368 4270 μέτρου,
3403 4193 3539 4249 κατὰ
3570 4212 3732 4247 σεαυ-

2082 4278 2171 4331 τὸν
2199 4275 2682 4354 συλλογισάμενος,
2738 4277 2832 4356 ὅγε
2887 4279 3209 4362 φιλόπονος,
3239 4281 3338 4348 τὴν
3367 4280 3422 4336 ἦν
3446 4279 3612 4337 ἅπασι
3643 4289 3735 4338 τοῦ

2083 4373 2214 4421 Θεοῦ
2245 4367 2430 4442 σοφίαν
2491 4370 2929 4445 καταμανθάνων,
2981 4371 3060 4446 μὴ
3096 4370 3262 4446 λήξης
3300 4371 3430 4426 ποτὲ
3464 4371 3558 4424 σεο-5
3610 4371 3735 4425 θαύ-

2082 4478 2276 4531 ματος,
2308 4455 2444 4530 μηδέ
2473 4463 2565 4512 τοῦ
2594 4455 2676 4515 δίὰ
2718 4460 2899 4528 πάσης
2937 4466 3035 4528 τῆς
3069 4461 3286 4522 κτίσεως
3347 4456 3580 4527 δοξάζειν
3637 4457 3729 4510 τὸν

2075 4776 2598 4854 diceret,Consule
2631 4780 2948 4853 Cicerone,
2981 4773 3468 4854 eiadulabantur
3496 4791 3724 4837 omnes.

2077 4857 2264 4938 Igitur
2289 4853 2468 4920 modo
2496 4877 2613 4919 non
2642 4858 2922 4922 dissimili
2949 4857 3136 4920 verba
3160 4854 3388 4930 Graeca,
3411 4853 3465 4938 si
3498 4873 3724 4936 prono-

2078 4936 2214 5000 men
2241 4943 2419 5004 αὐτοῖς
2447 4939 3142 5019 suppleamus,poterunt
3162 4936 3430 5000 construi
3452 4936 3568 5019 lioc
3601 4954 3725 5019 mo-

2078 5019 2152 5080 do
2168 5016 2538 5102 -ζ-πετομένων
2554 5016 2776 5102 τέκνων,
2792 5016 2996 5102 -αὗτοϊς
3029 5019 3345 5102 παρέπεται,
3377 5016 3724 5080 volantibus

2076 5099 2264 5188 pulit}
2290 5117 2386 5188 ags
2408 5099 2754 5160 comitatur.
2791 5099 3044 5188 Legeut
3067 5099 3300 5188 libebit.
3331 5099 3339 5100 ί
3418 5176 3456 5188 η

2156 5181 2280 5261 (77)
2313 5179 2458 5257 Reg.
2490 5189 2689 5240 sextus
2719 5177 3136 5260 παρεκτείνεται,
3163 5182 3296 5242 Mox
3325 5177 3566 5240 codices
3589 5184 3723 5239 octo

2075 5260 2804 5344 ἔχεπαρασεσημειωμένον.
2840 5261 2998 5324 Edili
3031 5263 3128 5344 ἔχε
3166 5263 3308 5340 παρὰ
3358 5262 3564 5332 σεαυτῷ
3625 5280 3720 5316 σε·-

2072 5341 2467 5415 σημειωμένον.

2147 5422 2272 5496 (78)
2303 5423 2429 5481 Ι)υο
2463 5438 2606 5482 mss.
2641 5421 3024 5482 κατεϐάλλετο.
3051 5422 3215 5484 Infra
3241 5439 3383 5482 mss.
3417 5428 3541 5481 tres
3568 5419 3722 5476 πέτε-

2072 5505 2209 5560 σθαι.
2248 5499 2406 5562 Edili
2437 5520 2570 5563 cum
2600 5501 2835 5564 duobus
2865 5503 2996 5564 aliis
3023 5521 3166 5566 mss.
3195 5506 3471 5560 πετᾶσθαι.

2152 5582 2273 5663 (79)
2308 5581 2456 5661 Reg.
2491 5591 2696 5645 sextus
2727 5582 3084 5663 προλαϐόντες
3117 5578 3722 5658 ἆπεδώκαμενᾟθῦίια

2074 5662 2262 5743 multo
2296 5673 2431 5743 post
2459 5681 2601 5725 mss.
2641 5662 2876 5726 ινθεδιὰ
2905 5667 2964 5722 τὸ
2997 5666 3218 5724 πυκνόν.

2155 5742 2274 5827 (89)
2297 5738 2562 5827 Codices
2592 5744 2859 5827 quinque
2886 5748 3254 5824 ὑπερπίπτειν.
3286 5744 3422 5807 Μοι
3452 5738 3723 5810 Colb.,se-

2071 5821 2300 5886 cundus
2332 5825 2385 5882 ἰν
2418 5833 2545 5884 πᾶσι
2574 5821 2692 5907 τξοῦ.
