4098 6390
277 343 385 410 181

1310 340 1631 407 HOMILIA
1676 343 1816 408 VIII
1858 341 1940 407 IN
1983 343 2544 408 HEXAEMERON.

3540 342 3656 408 182

275 474 531 549 ποιητήν,
584 478 788 561 ’Ἔχεις
855 481 907 537 ἐν
966 488 1043 554 τῷ
1101 482 1276 538 σκότει
1335 484 1401 538 τὰ
1459 481 1766 562 νυκτερόϐια
1789 481 1912 561 γένη

2003 475 2242 538 desinas
2268 479 2696 562 mirari,neque
2714 481 2963 562 gloriam
2990 498 3061 540 ex
3091 476 3353 558 qualibet
3371 484 3648 540 creatura

271 579 378 628 τῶν
435 572 671 649 δρνίθων³
725 571 778 625 ὲν
823 578 898 645 τῷ
955 573 1089 652 φωτὶ
1117 573 1182 626 τὰ
1211 573 1561 650 ἡμερόφοιτα.
1609 570 1914 651 Νυκτερίδες

269 664 368 738 μὲν
399 662 518 740 γὰρ,
553 662 640 716 καὶ
669 659 919 740 γλαῦκες,
967 663 1056 717 καὶ
1108 661 1512 740 νυκτοκόρακες,
1572 667 1677 718 τῶν
1737 684 1915 721 νυκτι-

270 751 448 826 νόμων
500 750 648 809 εἰσίν.
681 748 860 806 ’Ὥστε
919 750 1001 806 σοί
1055 771 1184 808 ποτε
1237 750 1290 806 ἐν
1343 758 1513 830 καιρῷ
1539 752 1614 826 μὴ
1658 753 1915 830 παρόντος

269 847 362 900 τοῦ
392 839 553 897 ὕπνου
583 837 824 919 ἐξαρκεῖν
874 843 958 896 καὶ
989 843 1088 907 τὴν
1135 840 1190 896 ἒν
1249 842 1452 906 τούτοις
1495 839 1794 919 διατριϐὴν,
1827 843 1915 897 καὶ

268 933 366 998 τὴν
397 931 498 988 τῶν
530 929 879 1009 ὑπαρχόντων
913 932 1093 994 αὐτοῖς
1123 929 1422 1005 ἰδιωμάτων
1484 929 1740 1005 ἐξέτασιν,
1787 933 1916 1005 πρὸς

269 1020 571 1100 δοξολογίαν
603 1027 693 1076 τοῦ
742 1028 990 1087 ποιητοῦ,
1027 1027 1146 1080 Πῶς
1180 1021 1441 1098 ἄγρυπνον
1485 1023 1518 1088 ἡ
1551 1019 1752 1094 ἀηδὼν,
1791 1021 1916 1076 ὅταν

269 1112 508 1189 ἒπωάζῃ,
543 1110 628 1170 διὰ
658 1112 835 1180 πάσης
893 1115 1079 1175 νυκτὸς
1117 1118 1215 1179 τῆς
1261 1111 1522 1186 μελῳδίας
1566 1114 1640 1187 μὴ
1698 1111 1915 1182 ἀπολή-

270 1224 454 1279 γουσα.
521 1206 638 1266 Πῶς
681 1203 968 1280 τετράπουν
1032 1204 1087 1258 τὸ
1138 1203 1262 1258 αὐτὸ
1310 1205 1395 1258 καὶ
1427 1205 1628 1268 πτηνὸν
1662 1205 1696 1270 ἡ
1730 1223 1916 1258 νυκτε-

270 1293 369 1372 ρίς,
435 1299 550 1357 Πῶς
605 1293 741 1366 μόνη
805 1298 908 1348 τῶν
958 1293 1172 1369 ὀρνίθων
1232 1291 1430 1364 ὀδοῦσι,
1487 1292 1775 1370 κέχρηται,
1832 1293 1918 1347 καὶ

267 1390 524 1462 ζωογονεϊ
553 1380 685 1459 (8|)
711 1381 808 1457 μὲν
851 1384 924 1444 ὡς
956 1383 1019 1437 τὰ
1052 1380 1375 1458 τετράποδα,
1412 1380 1722 1450 ἐπιπολάζει
1755 1377 1808 1435 δὲ
1842 1388 1917 1452 τῶ

266 1470 401 1548 ἀέρι,
457 1473 578 1550 οὒχὶ
637 1476 815 1548 πτερῷ
869 1471 1254 1545 κουφιζομένη,
1319 1469 1438 1526 ἀλλ’
1496 1471 1646 1542 ὑμένι
1677 1473 1776 1525 τινὶ
1809 1468 1916 1548 δερ-

267 1561 492 1634 ματίνῳ,
530 1565 648 1624 Πῶς
680 1561 860 1634 μέντοι
893 1562 977 1616 καί
1009 1559 1162 1615 τούτο
1185 1559 1302 1638 ἔχει
1334 1563 1393 1614 τὸ
1425 1558 1551 1638 (8‘2)
1587 1557 1918 1638 φιλάλληλον

267 1648 320 1704 ἐν
350 1655 418 1723 τῇ
449 1648 620 1727 φύσει,
656 1651 741 1704 καὶ
775 1649 954 1726 ὥσπερ
996 1650 1252 1726 ὁρμαθὸς,
1286 1646 1535 1717 ἀλλήλων
1588 1650 1636 1704 αἱ
1679 1648 1916 1725 νυκτερί-

266 1735 350 1794 δες
409 1737 653 1814 ἔχονται,
703 1740 791 1794 καὶ
848 1737 942 1811 μία
998 1739 1095 1802 τῆς
1151 1744 1276 1811 μιᾶν
1318 1736 1598 1811 ἤρτηνται·
1656 1737 1785 1816 ὅπερ
1833 1737 1978 1829 ἔφ’8

265 1830 422 1898 ἡμῶν
452 1830 556 1881 τῶν
617 1825 905 1904 ἀνθρώπων
937 1831 995 1884 οὔ
1025 1825 1203 1902 ῥᾴδιον
1246 1831 1661 1905 κανορθωθῆναι.
1709 1829 1779 1884 Τὸ
1817 1827 1914 1904 γὰρ

265 1912 663 1991 ἀπεσχισμένον
722 1917 807 1971 καὶ
861 1914 1056 1984 ἰδιάζον
1104 1925 1196 1973 τοῦ
1249 1922 1564 1972 κοινωνικοῦ
1618 1917 1704 1972 καὶ
1765 1917 1915 1984 ἡνω-

265 1999 424 2074 μένου
486 2016 603 2065 τοῖς
665 2002 889 2066 πολλοῖς
949 2002 1362 2082 προτιμότερον.
1399 2010 1519 2067 Πῶς
1573 2004 1771 2062 ἐοίκασι
1799 2020 1915 2070 τοϊς

263 2087 468 2165 ὄμμασι
528 2097 626 2158 τῆς
686 2091 916 2170 γλαυκὸς
975 2095 1020 2149 οἱ
1097 2095 1214 2170 περὶ
1283 2096 1382 2161 τὴν
1441 2094 1669 2168 ματαίαν
1729 2097 1916 2174 σοφίαν

266 2181 651 2261 ὶσχολακότες.
709 2186 806 2242 Καὶ
865 2185 964 2263 γὰρ
1033 2187 1239 2252 ἐκείνης
1301 2188 1330 2253 ἦ
1391 2183 1521 2260 ὄψις
1571 2187 1756 2250 νυκτὸς
1817 2189 1915 2260 μὲν

2001 566 2297 628 conditori
2313 568 2679 633 dare.IIabes
2693 571 2754 632 in
2774 568 3038 633 tenebris
3050 566 3325 644 quaedam
3340 565 3649 627 volucrum

1997 673 2380 737 genera,qua3
2398 659 2578 722 vitam
2606 669 2957 722 nocturnam
2983 657 3243 718 ducunt:
3272 660 3330 714 in
3354 656 3488 715 luce
3505 653 3645 730 alia,

2001 746 2405 824 quaeinterdiu
2418 745 3198 828 vagantur.Vespertiliones
3212 743 3647 818 enim,noctuae,

1999 833 2285 912 corvique
2341 837 2646 918 nocturni,
2684 847 2859 899 noctu
2905 842 3248 916 pascuntur.
3283 833 3480 904 Quare
3512 851 3648 893 cum

1998 921 2316 1001 aliquando
2345 943 2450 1003 per
2471 926 2713 1003 aliquod
2744 936 2976 1004 tempus
3003 923 3106 984 tibi
3131 942 3249 983 non
3270 921 3460 982 aderit
3481 937 3648 979 som-

2001 1027 2137 1083 nus,
2173 1011 2220 1070 si
2257 1012 2315 1072 in
2350 1014 2441 1074 bis
2473 1015 2838 1095 immoraris,
2863 1022 2922 1074 et
2953 1031 3161 1074 eorum
3196 1008 3484 1089 expendis
3507 1025 3649 1088 pro-

2003 1100 2309 1178 prietates,
2337 1122 2407 1164 ea
2429 1104 2498 1165 ad
2523 1105 2895 1167 conditorem
2919 1103 3108 1179 gloria
3139 1099 3514 1161 afﬁciendum
3542 1095 3649 1157 tibi

2004 1187 2304 1252 sufficient
2339 1211 2349 1253 :
2387 1195 2687 1272 quomodo
2742 1193 2878 1272 vigil
2929 1194 3005 1254 sit
3050 1191 3320 1263 luscinia,
3356 1207 3489 1250 cum
3525 1185 3647 1245 ovis

2005 1276 2248 1340 incubat
2278 1299 2289 1342 :
2319 1283 2800 1362 quandoquidem
2829 1302 2935 1363 per
2958 1291 3135 1343 totam
3161 1289 3390 1341 noctem
3414 1296 3444 1338 a
3468 1283 3647 1336 cantu

2003 1385 2122 1427 non
2147 1368 2382 1432 desistit
2413 1395 2424 1438 ;
2451 1373 2750 1451 quomodo
2773 1373 2931 1433 idem
2955 1371 3297 1452 quudrupes
3322 1369 3397 1428 sit
3421 1376 3474 1426 et
3493 1367 3650 1425 vnla-

2003 1454 2126 1529 tile,
2157 1461 2521 1540 vespertilio;
2546 1463 2846 1536 quomodo
2870 1462 2993 1522 sola
3015 1480 3080 1522 ex
3107 1457 3442 1519 volucribus
3460 1454 3649 1516 denti-

2003 1543 2114 1604 bus
2138 1554 2354 1621 utatur,
2382 1563 2436 1609 et
2461 1551 2647 1628 pariat
2675 1551 2913 1631 quidem
2948 1549 3173 1612 catulos
3194 1548 3352 1608 velut
3376 1545 3646 1625 quadru-

2004 1634 2199 1712 pedia,
2226 1646 2467 1714 vagetur
2499 1659 2634 1700 vero
2664 1641 2724 1701 in
2755 1660 2914 1712 aere,
2939 1660 3055 1701 non
3090 1637 3302 1718 pennis
3334 1638 3504 1713 elata,
3541 1632 3646 1694 sed

2002 1722 2350 1786 membrana
2371 1729 2620 1807 quadam
2646 1731 2934 1792 coriacea.
2964 1728 3272 1802 Quomodo
3291 1728 3481 1787 ethoc
3509 1745 3645 1782 tnu-

2001 1820 2166 1872 tuum
2200 1833 2465 1878 amorem
2492 1829 2698 1881 natura
2724 1821 2966 1881 insitum
2992 1815 3462 1896 habeat,sibique
3488 1813 3641 1873 iuvi-

2001 1917 2131 1961 cem
2152 1908 2607 1984 vespertiliones
2629 1912 2688 1970 in
2713 1910 2951 1971 modum
2973 1906 3640 1980 catenmadharreseant,

2001 1996 2060 2048 et
2091 2009 2206 2050 una
2262 1995 2334 2054 ab
2381 1999 2564 2059 altera
2611 2000 2906 2080 pendeat:
2944 1998 3105 2076 quod
3149 2015 3266 2056 non
3304 1994 3474 2055 facile
3510 1992 3640 2052 fieri

1999 2083 2160 2140 inter
2195 2100 2303 2144 nos
2335 2086 2612 2150 homines
2643 2089 2813 2150 solet.
2846 2088 2991 2150 Nam
3028 2089 3299 2166 sejuncta
3331 2093 3386 2144 et
3421 2081 3642 2162 privata

2001 2167 2180 2258 vitaa
2212 2173 2514 2257 plerisque
2573 2179 2840 2240 societati
2897 2178 3222 2258 praefertur.
3261 2183 3435 2254 atque
3493 2190 3641 2232 con—

267 2256 506 2348 ἕρρωται,
559 2272 710 2339 ἡλίου
765 2272 819 2328 δὲ
880 2256 1192 2349 λάμψαντος
1251 2256 1599 2351 ἀμαυροῦται,
1665 2256 1918 2333 Καίτ-ού-
1993 2256 2314 2334 ιίυηθίίοηί-
2355 2256 2535 2328 Ulli“
2571 2268 2670 2349 qui
2721 2256 3218 2346 vanae—sapientiai
3243 2263 3641 2341 Studemino'

265 2382 372 2417 των
423 2361 519 2437 μέν
551 2361 678 2441 (83)
712 2364 747 2430 ἡ
777 2360 981 2418 διανοια
1043 2361 1268 2427 ὀξυτάτη
1321 2363 1417 2436 μέν
1470 2366 1582 2418 ἐστι
1639 2366 1772 2441 πρὸς
1821 2366 1918 2432 τὴν

264 2453 360 2516 θῆς
412 2451 769 2526 ματαιότητος
827 2452 1078 2530 θεωρίαν,
1137 2453 1268 2529 πρὸς
1301 2450 1355 2507 δὲ
1389 2453 1484 2518 τὴν
1517 2459 1614 2509 τοῦ
1665 2451 1918 2519 ἀληθινοῦ

265 2541 439 2615 φωτὸς
488 2542 811 2607 κατανόησιν
858 2540 1251 2618 ἐξημαύρωται.
1296 2540 1385 2597 Ἐν
1416 2539 1592 2618 ἡμέρα
1621 2539 1676 2596 δέ
1699 2563 1783 2598 σοι
1829 2543 1916 2601 καὶ

266 2628 402 2684 πάνυ
431 2627 601 2706 ῥᾴδὶον
630 2629 976 2709 πανταχόθεν
1019 2630 1262 2706 συνάγειν
1318 2628 1449 2708 (84)
1503 2631 1565 2685 τὸ
1605 2634 1779 2704 θαῦμα
1823 2638 1916 2688 τοῦ

266 2718 561 2781 κτίσαντος.
597 2722 716 2781 Πῶς
770 2719 868 2794 μὲν
927 2718 1012 2775 ἐπ’
1076 2717 1200 2796 ἔργα
1249 2740 1307 2774 σε
1341 2717 1640 2798 διεγείρείὸ
1671 2720 1914 2785 σύνοικος

265 2804 430 2884 ὀρνις,
465 2806 601 2880 ὀξείᾳ
645 2811 714 2884 τῇ
765 2810 914 2885 φωνῄ
971 2807 1180 2883 ἐμϐοῶν
1223 2811 1310 2864 καὶ
1364 2809 1722 2883 καταμηνύων
1782 2808 1915 2888 πόρ-

263 2896 425 2972 ῥωθεν
455 2895 530 2952 ἔτι
571 2899 662 2952 τὸν
727 2895 873 2962 ἥλιον
925 2896 1376 2977 προσελσύνοντα,
1441 2895 1733 2976 ὁδοιπόροις
1787 2923 1914 2958 συν-

263 2983 577 3064 διορθρίζων,
627 2987 895 3064 γεωργοὺς
957 2985 1010 3042 δὲ
1071 2986 1269 3064 ἐξάγων
1329 2988 1460 3064 πρὸς
1518 2987 1755 3062 ἀμητόν,
1793 2995 1912 3053 Πῶς

2001 2355 2153 2408 ctuae
2184 2354 2374 2417 oculis
2407 2367 2544 2418 sunt
2575 2358 2807 2420 similes
2842 2366 2853 2420 !
2888 2360 3036 2421 Nam
3069 2365 3133 2418 ut
3187 2355 3340 2418 illius
3370 2358 3645 2432 aspectus

2000 2445 2180 2498 noctu
2205 2441 2450 2520 quidem
2475 2447 2786 2521 valet,sole
2812 2466 2951 2508 vero
2976 2447 3361 2508 illucescente
3381 2441 3642 2502 infusca-

1999 2529 2139 2588 tur:
2179 2530 2257 2590 ita
2307 2533 2552 2597 istorum
2608 2555 2777 2597 mens
2837 2536 3354 2616 perspicacissima
3396 2531 3641 2612 quidem

1999 2622 2092 2705 est
2119 2617 2192 2677 ad
2245 2626 2765 2705 contemplandam
2819 2627 3162 2698 vanitatem,
3197 2623 3464 2684 hebescit
3505 2639 3641 2682 vero

1999 2703 2072 2793 ad
2097 2724 2292 2772 veram
2318 2703 3007 2793 lucemintelligendam.
3037 2715 3192 2786 Quin
3225 2721 3284 2774 et
3316 2711 3421 2772 tibi
3451 2710 3638 2770 inter-

2001 2791 2104 2856 diu
2137 2799 2309 2862 facile
2341 2804 2660 2866 admodum
2719 2791 2898 2866 fuerit
2950 2801 3260 2865 undelibet
3309 2805 3639 2863 creatorem

1999 2887 2306 2956 admirari.
2339 2895 2411 2954 Ut
2442 2894 2514 2955 ad
2540 2912 2750 2974 operas
2785 2894 2999 2955 excitat
3031 2905 3090 2955 te
3113 2892 3237 2954 avis
3287 2889 3635 2959 domestica,

2000 2995 2132 3053 Quae
2163 2997 2308 3043 voce
2341 2994 2512 3045 acuta
2535 2983 2930 3064 inclamitans,
2953 2992 3009 3045 et
3031 2983 3217 3044 solem
3243 2981 3438 3041 adhuc
3459 2998 3492 3040 θ
3516 2978 3642 3038 lon-

255 3073 552 3152 ἃργρυπνον
606 3077 666 3131 τὸ
713 3082 818 3131 τῶν
871 3078 1058 3155 χηνῶν
1107 3075 1282 3153 γένος,
1338 3077 1424 3131 καὶ
1475 3077 1607 3148 πρὸς
1661 3077 1760 3141 τὴν
1807 3083 1912 3134 τῶν

2003 3069 2216 3148 ginquo
2240 3073 2622 3136 accedentem
2667 3076 3092 3154 praenuntians,
3130 3070 3326 3149 vigilat
3356 3087 3474 3131 una
3503 3087 3636 3129 cum

258 3161 620 3220 λανθανόντων
674 3163 923 3230 αἴσθησιν
982 3163 1253 3244 ὀξύτατον,
1315 3163 1370 3221 οῗ
1402 3164 1463 3243 γέ
1515 3187 1646 3222 ποτε
1677 3169 1765 3222 καὶ
1816 3168 1913 3234 τὴν

258 3252 500 3328 βασιλίδα
558 3253 713 3310 πόλιν
764 3254 1186 3333 περιεσώσαντο,
1233 3253 1522 3326 πολεμίους
1582 3255 1749 3334 τινας,
1811 3257 1912 3312 ὑπὸ

258 3343 359 3419 γῆς
410 3339 478 3396 δι’
540 3343 824 3417 ὁπονόμων
880 3342 1010 3420 (85)
1067 3343 1280 3422 ἀφανῶν
1333 3342 1436 3409 ἤδη
1496 3342 1782 3418 μέλλονται
1815 3345 1913 3411 τὴν

261 3427 424 3510 ἄκραν
479 3434 578 3497 τῆς
625 3432 840 3508 Ῥώμης
899 3430 1350 3507 γαταλαμόάνειν,
1410 3434 1904 3506 καταμηνύσαντες,

260 3517 350 3578 Ἐν
399 3523 533 3594 ποίῳ
563 3521 703 3599 γένει
750 3528 856 3578 τῶν
915 3522 1128 3599 ὀρνίθιον
1188 3521 1282 3577 οὒκ
1340 3519 1478 3576 ἴδιόν
1533 3544 1582 3576 τι
1641 3525 1815 3595 θαυμα
1871 3525 1905 3590 ἡ

263 3609 413 3689 φύσις
436 3609 660 3666 δείκνυσι
690 3631 705 3691 ς
739 3612 828 3675 Τίς
885 3613 912 3667 ὁ
954 3611 1080 3688 (86)
1121 3623 1238 3674 τοῖς
1290 3612 1419 3688 γυψὶ
1451 3609 1914 3690 προαπαγγέλλων

263 3701 368 3755 τῶν
395 3699 683 3779 ἀνθρώπων
740 3703 829 3758 τὸν
886 3701 1132 3780 θάνατον,
1188 3699 1312 3756 ὅταν
1344 3697 1462 3756 κατ’
1509 3698 1760 3769 ἀλλήλων
1791 3699 1910 3756 ἐπι-

264 3791 675 3869 στρατεύσωσιν,
738 3788 916 3855 ’Ἱδοις
960 3791 1059 3868 γὰρ
1105 3788 1163 3844 ἂν
1242 3790 1428 3867 μυρίας
1488 3787 1681 3867 ἀγέλας
1732 3796 1910 3865 γυπῶν

259 3891 377 3940 τοῖς
427 3877 806 3958 στρατοπέδοις
865 3878 1263 3956 παρεπομένας,
1327 3878 1387 3933 ἐκ
1442 3881 1540 3944 τῆς
1591 3884 1697 3934 τῶν
1733 3878 1912 3936 ὅπλων

260 3973 598 4046 παρασκευῆς
676 3968 1110 4047 τεκμαιρομένων
1167 3970 1264 4035 τὴν
1331 3966 1565 4026 ἔκϐασιν.
1637 3970 1800 4025 Τοῦτο
1858 3967 1912 4024 δὲ

262 4062 326 4116 αὖ
384 4059 590 4137 μακράν
623 4058 749 4138 (87)
794 4059 905 4115 ἐστι
960 4057 1230 4136 λογισμῶν
1277 4059 1635 4135 ἀνθρωπίνων,
1679 4058 1794 4123 Πῶς
1829 4082 1910 4116 σοι

256 4147 352 4210 τὰς
409 4144 632 4226 φοϐερὰς
693 4147 1055 4226 ἐπιστρατείας
1130 4153 1226 4214 τῆς
1283 4146 1489 4226 ἀκρίδος
1550 4145 1902 4225 διηγήσομαι’

257 4236 316 4316 ἢ,
373 4236 456 4316 ὕφ’
503 4239 578 4293 ὲνὶ
637 4239 930 4311 συνθήματι
983 4243 1126 4292 πᾶσα
1186 4236 1408 4313 ἀρθεῖσα
1460 4237 1546 4291 καὶ
1610 4259 1910 4315 στρατοπε-

1997 3158 2339 3234 viatoribus,
2376 3172 2550 3243 atque
2583 3162 2872 3242 agricolas
2902 3164 2972 3225 ad
3009 3181 3262 3224 messem
3318 3158 3530 3221 educit.
3570 3155 3644 3222 Ut

1999 3249 2242 3328 pervigil
2283 3261 2374 3312 est
2402 3272 2684 3316 anserum
2720 3272 2948 3332 genus;
2993 3261 3167 3333 atque
3198 3251 3255 3313 id
3286 3249 3445 3331 quod
3480 3249 3638 3321 latet,

1997 3341 2343 3402 acutissime
2369 3344 2572 3404 sentit.
2610 3343 2680 3405 Hi
2705 3343 2982 3405 videlicet
3005 3343 3226 3422 regiam
3257 3342 3467 3402 urbem
3499 3337 3638 3398 olim

1997 3442 2446 3509 conscrvarunt,
2483 3433 2622 3494 dum
2661 3433 2748 3493 78
2776 3434 2976 3494 hostes
3009 3431 3296 3513 quosdam
3341 3429 3451 3490 sub
3486 3440 3644 3490 terra

1999 3535 2104 3595 per
2120 3517 2374 3582 latentes
2405 3522 2715 3584 cuniculos
2737 3523 2988 3603 jamjam
3021 3522 3081 3582 in
3115 3520 3276 3582 urbis
3311 3519 3509 3580 Romae
3540 3536 3640 3580 ar-

2001 3625 2130 3667 cem
2163 3621 2556 3690 occupaturos
2601 3613 3016 3692 prodiderunt.
3051 3614 3113 3672 ln
3147 3628 3413 3687 quonam
3447 3608 3638 3668 avium

1997 3715 2219 3773 genere
2249 3719 2376 3761 rem
2403 3704 2718 3778 quamdam
2745 3703 3103 3778 singularem
3136 3697 3527 3760 admiratione
3555 3696 3641 3755 di-

1998 3804 2172 3862 gnam
2201 3799 2409 3851 natura
2433 3810 2547 3852 non
2573 3791 2884 3853 ostendit?
2905 3790 3048 3863 Quis
3071 3789 3423 3870 praenuntiat
3447 3790 3646 3846 vultu-

1998 3874 2165 3936 ribus
2195 3879 2504 3940 hominum
2541 3889 2788 3942 mortem
2846 3889 2990 3954 tum,
3020 3899 3151 3940 cum
3217 3877 3329 3938 sibi
3383 3875 3637 3937 invicem

1996 3965 2263 4029 inferunt
2289 3969 2560 4030 bellum?
2593 3970 2808 4032 Videas
2839 3969 2997 4032 enim
3032 3969 3379 4030 innumeros
3431 3983 3641 4044 greges

1996 4057 2292 4118 vulturum
2329 4061 2636 4121 exercitus
2667 4069 3010 4137 sequentes,
3039 4067 3098 4119 et
3127 4077 3194 4119 ex
3219 4073 3518 4118 armorum
3541 4073 3640 4135 ap-

1998 4156 2204 4226 paratu
2228 4151 2444 4212 exitum
2469 4151 3040 4230 conjectantesﬂoc
3070 4155 3263 4210 autem
3285 4165 3400 4206 non
3430 4143 3634 4225 procul

1997 4256 2030 4299 a
2059 4238 2612 4301 ratiocinationibus
2645 4239 3126 4301 humanisabest.
3162 4239 3433 4310 Quonam
3466 4241 3633 4314 pacto

259 4323 559 4402 δευσαμένη
615 4327 750 4383 κατὰ
807 4328 867 4382 τὸ
927 4324 1128 4388 πλάτος
1186 4325 1280 4392 τῆς
1326 4324 1539 4404 χώρας,
1574 4329 1632 4384 οῦ
1663 4347 1912 4404 προτερον

2003 4327 2299 4391 terribiles
2348 4329 2591 4391 locustae
2643 4329 3053 4409 expeditiones
3104 4327 3209 4389 tibi
3259 4341 3635 4396 enarravero,

259 4413 479 4472 ἅπτεται
538 4422 643 4472 τῶν
691 4421 931 4495 καρπῶν,
987 4416 1106 4490 πρὶν
1166 4412 1440 4480 ἓνδοθῆναι
1499 4413 1632 4490 αύτῇ
1660 4417 1722 4471 τὸ
1764 4419 1910 4472 θετον

257 4507 598 4586 πρόσταγμα,
665 4511 783 4570 Πῶς
853 4509 886 4574 ἡ
963 4503 1199 4566 σελευκὶς
1278 4503 1529 4582 ἐφέπεται
1602 4503 1741 4579 ἴαμα
1811 4510 1909 4572 τῆς

260 4593 503 4672 πληγῆς,
555 4595 846 4676 ἀπέραντον
906 4593 1107 4674 ἔχουσα
1149 4595 1242 4649 τοῦ
1279 4591 1465 4648 ἐσθίειν
1525 4592 1622 4659 τὴν
1668 4591 1907 4668 δύναμιν,

253 4694 346 4742 τοῦ
391 4685 758 4766 φιλανθρωπου
821 4695 951 4744 Θεοῦ
1008 4685 1291 4764 ἀκόρεστον
1371 4683 1537 4751 αύτῆς
1606 4684 1703 4752 τὴν
1759 4686 1908 4764 φύσιν

257 4772 342 4831 ἐπ’
378 4779 647 4854 εὐεργεσίᾳ
694 4777 797 4833 τῶν
854 4776 1140 4854 ἀνθρώπιον
1199 4772 1693 4837 κατασκευάσαντος
1729 4773 1854 4850 (88)
1892 4800 1906 4849 ;

345 4954 478 5033 (81)
510 4950 626 5033 Sex
658 4971 801 5015 mss.
827 4962 1114 5032 ζωογονεϊ.
1150 4950 1614 5033 Είίίίὶ-ζωοτοκεϊ,

350 5031 474 5114 (ὃὲ)
508 5032 605 5096 Sic
640 5042 892 5114 quatuor
926 5031 1068 5094 mss.
1095 5033 1169 5094 At
1191 5031 1335 5114 editi
1354 5049 1632 5114 cum_uno
1663 5034 1919 5097 autalte-

266 5133 336 5177 ro
362 5111 481 5177 ms.
516 5114 633 5195 ἔχει
660 5111 732 5179 τι.
761 5116 1083 5195 Aliquanto
1111 5120 1242 5194 post
1270 5111 1454 5195 editio
1477 5112 1666 5195 Paris.
1703 5116 1786 5195 καὶ
1818 5118 1916 5195 γὰρ

265 5196 474 5275 ὥσπερ.
513 5192 690 5257 Deest
723 5198 822 5275 γάρ
855 5192 914 5256 in
945 5192 1207 5257 editione
1241 5192 1422 5255 Basil.
1458 5199 1514 5252 et
1564 5192 1624 5252 in
1651 5192 1912 5274 quinque

266 5294 410 5338 mss.

349 5355 467 5427 (83)
501 5358 586 5418 Ita
618 5365 870 5437 quatuor
892 5375 1036 5418 mss.
1072 5353 1377 5437 Deestpe’v
1408 5352 1468 5437 in
1500 5353 1756 5416 excusis.

349 5437 472 5515 (84)
500 5433 696 5500 Codex
721 5437 1134 5500 Combet‘.cum
1168 5434 1300 5497 aliis
1336 5433 1596 5514 quinque
1627 5452 1908 5515 mss.suv-

267 5518 416 5595 άγειν
449 5513 627 5578 ⁷Είιὶιί
665 5537 800 5578 cum
853 5516 1022 5580 C0”).
1057 5515 1326 5595 sucundro
1350 5513 1917 5595 ίσυναγαγεῖντ-Ηδυά

262 5593 438 5675 longe
462 5597 604 5659 editi
635 5617 767 5659 cum
797 5600 942 5675 Reg.
981 5596 1158 5660 tertio
1181 5594 1591 5674 συνδιορθρίζων.
1626 5593 1746 5656 Alii
1773 5615 1912 5675 qua-

260 5684 397 5739 tuor
422 5695 564 5740 mss.
590 5681 952 5756 συνορτρίζων,

345 5757 470 5837 (85)
509 5756 590 5820 [ta
618 5754 954 5821 mss.octo.
995 5757 1150 5821 Editi
1184 5755 1471 5830 πολεμίους
1504 5754 1651 5819 τινάς
1683 5755 1904 5835 ἀφανεῖς

1996 4436 2129 4498 quae
2150 4419 2425 4480 universa
2448 4418 2560 4480 sub
2584 4438 2699 4480 uno
2719 4421 2885 4497 signo
2910 4419 3085 4499 elata,
3110 4426 3286 4498 atque
3311 4415 3638 4477 secundum

1997 4507 2259 4584 regionis
2282 4508 2654 4570 latitudinem
2685 4517 3138 4586 castrametaus,
3168 4526 3283 4568 non
3317 4505 3480 4586 prius
3509 4503 3636 4564 fru-

1996 4604 2129 4658 ctus
2160 4597 2417 4677 attingit,
2458 4617 2632 4678 quam
2667 4597 2928 4658 divinum
2957 4605 3314 4677 praeceptum
3347 4596 3421 4655 sit
3451 4593 3506 4654 ei
3536 4593 3635 4652 da-

1997 4692 2118 4746 tum
2150 4691 2176 4746 ?
2205 4687 2512 4760 Quomodo
2544 4689 2833 4748 locustam
2868 4687 3199 4766 insequitur
3228 4683 3482 4745 seleucis
3514 4682 3636 4741 avis

1994 4795 2127 4856 quas
2161 4777 2345 4857 plagae
2371 4777 2605 4838 inﬂictae
2635 4775 2968 4837 remedium
2995 4786 3120 4835 est:
3151 4772 3633 4856 quandoquidem

2001 4958 2068 5014 δι’
2098 4957 2380 5031 ὑπονόμων
2412 4956 2472 5017 1d
2505 4955 2676 5016 aliter
2707 4954 2779 5016 ab
2819 4953 2948 5015 aliis
2998 4953 3296 5014 historicis
3333 4958 3631 5012 narratur.

1999 5042 2158 5116 Lege
2185 5035 2481 5099 Duczeum.

2081 5111 2197 5195 (86)
2235 5119 2315 5179 lta
2346 5135 2445 5180 sex
2481 5136 2621 5178 mss.
2657 5117 2835 5180 Deest
2872 5121 2895 5172 ὁ
2929 5117 2988 5178 in
3021 5113 3219 5176 editis.
3265 5113 3488 5176 Ibidem
3519 5111 3635 5172 dus

1999 5215 2138 5262 mss.
2190 5199 2624 5277 προσαγγέλλων.
2679 5197 2832 5259 Editi
2892 5216 3025 5260 cum
3076 5196 3206 5256 aliis
3250 5214 3369 5254 mss
3425 5215 3598 5268 προκγ

1995 5279 2220 5356 γέλλων,

2075 5360 2200 5433 (87)
2233 5359 2470 5421 Simulti
2505 5378 2646 5420 mss.
2683 5361 2750 5420 At
2775 5359 2918 5418 editi
2948 5368 3103 5416 τοῦτο
3156 5356 3207 5412 δὲ
3260 5358 3372 5414 οὐδὲ
3408 5357 3636 5434 μακράν.

2075 5441 2199 5519 (88)
2231 5441 2478 5502 Codices
2509 5449 2762 5518 quatuor
2784 5459 2815 5500 e
2841 5440 3056 5500 nostris
3081 5440 3462 5516 praeterduos
3489 5438 3634 5498 ch.

2006 5523 2530 5598 παρασκευάσαντος.
2565 5520 2721 5581 Etliti
2791 5539 2925 5580 eum
2964 5540 3078 5580 uno
3125 5527 3223 5580 aut
3257 5521 3441 5580 altero
3519 5535 3630 5576 mS.

1992 5600 2506 5660 κατασκευάσαντος.
2572 5602 2699 5659 Mox
2769 5619 2870 5662 sex
2930 5619 3071 5662 mss.
3130 5604 3216 5656 xxi
3269 5602 3405 5663 πῶς.
3461 5599 3636 5658 Deest

1991 5683 2079 5738 καί
2107 5681 2168 5742 in
2203 5679 2398 5743 editis.
