4098 6410
383 318 500 381 183

1717 320 1778 381 8.
1828 321 2105 383 BASILII
2150 322 2398 385 MAGNI

3636 330 3756 396 184

377 455 476 518 illa
510 459 856 545 perpetuam
887 450 1065 513 habet
1107 451 1329 545 edendi
1360 452 1725 545 facultatem,
1761 452 2022 545 benigno

2112 456 2195 519 Τίς
2227 458 2254 513 ὀ
2284 458 2476 536 τρόπος
2506 465 2604 527 τῆς
2648 460 2910 536 μελῳδίας
2938 471 3032 521 τοῦ
3089 464 3326 545 τέττιγος
3358 486 3374 537 ;
3415 469 3513 528 Καὶ
3546 475 3664 533 πῶς
3693 471 3751 526 ἓν

378 547 500 608 Deo
517 540 917 603 insatiabilem
937 549 1204 602 naturam
1226 541 1540 603 hominum
1559 544 1747 621 gratia
1765 543 1819 604 ei
1835 562 2016 623 appa-

376 640 551 693 rante
572 637 600 693 ?
618 632 761 704 Quae
794 636 867 690 sit
891 631 1023 691 mod
1038 630 1240 692 ulandi
1264 632 1418 693 ratio
1439 631 1702 693 cicadae?
1725 632 2023 712 quomodo

377 722 438 782 in
488 720 740 783 meridie
770 719 945 781 solito
998 720 1181 797 magis
1212 738 1444 782 canorae
1494 730 1654 794 sunt,
1688 722 1835 782 dum
1867 721 2025 782 aeris

382 816 755 891 attractinne,
786 829 917 889 quae
946 810 1006 870 in
1039 810 1294 870 thoracis
1321 809 1683 871 distentione
1706 812 1791 891 ﬁt,
1825 810 2026 873 editur

378 900 605 962 sonus?
634 902 711 963 At
734 900 893 961 enim
916 900 1057 960 mihi
1080 898 1291 960 videor
1314 899 1500 977 magis
1520 900 1711 980 impar
1736 918 1868 961 esse
1893 917 2023 961 ser-

384 992 635 1051 monein
663 990 1029 1068 explicandis
1050 989 1376 1049 volatilium
1409 988 1737 1060 miraculis,
1766 1008 1939 1067 quam
1974 990 2023 1049 si

384 1080 638 1159 pedibus
654 1096 906 1140 conarer
922 1079 1291 1139 velocitatem
1318 1081 1578 1157 ipsorum
1603 1079 2018 1159 assequi.Cum

380 1169 602 1231 videris
629 1187 699 1230 ea
728 1169 987 1229 volatilia
1018 1188 1151 1245 quae
1184 1175 1409 1228 insecta
1448 1177 1751 1241 vocantur,
1786 1178 1849 1229 ut
1880 1186 2024 1247 apes

380 1268 437 1320 et
462 1258 826 1335 vespaszsic
884 1265 1043 1319 enim
1099 1258 1228 1339 ipsa
1278 1258 1678 1336 appellarunt,
1715 1267 2026 1337 propterea

380 1349 539 1429 quod
570 1350 851 1427 quasdam
884 1348 1151 1425 undique
1184 1348 1475 1408 incisuras
1508 1364 1626 1426 prae
1658 1366 1723 1407 se
1770 1348 1971 1410 ferunt
2007 1370 2019 1406 :

378 1443 579 1500 veniat
602 1439 709 1500 tibi
732 1439 789 1498 in
818 1437 1572 1516 mentem,respirationem
1596 1446 1773 1517 atque
1797 1438 2026 1516 pulmo-

383 1547 523 1590 nem
547 1531 605 1588 in
631 1528 701 1588 iis
726 1546 843 1588 non
868 1526 1158 1606 reperiri:
1186 1527 1287 1587 sed
1316 1536 1434 1586 tota
1462 1527 1705 1587 omnino
1739 1546 1878 1589 aere
1907 1547 2021 1589 nu-

382 1618 534 1681 triri.
573 1618 950 1697 Quapropter
981 1617 1112 1677 oleo
1147 1617 1498 1694 madefacta,
1536 1617 1790 1678 occlusis
1824 1618 2025 1678 meati-

382 1710 517 1782 bus,
548 1715 838 1787 pereunt;
869 1725 1001 1767 cum
1032 1724 1171 1766 vero
1194 1707 1391 1766 statim
1416 1715 1645 1767 acetum
1670 1708 2023 1787 aﬂ‘unditur,

2205 546 2506 623 μεσημϐρίᾳ
2544 551 2744 608 ἑαυτῶν
2787 555 2915 610 εἰσιν
2959 552 3303 636 ᾡδικώτεροι,
3362 562 3430 633 τῇ
3462 557 3598 634 ὁλκῇ
3658 566 3755 615 τοῦ

2106 633 2257 724 ᾂέροᾼς
2304 636 2339 701 ἦ
2398 640 2453 693 ἒν
2509 646 2577 715 τῇ
2638 638 2893 718 διαστολῇ
2949 633 3217 702 ποιοῦνται
3289 633 3390 703 ’τοῦ
3457 633 3698 724 Θώρακος
3735 696 3751 721 ,

2107 722 2437 813 ἐκδιδομένου
2497 732 2586 785 τοῦ
2642 733 2901 810 φθόγγου;
2957 733 3123 790 Ἀλλὰ
3181 735 3280 813 γὰρ
3337 734 3488 793 ἔοικα
3538 722 3754 794 νπλετον

2108 811 2486 872 ἀπολείπεσθαι
2544 822 2619 891 τῷ
2676 818 2822 898 λόγῳ
2878 830 2970 879 τοῦ
3017 811 3281 898 Θαύματος
3336 826 3442 881 τῶν
3498 832 3752 902 πτηνῶν,

2107 903 2139 969 ἢ
2199 906 2241 959 εὶ
2298 928 2416 970 τοις
2470 910 2623 963 ποσὶν
2672 911 2845 967 αὐτῶν
2916 914 3220 993 ἐπειρώμην
3276 918 3605 996 ἒφικνετσθαι
3660 917 3758 975 τοῦ

2107 994 2330 1071 τάχους.
2367 994 2543 1052 ’Ὅταν
2586 998 2710 1075 ’ἴδῃς
2740 1002 2805 1056 τὰ
2851 1001 3044 1079 ἔντομα
3076 994 3339 1083 λεγόμενα
3368 1012 3474 1061 τῶν
3506 1015 3751 1087 πτηνῶν,

2107 1086 2225 1137 οἷον
2285 1083 2537 1157 μελίσσας
2588 1090 2675 1144 καὶ
2732 1096 2940 1169 σφῆκας
2968 1094 3133 1170 (οὕτω
3165 1095 3263 1174 γὰρ
3293 1097 3423 1154 αὐτὰ
3452 1083 3753 1175 προσειρήέ

2108 1193 2251 1251 κασι,
2312 1171 2396 1230 διὰ
2442 1178 2501 1231 τὸ
2560 1184 2895 1259 πανταχόθεν
2965 1184 3193 1258 ἐντομάς
3266 1206 3413 1247 τινας
3488 1186 3750 1265 φαίνειν),

2105 1263 2345 1335 ἓνθυμοῠ,
2400 1264 2479 1320 ὅτι
2530 1268 2732 1328 τούτοις
2782 1271 3023 1339 ἀναπνοή
3061 1278 3153 1331 οὒκ
3212 1273 3376 1348 ἔστιν,
3410 1273 3526 1331 οὔδε
3584 1263 3755 1331 πνεύέ

2108 1372 2245 1430 μων,
2282 1352 2398 1408 ἀλλ’
2450 1354 2549 1410 ὅλα
2580 1354 2646 1411 δι’
2677 1357 2817 1414 ὅλων
2845 1361 3087 1441 τρέφεται
3141 1370 3217 1436 τῷ
3258 1362 3393 1440 ἀέρι,
3433 1363 3629 1442 Διόπερ
3661 1366 3759 1422 καὶ

2109 1440 2269 1513 ἐλαίῳ
2324 1446 2731 1523 καταβραχέντα
2791 1452 3072 1529 φθείρεται,
3120 1459 3225 1508 τῶν
3273 1454 3445 1530 πόρων
3495 1440 3753 1533 ἀποιρρα-

2108 1529 2326 1607 γέντων·
2378 1533 2523 1599 ὄξους
2580 1533 2635 1590 δὲ
2694 1538 2839 1600 εὐθὺς
2868 1540 3239 1608 ὲπιϐληθέντος
3298 1529 3457 1599 πάλιν
3513 1529 3758 1600 ἀναϐιώ-

2109 1641 2314 1693 σκεται,
2380 1630 2483 1677 τῶν
2535 1622 2775 1690 διεξόδων
2825 1629 3205 1706 ἀνοιγομένων.
3242 1631 3402 1689 Οὖδέν
3434 1635 3753 1711 περιττέτε-

2110 1731 2197 1786 ρον
2254 1716 2351 1777 της
2396 1715 2608 1791 χρείας,
2670 1718 2785 1772 οὔτε
2846 1720 2953 1789 μὴν
2995 1720 3244 1777 ἐλλεϊπόν
3294 1745 3395 1777 τινι
3452 1729 3558 1778 τῶν
3618 1723 3757 1779 ἂνα-

377 1798 628 1860 reclusis
660 1796 1051 1858 foraminibus
1082 1814 1291 1856 rursus
1346 1796 1731 1857 reviviscunt.
1771 1799 1930 1859 Inter
1955 1816 2021 1858 ea

2112 1800 2306 1874 γκαίων
2364 1804 2389 1856 ὀ
2441 1805 2569 1867 Θεὸς
2627 1806 2780 1881 ημῶν
2841 1808 3064 1872 ἔκτισε..
3105 1812 3269 1867 Πάλιν
3298 1813 3364 1868 τὰ
3394 1811 3612 1892 φίλυδρα
3642 1820 3751 1869 τῶν

379 1907 507 1968 qua:
532 1887 690 1949 Deus
713 1894 917 1947 noster
940 1885 1185 1964 creavit,
1224 1886 1370 1946 nihil
1403 1894 1495 1947 est
1525 1887 1671 1945 citra
1701 1888 2024 1947 necessita-

379 1990 522 2051 tem,
545 1977 689 2037 nihil
724 1976 893 2037 deest
922 1976 1426 2036 necessariorum.
1466 1980 1694 2038 Rursus
1725 1978 1771 2037 si
1801 1979 2025 2037 anima-

382 2068 460 2129 lia
481 2086 646 2149 aquae
663 2066 923 2129 amantia
954 2064 1385 2137 considerabis,
1412 2065 1587 2124 aliam
1608 2066 1665 2126 in
1688 2065 1831 2144 ipsis
1862 2074 2021 2125 stru-

380 2166 611 2220 cturam
646 2154 983 2235 comperics
1016 2176 1028 2217 :
1063 2153 1245 2234 pedes
1275 2154 1549 2215 videlicet
1582 2156 1826 2215 minime
1852 2156 2030 2217 ditiis-

379 2266 499 2329 sos,
534 2247 690 2308 velut
720 2245 977 2307 cornicis
999 2264 1011 2304 :
1037 2262 1155 2304 non
1187 2243 1474 2325 aduncos,
1508 2246 1663 2306 velut
1692 2245 2031 2306 carnivoro-

377 2356 508 2400 rum
536 2359 549 2402 :
585 2335 697 2397 sed
729 2336 879 2397 latos
912 2351 978 2394 ac
1012 2334 1530 2414 membranaceos,
1565 2334 1819 2396 utfacile
1853 2335 2028 2396 undis

380 2431 670 2499 innatent,
701 2424 913 2505 pedum
952 2422 1323 2485 membranis
1347 2423 1512 2484 velut
1541 2422 1900 2503 quibusdam
1934 2442 2028 2486 re~

376 2519 488 2579 mis
518 2533 733 2592 aquam
765 2513 1162 2594 impellentes.
1203 2513 1373 2585 Quod
1419 2513 1469 2573 si
1501 2512 2017 2595 animadverteris,

376 2606 875 2688 quemadmodum
907 2622 1122 2685 cycnus
1149 2604 1302 2665 collo
1327 2605 1383 2664 in
1422 2603 1777 2681 profundam
1806 2622 2018 2682 aquam

378 2697 670 2769 immisso,
698 2695 773 2757 ab
805 2696 923 2756 imo
947 2693 1143 2754 cibum
1176 2693 1291 2755 sibi
1325 2693 1528 2754 eﬂ‘erat
1556 2716 1568 2751 :
1601 2702 1741 2754 tunc
1773 2695 1879 2756 Dei
1911 2694 2021 2755 de-

378 2788 786 2867 prehensurus
836 2803 901 2845 es
958 2784 1467 2864 sapientiam,qui
1516 2784 1742 2845 scilicet
1799 2784 2017 2844 collum

379 2877 631 2955 pedibus
664 2875 898 2955 longius
930 2873 1064 2934 ideo
1100 2873 1329 2948 tribuit,
1358 2883 1421 2933 ut
1451 2874 1595 2934 illud
1613 2874 1768 2934 velut
1800 2873 2017 2934 lineam

380 2966 758 3047 piscatoriam
780 2966 1330 3040 demittens,escam
1351 2963 1415 3025 in
1437 2966 1553 3024 ima
1570 2963 2019 3024 delitescentem

380 3058 652 3133 exquirat
680 3073 747 3117 ac
781 3054 1072 3116 extrahat.

463 3145 731 3210 8.Verba
752 3143 1072 3221 Scripturae
1094 3141 1143 3202 si
1161 3140 1515 3219 simpliciter
1530 3141 2027 3222 legantur,parvae
2045 3181 2085 3231 ο

381 3235 649 3314 quaedam
680 3242 817 3294 sunt
839 3231 1112 3311 syllaba:
1152 3231 1497 3293 Produamt
1528 3250 1704 3312 aquae
1749 3232 2025 3294 volatilia

376 3324 616 3381 volantia
645 3337 807 3395 super
836 3329 1040 3378 terram
1088 3319 1375 3376 secundum
1420 3324 1812 3393 ﬁrmamentum
1859 3323 1977 3377 caeli
2011 3338 2028 3379 :

376 3415 481 3477 sed
508 3434 640 3476 cum
697 3414 1009 3475 verborum
1061 3414 1488 3492 pervestigatur
1533 3414 1853 3488 sententia,
1890 3423 2033 3475 tunc

381 3524 658 3582 magnum
693 3502 1001 3583 sapientiae
1020 3503 1347 3563 conditoris
1370 3504 1726 3564 miraculum
1760 3512 2028 3584 apparet.

380 3595 534 3668 Quot
565 3594 892 3656 volatilium
951 3593 1219 3672 praevidit
1271 3593 1620 3655 discrimina
1659 3600 1687 3655 ?
1736 3594 2033 3674 quomodo

378 3685 493 3747 alia
522 3685 594 3745 ab
628 3684 758 3745 aliis
783 3685 950 3761 juxta
980 3700 1167 3761 genus
1216 3682 1523 3762 sejunxit?
1567 3684 1867 3761 quomodo
1902 3685 2030 3745 sin-

379 3776 516 3855 gula
567 3775 865 3835 distinctis
912 3771 1376 3852 proprietatibus
1424 3772 1779 3851 insignivit?
1825 3773 2035 3835 Deficit

383 3884 478 3927 me
505 3866 633 3927 dies
661 3862 827 3927 aeria
850 3862 1018 3922 vobis
1051 3861 1339 3922 miracula
1373 3872 1792 3941 exponentem.
1822 3865 2032 3926 Invitat

382 3973 490 4016 nos
520 3954 648 4035 ipsa
693 3953 1007 4015 continens
1039 3950 1111 4010 ad
1156 3950 1312 4010 feras
1340 3952 1696 4034 reptiliaque
1728 3964 1787 4014 et
1814 3971 2032 4032 pecora

382 4046 442 4106 in
468 4044 730 4106 medium
749 4039 1615 4121 proferenda:qnandoquidem
1636 4043 1857 4121 aliquid
1874 4044 2028 4123 quod

386 4135 603 4215 plantis
625 4142 683 4194 et
719 4130 1047 4193 natatilium
1076 4130 1280 4207 generi
1312 4140 1370 4191 et
1414 4133 1640 4193 cunctis
1690 4133 2031 4194 volatilibus

383 4225 576 4303 impar
606 4242 726 4284 non
756 4221 857 4294 sit,
883 4218 1138 4280 vicissim
1171 4221 1456 4281 exhibere
1488 4231 1692 4301 parata
1723 4230 1835 4282 est.
1868 4222 2029 4283 Pro-

385 4313 550 4369 ducat
582 4317 723 4369 terra
761 4314 1014 4371 animam
1063 4314 1315 4370 viventem
1338 4326 1588 4383 pecorum
1634 4322 1685 4367 ει
1735 4311 2033 4368 bestiarum

386 4409 443 4463 et
464 4403 969 4483 reptiliumjuxta
988 4403 1363 4485 genus.Quid
1387 4402 1585 4463 dicitis
1611 4419 1707 4463 vos
1729 4402 1828 4482 qui
1852 4403 2029 4463 ﬁdem

2106 1889 2255 1957 ζώων
2325 1894 2695 1965 καταμαθὼν,
2759 1896 2940 1973 ἑτέραν
3020 1898 3070 1955 ἐν
3149 1901 3333 1964 αὕτοῖς
3412 1907 3749 1971 κατασκευὴν

2109 1980 2371 2052 εὑρήσεις
2450 1982 2614 2048 πόδας
2678 1983 2795 2040 οὔτε
2866 1986 3292 2068 διεσχισμένους,
3356 1994 3429 2053 ὡς
3481 1994 3602 2056 τοὺς
3656 1994 3756 2060 τῆς

2107 2070 2376 2146 κορώνης,
2426 2071 2543 2127 οὕτε
2573 2073 2856 2150 ἀγκύλους,
2892 2079 2964 2141 ὡς
3017 2080 3137 2142 τοὺς
3199 2086 3304 2135 τῶν
3375 2082 3753 2160 σαρκοφάγων·

2111 2156 2246 2213 ἀλλὰ
2291 2158 2514 2223 πλατεῖς
2546 2164 2628 2218 κοὶ
2660 2164 2968 2246 ὺμενώδεις,
3014 2168 3107 2225 ’ἱνα
3151 2168 3339 2246 ῥᾳδιως
3385 2156 3758 2252 ἐπινήχιονται

2111 2255 2185 2321 τῷ
2228 2246 2397 2330 ὕδατι,
2451 2254 2604 2308 οἱονεὶ
2662 2253 2868 2318 κώπαις
2925 2259 3028 2313 τισὶ
3083 2271 3199 2322 τοῖς
3231 2262 3336 2315 τῶν
3386 2259 3561 2317 ποδῶν
3592 2261 3749 2336 ὑμέσι

2110 2339 2170 2393 τὸ
2222 2340 2377 2417 ὑγρὸν
2438 2339 2799 2418 διωθούμενοι.
2866 2343 2988 2403 Ἐὰν
3048 2346 3101 2402 δὲ
3172 2350 3483 2424 καταμάθῆς
3552 2351 3695 2417 ὅπως
3738 2401 3753 2432 ,

2111 2429 2183 2492 εἰς
2244 2430 2400 2503 βάθος
2460 2434 2486 2486 ὁ
2544 2434 2729 2499 κύκνος
2789 2438 2983 2498 καθιεὶς
3055 2439 3143 2493 τὸν
3204 2438 3459 2517 αὐχένα,
3519 2429 3756 2498 κάτωθεν

2110 2517 2280 2592 ἐαυτῴ
2336 2520 2433 2587 τὴν
2490 2523 2688 2600 τροφὴν
2739 2523 3007 2605 ἀναιρέρει,
3054 2528 3174 2584 τότε
3223 2530 3465 2606 εὑρήσεις
3522 2532 3623 2598 τὴν
3655 2553 3754 2589 σο-

2105 2608 2225 2686 φίαν
2269 2616 2357 2665 τοῦ
2408 2610 2704 2687 κτίσαντος,
2750 2613 2833 2669 ὅτι
2896 2612 2976 2670 Sui:
3034 2616 3186 2672 τοῦτο
3246 2619 3576 2695 μακρότερον
3638 2626 3750 2677 τῶν

2105 2698 2280 2752 ποδῶν
2310 2701 2400 2754 τὸν
2433 2701 2630 2780 αὐχένα
2662 2704 3013 2780 προσέθηκεν,
3048 2706 3162 2783 ἵνα,
3198 2707 3377 2785 ὥσπερ
3400 2710 3519 2764 τινὰ
3562 2712 3754 2788 ὁρμιὰν

2104 2789 2374 2866 κατάγων,
2436 2790 2533 2856 τὴν
2580 2794 2634 2846 ἓν
2663 2800 2740 2866 τῷ
2799 2794 2944 2869 βάθει
2986 2796 3355 2874 κεκρυμμένην
3403 2799 3603 2873 τὸοφὴν
3656 2800 3755 2856 ὲκ·-

2104 2880 2409 2955 πορίζηται,

2188 3147 2247 3209 8,
2311 3146 2518 3237 Ἀ-πλῶς
2569 3150 3035 3230 ἂναγινωσκόμενα
3085 3160 3149 3217 τὰ
3196 3158 3405 3235 ῥήματα
3460 3162 3555 3228 τῆς
3603 3169 3743 3237 Γρα-

2110 3235 2553 3329 φῆς,ῌσυλλαϐαί
2600 3242 2736 3305 τινές
2799 3247 2896 3301 εἰσι
2957 3248 3135 3329 μικραί
3181 3247 3339 3326 (89)·
3404 3235 3753 3329 Ἐξαγαγέτω

2111 3328 2176 3382 τὰ
2232 3326 2390 3383 ὕδατα
2462 3334 2676 3387 πετεινὰ
2738 3336 3007 3409 πετόμενα
3055 3326 3139 3393 ἐπὶ
3195 3341 3295 3405 τῆς
3340 3345 3441 3416 γῆς
3503 3342 3641 3397 κατὰ
3693 3344 3756 3397 τὸ

2121 3416 2392 3493 στερέωμα
2434 3420 2525 3475 τοῦ
2577 3422 2814 3499 οὖρανοῦ,
2875 3426 3237 3501 ἐρευνωμένης
3286 3426 3341 3483 δὲ
3398 3429 3494 3497 τῆς
3555 3430 3611 3485 ἐν
3640 3444 3763 3495 τοῖς

2119 3507 2319 3583 ῥήμασι
2378 3507 2644 3586 διανοίας,
2707 3514 2826 3569 τότε
2879 3514 3175 3595 ἐκφαίνεται
3246 3521 3306 3573 τὸ
3380 3519 3520 3597 μέγα
3590 3524 3766 3594 θαῦμα

2116 3603 2213 3663 τῆς
2264 3598 2449 3677 σοφίας
2508 3608 2597 3655 τοῦ
2655 3604 2954 3669 κτίσαντος.
3002 3608 3176 3672 Πόσας
3208 3607 3477 3685 προείδετο
3510 3608 3764 3690 διαφορὰς

2115 3694 2358 3759 πτηνών;
2406 3689 2549 3752 ὅπως
2601 3692 2730 3750 αὕτα
2787 3695 2929 3750 κατὰ
2980 3696 3128 3773 γένος
3176 3694 3456 3765 διέστησεν
3504 3698 3600 3755 ἀπ’
3662 3698 3766 3755 ἆλ-

2115 3776 2322 3867 λῆλωη
2395 3778 2509 3839 mi)":
2576 3779 2796 3838 ἕκαστον
2854 3785 3275 3864 κεχωρισμένοις
3334 3787 3767 3867 ἐχαρακτήρισεν

2115 3865 2415 3941 ἰδιώμασιν;
2474 3868 2770 3927 Ἐπιλείπει
2831 3872 2949 3952 (90)
3010 3865 3495 3953 μεήἡμέρῖξτὰ
3555 3865 3769 3957 ἐναέρια

2111 3959 2239 4031 ὑμῖν
2264 3958 2501 4030 θαύματα
2533 3957 2904 4039 διηγούμενον.
2954 3963 3122 4022 Καλεϊ
3154 3968 3298 4039 ἡμᾶς
3329 3969 3361 4035 ἡ
3397 3968 3597 4047 χέρσος
3630 3970 3765 4047 πρὸς

2111 4046 2209 4113 τὴν
2259 4047 2361 4103 τῶν
2413 4050 2605 4125 Θηρίων
2663 4055 2747 4107 καὶ
2794 4053 3026 4131 ἑρπετῶν
3077 4059 3165 4111 καὶ
3216 4046 3581 4132 βοσκημάτων
3642 4046 3763 4115 ἐπὶ·

2114 4134 2290 4208 δειξιν,
2328 4135 2555 4211 ἐτοιμως
2607 4139 2809 4219 ἔχουσα
2869 4143 3104 4219 ὁμότιμα
3154 4158 3273 4209 τοῖς
3332 4160 3518 4226 φυτοῖς
3570 4149 3767 4221 καὶτῷ

2114 4224 2312 4298 πλωτῷ
2343 4225 2481 4303 γένει
2522 4232 2755 4293 καὶτοῖς
2787 4247 3019 4300 πτηνοετς
3078 4242 3236 4291 πᾶσιν
3280 4235 3761 4303 ἀντεπιδείξασθαι,

2116 4313 2451 4394 Ἐξαγαγέτω
2493 4320 2525 4384 ἡ
2586 4319 2657 4396 γῆ
2723 4326 2907 4403 ψυχήν
2987 4327 3161 4397 ζῶσαν
3247 4328 3457 4394 κτηνῶν
3514 4328 3601 4384 καὶ
3657 4331 3763 4393 Θηο

2116 4407 2239 4483 ρίων
2297 4408 2384 4462 καὶ
2443 4406 2676 4485 ἐρπετῶν
2732 4414 2866 4471 κατὰ
2924 4414 3102 4492 γένος.
3166 4416 3225 4473 Τί
3285 4438 3417 4495 φατε
3452 4463 3466 4489 ,
3531 4418 3577 4471 οἱ
3632 4418 3763 4472 ἁπι-

393 4516 512 4560 non
532 4497 770 4558 habetis
791 4500 996 4571 l’aulo,
1021 4498 1178 4559 circa
1202 4516 1331 4559 eam
1357 4496 1562 4577 qumin
1593 4496 2027 4557 resurrectione

2117 4504 2357 4561 στοῦντες
2404 4502 2482 4569 τῷ
2537 4498 2729 4573 Παύλῳ
2779 4504 2895 4583 περ)
2945 4510 3043 4567 τῆς
3112 4506 3247 4560 κατὰ
3316 4504 3414 4570 τὴν
3476 4504 3767 4559 ἀνάστασιν

386 4589 490 4649 fiet
521 4588 932 4662 mutationem,
970 4596 1102 4649 cum
1165 4588 1348 4650 multa
1396 4586 1557 4647 aeria
1602 4586 1824 4646 formas
1856 4604 2027 4647 com-

389 4678 679 4742 mutantia
714 4678 958 4739 videatis
986 4680 1010 4740 Υ
1041 4678 1249 4752 Qualia
1288 4677 1463 4739 etiam
1498 4676 1572 4737 de
1604 4676 1806 4737 indico
1831 4694 2032 4737 verme

387 4769 704 4848 cornigero
739 4780 1075 4844 narrantur,
1114 4772 1202 4831 79
1247 4768 1349 4847 qui
1383 4768 1633 4847 primum
1680 4767 1736 4826 in
1789 4784 2030 4828 erucam

381 4860 1050 4925 transmutatus,deinde
1068 4862 1350 4937 temporis
1365 4874 1678 4939 progressu
1696 4856 2030 4935 bombylius

379 4952 475 5013 ﬁt:
512 4968 623 5011 nec
665 4949 728 5011 in
762 4950 870 5011 hac
912 4950 1103 5012 forma
1154 4960 1376 5022 manet,
1410 4947 1515 5008 sed
1564 4946 1723 5006 laxas
1774 4954 1833 5007 et
1884 4946 2030 5006 latas

380 5039 661 5101 bracteas
692 5056 796 5117 pro
830 5039 936 5100 alis
987 5039 1253 5119 suscipit.
1294 5037 1437 5099 Cum
1472 5036 1650 5113 igitur
1682 5052 1784 5093 vos
1812 5034 2028 5096 mulie-

387 5145 486 5188 res
517 5127 762 5205 sedetis,
790 5128 999 5189 horum
1029 5146 1212 5209 opera
1242 5136 1477 5198 nentes,
1515 5124 1612 5184 fila
1642 5122 1874 5184 scilicet
1897 5126 2029 5186 dico

390 5233 520 5295 quae
552 5214 622 5276 ad
659 5233 757 5275 vos
790 5219 1197 5281 transmittunt
1228 5216 1404 5279 Seres
1452 5216 1523 5275 ad
1580 5210 1791 5273 molles
1834 5223 2030 5277 vestes

474 5420 592 5502 (89)
626 5421 729 5502 ,Sic
755 5423 942 5485 codex
964 5423 1232 5487 Combef.
1264 5443 1399 5486 cum
1440 5423 1569 5485 aliis
1596 5430 1845 5502 quatuor
1886 5440 2028 5485 mss.

391 5502 464 5563 Αι
495 5500 757 5582 edili‘tioi
791 5526 928 5582 μακρ
944 5508 1005 5566 xl,

472 5581 595 5661 (90)
632 5580 792 5643 Unus
825 5580 935 5645 ms.
972 5585 1256 5665 ἐπιλείψει.
1282 5584 1599 5665 Aliquanto
1626 5591 1758 5663 post
1781 5600 2028 5658 mss,an

390 5663 558 5746 καλέῖ
580 5668 720 5746 ημᾶς
752 5665 1026 5746 ἡγχέρσος.
1073 5662 1230 5746 Editi
1260 5662 1466 5739 ἡμᾶς-ἦ
1497 5662 1742 5743 ἤπειρος.

479 5742 595 5822 (91)
632 5740 1316 5827 Βοειί’ἱετιὶυε,ίιυίοιιιε
1348 5756 1405 5806 et
1432 5740 1669 5807 octavus
1700 5762 1834 5804 cum
1859 5740 2024 5805 Colb.

2114 4584 2478 4667 ἀλλοιώσεως,
2525 4590 2751 4667 ὸρῶντες
2814 4591 2977 4648 πολλὲ
3030 4592 3134 4648 τῶν
3193 4593 3379 4669 ἀερίων
3423 4592 3517 4653 τὰς
3548 4592 3763 4669 μορφὰς

2115 4673 2557 4758 μεταϐάλλοντα,
2590 4674 2821 4737 ἱὈποῒα
2878 4683 2962 4737 καὶ
3009 4684 3125 4759 περὶ
3210 4690 3301 4739 τοῦ
3383 4680 3603 4737 Ἰνδικοῦ
3644 4674 3769 4759 ί91)

2115 4765 2396 4830 σκώληκος
2446 4769 2735 4845 ἱστορεῖται
2769 4776 2859 4825 τοῦ
2890 4770 3238 4849 κερασφόρου·
3276 4772 3356 4849 ὃς,
3409 4772 3481 4836 εἰς
3537 4772 3766 4845 κάμπην

2114 4857 2180 4911 τὰ
2209 4857 2392 4933 πρῶτα
2424 4856 2759 4931 μεταϐαλὼν,
2796 4860 2917 4915 εἶτα
2970 4862 3174 4936 προϊὼν
3218 4860 3503 4937 βομϐυλιὸς
3538 4861 3762 4939 γίνεται·

2112 4947 2199 5000 καὶ
2230 4944 2347 5003 οὒδὲ
2378 4945 2463 5002 ἐπὶ
2494 4946 2690 5012 ταύτης
2734 4946 2949 5005 ἵσταται
2982 4955 3078 5016 τῆς
3111 4951 3318 5030 μορφῆς
3352 4999 3367 5025 ,
3422 4950 3558 5030 ᾂλλὰ
3610 4952 3761 5030 χαύ-

2113 5058 2219 5098 νοις
2278 5038 2365 5091 καὶ
2422 5034 2643 5090 πλατέσι
2705 5037 2957 5100 πετέλοίς
3004 5024 3618 5119 ὃποπτερούταιλὊταν
3674 5040 3765 5097 οὖν

2112 5126 2396 5196 καθέζησθε
2456 5125 2551 5190 τὴν
2609 5126 2806 5181 τούτων
2864 5128 3110 5209 ἐργασίαν
3159 5130 3660 5205 ἀναπηνιζόμεναι,
3715 5133 3767 5186 αἱ

2113 5229 2386 5293 γυναῖκες,
2418 5214 2483 5268 τὰ
2535 5216 2747 5290 νήματα
2780 5218 2898 5297 (92)
2929 5219 3097 5299 λέγω,
3144 5218 3175 5275 ἃ
3204 5220 3502 5295 πέμπουσιν
3558 5222 3681 5296 ὕμιν
3717 5221 3766 5275 οἱ

2116 5422 2379 5485 secundo
2416 5432 2508 5482 τοῦ
2544 5422 2781 5482 Ἰνδικοῦ.
2816 5423 2970 5488 Editi
2995 5446 3127 5488 cum
3153 5446 3270 5488 uno
3293 5435 3392 5488 aut
3421 5426 3608 5487 altero
3636 5442 3751 5486 ms.

2113 5510 2203 5587 τοῦ
2227 5503 2409 5587 Ἰνδοῦ.
2439 5505 2582 5577 Quae
2610 5505 2926 5587 leguuntur
2953 5508 3027 5569 de
3052 5527 3253 5569 verme
3285 5508 3388 5569 illo
3419 5506 3575 5587 apud
3608 5506 3757 5566 Am-

2115 5580 2378 5663 brosium
2410 5594 2467 5643 et
2491 5586 2646 5663 apud
2673 5580 3073 5663 Eustathium,
3109 5588 3342 5651 mendis
3385 5580 3503 5649 no'n
3526 5596 3757 5650 carent.

2114 5660 2267 5739 Lege
2289 5662 2455 5723 Praef.
2494 5660 2658 5725 num.
2696 5666 2795 5728 “28.

2199 5741 2325 5821 (92)
2358 5742 2442 5805 Ita
2471 5762 2575 5805 sex
2609 5762 2751 5808 mss.
2779 5744 2939 5809 Edili
2968 5751 3033 5806 τὰ
3063 5753 3275 5826 νήματα
3293 5749 3347 5809 ἂ.
