4098 6384
287 311 405 379 185

1352 318 1678 379 HOMILIA
1724 316 1867 380 VIII
1910 318 1994 382 IN
2038 316 2593 384 HEXAEMERON.

3548 327 3672 394 186

289 456 454 529 Ζῆρες
522 453 647 529 πρὸς
711 452 808 517 τὴν
879 456 985 507 τῶν
1057 451 1311 525 μαλακῶν
1384 452 1684 528 ἐνδυμάτων
1754 476 1926 510 κατα-

2019 453 2479 529 concinnandas,
2508 465 2633 516 tum
2659 453 2932 516 animalis
2962 454 3137 534 hujus
3170 458 3563 521 mutationem
3600 462 3669 523 in

289 542 505 609 σκευὴν,
555 540 890 615 μεμνημέναι
923 546 1021 607 τῆς
1072 542 1206 597 κατὰ
1258 544 1316 597 τὸ
1359 550 1493 613 ζῶον
1553 551 1707 599 τοῦτο
1758 565 1928 618 μετα-

287 628 480 701 ϐολῆς,
538 628 733 707 ἐναργῆ
786 628 1083 705 λαμϐάνετε
1150 637 1245 697 τῆς
1308 632 1647 697 ἀναστάσεως
1702 632 1929 710 ἔννοιαν,

289 721 377 774 καὶ
436 720 511 792 μὴ
572 719 850 775 ἀπιστεῖτε
896 718 1016 786 (95)
1070 726 1137 795 τῇ
1179 720 1390 797 ἀλλα-(ᾖ
1419 722 1483 789 ἣν
1530 721 1730 787 Παῦλος
1765 722 1931 777 ἅπασι

290 810 800 889 κατεπαγγέλλεται.
877 811 1046 867 Ἀλλὰ
1102 814 1201 891 γὰρ
1260 815 1572 889 αἰσθάνομαι
1626 823 1717 871 τοῦ
1775 814 1934 890 λόγου

289 904 390 970 τὴν
447 903 770 979 συμμετρίαν
833 900 1185 966 ἐκϐαίνοντας,
1248 903 1427 961 ”Οταν
1478 906 1575 980 μὲν
1627 912 1713 961 οῦν
1766 903 1935 960 ἀπίδω

291 992 423 1069 πρὸς
477 992 537 1048 τὸ
581 994 783 1055 πλῆθος
830 998 935 1045 τῶν
996 992 1309 1068 εἰρημένων,
1384 992 1483 1057 ’έΞω
1542 994 1771 1067 ἐμαυτὸν
1830 996 1934 1070 ὁρώ

292 1088 384 1136 τοῦ
441 1081 635 1158 μέτρου
679 1080 971 1159 φερόμενον
1006 1096 1018 1109 ⁸
1070 1081 1194 1137 ὅταν
1241 1080 1294 1136 δὲ
1348 1082 1507 1143 πάλιν
1553 1086 1682 1161 πρὸς
1726 1086 1785 1138 τὸ
1816 1106 1934 1139 ποι-

289 1172 436 1225 κίλον
466 1175 563 1236 τῆς
595 1169 647 1224 ἐν
708 1183 827 1233 τοῖς
878 1168 1309 1249 δημιουργήμασι
1370 1174 1552 1247 σοφάς
1614 1170 1932 1249 ἁποὸλέψω,

291 1257 407 1317 οὐδὲ
466 1259 661 1338 ἧρχθαι
724 1258 920 1331 νομίζω
949 1264 1047 1325 τῆς
1093 1257 1415 1337 διηγήσεως.
1450 1260 1611 1335 ’Ἀμα
1644 1259 1697 1315 δὲ
1729 1263 1815 1316 καὶ
1872 1263 1932 1316 τὸ

290 1347 689 1426 παρακατέχειν
747 1348 882 1420 ὑμᾶς
936 1347 1019 1403 ἐπὶ
1051 1348 1240 1404 πλεῖον
1273 1353 1366 1406 οὒκ
1397 1348 1693 1428 ἄχρηστον.
1731 1353 1789 1408 Τί
1834 1351 1932 1427 γὰρ

291 1436 352 1492 ἄν
398 1459 477 1500 τις
541 1439 627 1491 καὶ
668 1450 819 1491 ποιοῖ
888 1437 975 1492 τόν
1037 1438 1199 1515 μέχρι
1259 1444 1355 1503 τῆς
1422 1438 1644 1515 ἑσπέρας
1690 1441 1930 1519 χρόνον,

293 1527 397 1582 Οὐκ
453 1528 750 1602 ἒπείγοῦσιν
810 1527 944 1600 ὑμᾶς
1023 1528 1068 1579 οἱ
1128 1526 1469 1603 ἑστιάτορες
1541 1527 1635 1583 οῦκ
1685 1527 1930 1602 ἀναμένει

290 1617 425 1690 ὑμᾶς
485 1616 546 1669 τὰ
604 1615 895 1688 συμπόσια,
948 1613 1135 1690 ’⁷0οεν,
1194 1619 1235 1670 εἰ
1294 1615 1464 1687 δοκεῖ,
1525 1618 1592 1694 τῇ
1651 1624 1933 1693 σωματικῇ

290 1704 507 1774 νηστείᾳ
539 1704 610 1764 εἰς
643 1704 741 1768 τὴν
799 1709 903 1759 των
959 1708 1149 1783 ψυχῶν
1212 1706 1533 1784 εὐφροσύνην
1594 1708 1930 1787 ἀποχρησώ-

2018 545 2365 605 memoriam
2418 553 2786 617 revocantes,
2842 543 3213 605 manifestam
3262 550 3669 610 resurrectio-

2016 633 2109 691 nis
2142 633 2444 694 notionem
2478 634 2798 713 accipiatis,
2827 652 3020 712 neque
3054 634 3230 693 ﬁdem
3265 634 3319 695 ei
3354 639 3668 698 mutationi

2018 739 2192 799 quam
2227 722 2442 783 Paulus
2471 721 2750 783 omnibus
2782 722 3121 794 annuntiat,
3188 723 3522 800 denegetis.
3553 726 3665 787 At-

2018 811 2122 885 qui
2146 811 2474 872 orationem
2528 829 2718 872 meam
2772 812 3011 872 modum
3074 812 3365 873 excedere
3393 813 3658 879 adverto.

2017 900 2162 962 Cum
2189 903 2368 980 igitur
2388 902 2460 963 ad
2501 920 2705 962 eorum
2744 920 2873 981 qua;
2919 902 3077 962 dicta
3097 903 3479 983 suntcopiam
3513 923 3661 964 ocu-

2017 988 2106 1050 los
2138 990 2417 1069 conjicio,
2442 992 2593 1051 ultra
2617 991 2766 1051 ﬁnes
2790 999 2847 1051 et
2884 990 3125 1051 modum
3148 988 3292 1053 ferri
3317 1010 3410 1051 me
3440 992 3608 1053 video
3644 1013 3658 1053 :

2018 1100 2151 1141 cum
2182 1090 2383 1141 autem
2409 1081 2621 1141 iterum
2649 1082 2719 1142 ad
2742 1080 3054 1159 sapientiae
3084 1079 3145 1140 in
3177 1080 3431 1159 opiﬁciis
3451 1081 3661 1161 splen-

2019 1168 2318 1230 descentis
2362 1170 2698 1229 varietatem
2741 1168 3021 1248 respicio,
3058 1188 3132 1229 ne
3167 1169 3484 1249 inctepisse
3524 1171 3659 1246 qui-

2018 1258 2151 1319 dem
2207 1259 2609 1320 narrationem
2642 1259 2926 1321 arbitror.
2980 1258 3175 1338 Atque
3224 1259 3399 1319 etiam
3434 1258 3664 1320 diutius

2018 1347 2293 1409 detinere
2322 1366 2427 1409 vos
2460 1368 2575 1408 non
2628 1348 2803 1408 fuerit
2848 1347 3084 1408 inutile.
3134 1346 3287 1419 Quid
3341 1348 3498 1409 enim
3530 1349 3663 1429 quis

2018 1436 2092 1496 ab
2126 1438 2237 1499 hoc
2263 1447 2527 1518 tempore
2560 1438 2630 1498 ad
2660 1456 2847 1517 usque
2876 1455 3182 1519 vesperam
3208 1438 3403 1499 facere
3434 1437 3663 1517 possit?

2019 1524 2137 1587 Vos
2172 1546 2287 1588 non
2320 1538 2537 1608 urgent
2569 1527 3000 1599 convivatores,
3046 1546 3164 1587 non
3204 1546 3301 1588 vos
3353 1536 3662 1606 compota—

2018 1623 2208 1677 tiones
2240 1614 2861 1696 exspectant.Unde,si
2889 1616 3145 1691 videtur,
3180 1617 3472 1695 corporali
3500 1616 3661 1696 jeju-

2019 1707 2117 1765 nio
2141 1705 2213 1765 ad
2245 1706 2658 1767 exhilarandas
2688 1706 2917 1766 animas
2971 1713 3228 1766 utemur.
3262 1703 3433 1784 Saepe
3462 1705 3661 1767 inser-

292 1796 449 1866 μεθα.
514 1792 779 1856 Πολλάκις
847 1795 1188 1872 ὑπηρετήσας
1248 1802 1313 1870 τῇ
1384 1799 1534 1872 σαρκὶ
1606 1799 1734 1874 πρὸς
1790 1797 1929 1853 ἁπό-

2019 1796 2152 1856 visti
2185 1796 2348 1855 carni
2381 1796 2452 1855 ad
2506 1796 2863 1874 voluptatem
2897 1793 3250 1871 capiendam
3288 1793 3519 1882 :rhodie
3542 1796 3665 1855 ani-

290 1879 496 1953 λαυσιν,
534 1882 764 1953 σήμερον
796 1887 859 1956 τῇ
905 1879 1142 1953 διακονίᾳ
1195 1885 1519 1960 παράμεινον
1563 1886 1660 1951 τῆς
1720 1886 1926 1964 ψυχῆς.

296 1969 706 2047 Κατατρύφησον
764 1977 856 2025 τοῦ
915 1972 1122 2049 Κυρίου,
1188 1974 1275 2027 καὶ
1351 1971 1507 2029 δώσει
1566 1978 1688 2051 (94)
1735 1997 1819 2031 σοι
1868 1978 1933 2031 τὰ

290 2062 557 2133 αἰτήματα
615 2061 708 2128 τῆς
744 2060 955 2139 καρδίας
989 2086 1104 2126 σου,
1152 2066 1205 2119 Εἰ
1235 2064 1588 2142 φιλόπλουτος
1650 2072 1725 2142 εἰ,
1781 2069 1929 2146 ἔχεις

291 2147 515 2205 πλοῦτον
578 2153 930 2224 πνευματικόν
965 2169 979 2183 '
1046 2154 1120 2210 Τὰ
1178 2158 1406 2231 κρίματα
1443 2159 1628 2234 Κυρίου
1676 2160 1741 2214 τὰ
1786 2158 1930 2225 ἀλη-

510 2241 574 2295 τὰ
657 2238 1041 2316 δεδικαιωμένα
1119 2242 1422 2319 ἐπιτοαυτὸ,
1498 2250 1565 2302 τὰ
1658 2248 1931 2323 ἐπιθυμη-

288 2329 353 2382 τὰ
382 2327 506 2406 (95)
555 2331 683 2408 ὑπὲρ
765 2332 983 2409 χρυσίον
1038 2334 1124 2387 καὶ
1182 2332 1323 2388 λίθον
1389 2335 1561 2409 τίμιον
1622 2336 1810 2395 πολύν.
1876 2339 1931 2393 Εἰ

290 2417 681 2479 ἀπολαυστικὸς
713 2423 800 2475 καὶ
832 2419 1139 2498 τιληδονος,
1173 2421 1321 2500 ἔχεις
1362 2425 1427 2478 τὰ
1482 2424 1639 2501 λιλ-για
1666 2434 1755 2481 τοῦ
1800 2434 1932 2482 Θεοῦ

288 2512 365 2579 τῷ
425 2507 521 2573 τὴν
574 2509 939 2582 πνευματικὴν
1000 2508 1249 2576 αἴσθησιν
1302 2510 1581 2589 ἐῤῥωμένῳ
1644 2515 1932 2592 γλυκύτερα

288 2594 412 2651 ὄντα
459 2596 587 2675 ὑπὲρ
646 2598 767 2672 μέλι
823 2601 910 2654 καὶ
968 2602 1173 2678 κηρίον.
1239 2600 1362 2658 Ἐὰν
1419 2605 1553 2671 ὑμᾶς
1597 2603 1789 2685 διαιρῶ,
1844 2608 1933 2660 καὶ

287 2684 515 2741 διαλύσω
544 2689 635 2741 τὸν
684 2686 966 2765 σύλλογον,
1029 2692 1075 2745 οἱ
1125 2692 1221 2763 μὲν
1252 2694 1339 2747 επὶ
1372 2695 1489 2758 τοῦς
1552 2684 1739 2753 κύϐους
1800 2692 1928 2773 δρα-

288 2774 509 2849 μοῦνται
546 2774 695 2853 (96).
734 2775 934 2853 ’Ὄρκοι
989 2778 1129 2859 ἐκεῖ,
1182 2782 1269 2835 καὶ
1301 2781 1612 2861 φιλονεικίαι
1666 2783 1926 2863 χαλεπαὶ,

284 2865 374 2918 καὶ
431 2866 866 2944 φιλοχρηματίας
925 2865 1137 2933 ὠδῖνες,
1202 2871 1415 2945 Δαίμων
1474 2874 1800 2949 παρέστηκε,
1848 2872 1931 2928 διὰ

286 2959 393 3007 τῶν
435 2954 863 3030 κατεστιγμένων
922 2958 1119 3013 ὀστέων
1168 2960 1265 3026 τὴν
1315 2962 1503 3035 μανίαν
1535 2962 1796 3042 ἐξάπτων,
1844 2966 1932 3020 καὶ

286 3042 352 3097 τὰ
391 3045 522 3101 αὐτὰ
594 3046 852 3124 χρήματα
911 3050 1037 3125 πρὸς
1092 3049 1340 3127 ἑκάτερον
1387 3056 1546 3130 μέρος
1608 3056 1927 3133 μετατιθεὶς,

286 2243 422 2309 θινα,

2017 1903 2128 1945 mae
2168 1886 2389 1946 servire
2423 1902 2756 1964 persevera.
2823 1882 3141 1944 Delectare
3192 1883 3262 1941 in
3292 1881 3570 1961 Domino,
3604 1892 3662 1944 et

2016 1974 2184 2035 dubi!
2200 1974 2312 2036 (ibi
2337 1976 2661 2053 petitiones
2679 1974 2879 2035 cordis
2902 1973 2991 2033 tui
3017 1972 3067 2033 7.
3091 1971 3153 2031 Si
3175 1969 3509 2032 divitiarum
3531 1980 3660 2032 stu-

2017 2063 2223 2125 diosus
2245 2064 2528 2135 es,habes
2547 2064 2781 2125 divitias
2806 2060 3419 2141 SpiritualeszJudt’cia
3444 2059 3661 2121 Domi—

2016 2159 2085 2213 m‘
2107 2172 2272 2227 vera,
2299 2154 2641 2233 justi/team
2672 2154 2739 2213 in
2762 2153 3029 2229 idipsum
3056 2171 3069 2210 :
3098 2148 3522 2210 desiderabilia
3553 2168 3660 2211 su-

2012 2261 2125 2322 per
2142 2262 2363 2305 aurum
2381 2252 2436 2305 et
2458 2242 2717 2320 lapidem
2736 2246 3067 2321 pretiosum
3088 2239 3348 2300 multum
3369 2238 3492 2299 8.Si
3515 2239 3663 2300 deli-

2016 2333 2124 2393 ciis
2153 2333 2391 2393 deditus
2424 2350 2513 2406 es,
2577 2340 2633 2392 et
2676 2330 2997 2408 voluptatis
3028 2346 3235 2389 amans
3266 2348 3280 2387 :
3314 2326 3419 2386 tibi
3453 2338 3662 2407 praesto

2015 2433 2156 2484 sunt
2184 2422 2290 2483 Dei
2318 2422 2577 2502 eloquia,
2613 2439 2745 2500 quze
2776 2420 2902 2480 viro
2946 2418 3290 2497 spirituales
3321 2434 3531 2478 sensus
3560 2437 3661 2479 sa-

2019 2528 2127 2569 nos
2152 2509 2399 2570 babenti
2430 2511 2705 2571 dulciora
2742 2516 2883 2567 sunt
2909 2524 3090 2585 super
3133 2506 3253 2565 mel
3283 2512 3338 2566 et
3367 2508 3573 2582 favum
3607 2510 3656 2571 9.

2016 2598 2073 2659 Si
2109 2599 2392 2659 dimisero
2438 2618 2565 2677 vos,
2600 2617 2667 2658 ac
2720 2596 3073 2657 concionem
3126 2595 3477 2672 dissolvere,
3523 2608 3663 2659 sunt

2015 2687 2118 2768 qui
2147 2688 2219 2749 ad
2253 2698 2509 2749 tesseras
2532 2696 2795 2749 current.
2824 2685 3171 2747 Juramenta
3194 2692 3330 2743 sunt
3354 2683 3495 2757 illic,
3521 2704 3662 2762 gra-

2020 2795 2234 2859 vesque
2285 2778 2725 2857 contentiones,
2777 2785 2835 2837 et
2891 2773 3152 2834 avaritia:
3198 2772 3443 2833 stimuli.
3492 2775 3661 2840 Astat

2014 2870 2247 2929 daemon
2271 2888 2375 2949 per
2414 2888 2550 2931 ossa
2581 2874 2936 2946 compuncta
2989 2866 3249 2925 furorem
3288 2864 3655 2944 accendens,

2015 2968 2072 3019 et
2103 2960 2343 3020 easdem
2377 2960 2663 3040 pecunias
2686 2959 2758 3019 ad
2787 2968 3095 3036 utramque
3138 2960 3363 3033 partem
3402 2955 3659 3017 transfe-

2012 3066 2174 3110 rens.
2205 3049 2382 3112 Modo
2416 3052 2585 3111 effert
2612 3049 2774 3109 hunc
2819 3047 3088 3120 victoria,
3145 3043 3320 3105 modo
3352 3040 3436 3102 illi
3470 3046 3657 3106 tristi-

287 3139 373 3186 νῦν
425 3140 609 3189 τοῦτον
686 3134 916 3211 ἐπαίρων
996 3140 1063 3212 τῇ
1145 3140 1291 3217 νίκῃ,
1351 3141 1577 3215 κάκείνῳ
1633 3132 1927 3223 κατήφειαν

2019 3138 2154 3199 tiam
2178 3150 2362 3216 creat;
2385 3157 2594 3201 rursus
2616 3147 2811 3198 autem
2832 3137 2997 3197 illum
3020 3132 3658 3214 superbientem,bunc

288 3220 554 3302 ἐμποιῶν,
614 3224 774 3280 πάλιν
835 3226 887 3280 δὲ
935 3228 1141 3283 ἐκεῖνον
1198 3238 1497 3306 γαυριῶντα
1554 3220 1801 3313 δεικνὺς,
1842 3236 1929 3289 καὶ

288 3319 472 3367 τοῦτον
502 3316 958 3393 κατῃσχυμμένον
1007 3317 1161 3397 (97).
1203 3318 1263 3375 Τί
1308 3320 1494 3398 ὄφελος
1542 3325 1812 3388 νηστεύειν
1855 3331 1931 3396 τῷ

289 3400 522 3489 σώματι,
568 3404 667 3469 τὴν
699 3404 753 3460 δὲ
810 3408 995 3486 ψυχὴν
1041 3408 1238 3486 μυρίων
1272 3417 1450 3466 κακῶν
1510 3411 1929 3489 ὲμπεπλῆσθαις

284 3488 347 3547 ’0
398 3492 475 3567 μὴ
532 3492 785 3570 κυϐεύων,
821 3498 1031 3576 σχολὴν
1060 3497 1113 3553 δὲ
1144 3498 1321 3562 ἄλλως
1355 3500 1519 3578 ἄγων,

286 3601 436 3659 γεται
480 3584 587 3637 τῶν
644 3586 945 3674 ὶματαίων;
1009 3590 1057 3643 τί
1111 3590 1204 3645 οὐκ
1263 3590 1441 3645 ἀκούει
1498 3596 1603 3645 τῶν
1664 3591 1929 3667 ἀτόπων,

285 3669 476 3749 Σχολὴ
521 3673 619 3749 γὰρ
646 3669 781 3730 ’ἄνευ
812 3674 976 3754 φόϐου
1008 3685 1138 3735 Θεοῦ
1168 3682 1424 3750 πονηρίας
1458 3678 1771 3744 διδάσκαλος
1816 3695 1930 3746 τοῖς

287 3760 687 3840 ἀκαιρουμένοις
732 3764 860 3823 ἐστὶ.
910 3767 1064 3847 Τάχα
1108 3768 1205 3844 μὲν
1250 3769 1337 3828 οὖν
1390 3793 1438 3825 τι
1496 3772 1584 3826 καὶ
1640 3770 1827 3849 ὄφελος
1878 3771 1931 3826 ἐν

288 3865 403 3910 τοτς
451 3849 763 3929 λεγομένοις
798 3855 1076 3934 εὑρήσεται
1110 3858 1235 3936 (98)
1270 3875 1282 3889 ⁸
1328 3862 1370 3914 εἰ
1401 3858 1454 3915 δὲ
1486 3861 1587 3935 μὴ,
1622 3860 1757 3917 ἀλλὰ
1783 3865 1841 3917 τό
1872 3884 1933 3940 γε

285 3942 364 4015 μὴ
441 3944 757 4018 ἁμαρτάνειν
807 3945 865 4001 ἐκ
906 3952 1005 4013 τῆς
1061 3950 1281 4005 ενταῦθα
1324 3951 1450 4025 ὑμῖν
1512 3950 1772 4029 ἀσχολίας
1831 3975 1932 4008 πε-

285 4034 502 4109 ρίεστιν,
540 4030 721 4089 ’Ὥστε
751 4036 811 4089 τὸ
843 4034 927 4091 ἐπὶ
958 4035 1119 4093 πλέον
1148 4038 1423 4119 κατέχειν,
1473 4042 1555 4096 ἐπὶ
1605 4040 1765 4096 πλέον
1793 4044 1933 4097 εστὶν

283 4123 420 4196 ὑμᾶς
450 4128 556 4177 τῶν
615 4122 792 4179 κακῶν
848 4124 1148 4205 ὑπεξάγειν.
1198 4127 1376 4186 ’ἱκανὰ
1410 4128 1553 4209 [καὶ]
1587 4132 1651 4187 τὰ
1681 4132 1932 4209 εἰρημένα

1574 3503 1620 3556 τί
1663 3505 1722 3558 οὗ
1774 3502 1930 3579 φθέγ-

2013 3246 2150 3289 vero
2184 3229 2637 3291 erubescentem
2672 3226 2891 3287 reddit.
2948 3225 3115 3317 Quid
3135 3224 3401 3304 prodest,
3425 3240 3653 3317 Quaeso,

2014 3336 2267 3397 corpore
2289 3318 2595 3397 jejunare,
2626 3318 2886 3377 animam
2923 3334 3061 3376 vero
3103 3315 3434 3381 innumeris
3492 3315 3660 3379 malis

2015 3409 2294 3470 refertam
2329 3416 2508 3470 esse?
2553 3407 2663 3479 Qui
2694 3426 2831 3467 vero
2888 3406 3126 3466 tesseris
3160 3426 3278 3468 non
3311 3408 3482 3490 ludit,
3516 3408 3660 3469 alias

2018 3507 2214 3558 autem
2256 3498 2442 3558 otium
2469 3497 2610 3577 agit,
2642 3496 2786 3576 quid
2844 3514 2963 3556 non
3007 3494 3272 3574 loquitur
3292 3498 3475 3559 vani?
3517 3497 3659 3577 quid

2012 3585 2260 3644 absurdi
2292 3604 2410 3646 non
2452 3585 2791 3646 auscultat?
2848 3587 3001 3646 Nam
3050 3583 3259 3663 otium,
3305 3584 3410 3646 Dei
3441 3588 3660 3649 timore

2016 3673 2385 3751 destitutum,
2420 3674 2518 3754 iis,
2554 3674 2657 3750 qui
2689 3680 2955 3753 tempore
2986 3672 3071 3734 uti
3101 3692 3219 3733 non
3256 3684 3496 3755 norunt,
3524 3694 3653 3736 ma-

2017 3764 2204 3841 gi:ter
2227 3764 2656 3843 estpravitatis.
2694 3762 2981 3823 Fortassis
3028 3762 3203 3838 igitur
3235 3763 3433 3845 aliqua
3477 3765 3653 3827 etiam

2018 3853 2239 3913 utilitas
2265 3873 2332 3915 ex
2366 3853 2440 3913 iis
2470 3870 2601 3933 quae
2618 3851 3314 3930 dieuntur,percipienda
3336 3853 3500 3915 vobis
3520 3863 3609 3914 est
3635 3875 3649 3916 :

2019 3943 2111 4005 sin
2141 3944 2571 4015 minus,sa|tem
2596 3941 2733 4003 licet
2763 3940 2927 4001 vobis
2952 3958 3059 4020 per
3087 3949 3437 4020 praesentem
3468 3960 3653 4003 occu-

2019 4032 2317 4113 pationem
2351 4052 2468 4093 non
2494 4032 2968 4112 peccare.Quare
2989 4030 3209 4090 diutius
3227 4048 3329 4091 vos
3360 4031 3658 4113 detinere,

2020 4131 2110 4184 est
2138 4124 2356 4184 diutius
2386 4141 2489 4185 vos
2537 4141 2570 4183 a
2619 4121 2854 4182 delictis
2885 4138 3183 4183 amovere.
3213 4124 3493 4183 Attamen
3528 4140 3662 4202 qua:

284 4212 579 4289 ιῦγνώμονι
624 4221 805 4294 κριτῇ,
852 4216 941 4271 ἐὰν
997 4220 1073 4293 μή
1125 4240 1203 4282 τις
1246 4221 1377 4297 πρὸς
1434 4222 1523 4276 τὸν
1573 4221 1803 4278 πλοῦτον
1832 4228 1929 4290 της

2019 4222 2344 4275 memorata
2389 4220 2548 4287 sunt,
2599 4212 2740 4272 satis
2790 4220 2927 4271 sunt
2984 4229 3152 4291 aequo
3184 4209 3548 4291 aastimatori,
3610 4212 3661 4272 si

281 4302 503 4366 κτίσεως
536 4300 840 4381 ἀποϐλεπη,
874 4304 1011 4361 ἀλλὰ
1042 4307 1171 4384 πρὸς
1202 4308 1263 4362 τὸ
1317 4312 1415 4373 τῆς
1472 4309 1739 4386 ἡμετέρας
1769 4307 1929 4365 δυνά-

2019 4304 2192 4366 modo
2219 4323 2336 4365 non
2363 4302 2642 4382 respiciat
2667 4306 2798 4381 quis
2820 4299 2891 4361 ad
2926 4300 3161 4361 divitias
3186 4300 3530 4370 creationis.
3556 4301 3658 4362 sed

283 4413 427 4467 μεως
460 4392 696 4468 ἀσθενὲς,
756 4396 843 4450 καὶ
892 4396 1021 4473 πρὸς
1078 4397 1138 4451 τὸ
1197 4394 1448 4475 αὔταρκες
1489 4399 1561 4461 εἰς
1608 4398 1930 4477 εὐφροσύνην

2019 4395 2086 4455 ad
2119 4402 2453 4456 nostrarum
2487 4394 2704 4455 virium
2736 4390 3298 4465 imbecillitatem,et
3325 4391 3399 4452 ad
3431 4409 3499 4454 ea
3529 4410 3662 4472 qua;

279 4487 387 4537 τῶν
428 4483 877 4550 συνεληλυθότων.
942 4486 1006 4542 Ἠ
1055 4492 1126 4565 γῆ
1161 4488 1296 4562 ὑμᾶς
1354 4500 1475 4552 ταῖς
1530 4490 1745 4553 οἰκείαις
1794 4488 1929 4564 βλά-

2019 4483 2334 4564 voluptatis
2368 4503 2510 4563 ergo
2558 4480 3049 4545 convenientibus
3080 4482 3353 4544 sufﬁcere
3384 4489 3655 4559 possunt.

283 4593 435 4635 σταις
488 4573 618 4654 (99)
666 4572 979 4641 ἐδεξιώσατο
1014 4596 1028 4613 ο
1092 4579 1125 4644 ἡ
1168 4576 1407 4633 θάλασσα
1462 4590 1580 4640 τοῖς
1637 4579 1870 4657 ἰχθύσιν,
1903 4581 1931 4634 ὁ

282 4664 387 4733 ἀὴρ
430 4678 547 4729 τοῖς
605 4678 860 4733 πτηνοῖς,
894 4664 1119 4742 Ἐτοίμη
1150 4669 1185 4734 ἡ
1230 4666 1424 4745 χέρσος
1456 4667 1690 4742 ὁμότιμοι
1722 4667 1929 4732 τούτοις

285 4753 753 4820 ἀντεπιδείξασθαι.
804 4755 970 4813 Ἀλλὰ
1005 4764 1155 4813 τοῦτο
1203 4756 1394 4836 μέτρον
1426 4756 1563 4814 ἔστω
1612 4762 1713 4824 τῆς
1770 4757 1929 4814 ἑωθι-

371 4860 401 4910 7
430 4857 590 4923 Psal.
624 4879 831 4940 xxx",
868 4863 929 4927 4.
1014 4864 1047 4913 8
1078 4863 1235 4927 Psal.
1266 4880 1433 4944 xvm,
1468 4862 1565 4927 10.

368 4968 494 5049 (93)
525 4970 791 5043 Quatuor
822 4989 966 5033 mss.
998 4974 1087 5029 καὶ
1133 4973 1212 5048 μὴ
1260 4971 1545 5039 ἆπιστῆτε.
1598 4970 1756 5033 Editi
1789 4987 1927 5034 cum

286 5068 407 5113 uno
430 5058 531 5115 aut
559 5051 747 5119 altero
772 5054 1005 5132 malui
1035 5054 1113 5128 μὴ
1160 5052 1461 5132 ἀπιστεῖτε,
1511 5054 1645 5116 Mox
1676 5059 1929 5132 quatuor

287 5149 433 5194 mss.
472 5131 676 5197 Παῦλος
704 5139 857 5193 πᾶσι.
901 5130 1059 5193 Editi
1112 5151 1247 5193 cum
1310 5130 1455 5211 Reg.
1491 5130 1711 5210 quinto
1734 5134 1922 5196 ἅπασι,

364 5213 487 5285 (94)
517 5213 1053 5300 Ita_l_l_egii_primus
1093 5220 1151 5274 et
1180 5221 1383 5300 sextus
1416 5220 1473 5300 et
1504 5214 1676 5300 Colb.
1703 5232 1922 5276 secun-

287 5293 399 5359 dus
428 5293 775 5374 cumLXX.
800 5293 955 5365 Editi
980 5312 1116 5365 vero
1141 5312 1277 5356 cum
1307 5294 1511 5374 Regiis
1544 5294 1718 5357 tertio
1752 5303 1811 5356 et
1838 5313 1935 5355 oc-

292 5381 420 5436 tavo
452 5378 536 5433 καὶ
567 5373 680 5450 δῴη
740 5399 843 5436 σοι.
901 5377 1060 5456 Reg.
1110 5374 1351 5456 quintus
1398 5373 1801 5457 κατατρύφησον
1857 5382 1933 5450 τῷ

405 5457 415 5476 1
593 5459 605 5477 \
645 5456 666 5473 Ν
691 5458 702 5479 Ι

289 5466 484 5534 Κυριῳ,
523 5479 608 5512 και
641 5474 795 5513 οωσει
832 5480 947 5520 σου,

369 5534 497 5617 (95)
531 5534 628 5598 Sic
661 5537 835 5598 ambo
861 5536 1072 5599 Duc.et
1094 5536 1191 5598 alii
1215 5543 1470 5617 quatuor
1496 5554 1629 5596 cum
1653 5534 1822 5598 LXX.
1857 5535 1932 5598 At

288 5613 435 5677 editi
464 5613 844 5694 έπιθυμητικά.
896 5619 1033 5681 Mox
1083 5613 1251 5678 ediﬁ—
1280 5617 1667 5682 ἀπολαυστικός
1731 5640 1810 5681 τις
1870 5621 1921 5673 εἰ

284 5694 557 5778 καίηΙΙΙΒ,
584 5721 663 5764 τις
696 5700 775 5769 εἴ,
809 5697 1024 5761 desunt
1045 5696 1107 5759 in
1134 5716 1413 5778 sexrmss.

370 5776 493 5860 (96)
527 5776 625 5841 Sic
646 5779 909 5859 quinque
934 5796 1079 5840 mss.
1112 5777 1271 5839 Editi
1288 5795 1423 5841 cum
1454 5776 1622 5842 Colb.
1655 5776 1921 5841 secundo

1651 4862 1851 4928 9ibid.
1881 4863 1979 4924 l‘l.

2013 4571 2261 4654 Excepit
2289 4592 2392 4635 vos
2422 4573 2737 4635 continens
2770 4572 3025 4652 propriis
3053 4570 3450 4651 germinibns,
3496 4589 3659 4632 mare

2015 4664 2303 4746 piscibus,
2338 4681 2441 4725 aer
2471 4662 2835 4724 volatilibus.
2870 4663 3079 4723 Parata
3100 4670 3188 4725 est
3221 4670 3378 4731 terra
3408 4679 3514 4723 sua
3530 4661 3658 4723 vice

2012 4755 2087 4817 iis
2119 4772 2238 4816 non
2271 4753 2522 4836 imparia
2551 4752 2863 4816 exhibere.
2897 4749 3012 4812 Sed
3037 4750 3136 4812 hic
3156 4749 3293 4811 ﬁnis
3326 4750 3660 4829 modusque

2011 4968 2451 5051 StaSPapOGVtaL.
2478 4969 2625 5051 Mox
2648 5050 2653 5051 γ
2678 4964 2879 5051 editio-
2902 4963 3082 5051 Basil.
3117 4970 3176 5024 et
3206 4963 3471 5045 quinque
3508 4980 3656 5026 mss.

2010 5044 2215 5127 δαίμων
2245 5073 2375 5130 παρ.
2409 5047 2606 5130 Εάίιίον
2634 5046 2824 5130 Paris,
2857 5044 3057 5130 δαίμων
3082 5066 3163 5103 τε.

2096 5125 2208 5217 (97)
2226 5125 2381 5217 Editi
2410 5146 2545 5194 cum
2578 5128 2757 5217 Colb._
2771 5125 3034 5217 secundo
3064 5134 3125 5188 et
3144 5127 3455 5217 cumﬁeg.
3476 5126 3652 5189 tertio

2009 5204 2234 5293 sema,
2265 5212 2516 5269 κάκεῖνον
2539 5232 2703 5293 mg.
2730 5208 2846 5293 Alii
2873 5215 2992 5293 tres
3016 5226 3159 5293 m_ss.
3191 5204 3461 5293 melioris
3500 5217 3655 5293 notae

2016 5286 2231 5357 δεικνὺς
2250 5295 2336 5349 καὶ
2366 5296 2573 5353 τοῦτον.
2607 5289 2815 5352 Statim
2846 5289 3036 5351 codex
3061 5286 3479 5350 Combef.cum
3498 5286 3646 5367 Reg.

2016 5379 2226 5436 octavo
2252 5379 2431 5429 κακῶν
2462 5372 2851 5446 ἐμπίπλασθαι,

2096 5455 2213 5529 (98)
2245 5453 2389 5531 Reg.
2420 5452 2665 5531 quintus
2696 5453 2967 5528 εὓρήσετε.
3017 5446 3189 5513 Colb.
3233 5446 3531 5511 secundus
3558 5451 3651 5504 es-

2047 5535 2268 5594 ίσκεται,

2014 5557 2396 5695 ρισῖὸξῖιίἰθς.
2434 5613 2658 5695 primus
2680 5624 2795 5675 τοῖς
2821 5612 3027 5676 οἰκείοις
3050 5609 3653 5695 βλάστοις,ΑΙὶςυᾶῑιιο

2014 5692 2149 5777 post
2179 5694 2346 5757 Colb.
2381 5692 2682 5755 Secundus
2712 5695 2918 5759 mimi;
2942 5695 3059 5750 τινά
3076 5692 3260 5749 ἀντεπ.
