4098 6392
316 338 443 402 189

1430 323 1751 388 HOMILIA
1797 320 1873 386 1X
1921 318 1995 383 IN
2042 317 2599 383 HEXAEMERON.

3585 320 3708 384 190

317 469 441 526 δέκα
484 468 574 524 καί
616 466 758 521 ὀκτὼ
796 460 1047 541 μυριάδας
1095 458 1317 515 σταδίων
1364 460 1423 513 τὸ
1455 459 1767 536 περίμετρον
1808 459 1954 539 ἔχειν

2057 460 2228 517 stram
2251 454 2324 514 de
2349 454 2556 515 mundi
2573 461 2869 515 structura
2894 452 3310 513 narrationem
3346 452 3697 517 inferiorem

326 565 417 625 τῆς
479 556 602 635 γῆς’
668 556 755 610 καὶ
805 554 866 608 τὸ
916 549 1008 606 ἀπ’
1066 552 1228 615 αὐτῆς
1286 550 1521 622 σκίασμα
1554 547 1607 601 ἐν
1637 554 1703 623 τῇ
1734 550 1833 605 ὕπὸ
1864 551 1964 626 γῆν

319 660 411 706 τοῦ
439 647 594 714 ἡλίου
625 646 833 713 κινήσει
876 643 961 696 ἐπὶ
991 641 1154 697 πόσον
1204 652 1381 717 χωρεῖ
1433 646 1525 695 τοῦ
1568 636 1715 714 ἀέρος
1769 639 1827 694 οἱ)
1885 636 1965 693 δι-

321 739 604 814 αμέτρησιν
635 734 722 790 καὶ
766 739 879 794 πῶς
930 736 1084 787 τοῦτο
1130 736 1196 805 τῇ
1244 726 1446 802 σελήνη
1488 728 1837 806 προσενεχθὲν
1872 728 1965 789 τὰς

320 825 584 901 ἐκλείψεις
642 836 829 884 πωιεῐ,
893 817 1111 886 Ἐπειδὴ
1168 820 1235 874 τὰ
1298 815 1464 893 μηδὲν
1509 818 1641 895 πρὸς
1693 816 1840 892 ἡμᾶς
1898 820 1967 883 ὡς

322 915 571 995 ἄχρηστα
627 916 766 989 ἡμῖν
815 910 1216 975 ἀπεσιώπησεν·
1256 910 1355 986 ἄρα
1396 908 1579 963 τούτου
1635 905 1759 985 (10)
1794 906 1968 963 ἕνεκεν

321 986 612 1083 ἆτ’ίμότερα
655 986 931 1080 ἧγήσομαι
963 1004 1060 1065 τῆς
1107 998 1471 1075 μωρανθείσης
1530 997 1712 1073 σοφίας
1772 997 1834 1051 τὰ
1879 1004 1969 1052 τοῦ

323 1095 627 1169 Πνεύματος
660 1092 840 1169 λόγια;
878 1089 911 1156 ἢ
945 1087 1150 1161 μᾶλλον
1201 1085 1402 1151 δοξάσω
1462 1086 1552 1141 τὸν
1596 1086 1673 1159 μὴ
1709 1086 1967 1165 ἀπασχο-

319 1181 555 1252 λήσαντα
604 1182 695 1237 τὸν
754 1186 872 1234 νοῦν
905 1179 1059 1252 ἡμῶν
1106 1176 1191 1231 ἐπὶ
1236 1174 1301 1230 τὰ
1350 1174 1574 1253 μάταια,
1609 1173 1743 1229 ἀλλὰ
1776 1175 1968 1231 πάνται

320 1274 391 1336 είς
462 1269 747 1345 οἰκοδομὴν
822 1269 909 1324 καὶ
966 1268 1327 1344 καταρτισμὸν
1381 1269 1486 1319 τῶν
1544 1268 1736 1342 ψυχῶν

317 1384 583 1441 γραφηναι
637 1358 1104 1432 οἰκονομήσαντα;
1154 1352 1232 1411 ”ῡ
1294 1376 1384 1425 μοι
1442 1351 1651 1409 δοκοῦσι
1704 1355 1779 1427 μὴ
1839 1376 1965 1409 συν-

829 1457 1183 1522 παραγωγατς
1256 1464 1360 1498 τισι
1440 1443 1525 1497 καὶ
1592 1441 1962 1519 τροπὸλογίαις

1217 1533 1409 1594 οἰκείας
1496 1533 1658 1597 αὖτῆν
1738 1530 1963 1597 διανοίας

1817 1267 1968 1339 ἡμῶν

318 1448 511 1512 ειδότες
573 1449 747 1526 τινὲς,

318 1539 621 1614 σεμνότητά
703 1557 821 1593 τινα
898 1534 957 1589 ἐκ
1039 1533 1135 1599 τῆς

318 1628 675 1705 ἐπεχείρησαν
761 1623 886 1702 (11)
973 1636 1090 1684 τοῖς
1169 1622 1515 1699 γεγραμένοις
1612 1619 1959 1699 ἐπιφημίσαι.

2048 562 2180 605 esse
2202 543 2566 623 dicam,quia
2590 542 2816 604 nullum
2842 540 2915 601 de
2937 540 3141 619 ﬁguris
3163 540 3411 602 verbum
3440 541 3543 603 Dei
3569 562 3699 605 ser-

2049 651 2154 693 vus
2179 632 2410 710 Moyses
2436 632 2575 694 fecit
2610 654 2623 691 :
2650 640 2752 691 aut
2782 632 2918 710 quia
2948 650 3065 690 non
3097 628 3241 691 dixit
3272 641 3446 692 terrae
3476 631 3696 693 circui-

2050 730 2173 783 tum
2208 730 2443 783 centum
2471 720 2843 798 etoctoginta
2869 719 3191 780 stadiorum
3229 719 3413 780 millia
3444 719 3688 783 habere:

2052 820 2151 873 aut
2181 816 2317 891 quia
2348 828 2466 870 non
2488 808 2797 869 dimensus
2823 817 2908 869 est
2957 808 3012 867 in
3049 817 3331 888 quantum
3365 809 3523 870 aeris
3554 828 3693 890 Spa-

2054 900 2201 960 tium
2232 898 2515 978 procedat
2546 897 2675 975 ejus
2708 894 2920 957 umbra
2952 904 3073 955 tum
3109 914 3244 957 cum
3277 896 3363 957 sol
3396 898 3503 958 sub
3537 912 3697 961 terra

2053 995 2324 1049 movetur
2361 1008 2373 1048 :
2404 995 2503 1047 aut
2533 984 2832 1065 quomodo
2867 985 3077 1046 eadem
3113 986 3271 1047 lunae
3299 985 3533 1064 objecta
3562 1007 3696 1068 pro-

2054 1086 2221 1139 creet
2242 1074 2865 1156 deliquia,praesertim
2888 1093 3023 1135 cum
3056 1093 3126 1136 ea
3155 1094 3287 1155 quae
3317 1077 3387 1137 ad
3412 1094 3519 1137 nos
3545 1077 3694 1138 nihil

2054 1168 2325 1241 attinent,
2361 1174 2641 1244 tanquam
2688 1162 2861 1223 nobis
2891 1162 3123 1225 inutilia
3150 1166 3229 1224 δι
3269 1164 3505 1225 silentio
3538 1183 3692 1247 prae-

2053 1254 2381 1319 termiserit
2416 1276 2427 1315 :
2466 1271 2608 1314 num
2633 1252 2794 1327 ideo,
2828 1270 3055 1333 quaeso,
3091 1252 3348 1333 Spiritus
3369 1255 3552 1315 sancti
3575 1255 3699 1316 elo-

2052 1346 2190 1426 quia
2240 1362 2527 1406 censuere
2576 1341 2858 1403 infatuata
2908 1344 3199 1423 sapientia
3250 1363 3380 1406 csse
3433 1344 3696 1406 viliora?

2051 1434 2259 1497 Nonne
2284 1433 2475 1515 potius
2504 1431 2558 1492 ei
2601 1431 2823 1491 dedero
2856 1432 3128 1509 gloriam,
3164 1434 3260 1513 qui
3294 1442 3553 1495 mentem
3582 1452 3695 1496 no-

2049 1532 2232 1587 stram
2259 1523 2318 1583 in
2342 1541 2544 1583 rerum
2569 1539 2847 1580 vanarum
2870 1524 3258 1602 occupatione
3278 1542 3395 1585 non
3414 1524 3692 1600 detinuit,

2050 1615 2154 1677 sed
2188 1614 2387 1675 omnia
2418 1612 2491 1673 ad
2528 1609 2980 1672 aediﬁcationem
3005 1620 3060 1672 et
3090 1612 3519 1691 perfectionem
3558 1616 3692 1674 ani-

319 1700 485 1771 ⁹Αλλὰ
544 1716 697 1770 τοῦτο
756 1700 900 1768 ἐστιν
961 1711 1145 1766 ἐαυτὸν
1180 1710 1476 1788 σοφώτερον
1511 1731 1818 1773 ποιουνντος
1860 1714 1963 1765 τῶν

2057 1724 2281 1766 marum
2316 1710 2647 1763 nostrarum
2682 1700 2978 1760 conscribi
3028 1702 3250 1764 sanxit?
3281 1703 3341 1763 Id
3378 1703 3532 1782 quod
3557 1703 3692 1783 qui-

319 1803 512 1881 λογίων
556 1813 650 1860 τοῦ
704 1802 1005 1875 [Ῐνεύματος
1047 1851 1059 1871 ,

317 1914 449 1956 σεως
499 1893 565 1948 τὰ
613 1894 802 1946 ἐαυταῦ
858 1890 1083 1966 παρεισά
1142 1911 1351 1965 γοντος,
1417 1888 1649 1943 Νοείσθω
1693 1890 1863 1943 τοίνυν
1894 1892 1963 1952 ὡς

316 1981 632 2058 γέγραπται.

1122 1802 1209 1855 καὶ
1281 1802 1334 1854 ἐν
1385 1801 1734 1876 προσποιήσει
1761 1798 1962 1877 ἓξηγή-

2057 1795 2187 1855 dam
2222 1792 2367 1853 mihi
2404 1792 2672 1852 videntur
2705 1808 2821 1848 non
2857 1789 3254 1852 intellexisse:
3291 1792 3697 1871 quicaptioni-

2052 1884 2161 1944 bus
2193 1882 2546 1962 quibusdam
2576 1886 2750 1958 atque
2784 1879 3133 1958 tropologiis
3164 1899 3232 1940 ex
3278 1898 3383 1940 suo
3427 1880 3693 1960 ipsorum

2052 1972 2292 2051 ingenio
2338 1969 2556 2052 aliquid
2608 1969 2935 2046 Scripturis
2985 1970 3279 2031 asciscere
3331 1970 3695 2032 auctoritatis

318 2057 515 2130 conati
550 2076 708 2129 sunt.
748 2065 970 2128 Verum
1004 2066 1061 2126 id
1089 2068 1139 2125 ei
1167 2065 1470 2145 competit,
1508 2064 1611 2143 qui
1634 2084 1698 2125 se
1726 2064 1917 2144 ipsum
1964 2064 2216 2147 Spiritus
2245 2062 2434 2122 sancti
2458 2058 2717 2120 oraculis
2739 2057 3055 2119 constituit
3094 2061 3539 2141 sapientiorem,
3568 2061 3696 2141 qui-

320 2175 435 2239 que
457 2155 970 2236 interpretationis
1003 2162 1294 2235 preetextu
1321 2162 1659 2215 commenta
1687 2174 1792 2215 sua
1825 2154 2075 2218 inducit.
2108 2152 2247 2215 Haec
2279 2152 2496 2230 itaque,
2529 2156 2593 2211 ut
2618 2148 2834 2239 scripta
2869 2157 3026 2223 sunt,
3061 2149 3486 2229 intelligantur.

399 2250 458 2306 2.
520 2246 858 2324 Ἐξαγαγέτω
946 2247 976 2313 η
1062 2250 1131 2322 γῖι
1222 2247 1407 2324 ψυχὴν
1490 2252 1664 2315 ζωσαν
1757 2247 1969 2312 κτηνῶν

318 2338 408 2393 καὶ
466 2336 660 2413 Θηρίων
722 2336 809 2390 καὶ
873 2333 1127 2411 ἑρπετῶν,
1200 2336 1406 2399 Νόησον
1465 2333 1611 2409 ῥῆμα
1699 2341 1827 2389 Θεοῦ
1886 2332 1968 2393 διὰ

318 2432 419 2493 τῆς
472 2425 691 2487 κτίσεως
750 2423 997 2503 τρέχον,,
1034 2424 1120 2478 καὶ
1164 2424 1284 2478 τότε
1335 2422 1647 2501 ἀρξάμενον,
1686 2424 1771 2478 καὶ
1803 2423 1964 2502 μέχρι

321 2525 405 2574 νῦν
439 2514 703 2592 ἐνεργοῦν,
753 2513 840 2568 καὶ
870 2514 941 2575 εἰς
986 2510 1137 2577 τέλος
1194 2509 1380 2591 δεξιὸν³
1427 2510 1527 2575 ἕως
1591 2511 1649 2567 ἂν
1694 2514 1721 2567 ὁ
1764 2534 1964 2587 κοσμος

320 2602 706 2682 ωμπληρωθῇ.
766 2601 859 2665 Ὠς
915 2603 1015 2681 γὰρ
1061 2604 1094 2669 ἡ
1142 2615 1365 2680 σφαῖρα,
1414 2599 1625 2659 ἐπειδὰν
1680 2602 1780 2657 ὑπὸ
1823 2623 1964 2666 τινος

318 2693 538 2769 ἀπωσθῇ
582 2690 740 2772 (12)⁹
800 2692 923 2747 εἶτα
974 2697 1198 2771 πρανοῦς
1240 2712 1382 2751 τινος
1443 2689 1693 2763 λάϐηται,
1750 2691 1849 2749 ὒπό
1907 2713 1965 2747 τε

318 2787 418 2853 τῆς
461 2782 658 2846 οἰκείας
714 2780 1046 2849 κατασκευῆς
1101 2782 1187 2837 καὶ
1220 2785 1320 2847 τῆς
1381 2778 1824 2847 ἐπιτηδειότητος
1867 2788 1965 2838 τοᾶ

319 2872 520 2954 χωρίου
564 2872 777 2951 φέρεται
821 2872 952 2949 πρὸς
1008 2871 1069 2925 τὸ
1125 2870 1404 2950 κάταντες,
1438 2871 1495 2926 οὒ
1526 2871 1777 2948 πρότερον
1807 2874 1961 2927 ἱστα-

320 2961 455 3036 μένη
513 2962 633 3033 πρὶν
685 2959 747 3015 ἄν
812 2982 861 3017 τι
922 2965 1027 3015 τῶν
1083 2958 1343 3016 ἱσοπέδων
1399 2959 1562 3025 αὐτὴν
1622 2957 1958 3027 δποδέξηται·

317 3050 456 3107 οὔτω
485 3052 519 3118 ἡ
551 3051 699 3128 φύσις
757 3049 863 3105 τῶν
892 3047 1083 3128 ὅντων,
1118 3048 1189 3105 ἐνὶ
1242 3048 1611 3126 προστάγματι
1650 3046 1777 3127 (13)
1804 3072 1963 3116 κινη-

316 3144 492 3220 θεῖσα,
524 3140 622 3207 τὴν
680 3138 730 3196 ἐν
783 3146 850 3216 τῇ
899 3139 1102 3216 γενέσει
1162 3140 1250 3194 καὶ
1305 3141 1469 3217 φθορᾷ
1526 3141 1691 3195 κτίσιν
1747 3138 1962 3214 ὁμαλῶς

318 3226 662 3309 διεξέρχεται,
710 3230 803 3291 τὰς
856 3236 961 3285 τῶν
992 3232 1158 3305 γενῶν
1188 3226 1497 3292 ἀκολουθίας
1528 3225 1594 3282 δι’
1640 3229 1961 3302 ὁμοιότητος

318 3318 687 3390 ἀποσώζουσα,
723 3317 822 3381 ἕως
880 3316 940 3372 ἂν
983 3339 1116 3395 προς
1179 3318 1306 3375 αὒτὸ
1339 3318 1647 3393 καταντήσῃ
1681 3319 1741 3373 τὸ
1772 3316 1959 3385 τήλος,

320 3406 523 3464 ’Ἵππον
570 3408 668 3483 μὲν
728 3406 828 3486 γὰρ
877 3406 1017 3462 ’ίππο
1059 3418 1295 3462 ποιεῖται
1340 3403 1613 3485 διάδοχονΙ
1660 3409 1744 3461 καὶ
1776 3405 1963 3462 λέοντα

2135 2245 2192 2305 2.
2206 2242 2513 2303 Producat
2544 2247 2707 2299 terra
2724 2238 2997 2298 animum
3019 2240 3328 2300 viventem
3346 2257 3625 2320 pecorum
3640 2245 3697 2301 et

2054 2334 2390 2395 bestiarum
2412 2336 2467 2391 et
2490 2328 2827 2407 reptilium‘
2844 2329 2857 2375 ι
2874 2330 2974 2389 .Co
2985 2326 3224 2389 nsidera
3237 2328 3341 2389 Dei
3357 2347 3565 2392 vocem
3593 2348 3699 2409 per

2048 2441 2147 2484 res
2183 2428 2418 2483 creatas
2451 2418 2897 2498 pervadentem,
2933 2435 3064 2497 quas
3109 2426 3167 2477 et
3192 2427 3330 2481 tunc
3360 2420 3603 2501 incepit,
3642 2428 3699 2481 et

2050 2530 2238 2592 usque
2260 2509 2457 2572 adhuc
2478 2506 2681 2567 efﬁcax
2705 2514 2821 2577 est.
2846 2524 2912 2565 ac
2944 2506 3004 2565 in
3038 2507 3218 2567 tinem
3240 2513 3562 2570 transitura
3582 2519 3692 2583 est,

2050 2600 2241 2681 quoad
2277 2602 2725 2661 consummatus
2754 2594 2931 2655 fuerit
2972 2594 3249 2656 mundus.
3285 2597 3695 2669 Quemadmo-

2049 2690 2191 2750 dum
2217 2688 2374 2750 enim
2400 2684 2631 2765 globus,
2669 2702 2800 2744 cum
2826 2684 3157 2764 aquopiam
3194 2686 3367 2747 fuerit
3405 2697 3698 2769 motus,ac

2050 2778 2340 2859 deinceps
2364 2775 2654 2838 declivem
2676 2773 2933 2854 aliquem
2961 2772 3155 2834 locum
3179 2782 3387 2836 nactus
3419 2776 3616 2853 fuerit,
3639 2787 3698 2841 et

2048 2887 2118 2930 ex
2150 2866 2387 2949 propria
2406 2873 2721 2943 structura,
2748 2872 2807 2924 et
2834 2881 2905 2924 ex
2924 2862 3038 2923 loci
3057 2866 3495 2943 opportunitate
3517 2868 3695 2929 deor-

2048 2976 2177 3019 sum
2203 2957 2532 3032 fertur,nec
2563 2957 2725 3035 prius
2747 2953 3027 3033 quiescit,
3057 2972 3230 3033 quam
3266 2955 3539 3035 planities
3580 2956 3693 3019 ali-

2050 3066 2165 3128 qua
2195 3048 2386 3127 ipsum
2434 3042 2761 3124 exceperit;
2796 3044 2874 3103 ita
2904 3060 3104 3103 rerum
3141 3052 3346 3105 natura
3389 3065 3505 3106 uno
3536 3064 3694 3126 prae-

2050 3144 2223 3215 cepto
2257 3135 2524 3213 incitata,
2561 3150 2659 3193 res
2693 3130 2961 3193 conditas
2978 3132 3345 3212 aequabiliter
3368 3133 3429 3194 in
3444 3153 3693 3211 genera-

2049 3226 2211 3287 tione
2244 3224 2382 3286 etin
2414 3221 2805 3301 corruptione
2841 3229 3457 3303 penetrat,servatque
3488 3243 3594 3304 per
3609 3225 3694 3285 si-

2049 3313 2445 3393 militudinem
2462 3310 2871 3374 successiones
2885 3312 3394 3391 generum,donec
3410 3314 3485 3375 ad
3500 3314 3697 3395 ipsum

2048 3404 2389 3484 pervenerit
2431 3403 2636 3463 finem.
2664 3398 2811 3462 Nam
2844 3419 3061 3479 equum
3096 3402 3235 3480 equi
3287 3421 3696 3467 successorem

319 3495 549 3565 λέοντος,
584 3497 672 3551 καὶ
721 3496 876 3551 ἀετὸν
935 3495 1109 3551 ἀετοῦ·
1147 3495 1234 3551 καὶ
1265 3494 1486 3550 ἕκαστυν
1514 3500 1619 3550 τῶν
1650 3495 1800 3565 ζώων
1841 3508 1962 3559 ταῖς

2057 3492 2458 3566 facit,leonem
2498 3488 2980 3569 leonis,aqui|am
3024 3491 3238 3569 aquilae
3271 3508 3285 3552 :
3322 3493 3439 3552 imo
3473 3494 3701 3572 singula

318 3584 504 3665 ἐφεξῆς
535 3582 813 3665 διαδοχαῖς
862 3585 1280 3664 συντηρούμενον
1343 3584 1506 3663 μέχρι
1539 3584 1635 3651 τῆς
1668 3588 1962 3645 συντελείας

318 3686 410 3733 τοῦ
449 3675 649 3738 παντὸς
696 3674 1064 3753 παραπέμπει,
1122 3672 1297 3736 Οὒδεὶς
1362 3674 1559 3753 χρόνος
1620 3673 1969 3752 διεφθαρμένα

320 3765 355 3832 ἢ
390 3762 603 3829 ἐξίτηλα
634 3776 782 3820 ποιετ
816 3762 945 3843 (14)
974 3770 1081 3819 τῶν
1110 3763 1257 3833 ζώων
1304 3766 1367 3819 τὰ
1392 3761 1674 3837 ἱδιώματα,
1704 3760 1823 3818 ἀλλ’
1854 3762 1966 3818 ὥσ-

319 3876 418 3933 περ
451 3852 563 3931 ἄρτι
596 3854 960 3927 καθισταμένη
988 3857 1020 3922 ἡ
1057 3855 1204 3933 φύσις
1240 3854 1315 3909 ἀεὶ
1346 3854 1503 3931 νεαρὰ
1533 3860 1608 3927 τῷ
1640 3853 1819 3931 χρόνῳ
1840 3874 1969 3927 συμ-

320 3942 667 4022 παρατρέχεί.
731 3942 1073 4021 Ἐξαγαγέτω
1127 3945 1160 4011 ἡ
1216 3948 1287 4022 γῆ
1350 3943 1536 4023 ψυχὴν
1579 3949 1776 4012 ζῶσαν.
1826 3950 1962 3999 Τοῦ-

319 4055 381 4089 το
411 4032 720 4107 ἐναπέμεινε
779 4038 848 4108 τῇ
898 4039 969 4111 γῇ
1010 4032 1353 4111 πρόσταγμα,
1387 4034 1471 4087 καὶ
1511 4034 1571 4090 οὗ
1626 4035 1847 4089 παύεται
1880 4030 1967 4096 ἐξ·-

318 4120 720 4196 υπηρετουμένη
768 4126 845 4194 τῷ
894 4122 1130 4178 κτίσαντι
1190 4121 1342 4203 (15).
1378 4123 1453 4179 Τὰ
1486 4121 1584 4197 μὲν
1614 4144 1716 4201 γαρ
1764 4120 1823 4176 ἐκ
1870 4127 1969 4188 τῆς

320 4207 581 4289 διαδοχῆς
651 4215 757 4266 τῶν
809 4211 1265 4290 προϋπαρχόντων
1326 4211 1640 4290 παράγεται·
1688 4213 1753 4267 τὰ
1807 4208 1861 4267 δὲ
1894 4211 1970 4266 ἔτι

320 4300 407 4355 καί
456 4307 543 4357 νῦν
594 4298 645 4363 ἐξ
702 4301 865 4365 αὐτῆς
925 4299 1021 4367 τῆς
1081 4305 1179 4377 γῆς
1239 4301 1640 4377 ζωογονούμενα
1687 4299 1971 4362 δείκνυται.

322 4392 395 4448 Οῦ
424 4388 523 4466 γὰρ
574 4389 734 4463 μόνον
790 4387 1042 4466 τέττιγας
1104 4388 1159 4443 ἐν
1218 4386 1534 4465 ἐπομϐρίαις
1594 4389 1828 4468 ἀνίησιν,
1858 4388 1973 4447 οὐδὲ

2053 3581 2330 3642 animalia
2350 3579 2862 3659 consequentibus
2887 3579 3373 3640 successionibus
3390 3600 3699 3645 conserva-

2053 3678 2328 3750 ta,usque
2346 3669 2421 3730 ad
2447 3670 2708 3750 unigersi
2740 3668 3317 3729 consummationem
3352 3672 3694 3735 transmitit.

2053 3734 2315 3859 Te‘mp'us
2360 3734 2589 3859 nulltél
2603 3756 2854 3817 destruit
2883 3755 3230 3854 animalium
3280 3760 3695 3857 proprietates,

2053 3846 2157 3907 sed
2191 3856 2467 3927 tanquam
2495 3842 2685 3925 n‘uper
2710 3842 3030 3906 constituta
3078 3854 3288 3907 natura
3332 3847 3427 3927 sit,
3463 3868 3703 3930 semper

2049 3953 2264 3997 recens
2294 3954 2410 3997 una
2435 3954 2568 3995 cum
2607 3942 2874 4014 tempore
2893 3935 3166 3995 excurrit.
3198 3936 3501 3999 l’roducat
3524 3944 3699 4000 terra

2053 4029 2323 4088 animam
2354 4027 2671 4087 viventem.
2708 4022 2832 4085 Hoc
2856 4033 3214 4105 praeceptum
3242 4034 3416 4086 terrae
3440 4027 3693 4103 inhaesit,

2054 4134 2164 4178 nec
2198 4135 2266 4177 ea
2312 4114 2579 4177 Creatori
2630 4113 2849 4175 desinit
2900 4114 3195 4178 famulari.
3249 4114 3381 4177 Alia
3431 4117 3591 4181 enim
3626 4137 3698 4179 ex

2056 4206 2439 4269 successione
2470 4223 2679 4266 eorum
2704 4222 2838 4283 quae
2870 4204 3035 4284 prius
3058 4205 3703 4286 exstitere,producun-

2055 4303 2190 4357 tur:
2227 4296 2343 4357 alia
2389 4312 2535 4356 vero
2567 4313 2643 4356 ex
2676 4294 2803 4374 ipsa
2837 4302 2996 4354 terra
3027 4295 3165 4355 etim
3200 4312 3360 4359 nunc
3391 4296 3585 4358 adhuc
3608 4298 3696 4357 vi—

2058 4393 2172 4445 tam
2206 4386 2477 4465 accipere
2502 4392 2874 4463 compertum
2898 4382 3144 4445 est.Non
3166 4386 3326 4447 enim
3358 4386 3550 4447 solum
3576 4389 3705 4468 plu-

322 4475 457 4534 ἅλλα
510 4477 666 4555 μυρία
721 4478 849 4556 γένη
907 4484 1012 4534 τῶν
1048 4477 1422 4558 ἐμφερομένων
1468 4485 1545 4552 τῷ
1587 4478 1698 4555 ἀέρι
1729 4484 1965 4559 ’πτηνῶν1

2059 4476 2151 4536 tio
2178 4484 2445 4555 tempore
2476 4472 2599 4535 edit
2629 4473 2889 4547 cicadas,
2923 4474 3163 4535 autalia
3190 4475 3467 4538 inumera
3495 4477 3702 4539 volati-

321 4570 392 4625 ὧν
424 4567 829 4642 ἂκατονόμαστα
872 4567 983 4624 ἐστι
1015 4570 1080 4625 τὰ
1119 4567 1351 4625 πλεῖστα
1380 4565 1465 4626 διὰ
1506 4565 1834 4641 λεπτότητα,
1855 4566 1975 4623 ἀλλ’

321 4654 424 4724 ἤδη
484 4657 572 4712 καὶ
613 4655 712 4731 μῦς
770 4657 857 4714 καὶ
906 4657 1235 4740 βατράχους,
1294 4656 1345 4723 ἐξ
1409 4657 1572 4725 αῦτῆς
1632 4654 1962 4714 ἀναδίδωσιν

322 4742 456 4801 ὅπου
483 4764 543 4822 γε
583 4745 700 4824 περὶ
756 4742 937 4815 Θήϐας
989 4747 1085 4809 τὰς
1135 4747 1445 4826 Αίγυπτίας,
1479 4742 1697 4801 ἐωειδὰν
1739 4744 1841 4823 ὕσῃ
1864 4744 1968 4803 λάε

322 4832 461 4913 ϐρως
503 4833 558 4889 ἐν
617 4834 907 4909 καύμασιν,
963 4834 1111 4901 εὐθὺς
1184 4836 1474 4915 ἀρουραίων
1546 4840 1693 4910 μυῶν
1745 4836 1780 4902 ἡ
1812 4834 1969 4916 χώρα

322 4921 777 5002 καταπληροῦται.
843 4925 947 4988 Τὰς
1006 4923 1061 4981 δὲ
1126 4924 1372 5005 ἐγχέλεις
1430 4923 1550 5003 (16)
1607 4921 1721 4981 οῦδὲ
1792 4924 1968 4991 ἄλλως

404 5083 457 5135 Η
483 5083 633 5149 Gen.
662 5098 707 5164 ι,
733 5082 833 5147 24.

401 5242 707 5339 ςιρλζιζςεε
728 5263 839 5309 ms.
869 5246 971 5339 ἆρα
1018 5247 1202 5339 τούτου
1230 5268 1313 5325 γε.
1351 5247 1501 5339 Reg.
1555 5256 1757 5339 sextus
1785 5251 1973 5308 τούτου

324 5323 435 5388 καί.
470 5323 623 5407 Editi
660 5344 792 5387 cum
820 5323 1173 5407 quibusdam
1205 5323 1347 5390 mss.
1384 5323 1566 5387 τούτου
1595 5328 1793 5393 ἕνεκεν.

400 5408 533 5491 (υ)
562 5404 677 5468 Sex
709 5404 855 5491 mss.
904 5425 1038 5491 cum
1096 5425 1208 5471 ms.
1259 5408 1527 5472 Combef.
1586 5411 1966 5491 ἐπεχείρησαν.

322 5478 488 5568 Editi;
509 5478 879 5568 ἐπεχειρῆσαι,
915 5488 1094 5551 male.
1120 5566 1128 5568 Α
1686 5478 1723 5491 μ

403 5566 522 5645 (12)
554 5566 654 5629 Sic
686 5586 829 5628 mss.
862 5568 1060 5632 multi.
1088 5566 1247 5631 Editi
1277 5570 1466 5634 Paris.
1501 5572 1712 5639 ἀπωθῇ.

400 5647 527 5728 (13)
561 5647 713 5731 Reg.
747 5656 949 5731 sextus
980 5648 1145 5731 ὅντων
1188 5651 1243 5707 ἐν
1274 5651 1808 5731 προπάγματι,Μοχ
1838 5651 1970 5731 plu.

321 5745 421 5795 tu
453 5745 595 5792 mss.
622 5730 723 5796 τὴν
753 5728 807 5787 ἒν
838 5735 908 5806 τῇ
933 5751 1047 5807 γεν.
1081 5728 1258 5793 Deest
1287 5728 1354 5808 τῇ
1383 5731 1445 5792 in
1467 5728 1665 5794 editis.

2062 4564 2210 4626 lium
2258 4565 2321 4625 in
2351 4580 2491 4625 aere
2519 4565 2859 4641 vagantium
2890 4581 3133 4642 genera,
3162 4583 3413 4644 quorum
3448 4566 3706 4647 plurima

2053 4660 2299 4737 propter
2359 4653 2710 4715 tenuitatem
2764 4661 2897 4713 sunt
2957 4669 3254 4733 anonyma
3289 4675 3303 4717 :
3338 4656 3443 4716 sed
3503 4675 3707 4720 mures

2052 4751 2231 4807 etiam
2258 4750 2314 4804 et
2341 4759 2516 4805 ranas
2546 4759 2617 4802 ex
2641 4758 2706 4801 se
2735 4739 2863 4821 ipsa
2895 4741 3140 4821 profert.
3175 4740 3321 4803 Nam
3347 4745 3509 4806 circa
3538 4744 3703 4807 The-

2052 4833 2156 4896 bas
2184 4832 2503 4915 Egyptias,
2537 4828 2639 4893 ubi
2672 4831 2735 4890 in
2764 4830 3007 4894 aestibus
3064 4831 3226 4910 large
3276 4832 3449 4913 pluit,
3502 4837 3702 4898 statim

2051 4922 2495 5005 campestribus
2516 4919 2788 4984 muribus
2805 4919 2965 4999 regio
2987 4938 3116 4983 com
3126 4920 3503 5001 pletur.Quin
3525 4925 3702 4986 etiam

2141 5249 2272 5331 (14)
2301 5248 2387 5311 Ita
2416 5248 2601 5331 codex
2632 5246 2904 5311 Combef.
2939 5246 3258 5331 cumgﬂeg.
3285 5256 3515 5316 octavo.
3546 5249 3710 5317 Editi

2056 5328 2195 5392 vero
2222 5328 2358 5393 cum
2392 5328 2621 5391 caeteris
2646 5347 2788 5390 mss.
2823 5331 3019 5408 χρόνος
3051 5329 3263 5397 ἐξίτηλα
3288 5348 3455 5397 ποιεῖ,

2141 5412 2271 5491 (15)
2307 5413 2455 5489 Reg.
2493 5418 2695 5495 sextus
2724 5410 3182 5495 ἐξυπηρετουμένη
3227 5419 3305 5495 τῷ
3334 5416 3701 5495 προστάγματι

2054 5489 2471 5631 Ξοῦήκτίσαντος,
2497 5489 2618 5552 Nec
2644 5489 2931 5551 creatoris
2961 5496 3214 5570 imperio
3243 5489 3463 5557 άεεὶὴὶι
3492 5489 3699 5573 [timu-

2081 5590 2200 5631 an.

2081 5590 2263 5731 ("(1.6)
2292 5650 2419 5714 Duo
2448 5667 2593 5712 mss.
2622 5653 2717 5718 τὰς
2748 5649 2801 5706 δὲ
2833 5651 3085 5735 emit...
