  <div class='ocr_page' id='page_1' title='image "/cluster/home/n/w/nwhite01/storage/ocr_20150623/29:no.1/coo.31924054873108/512.png"; bbox 0 0 4098 6388; ppageno 0'>
   <div class='ocr_carea' id='block_1_1' title="bbox 375 319 482 382">
    <p class='ocr_par' dir='ltr' id='par_1_1' title="bbox 375 319 482 382">
     <span class='ocr_line' id='line_1_1' title="bbox 375 319 482 382; baseline -0.009 0"><span class='ocrx_word' id='word_1_1' title='bbox 375 319 482 382; x_wconf 79' lang='lat'><strong>201</strong></span> 
     </span>
    </p>
   </div>
   <div class='ocr_carea' id='block_1_2' title="bbox 1452 311 2628 380">
    <p class='ocr_par' dir='ltr' id='par_1_2' title="bbox 1452 311 2628 380">
     <span class='ocr_line' id='line_1_2' title="bbox 1452 311 2628 380; baseline -0.003 0"><span class='ocrx_word' id='word_1_2' title='bbox 1452 318 1772 380; x_wconf 76' lang='lat' dir='ltr'><strong>HOMILIA</strong></span> <span class='ocrx_word' id='word_1_3' title='bbox 1822 318 1900 378; x_wconf 87' lang='lat' dir='ltr'><strong>IX</strong></span> <span class='ocrx_word' id='word_1_4' title='bbox 1947 318 2030 378; x_wconf 92' lang='lat' dir='ltr'><strong>IN</strong></span> <span class='ocrx_word' id='word_1_5' title='bbox 2076 311 2628 377; x_wconf 57' lang='lat' dir='ltr'><strong>HEXAEMERON.</strong></span> 
     </span>
    </p>
   </div>
   <div class='ocr_carea' id='block_1_3' title="bbox 3645 316 3767 382">
    <p class='ocr_par' dir='ltr' id='par_1_3' title="bbox 3645 316 3767 382">
     <span class='ocr_line' id='line_1_3' title="bbox 3645 316 3767 382; baseline 0.016 -2"><span class='ocrx_word' id='word_1_6' title='bbox 3645 316 3767 382; x_wconf 74' lang='grc'><strong>202</strong></span> 
     </span>
    </p>
   </div>
   <div class='ocr_carea' id='block_1_4' title="bbox 375 445 2009 533">
    <p class='ocr_par' dir='ltr' id='par_1_4' title="bbox 375 453 2009 533">
     <span class='ocr_line' id='line_1_4' title="bbox 375 453 2009 533; baseline -0.002 -22"><span class='ocrx_word' id='word_1_7' title='bbox 375 461 453 528; x_wconf 86' lang='grc' dir='ltr'>τῷ</span> <span class='ocrx_word' id='word_1_8' title='bbox 491 453 874 530; x_wconf 69' lang='grc' dir='ltr'>ὑπερϐάλλοντι</span> <span class='ocrx_word' id='word_1_9' title='bbox 924 453 1072 533; x_wconf 74' lang='grc' dir='ltr'>βάρει</span> <span class='ocrx_word' id='word_1_10' title='bbox 1129 453 1474 533; x_wconf 80' lang='grc' dir='ltr'>καταῤῥὲπων</span> <span class='ocrx_word' id='word_1_11' title='bbox 1533 454 1610 508; x_wconf 84' lang='grc' dir='ltr'>ἀεὶ</span> <span class='ocrx_word' id='word_1_12' title='bbox 1643 455 1772 532; x_wconf 83' lang='grc' dir='ltr'>πρὸς</span> <span class='ocrx_word' id='word_1_13' title='bbox 1806 454 1868 508; x_wconf 81' lang='grc' dir='ltr'>τὸ</span> <span class='ocrx_word' id='word_1_14' title='bbox 1921 453 2009 510; x_wconf 84' lang='grc' dir='ltr'><strong>κά-</strong></span> 
     </span>
    </p>
   </div>
   <div class='ocr_carea' id='block_1_5' title="bbox 2099 445 3761 533">
    <p class='ocr_par' dir='ltr' id='par_1_5' title="bbox 2111 445 3761 530">
     <span class='ocr_line' id='line_1_5' title="bbox 2111 445 3761 530; baseline 0.005 -25"><span class='ocrx_word' id='word_1_15' title='bbox 2111 455 2398 525; x_wconf 84' lang='lat' dir='ltr'><strong>vergeret.</strong></span> <span class='ocrx_word' id='word_1_16' title='bbox 2445 445 2610 508; x_wconf 57' lang='lat' dir='ltr'><strong>hunc</strong></span> <span class='ocrx_word' id='word_1_17' title='bbox 2640 454 2838 510; x_wconf 87' lang='lat' dir='ltr'><strong>autem</strong></span> <span class='ocrx_word' id='word_1_18' title='bbox 2895 456 3072 526; x_wconf 88' lang='lat' dir='ltr'><strong>caput</strong></span> <span class='ocrx_word' id='word_1_19' title='bbox 3122 449 3360 530; x_wconf 88' lang='lat' dir='ltr'><strong>quidem</strong></span> <span class='ocrx_word' id='word_1_20' title='bbox 3397 467 3502 530; x_wconf 90' lang='lat' dir='ltr'><strong>per</strong></span> <span class='ocrx_word' id='word_1_21' title='bbox 3537 470 3761 530; x_wconf 86' lang='lat' dir='ltr'><strong>paucas</strong></span> 
     </span>
    </p>
   </div>
   <div class='ocr_carea' id='block_1_6' title="bbox 376 542 2020 624">
    <p class='ocr_par' dir='ltr' id='par_1_6' title="bbox 376 542 2020 624">
     <span class='ocr_line' id='line_1_6' title="bbox 376 542 2020 624; baseline -0.002 -24"><span class='ocrx_word' id='word_1_22' title='bbox 376 567 472 602; x_wconf 83' lang='grc' dir='ltr'>τω.</span> <span class='ocrx_word' id='word_1_23' title='bbox 512 551 613 603; x_wconf 72' lang='grc' dir='ltr'>Νῦν</span> <span class='ocrx_word' id='word_1_24' title='bbox 644 543 697 599; x_wconf 79' lang='grc' dir='ltr'><strong>δὲ</strong></span> <span class='ocrx_word' id='word_1_25' title='bbox 732 547 762 612; x_wconf 79' lang='grc' dir='ltr'>ἡ</span> <span class='ocrx_word' id='word_1_26' title='bbox 798 546 894 618; x_wconf 77' lang='grc' dir='ltr'>μὲν</span> <span class='ocrx_word' id='word_1_27' title='bbox 941 543 1146 624; x_wconf 77' lang='grc' dir='ltr'>κεφαλὴ</span> <span class='ocrx_word' id='word_1_28' title='bbox 1191 542 1260 599; x_wconf 87' lang='grc' dir='ltr'><strong>δι’</strong></span> <span class='ocrx_word' id='word_1_29' title='bbox 1306 543 1498 621; x_wconf 82' lang='grc' dir='ltr'><strong>ὀλίγων</strong></span> <span class='ocrx_word' id='word_1_30' title='bbox 1547 550 1651 600; x_wconf 84' lang='grc' dir='ltr'>τῶν</span> <span class='ocrx_word' id='word_1_31' title='bbox 1707 545 1800 599; x_wconf 83' lang='grc' dir='ltr'><strong>τοῦ</strong></span> <span class='ocrx_word' id='word_1_32' title='bbox 1848 544 2020 624; x_wconf 70' lang='grc' dir='ltr'>αὐχέ-</span> 
     </span>
    </p>
   </div>
   <div class='ocr_carea' id='block_1_7' title="bbox 378 631 1991 712">
    <p class='ocr_par' dir='ltr' id='par_1_7' title="bbox 378 631 1991 712">
     <span class='ocr_line' id='line_1_7' title="bbox 378 631 1991 712; baseline 0.001 -25"><span class='ocrx_word' id='word_1_33' title='bbox 378 656 464 695; x_wconf 88' lang='grc' dir='ltr'><strong>νος</strong></span> <span class='ocrx_word' id='word_1_34' title='bbox 512 631 812 710; x_wconf 74' lang='grc' dir='ltr'><strong>σφονδύλων</strong></span> <span class='ocrx_word' id='word_1_35' title='bbox 863 635 992 712; x_wconf 82' lang='grc' dir='ltr'>πρὸς</span> <span class='ocrx_word' id='word_1_36' title='bbox 1053 633 1152 699; x_wconf 74' lang='grc' dir='ltr'>τὴν</span> <span class='ocrx_word' id='word_1_37' title='bbox 1203 633 1361 712; x_wconf 69' lang='grc' dir='ltr'>ῥάχιν</span> <span class='ocrx_word' id='word_1_38' title='bbox 1398 632 1714 690; x_wconf 72' lang='grc' dir='ltr'>συνάπτεται</span> <span class='ocrx_word' id='word_1_39' title='bbox 1757 656 1768 669; x_wconf 89' lang='grc'>·</span> <span class='ocrx_word' id='word_1_40' title='bbox 1812 638 1930 712; x_wconf 72' lang='grc' dir='ltr'>ἔχει</span> <span class='ocrx_word' id='word_1_41' title='bbox 1965 634 1991 688; x_wconf 79' lang='grc' dir='ltr'>δ</span> 
     </span>
    </p>
   </div>
   <div class='ocr_carea' id='block_1_8' title="bbox 375 721 2019 801">
    <p class='ocr_par' dir='ltr' id='par_1_8' title="bbox 375 721 2019 801">
     <span class='ocr_line' id='line_1_8' title="bbox 375 721 2019 801; baseline 0.002 -23"><span class='ocrx_word' id='word_1_42' title='bbox 375 724 474 788; x_wconf 78' lang='grc' dir='ltr'><strong>την</strong></span> <span class='ocrx_word' id='word_1_43' title='bbox 538 723 888 801; x_wconf 78' lang='grc' dir='ltr'>προνομαίαν,</span> <span class='ocrx_word' id='word_1_44' title='bbox 949 726 1044 790; x_wconf 74' lang='grc' dir='ltr'>τὴν</span> <span class='ocrx_word' id='word_1_45' title='bbox 1106 729 1198 778; x_wconf 90' lang='grc' dir='ltr'><strong>τοῦ</strong></span> <span class='ocrx_word' id='word_1_46' title='bbox 1239 721 1518 800; x_wconf 74' lang='grc' dir='ltr'>τραχήλου</span> <span class='ocrx_word' id='word_1_47' title='bbox 1552 725 1739 799; x_wconf 77' lang='grc' dir='ltr'>χρείαν</span> <span class='ocrx_word' id='word_1_48' title='bbox 1763 725 2019 790; x_wconf 67' lang='grc' dir='ltr'>ἀποπλη-</span> 
     </span>
    </p>
   </div>
   <div class='ocr_carea' id='block_1_9' title="bbox 376 809 2022 891">
    <p class='ocr_par' dir='ltr' id='par_1_9' title="bbox 376 809 2022 891">
     <span class='ocr_line' id='line_1_9' title="bbox 376 809 2022 891; baseline 0.002 -26"><span class='ocrx_word' id='word_1_49' title='bbox 376 814 591 891; x_wconf 80' lang='grc' dir='ltr'><strong>ροῦσαν⁷</strong></span> <span class='ocrx_word' id='word_1_50' title='bbox 648 809 715 866; x_wconf 84' lang='grc' dir='ltr'><strong>δι’</strong></span> <span class='ocrx_word' id='word_1_51' title='bbox 775 813 840 878; x_wconf 78' lang='grc' dir='ltr'>ἧς</span> <span class='ocrx_word' id='word_1_52' title='bbox 905 814 990 867; x_wconf 81' lang='grc' dir='ltr'><strong>καὶ</strong></span> <span class='ocrx_word' id='word_1_53' title='bbox 1044 813 1143 878; x_wconf 77' lang='grc' dir='ltr'>τὴν</span> <span class='ocrx_word' id='word_1_54' title='bbox 1202 811 1400 890; x_wconf 76' lang='grc' dir='ltr'>τροφὴν</span> <span class='ocrx_word' id='word_1_55' title='bbox 1447 833 1799 890; x_wconf 84' lang='grc' dir='ltr'>προσαγεται,</span> <span class='ocrx_word' id='word_1_56' title='bbox 1832 817 1918 872; x_wconf 80' lang='grc' dir='ltr'><strong>καὶ</strong></span> <span class='ocrx_word' id='word_1_57' title='bbox 1962 815 2022 869; x_wconf 80' lang='grc' dir='ltr'>τὸ</span> 
     </span>
    </p>
   </div>
   <div class='ocr_carea' id='block_1_10' title="bbox 377 897 2022 978">
    <p class='ocr_par' dir='ltr' id='par_1_10' title="bbox 377 897 2022 978">
     <span class='ocr_line' id='line_1_10' title="bbox 377 897 2022 978; baseline -0.001 -22"><span class='ocrx_word' id='word_1_58' title='bbox 377 901 538 956; x_wconf 78' lang='grc' dir='ltr'>ποτὸν</span> <span class='ocrx_word' id='word_1_59' title='bbox 571 901 846 974; x_wconf 75' lang='grc' dir='ltr'>ἀνιμᾶται,</span> <span class='ocrx_word' id='word_1_60' title='bbox 882 897 1049 956; x_wconf 79' lang='grc' dir='ltr'>Ἀλλὰ</span> <span class='ocrx_word' id='word_1_61' title='bbox 1082 902 1168 956; x_wconf 85' lang='grc' dir='ltr'><strong>καὶ</strong></span> <span class='ocrx_word' id='word_1_62' title='bbox 1224 899 1569 978; x_wconf 73' lang='grc' dir='ltr'>ἀδιάρθρωτοι</span> <span class='ocrx_word' id='word_1_63' title='bbox 1622 904 1764 977; x_wconf 65' lang='grc' dir='ltr'>αὐτῷ</span> <span class='ocrx_word' id='word_1_64' title='bbox 1820 909 1865 962; x_wconf 77' lang='grc' dir='ltr'>οἱ</span> <span class='ocrx_word' id='word_1_65' title='bbox 1916 905 2022 960; x_wconf 62' lang='grc' dir='ltr'>πό..</span> 
     </span>
    </p>
   </div>
   <div class='ocr_carea' id='block_1_11' title="bbox 376 990 2018 1071">
    <p class='ocr_par' dir='ltr' id='par_1_11' title="bbox 376 990 2018 1071">
     <span class='ocr_line' id='line_1_11' title="bbox 376 990 2018 1071; baseline 0.004 -27"><span class='ocrx_word' id='word_1_66' title='bbox 376 990 483 1067; x_wconf 80' lang='grc' dir='ltr'>δες,</span> <span class='ocrx_word' id='word_1_67' title='bbox 547 992 705 1046; x_wconf 80' lang='grc' dir='ltr'>οἱονεὶ</span> <span class='ocrx_word' id='word_1_68' title='bbox 758 991 928 1053; x_wconf 89' lang='grc' dir='ltr'>κίονες</span> <span class='ocrx_word' id='word_1_69' title='bbox 975 990 1266 1063; x_wconf 82' lang='grc' dir='ltr'>ἡνωμένοι,</span> <span class='ocrx_word' id='word_1_70' title='bbox 1315 992 1375 1045; x_wconf 85' lang='grc' dir='ltr'><strong>τὸ</strong></span> <span class='ocrx_word' id='word_1_71' title='bbox 1419 991 1579 1068; x_wconf 73' lang='grc' dir='ltr'>βάρος</span> <span class='ocrx_word' id='word_1_72' title='bbox 1634 993 2018 1071; x_wconf 70' lang='grc' dir='ltr'><strong>ὺτεοστηρίξουσ⁸</strong></span> 
     </span>
    </p>
   </div>
   <div class='ocr_carea' id='block_1_12' title="bbox 378 1077 2020 1161">
    <p class='ocr_par' dir='ltr' id='par_1_12' title="bbox 378 1077 2020 1161">
     <span class='ocr_line' id='line_1_12' title="bbox 378 1077 2020 1161; baseline 0.002 -26"><span class='ocrx_word' id='word_1_73' title='bbox 378 1103 481 1139; x_wconf 90' lang='grc' dir='ltr'>σιν.</span> <span class='ocrx_word' id='word_1_74' title='bbox 535 1081 589 1136; x_wconf 70' lang='lat' dir='ltr'><strong>Ei</strong></span> <span class='ocrx_word' id='word_1_75' title='bbox 624 1079 722 1155; x_wconf 82' lang='grc' dir='ltr'>γάρ</span> <span class='ocrx_word' id='word_1_76' title='bbox 754 1089 928 1158; x_wconf 75' lang='grc' dir='ltr'>χαῦνα</span> <span class='ocrx_word' id='word_1_77' title='bbox 964 1080 1104 1151; x_wconf 67' lang='grc' dir='ltr'>αὐτῷ</span> <span class='ocrx_word' id='word_1_78' title='bbox 1161 1081 1248 1134; x_wconf 87' lang='grc' dir='ltr'><strong>καὶ</strong></span> <span class='ocrx_word' id='word_1_79' title='bbox 1291 1077 1475 1156; x_wconf 68' lang='grc' dir='ltr'>δίυγρα</span> <span class='ocrx_word' id='word_1_80' title='bbox 1520 1081 1746 1148; x_wconf 62' lang='grc' dir='ltr'>ὑπετέθη</span> <span class='ocrx_word' id='word_1_81' title='bbox 1780 1084 1900 1161; x_wconf 75' lang='grc'><strong>(58)</strong></span> <span class='ocrx_word' id='word_1_82' title='bbox 1957 1084 2020 1138; x_wconf 76' lang='grc' dir='ltr'><strong>τὰ</strong></span> 
     </span>
    </p>
   </div>
   <div class='ocr_carea' id='block_1_13' title="bbox 375 1167 2019 1251">
    <p class='ocr_par' dir='ltr' id='par_1_13' title="bbox 375 1167 2019 1251">
     <span class='ocr_line' id='line_1_13' title="bbox 375 1167 2019 1251; baseline 0.002 -28"><span class='ocrx_word' id='word_1_83' title='bbox 375 1167 543 1240; x_wconf 67' lang='grc' dir='ltr'>κῶλα,</span> <span class='ocrx_word' id='word_1_84' title='bbox 576 1181 825 1246; x_wconf 65' lang='grc' dir='ltr'>συνεχεῖς</span> <span class='ocrx_word' id='word_1_85' title='bbox 859 1167 918 1222; x_wconf 75' lang='grc' dir='ltr'>ἂν</span> <span class='ocrx_word' id='word_1_86' title='bbox 951 1167 1187 1244; x_wconf 82' lang='grc' dir='ltr'>ἐγίνοντο</span> <span class='ocrx_word' id='word_1_87' title='bbox 1221 1175 1326 1222; x_wconf 77' lang='grc' dir='ltr'>τῶν</span> <span class='ocrx_word' id='word_1_88' title='bbox 1381 1167 1581 1245; x_wconf 70' lang='grc' dir='ltr'>ἄρθρων</span> <span class='ocrx_word' id='word_1_89' title='bbox 1630 1173 1680 1225; x_wconf 76' lang='grc' dir='ltr'>αἱ</span> <span class='ocrx_word' id='word_1_90' title='bbox 1739 1172 2019 1251; x_wconf 74' lang='grc' dir='ltr'>ἐκτροπαὶ,</span> 
     </span>
    </p>
   </div>
   <div class='ocr_carea' id='block_1_14' title="bbox 376 1255 2024 1338">
    <p class='ocr_par' dir='ltr' id='par_1_14' title="bbox 376 1255 2024 1338">
     <span class='ocr_line' id='line_1_14' title="bbox 376 1255 2024 1338; baseline 0.004 -26"><span class='ocrx_word' id='word_1_91' title='bbox 376 1257 788 1328; x_wconf 63' lang='grc' dir='ltr'>συνοκλᾶζοντος</span> <span class='ocrx_word' id='word_1_92' title='bbox 841 1259 927 1313; x_wconf 82' lang='grc' dir='ltr'><strong>καὶ</strong></span> <span class='ocrx_word' id='word_1_93' title='bbox 979 1255 1378 1327; x_wconf 71' lang='grc' dir='ltr'>διανισταμένου</span> <span class='ocrx_word' id='word_1_94' title='bbox 1437 1258 1703 1338; x_wconf 75' lang='grc' dir='ltr'>κουφίζειν</span> <span class='ocrx_word' id='word_1_95' title='bbox 1752 1264 1811 1317; x_wconf 85' lang='grc' dir='ltr'>τὸ</span> <span class='ocrx_word' id='word_1_96' title='bbox 1866 1263 2024 1338; x_wconf 76' lang='grc' dir='ltr'>βάρος</span> 
     </span>
    </p>
   </div>
   <div class='ocr_carea' id='block_1_15' title="bbox 376 1345 2022 1425">
    <p class='ocr_par' dir='ltr' id='par_1_15' title="bbox 376 1345 2022 1425">
     <span class='ocr_line' id='line_1_15' title="bbox 376 1345 2022 1425; baseline 0.002 -23"><span class='ocrx_word' id='word_1_97' title='bbox 376 1347 453 1421; x_wconf 78' lang='grc' dir='ltr'>μὴ</span> <span class='ocrx_word' id='word_1_98' title='bbox 488 1345 838 1424; x_wconf 71' lang='grc' dir='ltr'>ἐξαρκούντων</span> <span class='ocrx_word' id='word_1_99' title='bbox 870 1345 1027 1422; x_wconf 82' lang='grc'>(59).</span> <span class='ocrx_word' id='word_1_100' title='bbox 1066 1353 1168 1402; x_wconf 81' lang='grc' dir='ltr'>Νῦν</span> <span class='ocrx_word' id='word_1_101' title='bbox 1198 1345 1251 1400; x_wconf 73' lang='grc' dir='ltr'><strong>δὲ</strong></span> <span class='ocrx_word' id='word_1_102' title='bbox 1278 1348 1483 1425; x_wconf 77' lang='grc' dir='ltr'>βραχὺς</span> <span class='ocrx_word' id='word_1_103' title='bbox 1519 1347 1851 1425; x_wconf 79' lang='grc' dir='ltr'>ἀστράγαλος</span> <span class='ocrx_word' id='word_1_104' title='bbox 1884 1351 2022 1406; x_wconf 81' lang='grc' dir='ltr'>ὑπό-</span> 
     </span>
    </p>
   </div>
   <div class='ocr_carea' id='block_1_16' title="bbox 1387 1434 2024 1517">
    <p class='ocr_par' dir='ltr' id='par_1_16' title="bbox 1387 1434 2024 1517">
     <span class='ocr_line' id='line_1_16' title="bbox 1387 1434 2024 1517; baseline 0.008 -27"><span class='ocrx_word' id='word_1_105' title='bbox 1387 1434 1500 1491; x_wconf 70' lang='grc' dir='ltr'>οῦτε</span> <span class='ocrx_word' id='word_1_106' title='bbox 1537 1439 1717 1510; x_wconf 85' lang='grc' dir='ltr'>μέντοι</span> <span class='ocrx_word' id='word_1_107' title='bbox 1750 1442 1821 1502; x_wconf 81' lang='grc' dir='ltr'>εἰς</span> <span class='ocrx_word' id='word_1_108' title='bbox 1858 1440 2024 1517; x_wconf 71' lang='grc' dir='ltr'>ἀγκύ-</span> 
     </span>
    </p>
   </div>
   <div class='ocr_carea' id='block_1_17' title="bbox 1812 635 2019 714">
    <p class='ocr_par' dir='ltr' id='par_1_17' title="bbox 1812 635 2019 714">
     <span class='ocr_line' id='line_1_17' title="bbox 1812 635 2019 714; baseline -0.024 -21"><span class='ocrx_word' id='word_1_109' title='bbox 1812 638 1930 714; x_wconf 74' lang='grc' dir='ltr'>ἕγει</span> <span class='ocrx_word' id='word_1_110' title='bbox 1965 635 2019 689; x_wconf 78' lang='grc' dir='ltr'><strong>δὲ</strong></span> 
     </span>
    </p>
   </div>
   <div class='ocr_carea' id='block_1_18' title="bbox 377 1435 1334 1512">
    <p class='ocr_par' dir='ltr' id='par_1_18' title="bbox 377 1435 1334 1512">
     <span class='ocr_line' id='line_1_18' title="bbox 377 1435 1334 1512; baseline -0.002 -21"><span class='ocrx_word' id='word_1_111' title='bbox 377 1458 545 1492; x_wconf 88' lang='grc' dir='ltr'>κειται</span> <span class='ocrx_word' id='word_1_112' title='bbox 577 1443 651 1509; x_wconf 80' lang='grc' dir='ltr'>τῷ</span> <span class='ocrx_word' id='word_1_113' title='bbox 701 1435 817 1491; x_wconf 72' lang='grc' dir='ltr'>ποδὶ</span> <span class='ocrx_word' id='word_1_114' title='bbox 877 1436 967 1491; x_wconf 81' lang='grc' dir='ltr'><strong>τοῦ</strong></span> <span class='ocrx_word' id='word_1_115' title='bbox 1001 1435 1286 1512; x_wconf 74' lang='grc' dir='ltr'>ἐλέφαντος</span> <span class='ocrx_word' id='word_1_116' title='bbox 1323 1454 1334 1468; x_wconf 80' lang='grc'><strong><em>⁸</em></strong></span> 
     </span>
    </p>
   </div>
   <div class='ocr_carea' id='block_1_19' title="bbox 375 1522 2022 1605">
    <p class='ocr_par' dir='ltr' id='par_1_19' title="bbox 375 1522 2022 1605">
     <span class='ocr_line' id='line_1_19' title="bbox 375 1522 2022 1605; baseline 0.002 -25"><span class='ocrx_word' id='word_1_117' title='bbox 375 1524 476 1591; x_wconf 85' lang='grc' dir='ltr'><strong>λην</strong></span> <span class='ocrx_word' id='word_1_118' title='bbox 522 1524 634 1580; x_wconf 65' lang='grc' dir='ltr'>οὕτε</span> <span class='ocrx_word' id='word_1_119' title='bbox 683 1526 755 1587; x_wconf 82' lang='grc' dir='ltr'>εἷς</span> <span class='ocrx_word' id='word_1_120' title='bbox 801 1524 928 1601; x_wconf 79' lang='grc' dir='ltr'>γόνυ</span> <span class='ocrx_word' id='word_1_121' title='bbox 979 1522 1317 1601; x_wconf 71' lang='grc' dir='ltr'>διήρθρωται,</span> <span class='ocrx_word' id='word_1_122' title='bbox 1366 1525 1436 1582; x_wconf 70' lang='grc' dir='ltr'><strong>Οὔ</strong></span> <span class='ocrx_word' id='word_1_123' title='bbox 1480 1527 1579 1605; x_wconf 75' lang='grc' dir='ltr'><strong>γὰρ</strong></span> <span class='ocrx_word' id='word_1_124' title='bbox 1637 1526 1698 1581; x_wconf 79' lang='grc' dir='ltr'>ἂν</span> <span class='ocrx_word' id='word_1_125' title='bbox 1756 1531 2022 1605; x_wconf 78' lang='grc' dir='ltr'>ῦπήνεγκε</span> 
     </span>
    </p>
   </div>
   <div class='ocr_carea' id='block_1_20' title="bbox 373 1613 2020 1693">
    <p class='ocr_par' dir='ltr' id='par_1_20' title="bbox 373 1613 2020 1693">
     <span class='ocr_line' id='line_1_20' title="bbox 373 1613 2020 1693; baseline 0.002 -24"><span class='ocrx_word' id='word_1_126' title='bbox 373 1617 434 1669; x_wconf 83' lang='grc' dir='ltr'>τὸ</span> <span class='ocrx_word' id='word_1_127' title='bbox 466 1617 568 1668; x_wconf 77' lang='grc' dir='ltr'><strong>των</strong></span> <span class='ocrx_word' id='word_1_128' title='bbox 619 1613 818 1691; x_wconf 65' lang='grc' dir='ltr'>ἄρθρων</span> <span class='ocrx_word' id='word_1_129' title='bbox 850 1613 1130 1688; x_wconf 78' lang='grc' dir='ltr'>ὀλισθηρὸν</span> <span class='ocrx_word' id='word_1_130' title='bbox 1179 1614 1276 1679; x_wconf 74' lang='grc' dir='ltr'>τὴν</span> <span class='ocrx_word' id='word_1_131' title='bbox 1321 1613 1676 1693; x_wconf 80' lang='grc' dir='ltr'>πολυσαρκίαν</span> <span class='ocrx_word' id='word_1_132' title='bbox 1739 1625 1829 1674; x_wconf 80' lang='grc' dir='ltr'><strong>τοῦ</strong></span> <span class='ocrx_word' id='word_1_133' title='bbox 1884 1619 2020 1688; x_wconf 83' lang='grc' dir='ltr'>ζώου</span> 
     </span>
    </p>
   </div>
   <div class='ocr_carea' id='block_1_21' title="bbox 373 1699 2016 1782">
    <p class='ocr_par' dir='ltr' id='par_1_21' title="bbox 373 1699 2016 1782">
     <span class='ocr_line' id='line_1_21' title="bbox 373 1699 2016 1782; baseline 0.002 -26"><span class='ocrx_word' id='word_1_134' title='bbox 373 1699 580 1767; x_wconf 73' lang='grc' dir='ltr'>πολλὴν</span> <span class='ocrx_word' id='word_1_135' title='bbox 662 1703 802 1775; x_wconf 71' lang='grc' dir='ltr'>αυτῷ</span> <span class='ocrx_word' id='word_1_136' title='bbox 879 1701 1312 1781; x_wconf 84' lang='grc' dir='ltr'>περικεχυμένην</span> <span class='ocrx_word' id='word_1_137' title='bbox 1395 1706 1482 1759; x_wconf 84' lang='grc' dir='ltr'><strong>καὶ</strong></span> <span class='ocrx_word' id='word_1_138' title='bbox 1573 1707 2016 1782; x_wconf 84' lang='grc' dir='ltr'>περιτρέμουσαν,</span> 
     </span>
    </p>
   </div>
   <div class='ocr_carea' id='block_1_22' title="bbox 2105 538 3759 618">
    <p class='ocr_par' dir='ltr' id='par_1_22' title="bbox 2105 538 3759 618">
     <span class='ocr_line' id='line_1_22' title="bbox 2105 538 3759 618; baseline 0.003 -21"><span class='ocrx_word' id='word_1_139' title='bbox 2105 538 2350 597; x_wconf 84' lang='lat' dir='ltr'><strong>cervicis</strong></span> <span class='ocrx_word' id='word_1_140' title='bbox 2377 557 2694 618; x_wconf 81' lang='lat' dir='ltr'><strong>compages</strong></span> <span class='ocrx_word' id='word_1_141' title='bbox 2728 557 2862 598; x_wconf 91' lang='lat' dir='ltr'><strong>cum</strong></span> <span class='ocrx_word' id='word_1_142' title='bbox 2897 538 3057 598; x_wconf 89' lang='lat' dir='ltr'><strong>dorsi</strong></span> <span class='ocrx_word' id='word_1_143' title='bbox 3115 539 3291 618; x_wconf 85' lang='lat' dir='ltr'><strong>spina</strong></span> <span class='ocrx_word' id='word_1_144' title='bbox 3323 541 3708 618; x_wconf 87' lang='lat' dir='ltr'><strong>conjungitur</strong></span> <span class='ocrx_word' id='word_1_145' title='bbox 3745 560 3759 601; x_wconf 92' lang='lat'><strong>:</strong></span> 
     </span>
    </p>
   </div>
   <div class='ocr_carea' id='block_1_23' title="bbox 2105 626 3760 706">
    <p class='ocr_par' dir='ltr' id='par_1_23' title="bbox 2105 626 3760 706">
     <span class='ocr_line' id='line_1_23' title="bbox 2105 626 3760 706; baseline 0.003 -21"><span class='ocrx_word' id='word_1_146' title='bbox 2105 626 2431 686; x_wconf 84' lang='lat' dir='ltr'><strong>habetvero</strong></span> <span class='ocrx_word' id='word_1_147' title='bbox 2458 626 3038 706; x_wconf 86' lang='lat' dir='ltr'><strong>proboscidem,colli</strong></span> <span class='ocrx_word' id='word_1_148' title='bbox 3059 627 3258 688; x_wconf 80' lang='lat' dir='ltr'><strong>officio</strong></span> <span class='ocrx_word' id='word_1_149' title='bbox 3274 646 3338 688; x_wconf 88' lang='lat' dir='ltr'><strong>ac</strong></span> <span class='ocrx_word' id='word_1_150' title='bbox 3363 648 3610 688; x_wconf 92' lang='lat' dir='ltr'><strong>munere</strong></span> <span class='ocrx_word' id='word_1_151' title='bbox 3626 630 3682 690; x_wconf 91' lang='lat' dir='ltr'><strong>fu</strong></span> <span class='ocrx_word' id='word_1_152' title='bbox 3696 649 3760 690; x_wconf 77' lang='lat' dir='ltr'><strong>n~</strong></span> 
     </span>
    </p>
   </div>
   <div class='ocr_carea' id='block_1_24' title="bbox 2105 717 3761 798">
    <p class='ocr_par' dir='ltr' id='par_1_24' title="bbox 2105 717 3761 798">
     <span class='ocr_line' id='line_1_24' title="bbox 2105 717 3761 798; baseline 0.005 -25"><span class='ocrx_word' id='word_1_153' title='bbox 2105 729 2484 793; x_wconf 68' lang='lat' dir='ltr'><strong>genlemper</strong></span> <span class='ocrx_word' id='word_1_154' title='bbox 2514 735 2690 795; x_wconf 89' lang='lat' dir='ltr'><strong>quam</strong></span> <span class='ocrx_word' id='word_1_155' title='bbox 2717 727 2773 776; x_wconf 90' lang='lat' dir='ltr'><strong>et</strong></span> <span class='ocrx_word' id='word_1_156' title='bbox 2806 717 3155 777; x_wconf 77' lang='lat' dir='ltr'><strong>alimentum</strong></span> <span class='ocrx_word' id='word_1_157' title='bbox 3189 717 3525 787; x_wconf 85' lang='lat' dir='ltr'><strong>assumit,et</strong></span> <span class='ocrx_word' id='word_1_158' title='bbox 3558 729 3761 798; x_wconf 88' lang='lat' dir='ltr'><strong>potum</strong></span> 
     </span>
    </p>
   </div>
   <div class='ocr_carea' id='block_1_25' title="bbox 2107 805 3754 883">
    <p class='ocr_par' dir='ltr' id='par_1_25' title="bbox 2107 805 3754 883">
     <span class='ocr_line' id='line_1_25' title="bbox 2107 805 3754 883; baseline 0.002 -19"><span class='ocrx_word' id='word_1_159' title='bbox 2107 805 2369 864; x_wconf 77' lang='lat' dir='ltr'><strong>exhaurit</strong></span> <span class='ocrx_word' id='word_1_160' title='bbox 2407 805 2518 866; x_wconf 87' lang='lat' dir='ltr'><strong>Sed</strong></span> <span class='ocrx_word' id='word_1_161' title='bbox 2549 815 2603 864; x_wconf 90' lang='lat' dir='ltr'><strong>et</strong></span> <span class='ocrx_word' id='word_1_162' title='bbox 2630 805 2808 880; x_wconf 83' lang='lat' dir='ltr'><strong>pedes</strong></span> <span class='ocrx_word' id='word_1_163' title='bbox 2842 805 3026 883; x_wconf 86' lang='lat' dir='ltr'><strong>ipsius</strong></span> <span class='ocrx_word' id='word_1_164' title='bbox 3056 806 3322 865; x_wconf 91' lang='lat' dir='ltr'><strong>articulis</strong></span> <span class='ocrx_word' id='word_1_165' title='bbox 3356 806 3600 866; x_wconf 90' lang='lat' dir='ltr'><strong>minime</strong></span> <span class='ocrx_word' id='word_1_166' title='bbox 3634 807 3754 868; x_wconf 85' lang='lat' dir='ltr'><strong>dis-</strong></span> 
     </span>
    </p>
   </div>
   <div class='ocr_carea' id='block_1_26' title="bbox 2109 893 3751 972">
    <p class='ocr_par' dir='ltr' id='par_1_26' title="bbox 2109 893 3751 972">
     <span class='ocr_line' id='line_1_26' title="bbox 2109 893 3751 972; baseline 0.004 -20"><span class='ocrx_word' id='word_1_167' title='bbox 2109 893 2294 964; x_wconf 89' lang='lat' dir='ltr'><strong>tincti,</strong></span> <span class='ocrx_word' id='word_1_168' title='bbox 2335 894 2492 954; x_wconf 88' lang='lat' dir='ltr'><strong>velut</strong></span> <span class='ocrx_word' id='word_1_169' title='bbox 2525 894 2816 954; x_wconf 60' lang='lat' dir='ltr'><strong>columna}</strong></span> <span class='ocrx_word' id='word_1_170' title='bbox 2840 896 3358 972; x_wconf 72' lang='lat' dir='ltr'><strong>conjunctae,onus</strong></span> <span class='ocrx_word' id='word_1_171' title='bbox 3380 896 3751 959; x_wconf 79' lang='lat' dir='ltr'><strong>suffulciunt.</strong></span> 
     </span>
    </p>
   </div>
   <div class='ocr_carea' id='block_1_27' title="bbox 2104 981 3750 1064">
    <p class='ocr_par' dir='ltr' id='par_1_27' title="bbox 2104 981 3750 1064">
     <span class='ocr_line' id='line_1_27' title="bbox 2104 981 3750 1064; baseline 0.004 -23"><span class='ocrx_word' id='word_1_172' title='bbox 2104 981 2333 1041; x_wconf 69' lang='lat' dir='ltr'><strong>Etenim</strong></span> <span class='ocrx_word' id='word_1_173' title='bbox 2367 982 2413 1040; x_wconf 89' lang='lat' dir='ltr'><strong>si</strong></span> <span class='ocrx_word' id='word_1_174' title='bbox 2441 983 2547 1042; x_wconf 83' lang='lat' dir='ltr'><strong>laxi</strong></span> <span class='ocrx_word' id='word_1_175' title='bbox 2576 994 2631 1043; x_wconf 87' lang='lat' dir='ltr'><strong>et</strong></span> <span class='ocrx_word' id='word_1_176' title='bbox 2658 983 2950 1042; x_wconf 74' lang='lat' dir='ltr'><strong>flexibiles</strong></span> <span class='ocrx_word' id='word_1_177' title='bbox 2978 983 3160 1058; x_wconf 83' lang='lat' dir='ltr'><strong>pedes</strong></span> <span class='ocrx_word' id='word_1_178' title='bbox 3182 984 3234 1043; x_wconf 90' lang='lat' dir='ltr'><strong>ei</strong></span> <span class='ocrx_word' id='word_1_179' title='bbox 3255 983 3506 1044; x_wconf 74' lang='lat' dir='ltr'><strong>fuiSSent</strong></span> <span class='ocrx_word' id='word_1_180' title='bbox 3531 1003 3750 1064; x_wconf 87' lang='lat' dir='ltr'><strong>suppo-</strong></span> 
     </span>
    </p>
   </div>
   <div class='ocr_carea' id='block_1_28' title="bbox 2104 1071 3759 1135">
    <p class='ocr_par' dir='ltr' id='par_1_28' title="bbox 2104 1071 3759 1135">
     <span class='ocr_line' id='line_1_28' title="bbox 2104 1071 3759 1135; baseline 0.003 -5"><span class='ocrx_word' id='word_1_181' title='bbox 2104 1071 2234 1134; x_wconf 74' lang='lat' dir='ltr'><strong>siti,«</strong></span> <span class='ocrx_word' id='word_1_182' title='bbox 2259 1072 2448 1132; x_wconf 68' lang='lat' dir='ltr'><strong>rubrae</strong></span> <span class='ocrx_word' id='word_1_183' title='bbox 2467 1073 2629 1131; x_wconf 64' lang='lat' dir='ltr'><strong>facta:</strong></span> <span class='ocrx_word' id='word_1_184' title='bbox 2647 1073 3295 1132; x_wconf 80' lang='lat' dir='ltr'><strong>fuissentarticulorum</strong></span> <span class='ocrx_word' id='word_1_185' title='bbox 3311 1093 3344 1130; x_wconf 91' lang='lat' dir='ltr'><strong>e</strong></span> <span class='ocrx_word' id='word_1_186' title='bbox 3367 1074 3489 1132; x_wconf 91' lang='lat' dir='ltr'><strong>suis</strong></span> <span class='ocrx_word' id='word_1_187' title='bbox 3513 1073 3759 1135; x_wconf 86' lang='lat' dir='ltr'><strong>sedibus</strong></span> 
     </span>
    </p>
   </div>
   <div class='ocr_carea' id='block_1_29' title="bbox 2111 1160 3753 1240">
    <p class='ocr_par' dir='ltr' id='par_1_29' title="bbox 2111 1160 3753 1240">
     <span class='ocr_line' id='line_1_29' title="bbox 2111 1160 3753 1240; baseline 0.003 -23"><span class='ocrx_word' id='word_1_188' title='bbox 2111 1161 2424 1220; x_wconf 56' lang='lat' dir='ltr'><strong>muliones:</strong></span> <span class='ocrx_word' id='word_1_189' title='bbox 2467 1161 2946 1240; x_wconf 82' lang='lat' dir='ltr'><strong>quandoquidem</strong></span> <span class='ocrx_word' id='word_1_190' title='bbox 2976 1161 3114 1221; x_wconf 87' lang='lat' dir='ltr'><strong>dum</strong></span> <span class='ocrx_word' id='word_1_191' title='bbox 3139 1163 3307 1222; x_wconf 72' lang='lat' dir='ltr'><strong>ﬂexis</strong></span> <span class='ocrx_word' id='word_1_192' title='bbox 3337 1160 3590 1239; x_wconf 85' lang='lat' dir='ltr'><strong>genibus</strong></span> <span class='ocrx_word' id='word_1_193' title='bbox 3615 1182 3753 1222; x_wconf 90' lang='lat' dir='ltr'><strong>con-</strong></span> 
     </span>
    </p>
   </div>
   <div class='ocr_carea' id='block_1_30' title="bbox 2109 1249 3758 1329">
    <p class='ocr_par' dir='ltr' id='par_1_30' title="bbox 2109 1249 3758 1329">
     <span class='ocr_line' id='line_1_30' title="bbox 2109 1249 3758 1329; baseline 0.002 -20"><span class='ocrx_word' id='word_1_194' title='bbox 2109 1249 2461 1318; x_wconf 70' lang='lat' dir='ltr'><strong>siderut,aut</strong></span> <span class='ocrx_word' id='word_1_195' title='bbox 2498 1251 3124 1329; x_wconf 80' lang='lat' dir='ltr'><strong>exsurgeret,ferendo</strong></span> <span class='ocrx_word' id='word_1_196' title='bbox 3159 1250 3409 1329; x_wconf 86' lang='lat' dir='ltr'><strong>ponderi</strong></span> <span class='ocrx_word' id='word_1_197' title='bbox 3438 1269 3613 1328; x_wconf 87' lang='lat' dir='ltr'><strong>pares</strong></span> <span class='ocrx_word' id='word_1_198' title='bbox 3638 1269 3758 1312; x_wconf 90' lang='lat' dir='ltr'><strong>non</strong></span> 
     </span>
    </p>
   </div>
   <div class='ocr_carea' id='block_1_31' title="bbox 2110 1339 3756 1419">
    <p class='ocr_par' dir='ltr' id='par_1_31' title="bbox 2110 1339 3756 1419">
     <span class='ocr_line' id='line_1_31' title="bbox 2110 1339 3756 1419; baseline 0.001 -21"><span class='ocrx_word' id='word_1_199' title='bbox 2110 1344 2504 1400; x_wconf 51' lang='lat' dir='ltr'><strong>essentNunc</strong></span> <span class='ocrx_word' id='word_1_200' title='bbox 2522 1358 2660 1400; x_wconf 89' lang='lat' dir='ltr'><strong>vero</strong></span> <span class='ocrx_word' id='word_1_201' title='bbox 2689 1359 2900 1417; x_wconf 84' lang='lat' dir='ltr'><strong>parvus</strong></span> <span class='ocrx_word' id='word_1_202' title='bbox 2923 1342 3070 1401; x_wconf 85' lang='lat' dir='ltr'><strong>talus</strong></span> <span class='ocrx_word' id='word_1_203' title='bbox 3089 1339 3405 1419; x_wconf 60' lang='lat' dir='ltr'><strong>subjicitur</strong></span> <span class='ocrx_word' id='word_1_204' title='bbox 3422 1339 3756 1419; x_wconf 81' lang='lat' dir='ltr'><strong>elephantis</strong></span> 
     </span>
    </p>
   </div>
   <div class='ocr_carea' id='block_1_32' title="bbox 2112 1429 3755 1508">
    <p class='ocr_par' dir='ltr' id='par_1_32' title="bbox 2112 1429 3755 1508">
     <span class='ocr_line' id='line_1_32' title="bbox 2112 1429 3755 1508; baseline 0.003 -24"><span class='ocrx_word' id='word_1_205' title='bbox 2112 1429 2244 1505; x_wconf 84' lang='lat' dir='ltr'><strong>pedi</strong></span> <span class='ocrx_word' id='word_1_206' title='bbox 2275 1446 2286 1488; x_wconf 92' lang='lat'>:</span> <span class='ocrx_word' id='word_1_207' title='bbox 2316 1430 2407 1486; x_wconf 80' lang='lat'><strong>86</strong></span> <span class='ocrx_word' id='word_1_208' title='bbox 2433 1447 2623 1508; x_wconf 87' lang='lat' dir='ltr'><strong>neque</strong></span> <span class='ocrx_word' id='word_1_209' title='bbox 2659 1440 2857 1491; x_wconf 91' lang='lat' dir='ltr'><strong>tamen</strong></span> <span class='ocrx_word' id='word_1_210' title='bbox 2901 1431 2972 1490; x_wconf 91' lang='lat' dir='ltr'><strong>ad</strong></span> <span class='ocrx_word' id='word_1_211' title='bbox 3009 1441 3403 1508; x_wconf 74' lang='lat' dir='ltr'><strong>curvaturam,</strong></span> <span class='ocrx_word' id='word_1_212' title='bbox 3454 1447 3648 1508; x_wconf 90' lang='lat' dir='ltr'><strong>neque</strong></span> <span class='ocrx_word' id='word_1_213' title='bbox 3679 1429 3755 1490; x_wconf 88' lang='lat' dir='ltr'><strong>ad</strong></span> 
     </span>
    </p>
   </div>
   <div class='ocr_carea' id='block_1_33' title="bbox 2104 1517 3758 1596">
    <p class='ocr_par' dir='ltr' id='par_1_33' title="bbox 2104 1517 3758 1596">
     <span class='ocr_line' id='line_1_33' title="bbox 2104 1517 3758 1596; baseline 0.002 -21"><span class='ocrx_word' id='word_1_214' title='bbox 2104 1536 2256 1593; x_wconf 82' lang='lat' dir='ltr'><strong>genu</strong></span> <span class='ocrx_word' id='word_1_215' title='bbox 2287 1531 2632 1596; x_wconf 75' lang='lat' dir='ltr'><strong>compactus</strong></span> <span class='ocrx_word' id='word_1_216' title='bbox 2657 1519 2927 1581; x_wconf 82' lang='lat' dir='ltr'><strong>articulis</strong></span> <span class='ocrx_word' id='word_1_217' title='bbox 2950 1517 3216 1579; x_wconf 88' lang='lat' dir='ltr'><strong>est.Nam</strong></span> <span class='ocrx_word' id='word_1_218' title='bbox 3243 1520 3622 1579; x_wconf 82' lang='lat' dir='ltr'><strong>articulorum</strong></span> <span class='ocrx_word' id='word_1_219' title='bbox 3659 1519 3758 1578; x_wconf 87' lang='lat' dir='ltr'><strong>in-</strong></span> 
     </span>
    </p>
   </div>
   <div class='ocr_carea' id='block_1_34' title="bbox 2107 1608 3757 1686">
    <p class='ocr_par' dir='ltr' id='par_1_34' title="bbox 2107 1608 3757 1686">
     <span class='ocr_line' id='line_1_34' title="bbox 2107 1608 3757 1686; baseline 0.002 -22"><span class='ocrx_word' id='word_1_220' title='bbox 2107 1609 2434 1666; x_wconf 79' lang='lat' dir='ltr'><strong>constantia</strong></span> <span class='ocrx_word' id='word_1_221' title='bbox 2460 1628 2526 1668; x_wconf 88' lang='lat' dir='ltr'><strong>ac</strong></span> <span class='ocrx_word' id='word_1_222' title='bbox 2555 1608 2851 1668; x_wconf 71' lang='lat' dir='ltr'><strong>mobilitas</strong></span> <span class='ocrx_word' id='word_1_223' title='bbox 2885 1609 3124 1668; x_wconf 89' lang='lat' dir='ltr'><strong>multam</strong></span> <span class='ocrx_word' id='word_1_224' title='bbox 3153 1608 3428 1668; x_wconf 89' lang='lat' dir='ltr'><strong>animalis</strong></span> <span class='ocrx_word' id='word_1_225' title='bbox 3445 1608 3757 1686; x_wconf 88' lang='lat' dir='ltr'><strong>corpulen-</strong></span> 
     </span>
    </p>
   </div>
   <div class='ocr_carea' id='block_1_35' title="bbox 2106 1697 3758 1777">
    <p class='ocr_par' dir='ltr' id='par_1_35' title="bbox 2106 1697 3758 1777">
     <span class='ocr_line' id='line_1_35' title="bbox 2106 1697 3758 1777; baseline 0.002 -23"><span class='ocrx_word' id='word_1_226' title='bbox 2106 1697 2393 1776; x_wconf 79' lang='lat' dir='ltr'><strong>tiam,ipsi</strong></span> <span class='ocrx_word' id='word_1_227' title='bbox 2419 1699 2839 1760; x_wconf 85' lang='lat' dir='ltr'><strong>circumfusam</strong></span> <span class='ocrx_word' id='word_1_228' title='bbox 2869 1718 2937 1759; x_wconf 91' lang='lat' dir='ltr'><strong>ac</strong></span> <span class='ocrx_word' id='word_1_229' title='bbox 2965 1697 3510 1776; x_wconf 89' lang='lat' dir='ltr'><strong>titubantem,ferre</strong></span> <span class='ocrx_word' id='word_1_230' title='bbox 3534 1716 3758 1777; x_wconf 87' lang='lat' dir='ltr'><strong>nequa-</strong></span> 
     </span>
    </p>
   </div>
   <div class='ocr_carea' id='block_1_36' title="bbox 373 1786 2009 1874">
    <p class='ocr_par' dir='ltr' id='par_1_36' title="bbox 373 1787 2009 1874">
     <span class='ocr_line' id='line_1_36' title="bbox 373 1787 2009 1874; baseline 0.003 -28"><span class='ocrx_word' id='word_1_231' title='bbox 373 1787 540 1846; x_wconf 81' lang='grc' dir='ltr'>’Ὅθεν</span> <span class='ocrx_word' id='word_1_232' title='bbox 600 1792 754 1870; x_wconf 61' lang='grc' dir='ltr'>χρεία</span> <span class='ocrx_word' id='word_1_233' title='bbox 787 1792 970 1871; x_wconf 77' lang='grc' dir='ltr'>γέγοιε</span> <span class='ocrx_word' id='word_1_234' title='bbox 1004 1799 1096 1848; x_wconf 86' lang='grc' dir='ltr'><strong>τοῦ</strong></span> <span class='ocrx_word' id='word_1_235' title='bbox 1147 1797 1417 1867; x_wconf 75' lang='grc' dir='ltr'>μυκτῆρος</span> <span class='ocrx_word' id='word_1_236' title='bbox 1468 1793 1667 1849; x_wconf 81' lang='grc' dir='ltr'>ἐκείνου</span> <span class='ocrx_word' id='word_1_237' title='bbox 1713 1794 1877 1874; x_wconf 67' lang='grc' dir='ltr'>μέχρι</span> <span class='ocrx_word' id='word_1_238' title='bbox 1912 1820 2009 1851; x_wconf 87' lang='grc' dir='ltr'>πο-</span> 
     </span>
    </p>
   </div>
   <div class='ocr_carea' id='block_1_37' title="bbox 2099 1786 3756 1874">
    <p class='ocr_par' dir='ltr' id='par_1_37' title="bbox 2108 1786 3756 1866">
     <span class='ocr_line' id='line_1_37' title="bbox 2108 1786 3756 1866; baseline 0.001 -20"><span class='ocrx_word' id='word_1_239' title='bbox 2108 1805 2278 1864; x_wconf 86' lang='lat' dir='ltr'><strong>quam</strong></span> <span class='ocrx_word' id='word_1_240' title='bbox 2317 1789 2618 1866; x_wconf 80' lang='lat' dir='ltr'><strong>potuisset.</strong></span> <span class='ocrx_word' id='word_1_241' title='bbox 2675 1786 2846 1849; x_wconf 90' lang='lat' dir='ltr'><strong>Unde</strong></span> <span class='ocrx_word' id='word_1_242' title='bbox 2895 1806 3069 1848; x_wconf 84' lang='lat' dir='ltr'><strong>nasus</strong></span> <span class='ocrx_word' id='word_1_243' title='bbox 3103 1787 3205 1847; x_wconf 93' lang='lat' dir='ltr'><strong>ille</strong></span> <span class='ocrx_word' id='word_1_244' title='bbox 3250 1789 3320 1847; x_wconf 89' lang='lat' dir='ltr'><strong>ad</strong></span> <span class='ocrx_word' id='word_1_245' title='bbox 3355 1787 3536 1864; x_wconf 88' lang='lat' dir='ltr'><strong>pedes</strong></span> <span class='ocrx_word' id='word_1_246' title='bbox 3569 1806 3756 1866; x_wconf 91' lang='lat' dir='ltr'><strong>usque</strong></span> 
     </span>
    </p>
   </div>
   <div class='ocr_carea' id='block_1_38' title="bbox 372 1877 2015 1958">
    <p class='ocr_par' dir='ltr' id='par_1_38' title="bbox 372 1877 2015 1958">
     <span class='ocr_line' id='line_1_38' title="bbox 372 1877 2015 1958; baseline 0.005 -26"><span class='ocrx_word' id='word_1_247' title='bbox 372 1877 472 1932; x_wconf 81' lang='grc' dir='ltr'><strong>δῶν</strong></span> <span class='ocrx_word' id='word_1_248' title='bbox 521 1881 856 1953; x_wconf 81' lang='grc' dir='ltr'>καθιεμένου.</span> <span class='ocrx_word' id='word_1_249' title='bbox 890 1885 1006 1958; x_wconf 60' lang='grc' dir='ltr'>Οὐχ</span> <span class='ocrx_word' id='word_1_250' title='bbox 1037 1880 1162 1956; x_wconf 77' lang='grc' dir='ltr'>ὁρᾷς</span> <span class='ocrx_word' id='word_1_251' title='bbox 1198 1881 1250 1935; x_wconf 84' lang='grc' dir='ltr'>ἐν</span> <span class='ocrx_word' id='word_1_252' title='bbox 1301 1895 1419 1943; x_wconf 79' lang='grc' dir='ltr'>τοῖς</span> <span class='ocrx_word' id='word_1_253' title='bbox 1479 1882 1758 1956; x_wconf 77' lang='grc' dir='ltr'>πολέμοις,</span> <span class='ocrx_word' id='word_1_254' title='bbox 1812 1885 1893 1940; x_wconf 83' lang='grc' dir='ltr'><strong>ὅτι</strong></span> <span class='ocrx_word' id='word_1_255' title='bbox 1940 1888 2015 1942; x_wconf 74' lang='grc' dir='ltr'><strong>οἱ·</strong></span> 
     </span>
    </p>
   </div>
   <div class='ocr_carea' id='block_1_39' title="bbox 372 1968 2016 2056">
    <p class='ocr_par' dir='ltr' id='par_1_39' title="bbox 372 1968 2016 2056">
     <span class='ocr_line' id='line_1_39' title="bbox 372 1968 2016 2056; baseline 0.007 -37"><span class='ocrx_word' id='word_1_256' title='bbox 372 1968 478 2021; x_wconf 86' lang='grc' dir='ltr'>ονεὶ</span> <span class='ocrx_word' id='word_1_257' title='bbox 509 1969 696 2044; x_wconf 82' lang='grc' dir='ltr'>πύργοι</span> <span class='ocrx_word' id='word_1_258' title='bbox 729 1970 867 2030; x_wconf 72' lang='grc' dir='ltr'>τινὲς</span> <span class='ocrx_word' id='word_1_259' title='bbox 901 1969 1143 2048; x_wconf 67' lang='grc' dir='ltr'>ἔμψυχοι</span> <span class='ocrx_word' id='word_1_260' title='bbox 1176 1975 1272 2034; x_wconf 64' lang='grc' dir='ltr'>τῆς</span> <span class='ocrx_word' id='word_1_261' title='bbox 1303 1969 1581 2048; x_wconf 74' lang='grc' dir='ltr'>φάλαγγος</span> <span class='ocrx_word' id='word_1_262' title='bbox 1613 1981 1974 2050; x_wconf 84' lang='grc' dir='ltr'>προηγοῦνται</span> <span class='ocrx_word' id='word_1_263' title='bbox 2000 1996 2016 2056; x_wconf 66' lang='grc' dir='ltr'><strong><em>ς</em></strong></span> 
     </span>
    </p>
   </div>
   <div class='ocr_carea' id='block_1_40' title="bbox 372 2054 2018 2141">
    <p class='ocr_par' dir='ltr' id='par_1_40' title="bbox 372 2054 2018 2141">
     <span class='ocr_line' id='line_1_40' title="bbox 372 2054 2018 2141; baseline 0.005 -30"><span class='ocrx_word' id='word_1_264' title='bbox 372 2054 406 2121; x_wconf 78' lang='grc' dir='ltr'><strong>ἢ</strong></span> <span class='ocrx_word' id='word_1_265' title='bbox 451 2057 628 2131; x_wconf 85' lang='grc' dir='ltr'>βουνοί</span> <span class='ocrx_word' id='word_1_266' title='bbox 662 2079 798 2118; x_wconf 83' lang='grc' dir='ltr'>τινες</span> <span class='ocrx_word' id='word_1_267' title='bbox 834 2057 1094 2134; x_wconf 71' lang='grc' dir='ltr'>σάρκινοι,</span> <span class='ocrx_word' id='word_1_268' title='bbox 1131 2057 1492 2116; x_wconf 80' lang='grc' dir='ltr'>ἀνυπόστατον</span> <span class='ocrx_word' id='word_1_269' title='bbox 1543 2060 1762 2140; x_wconf 78' lang='grc' dir='ltr'>ἔχοντες</span> <span class='ocrx_word' id='word_1_270' title='bbox 1795 2064 1894 2130; x_wconf 77' lang='grc' dir='ltr'>τὴν</span> <span class='ocrx_word' id='word_1_271' title='bbox 1925 2054 2018 2141; x_wconf 40' lang='lat' dir='ltr'><strong>dp?-</strong></span> 
     </span>
    </p>
   </div>
   <div class='ocr_carea' id='block_1_41' title="bbox 371 2147 2013 2232">
    <p class='ocr_par' dir='ltr' id='par_1_41' title="bbox 371 2147 2013 2232">
     <span class='ocr_line' id='line_1_41' title="bbox 371 2147 2013 2232; baseline 0.006 -35"><span class='ocrx_word' id='word_1_272' title='bbox 371 2167 503 2218; x_wconf 79' lang='grc' dir='ltr'>μην,</span> <span class='ocrx_word' id='word_1_273' title='bbox 559 2149 663 2201; x_wconf 81' lang='grc' dir='ltr'>τῶν</span> <span class='ocrx_word' id='word_1_274' title='bbox 712 2147 962 2202; x_wconf 77' lang='grc' dir='ltr'>ἐναντίων</span> <span class='ocrx_word' id='word_1_275' title='bbox 1015 2149 1107 2204; x_wconf 82' lang='grc' dir='ltr'>τὸν</span> <span class='ocrx_word' id='word_1_276' title='bbox 1166 2151 1533 2224; x_wconf 79' lang='grc' dir='ltr'>συνασπισμὸν</span> <span class='ocrx_word' id='word_1_277' title='bbox 1589 2149 2013 2232; x_wconf 65' lang='grc' dir='ltr'>διακόπτουσινς</span> 
     </span>
    </p>
   </div>
   <div class='ocr_carea' id='block_1_42' title="bbox 370 2236 2019 2318">
    <p class='ocr_par' dir='ltr' id='par_1_42' title="bbox 370 2236 2019 2318">
     <span class='ocr_line' id='line_1_42' title="bbox 370 2236 2019 2318; baseline 0.004 -27"><span class='ocrx_word' id='word_1_278' title='bbox 370 2238 467 2296; x_wconf 84' lang='grc' dir='ltr'><strong>Οἷς</strong></span> <span class='ocrx_word' id='word_1_279' title='bbox 501 2237 544 2290; x_wconf 84' lang='grc' dir='ltr'>εἰ</span> <span class='ocrx_word' id='word_1_280' title='bbox 576 2237 652 2309; x_wconf 67' lang='grc' dir='ltr'>μὴ</span> <span class='ocrx_word' id='word_1_281' title='bbox 688 2241 752 2305; x_wconf 79' lang='grc' dir='ltr'>ἦν</span> <span class='ocrx_word' id='word_1_282' title='bbox 798 2236 1158 2316; x_wconf 79' lang='grc' dir='ltr'>ἀναλογοῦντα</span> <span class='ocrx_word' id='word_1_283' title='bbox 1201 2238 1267 2295; x_wconf 75' lang='grc' dir='ltr'>τὰ</span> <span class='ocrx_word' id='word_1_284' title='bbox 1310 2239 1478 2317; x_wconf 77' lang='grc' dir='ltr'>κάτω,</span> <span class='ocrx_word' id='word_1_285' title='bbox 1536 2241 1667 2318; x_wconf 81' lang='grc' dir='ltr'>πρὸς</span> <span class='ocrx_word' id='word_1_286' title='bbox 1726 2241 1907 2299; x_wconf 75' lang='grc' dir='ltr'>οὐδένα</span> <span class='ocrx_word' id='word_1_287' title='bbox 1956 2243 2019 2298; x_wconf 71' lang='grc' dir='ltr'>ἄν</span> 
     </span>
    </p>
   </div>
   <div class='ocr_carea' id='block_1_43' title="bbox 370 2324 2018 2409">
    <p class='ocr_par' dir='ltr' id='par_1_43' title="bbox 370 2324 2018 2409">
     <span class='ocr_line' id='line_1_43' title="bbox 370 2324 2018 2409; baseline 0.007 -32"><span class='ocrx_word' id='word_1_288' title='bbox 370 2325 652 2402; x_wconf 73' lang='grc' dir='ltr'>χρόνοντὸ</span> <span class='ocrx_word' id='word_1_289' title='bbox 685 2333 817 2396; x_wconf 78' lang='grc' dir='ltr'>ζῶον</span> <span class='ocrx_word' id='word_1_290' title='bbox 847 2324 1116 2404; x_wconf 75' lang='grc' dir='ltr'>διήρκεσε.</span> <span class='ocrx_word' id='word_1_291' title='bbox 1179 2334 1280 2384; x_wconf 76' lang='grc' dir='ltr'>Νῦν</span> <span class='ocrx_word' id='word_1_292' title='bbox 1331 2325 1384 2382; x_wconf 78' lang='grc' dir='ltr'>δὲ</span> <span class='ocrx_word' id='word_1_293' title='bbox 1429 2327 1532 2394; x_wconf 70' lang='grc' dir='ltr'>ἤδη</span> <span class='ocrx_word' id='word_1_294' title='bbox 1583 2331 1725 2392; x_wconf 80' lang='grc' dir='ltr'>τινὲς</span> <span class='ocrx_word' id='word_1_295' title='bbox 1757 2334 2018 2409; x_wconf 80' lang='grc' dir='ltr'>ἱστοροῦσι</span> 
     </span>
    </p>
   </div>
   <div class='ocr_carea' id='block_1_44' title="bbox 368 2414 2017 2492">
    <p class='ocr_par' dir='ltr' id='par_1_44' title="bbox 368 2414 2017 2492">
     <span class='ocr_line' id='line_1_44' title="bbox 368 2414 2017 2492; baseline 0.006 -26"><span class='ocrx_word' id='word_1_296' title='bbox 368 2414 453 2468; x_wconf 85' lang='grc' dir='ltr'><strong>καὶ</strong></span> <span class='ocrx_word' id='word_1_297' title='bbox 481 2417 756 2492; x_wconf 86' lang='grc' dir='ltr'>τριακόσια</span> <span class='ocrx_word' id='word_1_298' title='bbox 816 2416 906 2482; x_wconf 77' lang='grc' dir='ltr'><strong>ἔτη</strong></span> <span class='ocrx_word' id='word_1_299' title='bbox 969 2418 1055 2471; x_wconf 83' lang='grc' dir='ltr'>καὶ</span> <span class='ocrx_word' id='word_1_300' title='bbox 1100 2415 1266 2471; x_wconf 83' lang='grc' dir='ltr'>πλείω</span> <span class='ocrx_word' id='word_1_301' title='bbox 1325 2417 1521 2472; x_wconf 67' lang='grc' dir='ltr'>τούτων</span> <span class='ocrx_word' id='word_1_302' title='bbox 1565 2415 1710 2474; x_wconf 77' lang='grc' dir='ltr'>ϐιοῦν</span> <span class='ocrx_word' id='word_1_303' title='bbox 1747 2422 1835 2476; x_wconf 81' lang='grc' dir='ltr'>τὸν</span> <span class='ocrx_word' id='word_1_304' title='bbox 1895 2420 2017 2476; x_wconf 85' lang='grc' dir='ltr'>ἐλέ-</span> 
     </span>
    </p>
   </div>
   <div class='ocr_carea' id='block_1_45' title="bbox 641 2503 2014 2588">
    <p class='ocr_par' dir='ltr' id='par_1_45' title="bbox 641 2503 2014 2588">
     <span class='ocr_line' id='line_1_45' title="bbox 641 2503 2014 2588; baseline 0.004 -28"><span class='ocrx_word' id='word_1_305' title='bbox 641 2503 724 2560; x_wconf 80' lang='grc' dir='ltr'>διὰ</span> <span class='ocrx_word' id='word_1_306' title='bbox 783 2514 934 2562; x_wconf 82' lang='grc' dir='ltr'>τοῦτο</span> <span class='ocrx_word' id='word_1_307' title='bbox 993 2508 1345 2583; x_wconf 83' lang='grc' dir='ltr'>συμπεπηγὸς</span> <span class='ocrx_word' id='word_1_308' title='bbox 1389 2505 1508 2584; x_wconf 67' lang='grc'><strong>(60)</strong></span> <span class='ocrx_word' id='word_1_309' title='bbox 1539 2509 1626 2563; x_wconf 85' lang='grc' dir='ltr'><strong>καὶ</strong></span> <span class='ocrx_word' id='word_1_310' title='bbox 1660 2510 1718 2563; x_wconf 77' lang='grc' dir='ltr'>οὐ</span> <span class='ocrx_word' id='word_1_311' title='bbox 1751 2508 2014 2588; x_wconf 83' lang='grc' dir='ltr'>διηρθρω-</span> 
     </span>
    </p>
   </div>
   <div class='ocr_carea' id='block_1_46' title="bbox 369 2591 2014 2678">
    <p class='ocr_par' dir='ltr' id='par_1_46' title="bbox 369 2591 2014 2678">
     <span class='ocr_line' id='line_1_46' title="bbox 369 2591 2014 2678; baseline 0.004 -33"><span class='ocrx_word' id='word_1_312' title='bbox 369 2591 524 2665; x_wconf 83' lang='grc' dir='ltr'>μένον</span> <span class='ocrx_word' id='word_1_313' title='bbox 574 2595 637 2649; x_wconf 77' lang='grc' dir='ltr'>τὰ</span> <span class='ocrx_word' id='word_1_314' title='bbox 689 2594 857 2656; x_wconf 80' lang='grc' dir='ltr'>κῶλα,</span> <span class='ocrx_word' id='word_1_315' title='bbox 916 2595 1024 2660; x_wconf 69' lang='grc' dir='ltr'>Τὴν</span> <span class='ocrx_word' id='word_1_316' title='bbox 1083 2594 1137 2650; x_wconf 75' lang='grc' dir='ltr'><strong>δὲ</strong></span> <span class='ocrx_word' id='word_1_317' title='bbox 1184 2596 1408 2672; x_wconf 77' lang='grc' dir='ltr'>τροφὴν,</span> <span class='ocrx_word' id='word_1_318' title='bbox 1465 2595 1644 2675; x_wconf 82' lang='grc' dir='ltr'>ὤσπερ</span> <span class='ocrx_word' id='word_1_319' title='bbox 1697 2597 1918 2678; x_wconf 74' lang='grc' dir='ltr'>ἔφαμεν,</span> <span class='ocrx_word' id='word_1_320' title='bbox 1981 2601 2014 2666; x_wconf 83' lang='grc' dir='ltr'>ἡ</span> 
     </span>
    </p>
   </div>
   <div class='ocr_carea' id='block_1_47' title="bbox 367 2684 2016 2766">
    <p class='ocr_par' dir='ltr' id='par_1_47' title="bbox 367 2684 2016 2766">
     <span class='ocr_line' id='line_1_47' title="bbox 367 2684 2016 2766; baseline 0.003 -29"><span class='ocrx_word' id='word_1_321' title='bbox 367 2685 661 2760; x_wconf 86' lang='grc' dir='ltr'>προνομαία</span> <span class='ocrx_word' id='word_1_322' title='bbox 719 2687 956 2765; x_wconf 68' lang='grc' dir='ltr'>χαμόθεν</span> <span class='ocrx_word' id='word_1_323' title='bbox 1016 2684 1100 2740; x_wconf 80' lang='grc' dir='ltr'>ἐπὶ</span> <span class='ocrx_word' id='word_1_324' title='bbox 1152 2687 1210 2740; x_wconf 80' lang='grc' dir='ltr'>τὸ</span> <span class='ocrx_word' id='word_1_325' title='bbox 1266 2684 1396 2759; x_wconf 67' lang='grc' dir='ltr'>ὕψος</span> <span class='ocrx_word' id='word_1_326' title='bbox 1431 2685 1746 2762; x_wconf 76' lang='grc' dir='ltr'>διακομίζει,</span> <span class='ocrx_word' id='word_1_327' title='bbox 1782 2686 2016 2766; x_wconf 72' lang='grc' dir='ltr'>ὀφιώδης</span> 
     </span>
    </p>
   </div>
   <div class='ocr_carea' id='block_1_48' title="bbox 368 2521 583 2580">
    <p class='ocr_par' dir='ltr' id='par_1_48' title="bbox 368 2521 583 2580">
     <span class='ocr_line' id='line_1_48' title="bbox 368 2521 583 2580; baseline 0.005 -23"><span class='ocrx_word' id='word_1_328' title='bbox 368 2524 534 2580; x_wconf 76' lang='grc' dir='ltr'>φαντα</span> <span class='ocrx_word' id='word_1_329' title='bbox 571 2521 583 2533; x_wconf 82' lang='grc'><strong><em>⁸</em></strong></span> 
     </span>
    </p>
   </div>
   <div class='ocr_carea' id='block_1_49' title="bbox 364 2774 2014 2853">
    <p class='ocr_par' dir='ltr' id='par_1_49' title="bbox 364 2774 2014 2853">
     <span class='ocr_line' id='line_1_49' title="bbox 364 2774 2014 2853; baseline 0.004 -27"><span class='ocrx_word' id='word_1_330' title='bbox 364 2794 445 2835; x_wconf 84' lang='grc' dir='ltr'><strong>τις</strong></span> <span class='ocrx_word' id='word_1_331' title='bbox 497 2775 625 2829; x_wconf 76' lang='grc' dir='ltr'>οὖσα</span> <span class='ocrx_word' id='word_1_332' title='bbox 685 2777 772 2830; x_wconf 88' lang='grc' dir='ltr'><strong>καὶ</strong></span> <span class='ocrx_word' id='word_1_333' title='bbox 830 2774 1084 2852; x_wconf 77' lang='grc' dir='ltr'>ὑγροτέρα</span> <span class='ocrx_word' id='word_1_334' title='bbox 1144 2775 1241 2841; x_wconf 73' lang='grc' dir='ltr'><strong>τὴν</strong></span> <span class='ocrx_word' id='word_1_335' title='bbox 1301 2775 1474 2853; x_wconf 76' lang='grc' dir='ltr'>φύσιν,</span> <span class='ocrx_word' id='word_1_336' title='bbox 1519 2775 1702 2838; x_wconf 78' lang='grc' dir='ltr'>Οῦτως</span> <span class='ocrx_word' id='word_1_337' title='bbox 1749 2776 1954 2843; x_wconf 77' lang='grc' dir='ltr'>ἀληθὴς</span> <span class='ocrx_word' id='word_1_338' title='bbox 1988 2781 2014 2833; x_wconf 82' lang='grc' dir='ltr'>ὁ</span> 
     </span>
    </p>
   </div>
   <div class='ocr_carea' id='block_1_50' title="bbox 365 2860 2014 2942">
    <p class='ocr_par' dir='ltr' id='par_1_50' title="bbox 365 2860 2014 2942">
     <span class='ocr_line' id='line_1_50' title="bbox 365 2860 2014 2942; baseline 0.004 -27"><span class='ocrx_word' id='word_1_339' title='bbox 365 2860 546 2942; x_wconf 78' lang='grc' dir='ltr'>λόγος,</span> <span class='ocrx_word' id='word_1_340' title='bbox 594 2863 673 2920; x_wconf 76' lang='grc' dir='ltr'>ὅτι</span> <span class='ocrx_word' id='word_1_341' title='bbox 720 2863 865 2922; x_wconf 69' lang='grc' dir='ltr'>οὖδέν</span> <span class='ocrx_word' id='word_1_342' title='bbox 910 2866 1150 2942; x_wconf 79' lang='grc' dir='ltr'>περιττὸν</span> <span class='ocrx_word' id='word_1_343' title='bbox 1210 2861 1326 2921; x_wconf 69' lang='grc' dir='ltr'>οὔδε</span> <span class='ocrx_word' id='word_1_344' title='bbox 1374 2863 1626 2921; x_wconf 78' lang='grc' dir='ltr'>ἐλλεῖπον</span> <span class='ocrx_word' id='word_1_345' title='bbox 1659 2867 1712 2920; x_wconf 82' lang='grc' dir='ltr'><strong>ἐν</strong></span> <span class='ocrx_word' id='word_1_346' title='bbox 1741 2879 1859 2928; x_wconf 72' lang='grc' dir='ltr'>τοῖς</span> <span class='ocrx_word' id='word_1_347' title='bbox 1891 2888 2014 2921; x_wconf 89' lang='grc' dir='ltr'>κτι-</span> 
     </span>
    </p>
   </div>
   <div class='ocr_carea' id='block_1_51' title="bbox 365 2953 2015 3030">
    <p class='ocr_par' dir='ltr' id='par_1_51' title="bbox 365 2953 2015 3030">
     <span class='ocr_line' id='line_1_51' title="bbox 365 2953 2015 3030; baseline 0.002 -24"><span class='ocrx_word' id='word_1_348' title='bbox 365 2953 538 3007; x_wconf 77' lang='grc' dir='ltr'>σθεῖσι</span> <span class='ocrx_word' id='word_1_349' title='bbox 572 2953 786 3010; x_wconf 78' lang='grc' dir='ltr'>δυνατὸν</span> <span class='ocrx_word' id='word_1_350' title='bbox 846 2955 1142 3030; x_wconf 61' lang='grc' dir='ltr'>εὓρεθῖδναι.</span> <span class='ocrx_word' id='word_1_351' title='bbox 1203 2961 1368 3011; x_wconf 87' lang='grc' dir='ltr'>Τοῦτο</span> <span class='ocrx_word' id='word_1_352' title='bbox 1423 2955 1605 3028; x_wconf 74' lang='grc' dir='ltr'>μέντοι</span> <span class='ocrx_word' id='word_1_353' title='bbox 1660 2963 1909 3011; x_wconf 65' lang='grc' dir='ltr'>τοσοῦτον</span> <span class='ocrx_word' id='word_1_354' title='bbox 1957 2957 2015 3010; x_wconf 81' lang='grc' dir='ltr'>ὂν</span> 
     </span>
    </p>
   </div>
   <div class='ocr_carea' id='block_1_52' title="bbox 363 3043 2014 3123">
    <p class='ocr_par' dir='ltr' id='par_1_52' title="bbox 363 3043 2014 3123">
     <span class='ocr_line' id='line_1_52' title="bbox 363 3043 2014 3123; baseline 0.002 -27"><span class='ocrx_word' id='word_1_355' title='bbox 363 3048 438 3113; x_wconf 77' lang='grc' dir='ltr'>τῷ</span> <span class='ocrx_word' id='word_1_356' title='bbox 509 3044 740 3121; x_wconf 79' lang='grc' dir='ltr'>μεγέθει,</span> <span class='ocrx_word' id='word_1_357' title='bbox 821 3045 1127 3123; x_wconf 73' lang='grc' dir='ltr'>ῦποχείριον</span> <span class='ocrx_word' id='word_1_358' title='bbox 1216 3045 1344 3112; x_wconf 65' lang='grc' dir='ltr'>ημῖν</span> <span class='ocrx_word' id='word_1_359' title='bbox 1415 3043 1742 3112; x_wconf 78' lang='grc' dir='ltr'>κατέστησεν</span> <span class='ocrx_word' id='word_1_360' title='bbox 1799 3048 1825 3100; x_wconf 71' lang='grc' dir='ltr'>ὅ</span> <span class='ocrx_word' id='word_1_361' title='bbox 1887 3046 2014 3107; x_wconf 81' lang='grc' dir='ltr'>Θεὸς</span> 
     </span>
    </p>
   </div>
   <div class='ocr_carea' id='block_1_53' title="bbox 2109 1874 3752 1956">
    <p class='ocr_par' dir='ltr' id='par_1_53' title="bbox 2109 1874 3752 1956">
     <span class='ocr_line' id='line_1_53' title="bbox 2109 1874 3752 1956; baseline 0.003 -24"><span class='ocrx_word' id='word_1_362' title='bbox 2109 1876 2432 1956; x_wconf 76' lang='lat' dir='ltr'><strong>demissus,</strong></span> <span class='ocrx_word' id='word_1_363' title='bbox 2458 1877 2563 1937; x_wconf 91' lang='lat' dir='ltr'><strong>fuit</strong></span> <span class='ocrx_word' id='word_1_364' title='bbox 2590 1877 2988 1938; x_wconf 87' lang='lat' dir='ltr'><strong>necessarius.</strong></span> <span class='ocrx_word' id='word_1_365' title='bbox 3022 1875 3232 1937; x_wconf 89' lang='lat' dir='ltr'><strong>Nonne</strong></span> <span class='ocrx_word' id='word_1_366' title='bbox 3260 1875 3426 1936; x_wconf 89' lang='lat' dir='ltr'><strong>vides</strong></span> <span class='ocrx_word' id='word_1_367' title='bbox 3457 1875 3517 1935; x_wconf 86' lang='lat' dir='ltr'><strong>in</strong></span> <span class='ocrx_word' id='word_1_368' title='bbox 3550 1874 3752 1952; x_wconf 90' lang='lat' dir='ltr'><strong>bellis,</strong></span> 
     </span>
    </p>
   </div>
   <div class='ocr_carea' id='block_1_54' title="bbox 2108 1965 3750 2045">
    <p class='ocr_par' dir='ltr' id='par_1_54' title="bbox 2108 1965 3750 2045">
     <span class='ocr_line' id='line_1_54' title="bbox 2108 1965 3750 2045; baseline 0.001 -25"><span class='ocrx_word' id='word_1_369' title='bbox 2108 1965 2261 2042; x_wconf 78' lang='lat' dir='ltr'><strong>quod</strong></span> <span class='ocrx_word' id='word_1_370' title='bbox 2290 1966 2447 2025; x_wconf 70' lang='lat' dir='ltr'><strong>velut</strong></span> <span class='ocrx_word' id='word_1_371' title='bbox 2477 1967 2746 2026; x_wconf 60' lang='lat' dir='ltr'><strong>animatae</strong></span> <span class='ocrx_word' id='word_1_372' title='bbox 2772 1967 3039 2045; x_wconf 67' lang='lat' dir='ltr'><strong>quaedam</strong></span> <span class='ocrx_word' id='word_1_373' title='bbox 3067 1977 3261 2026; x_wconf 92' lang='lat' dir='ltr'><strong>turres</strong></span> <span class='ocrx_word' id='word_1_374' title='bbox 3293 1966 3482 2024; x_wconf 86' lang='lat' dir='ltr'><strong>aciem</strong></span> <span class='ocrx_word' id='word_1_375' title='bbox 3520 1982 3750 2044; x_wconf 61' lang='lat' dir='ltr'><strong>prace-</strong></span> 
     </span>
    </p>
   </div>
   <div class='ocr_carea' id='block_1_55' title="bbox 2107 2053 3754 2134">
    <p class='ocr_par' dir='ltr' id='par_1_55' title="bbox 2107 2053 3754 2134">
     <span class='ocr_line' id='line_1_55' title="bbox 2107 2053 3754 2134; baseline 0 -23"><span class='ocrx_word' id='word_1_376' title='bbox 2107 2057 2248 2114; x_wconf 85' lang='lat' dir='ltr'><strong>daut</strong></span> <span class='ocrx_word' id='word_1_377' title='bbox 2275 2055 2302 2098; x_wconf 70' lang='lat'><strong>9</strong></span> <span class='ocrx_word' id='word_1_378' title='bbox 2326 2063 2427 2114; x_wconf 89' lang='lat' dir='ltr'><strong>aut</strong></span> <span class='ocrx_word' id='word_1_379' title='bbox 2458 2057 2614 2132; x_wconf 88' lang='lat' dir='ltr'><strong>quod</strong></span> <span class='ocrx_word' id='word_1_380' title='bbox 2651 2057 2805 2115; x_wconf 91' lang='lat' dir='ltr'><strong>velut</strong></span> <span class='ocrx_word' id='word_1_381' title='bbox 2833 2055 3030 2116; x_wconf 82' lang='lat' dir='ltr'><strong>carnei</strong></span> <span class='ocrx_word' id='word_1_382' title='bbox 3060 2054 3293 2134; x_wconf 85' lang='lat' dir='ltr'><strong>quidam</strong></span> <span class='ocrx_word' id='word_1_383' title='bbox 3331 2053 3754 2132; x_wconf 80' lang='lat' dir='ltr'><strong>colles,int0le-</strong></span> 
     </span>
    </p>
   </div>
   <div class='ocr_carea' id='block_1_56' title="bbox 2106 2143 3756 2224">
    <p class='ocr_par' dir='ltr' id='par_1_56' title="bbox 2106 2143 3756 2224">
     <span class='ocr_line' id='line_1_56' title="bbox 2106 2143 3756 2224; baseline -0.001 -21"><span class='ocrx_word' id='word_1_384' title='bbox 2106 2143 2281 2206; x_wconf 78' lang='lat' dir='ltr'><strong>rabili</strong></span> <span class='ocrx_word' id='word_1_385' title='bbox 2308 2145 2533 2223; x_wconf 85' lang='lat' dir='ltr'><strong>impetu</strong></span> <span class='ocrx_word' id='word_1_386' title='bbox 2555 2145 3073 2224; x_wconf 89' lang='lat' dir='ltr'><strong>impulsi,densata</strong></span> <span class='ocrx_word' id='word_1_387' title='bbox 3095 2143 3349 2204; x_wconf 87' lang='lat' dir='ltr'><strong>hostium</strong></span> <span class='ocrx_word' id='word_1_388' title='bbox 3371 2143 3606 2220; x_wconf 82' lang='lat' dir='ltr'><strong>agmina</strong></span> <span class='ocrx_word' id='word_1_389' title='bbox 3625 2161 3756 2220; x_wconf 85' lang='lat' dir='ltr'><strong>per-</strong></span> 
     </span>
    </p>
   </div>
   <div class='ocr_carea' id='block_1_57' title="bbox 2105 2230 3748 2313">
    <p class='ocr_par' dir='ltr' id='par_1_57' title="bbox 2105 2230 3748 2313">
     <span class='ocr_line' id='line_1_57' title="bbox 2105 2230 3748 2313; baseline -0.001 -21"><span class='ocrx_word' id='word_1_390' title='bbox 2105 2233 2642 2312; x_wconf 85' lang='lat' dir='ltr'><strong>rumpant?Quibus</strong></span> <span class='ocrx_word' id='word_1_391' title='bbox 2665 2234 2776 2294; x_wconf 90' lang='lat' dir='ltr'><strong>nisi</strong></span> <span class='ocrx_word' id='word_1_392' title='bbox 2805 2243 3002 2313; x_wconf 90' lang='lat' dir='ltr'><strong>partes</strong></span> <span class='ocrx_word' id='word_1_393' title='bbox 3027 2233 3275 2294; x_wconf 64' lang='lat' dir='ltr'><strong>infernae</strong></span> <span class='ocrx_word' id='word_1_394' title='bbox 3295 2230 3748 2311; x_wconf 76' lang='lat' dir='ltr'><strong>reSponderent,</strong></span> 
     </span>
    </p>
   </div>
   <div class='ocr_carea' id='block_1_58' title="bbox 2103 2322 3748 2404">
    <p class='ocr_par' dir='ltr' id='par_1_58' title="bbox 2103 2322 3748 2404">
     <span class='ocr_line' id='line_1_58' title="bbox 2103 2322 3748 2404; baseline -0.002 -22"><span class='ocrx_word' id='word_1_395' title='bbox 2103 2331 2372 2400; x_wconf 83' lang='lat' dir='ltr'><strong>tempore</strong></span> <span class='ocrx_word' id='word_1_396' title='bbox 2389 2325 2510 2385; x_wconf 92' lang='lat' dir='ltr'><strong>ullo</strong></span> <span class='ocrx_word' id='word_1_397' title='bbox 2529 2324 2848 2404; x_wconf 88' lang='lat' dir='ltr'><strong>persistere</strong></span> <span class='ocrx_word' id='word_1_398' title='bbox 2867 2323 3083 2384; x_wconf 90' lang='lat' dir='ltr'><strong>animal</strong></span> <span class='ocrx_word' id='word_1_399' title='bbox 3104 2322 3246 2382; x_wconf 90' lang='lat' dir='ltr'><strong>illud</strong></span> <span class='ocrx_word' id='word_1_400' title='bbox 3265 2322 3510 2382; x_wconf 89' lang='lat' dir='ltr'><strong>minime</strong></span> <span class='ocrx_word' id='word_1_401' title='bbox 3529 2329 3748 2400; x_wconf 88' lang='lat' dir='ltr'><strong>posset.</strong></span> 
     </span>
    </p>
   </div>
   <div class='ocr_carea' id='block_1_59' title="bbox 2104 2409 3755 2474">
    <p class='ocr_par' dir='ltr' id='par_1_59' title="bbox 2104 2409 3755 2474">
     <span class='ocr_line' id='line_1_59' title="bbox 2104 2409 3755 2474; baseline 0 -4"><span class='ocrx_word' id='word_1_402' title='bbox 2104 2411 2272 2472; x_wconf 87' lang='lat' dir='ltr'><strong>Nunc</strong></span> <span class='ocrx_word' id='word_1_403' title='bbox 2305 2424 2502 2474; x_wconf 89' lang='lat' dir='ltr'><strong>autem</strong></span> <span class='ocrx_word' id='word_1_404' title='bbox 2549 2414 2819 2474; x_wconf 91' lang='lat' dir='ltr'><strong>referunt</strong></span> <span class='ocrx_word' id='word_1_405' title='bbox 2873 2411 3145 2474; x_wconf 87' lang='lat' dir='ltr'><strong>nonnulli</strong></span> <span class='ocrx_word' id='word_1_406' title='bbox 3181 2409 3461 2472; x_wconf 88' lang='lat' dir='ltr'><strong>trecentis</strong></span> <span class='ocrx_word' id='word_1_407' title='bbox 3491 2409 3664 2469; x_wconf 87' lang='lat' dir='ltr'><strong>annis</strong></span> <span class='ocrx_word' id='word_1_408' title='bbox 3696 2417 3755 2470; x_wconf 87' lang='lat' dir='ltr'><strong>et</strong></span> 
     </span>
    </p>
   </div>
   <div class='ocr_carea' id='block_1_60' title="bbox 2101 2499 3754 2582">
    <p class='ocr_par' dir='ltr' id='par_1_60' title="bbox 2101 2499 3754 2582">
     <span class='ocr_line' id='line_1_60' title="bbox 2101 2499 3754 2582; baseline -0.002 -21"><span class='ocrx_word' id='word_1_409' title='bbox 2101 2502 2360 2579; x_wconf 80' lang='lat' dir='ltr'><strong>amplius</strong></span> <span class='ocrx_word' id='word_1_410' title='bbox 2384 2503 2588 2562; x_wconf 80' lang='lat' dir='ltr'><strong>vivere</strong></span> <span class='ocrx_word' id='word_1_411' title='bbox 2621 2504 3025 2582; x_wconf 87' lang='lat' dir='ltr'><strong>elephantem:</strong></span> <span class='ocrx_word' id='word_1_412' title='bbox 3069 2511 3384 2582; x_wconf 88' lang='lat' dir='ltr'><strong>propterea</strong></span> <span class='ocrx_word' id='word_1_413' title='bbox 3417 2500 3600 2580; x_wconf 82' lang='lat' dir='ltr'><strong>pedes</strong></span> <span class='ocrx_word' id='word_1_414' title='bbox 3622 2499 3754 2576; x_wconf 90' lang='lat' dir='ltr'><strong>ejus</strong></span> 
     </span>
    </p>
   </div>
   <div class='ocr_carea' id='block_1_61' title="bbox 2101 2588 3750 2670">
    <p class='ocr_par' dir='ltr' id='par_1_61' title="bbox 2101 2588 3750 2670">
     <span class='ocr_line' id='line_1_61' title="bbox 2101 2588 3750 2670; baseline -0.001 -19"><span class='ocrx_word' id='word_1_415' title='bbox 2101 2593 2392 2670; x_wconf 75' lang='lat' dir='ltr'><strong>rmupacti</strong></span> <span class='ocrx_word' id='word_1_416' title='bbox 2428 2601 2586 2663; x_wconf 90' lang='lat' dir='ltr'><strong>sunt,</strong></span> <span class='ocrx_word' id='word_1_417' title='bbox 2625 2612 2733 2658; x_wconf 90' lang='lat' dir='ltr'><strong>nec</strong></span> <span class='ocrx_word' id='word_1_418' title='bbox 2762 2593 2896 2652; x_wconf 89' lang='lat' dir='ltr'><strong>ullis</strong></span> <span class='ocrx_word' id='word_1_419' title='bbox 2927 2593 3196 2654; x_wconf 89' lang='lat' dir='ltr'><strong>articulis</strong></span> <span class='ocrx_word' id='word_1_420' title='bbox 3222 2591 3590 2651; x_wconf 87' lang='lat' dir='ltr'><strong>dividuntur.</strong></span> <span class='ocrx_word' id='word_1_421' title='bbox 3619 2588 3750 2650; x_wconf 62' lang='lat' dir='ltr'><strong>Cai-</strong></span> 
     </span>
    </p>
   </div>
   <div class='ocr_carea' id='block_1_62' title="bbox 2105 2679 3752 2760">
    <p class='ocr_par' dir='ltr' id='par_1_62' title="bbox 2105 2679 3752 2760">
     <span class='ocr_line' id='line_1_62' title="bbox 2105 2679 3752 2760; baseline -0.001 -21"><span class='ocrx_word' id='word_1_422' title='bbox 2105 2683 2411 2753; x_wconf 88' lang='lat' dir='ltr'><strong>terum,uti</strong></span> <span class='ocrx_word' id='word_1_423' title='bbox 2438 2683 2719 2754; x_wconf 80' lang='lat' dir='ltr'><strong>diximus,</strong></span> <span class='ocrx_word' id='word_1_424' title='bbox 2748 2682 3058 2760; x_wconf 91' lang='lat' dir='ltr'><strong>proboscis</strong></span> <span class='ocrx_word' id='word_1_425' title='bbox 3083 2691 3294 2742; x_wconf 90' lang='lat' dir='ltr'><strong>eterra</strong></span> <span class='ocrx_word' id='word_1_426' title='bbox 3316 2697 3552 2740; x_wconf 89' lang='lat' dir='ltr'><strong>sursum</strong></span> <span class='ocrx_word' id='word_1_427' title='bbox 3580 2679 3752 2739; x_wconf 82' lang='lat' dir='ltr'><strong>eﬂ&#39;ert</strong></span> 
     </span>
    </p>
   </div>
   <div class='ocr_carea' id='block_1_63' title="bbox 2099 2767 3746 2852">
    <p class='ocr_par' dir='ltr' id='par_1_63' title="bbox 2099 2767 3746 2852">
     <span class='ocr_line' id='line_1_63' title="bbox 2099 2767 3746 2852; baseline -0.004 -20"><span class='ocrx_word' id='word_1_428' title='bbox 2099 2772 2553 2832; x_wconf 75' lang='lat' dir='ltr'><strong>alimontmn:ea</strong></span> <span class='ocrx_word' id='word_1_429' title='bbox 2578 2790 2791 2850; x_wconf 86' lang='lat' dir='ltr'><strong>nempe</strong></span> <span class='ocrx_word' id='word_1_430' title='bbox 2817 2771 3115 2852; x_wconf 87' lang='lat' dir='ltr'><strong>serpentis</strong></span> <span class='ocrx_word' id='word_1_431' title='bbox 3139 2769 3322 2830; x_wconf 88' lang='lat' dir='ltr'><strong>habet</strong></span> <span class='ocrx_word' id='word_1_432' title='bbox 3355 2767 3746 2848; x_wconf 87' lang='lat' dir='ltr'><strong>speciem,at-</strong></span> 
     </span>
    </p>
   </div>
   <div class='ocr_carea' id='block_1_64' title="bbox 2102 2856 3748 2940">
    <p class='ocr_par' dir='ltr' id='par_1_64' title="bbox 2102 2856 3748 2940">
     <span class='ocr_line' id='line_1_64' title="bbox 2102 2856 3748 2940; baseline 0 -24"><span class='ocrx_word' id='word_1_433' title='bbox 2102 2881 2214 2940; x_wconf 88' lang='lat' dir='ltr'><strong>que</strong></span> <span class='ocrx_word' id='word_1_434' title='bbox 2239 2881 2304 2921; x_wconf 78' lang='lat' dir='ltr'><strong>ex</strong></span> <span class='ocrx_word' id='word_1_435' title='bbox 2327 2883 2430 2922; x_wconf 89' lang='lat' dir='ltr'><strong>sua</strong></span> <span class='ocrx_word' id='word_1_436' title='bbox 2480 2871 2686 2922; x_wconf 90' lang='lat' dir='ltr'><strong>natura</strong></span> <span class='ocrx_word' id='word_1_437' title='bbox 2711 2860 2940 2921; x_wconf 87' lang='lat' dir='ltr'><strong>facilius</strong></span> <span class='ocrx_word' id='word_1_438' title='bbox 2974 2859 3252 2920; x_wconf 80' lang='lat' dir='ltr'><strong>flectitur.</strong></span> <span class='ocrx_word' id='word_1_439' title='bbox 3280 2858 3442 2919; x_wconf 87' lang='lat' dir='ltr'><strong>Adeo</strong></span> <span class='ocrx_word' id='word_1_440' title='bbox 3477 2875 3611 2916; x_wconf 88' lang='lat' dir='ltr'><strong>vera</strong></span> <span class='ocrx_word' id='word_1_441' title='bbox 3647 2856 3748 2916; x_wconf 90' lang='lat' dir='ltr'><strong>illa</strong></span> 
     </span>
    </p>
   </div>
   <div class='ocr_carea' id='block_1_65' title="bbox 2101 2945 3744 3030">
    <p class='ocr_par' dir='ltr' id='par_1_65' title="bbox 2101 2945 3744 3030">
     <span class='ocr_line' id='line_1_65' title="bbox 2101 2945 3744 3030; baseline -0.004 -20"><span class='ocrx_word' id='word_1_442' title='bbox 2101 2951 2394 3010; x_wconf 72' lang='lat' dir='ltr'><strong>sent.:utia</strong></span> <span class='ocrx_word' id='word_1_443' title='bbox 2415 2951 2682 3024; x_wconf 89' lang='lat' dir='ltr'><strong>est,nihil</strong></span> <span class='ocrx_word' id='word_1_444' title='bbox 2705 2951 2858 3030; x_wconf 92' lang='lat' dir='ltr'><strong>quod</strong></span> <span class='ocrx_word' id='word_1_445' title='bbox 2881 2959 2981 3010; x_wconf 90' lang='lat' dir='ltr'><strong>aut</strong></span> <span class='ocrx_word' id='word_1_446' title='bbox 3001 2949 3322 3021; x_wconf 88' lang='lat' dir='ltr'><strong>redundet,</strong></span> <span class='ocrx_word' id='word_1_447' title='bbox 3359 2956 3459 3008; x_wconf 90' lang='lat' dir='ltr'><strong>aut</strong></span> <span class='ocrx_word' id='word_1_448' title='bbox 3483 2945 3744 3024; x_wconf 86' lang='lat' dir='ltr'><strong>deficiat,</strong></span> 
     </span>
    </p>
   </div>
   <div class='ocr_carea' id='block_1_66' title="bbox 2101 3033 3746 3119">
    <p class='ocr_par' dir='ltr' id='par_1_66' title="bbox 2101 3033 3746 3119">
     <span class='ocr_line' id='line_1_66' title="bbox 2101 3033 3746 3119; baseline -0.001 -23"><span class='ocrx_word' id='word_1_449' title='bbox 2101 3045 2155 3098; x_wconf 90' lang='lat' dir='ltr'><strong>in</strong></span> <span class='ocrx_word' id='word_1_450' title='bbox 2191 3040 2370 3099; x_wconf 76' lang='lat' dir='ltr'><strong>rebus</strong></span> <span class='ocrx_word' id='word_1_451' title='bbox 2400 3040 2614 3101; x_wconf 89' lang='lat' dir='ltr'><strong>creatis</strong></span> <span class='ocrx_word' id='word_1_452' title='bbox 2647 3041 2899 3100; x_wconf 85' lang='lat' dir='ltr'><strong>inveniri</strong></span> <span class='ocrx_word' id='word_1_453' title='bbox 2935 3057 3128 3119; x_wconf 91' lang='lat' dir='ltr'><strong>posse.</strong></span> <span class='ocrx_word' id='word_1_454' title='bbox 3177 3036 3357 3116; x_wconf 82' lang='lat' dir='ltr'><strong>Atqui</strong></span> <span class='ocrx_word' id='word_1_455' title='bbox 3391 3033 3534 3095; x_wconf 91' lang='lat' dir='ltr'><strong>illud</strong></span> <span class='ocrx_word' id='word_1_456' title='bbox 3571 3039 3746 3096; x_wconf 62' lang='lat' dir='ltr'><strong>tanta}</strong></span> 
     </span>
    </p>
   </div>
   <div class='ocr_carea' id='block_1_67' title="bbox 363 3125 2009 3216">
    <p class='ocr_par' dir='ltr' id='par_1_67' title="bbox 363 3129 2009 3209">
     <span class='ocr_line' id='line_1_67' title="bbox 363 3129 2009 3209; baseline 0.002 -25"><span class='ocrx_word' id='word_1_457' title='bbox 363 3129 528 3208; x_wconf 74' lang='grc' dir='ltr'>(ὥστε</span> <span class='ocrx_word' id='word_1_458' title='bbox 580 3135 666 3187; x_wconf 82' lang='grc' dir='ltr'><strong>καὶ</strong></span> <span class='ocrx_word' id='word_1_459' title='bbox 755 3131 1132 3207; x_wconf 73' lang='grc' dir='ltr'>διδασκόμενον</span> <span class='ocrx_word' id='word_1_460' title='bbox 1211 3131 1464 3209; x_wconf 78' lang='grc' dir='ltr'>συνιέναι,</span> <span class='ocrx_word' id='word_1_461' title='bbox 1527 3135 1614 3188; x_wconf 88' lang='grc' dir='ltr'><strong>καὶ</strong></span> <span class='ocrx_word' id='word_1_462' title='bbox 1686 3134 2009 3206; x_wconf 81' lang='grc' dir='ltr'>τυπτόμενον</span> 
     </span>
    </p>
   </div>
   <div class='ocr_carea' id='block_1_68' title="bbox 2099 3125 3747 3216">
    <p class='ocr_par' dir='ltr' id='par_1_68' title="bbox 2107 3125 3747 3208">
     <span class='ocr_line' id='line_1_68' title="bbox 2107 3125 3747 3208; baseline -0.003 -21"><span class='ocrx_word' id='word_1_463' title='bbox 2107 3130 2530 3208; x_wconf 71' lang='lat' dir='ltr'><strong>magnitudinis</strong></span> <span class='ocrx_word' id='word_1_464' title='bbox 2550 3131 2765 3191; x_wconf 90' lang='lat' dir='ltr'><strong>animal</strong></span> <span class='ocrx_word' id='word_1_465' title='bbox 2796 3129 2967 3189; x_wconf 92' lang='lat' dir='ltr'><strong>nobis</strong></span> <span class='ocrx_word' id='word_1_466' title='bbox 3001 3131 3156 3192; x_wconf 89' lang='lat' dir='ltr'><strong>Deus</strong></span> <span class='ocrx_word' id='word_1_467' title='bbox 3178 3125 3465 3187; x_wconf 87' lang='lat' dir='ltr'><strong>subdidit:</strong></span> <span class='ocrx_word' id='word_1_468' title='bbox 3499 3125 3650 3184; x_wconf 89' lang='lat' dir='ltr'><strong>adeo</strong></span> <span class='ocrx_word' id='word_1_469' title='bbox 3685 3131 3747 3182; x_wconf 91' lang='lat' dir='ltr'><strong>ut</strong></span> 
     </span>
    </p>
   </div>
   <div class='ocr_carea' id='block_1_69' title="bbox 361 3212 2009 3302">
    <p class='ocr_par' dir='ltr' id='par_1_69' title="bbox 361 3220 2009 3302">
     <span class='ocr_line' id='line_1_69' title="bbox 361 3220 2009 3302; baseline 0.001 -26"><span class='ocrx_word' id='word_1_470' title='bbox 361 3220 794 3302; x_wconf 68' lang='grc' dir='ltr'>καταδέχεσθαι),</span> <span class='ocrx_word' id='word_1_471' title='bbox 860 3223 1092 3300; x_wconf 80' lang='grc' dir='ltr'>ἐναργῶς</span> <span class='ocrx_word' id='word_1_472' title='bbox 1145 3223 1289 3295; x_wconf 71' lang='grc' dir='ltr'>ἡμᾶς</span> <span class='ocrx_word' id='word_1_473' title='bbox 1339 3220 1691 3296; x_wconf 72' lang='grc' dir='ltr'>ἐκδιδάσκων,</span> <span class='ocrx_word' id='word_1_474' title='bbox 1726 3223 1806 3279; x_wconf 81' lang='grc' dir='ltr'><strong>ὅτι</strong></span> <span class='ocrx_word' id='word_1_475' title='bbox 1846 3226 2009 3280; x_wconf 70' lang='grc' dir='ltr'>πσίντα</span> 
     </span>
    </p>
   </div>
   <div class='ocr_carea' id='block_1_70' title="bbox 2099 3212 3746 3302">
    <p class='ocr_par' dir='ltr' id='par_1_70' title="bbox 2106 3212 3746 3302">
     <span class='ocr_line' id='line_1_70' title="bbox 2106 3212 3746 3302; baseline -0.004 -24"><span class='ocrx_word' id='word_1_476' title='bbox 2106 3220 2154 3278; x_wconf 88' lang='lat' dir='ltr'><strong>si</strong></span> <span class='ocrx_word' id='word_1_477' title='bbox 2188 3219 2814 3300; x_wconf 79' lang='lat' dir='ltr'><strong>doceatur,intelligat;</strong></span> <span class='ocrx_word' id='word_1_478' title='bbox 2843 3219 2891 3279; x_wconf 91' lang='lat' dir='ltr'><strong>si</strong></span> <span class='ocrx_word' id='word_1_479' title='bbox 2925 3214 3609 3298; x_wconf 81' lang='lat' dir='ltr'><strong>percutiatur,perferat.</strong></span> <span class='ocrx_word' id='word_1_480' title='bbox 3646 3212 3746 3302; x_wconf 83' lang='lat' dir='ltr'><strong>Ni-</strong></span> 
     </span>
    </p>
   </div>
   <div class='ocr_carea' id='block_1_71' title="bbox 361 3309 2017 3391">
    <p class='ocr_par' dir='ltr' id='par_1_71' title="bbox 361 3309 2017 3391">
     <span class='ocr_line' id='line_1_71' title="bbox 361 3309 2017 3391; baseline 0.001 -25"><span class='ocrx_word' id='word_1_481' title='bbox 361 3309 614 3375; x_wconf 78' lang='grc' dir='ltr'>ῦπέταξεν</span> <span class='ocrx_word' id='word_1_482' title='bbox 651 3314 806 3391; x_wconf 63' lang='grc' dir='ltr'>ἡμῖν,</span> <span class='ocrx_word' id='word_1_483' title='bbox 849 3310 933 3367; x_wconf 77' lang='grc' dir='ltr'>διὰ</span> <span class='ocrx_word' id='word_1_484' title='bbox 979 3314 1039 3366; x_wconf 78' lang='grc' dir='ltr'>τὸ</span> <span class='ocrx_word' id='word_1_485' title='bbox 1097 3311 1216 3366; x_wconf 88' lang='grc' dir='ltr'>κατ’</span> <span class='ocrx_word' id='word_1_486' title='bbox 1268 3311 1446 3366; x_wconf 79' lang='grc' dir='ltr'>εἰκόνα</span> <span class='ocrx_word' id='word_1_487' title='bbox 1488 3313 1632 3384; x_wconf 73' lang='grc' dir='ltr'>ἡμᾶς</span> <span class='ocrx_word' id='word_1_488' title='bbox 1691 3317 2017 3379; x_wconf 79' lang='grc' dir='ltr'>πεποιῆσθαι</span> 
     </span>
    </p>
   </div>
   <div class='ocr_carea' id='block_1_72' title="bbox 365 3397 1349 3477">
    <p class='ocr_par' dir='ltr' id='par_1_72' title="bbox 365 3397 1349 3477">
     <span class='ocr_line' id='line_1_72' title="bbox 365 3397 1349 3477; baseline -0.003 -21"><span class='ocrx_word' id='word_1_489' title='bbox 365 3397 485 3477; x_wconf 65' lang='grc'><strong>(61)</strong></span> <span class='ocrx_word' id='word_1_490' title='bbox 516 3409 607 3456; x_wconf 76' lang='grc' dir='ltr'><strong>τοῦ</strong></span> <span class='ocrx_word' id='word_1_491' title='bbox 639 3403 935 3464; x_wconf 82' lang='grc' dir='ltr'>κτίσαντος.</span> <span class='ocrx_word' id='word_1_492' title='bbox 973 3401 1043 3458; x_wconf 67' lang='lat'><strong>0&#39;3</strong></span> <span class='ocrx_word' id='word_1_493' title='bbox 1085 3401 1246 3475; x_wconf 87' lang='grc' dir='ltr'>μόνον</span> <span class='ocrx_word' id='word_1_494' title='bbox 1296 3398 1349 3454; x_wconf 76' lang='grc' dir='ltr'><em>δὲ</em></span> 
     </span>
    </p>
   </div>
   <div class='ocr_carea' id='block_1_73' title="bbox 360 3489 2012 3570">
    <p class='ocr_par' dir='ltr' id='par_1_73' title="bbox 360 3489 2012 3570">
     <span class='ocr_line' id='line_1_73' title="bbox 360 3489 2012 3570; baseline 0.002 -26"><span class='ocrx_word' id='word_1_495' title='bbox 360 3489 510 3558; x_wconf 85' lang='grc' dir='ltr'>ζώων</span> <span class='ocrx_word' id='word_1_496' title='bbox 541 3491 638 3556; x_wconf 69' lang='grc' dir='ltr'><strong>τὴν</strong></span> <span class='ocrx_word' id='word_1_497' title='bbox 669 3490 1066 3570; x_wconf 73' lang='grc' dir='ltr'>ἀνεξιχνίαστον</span> <span class='ocrx_word' id='word_1_498' title='bbox 1126 3491 1311 3568; x_wconf 79' lang='grc' dir='ltr'>σοφίαν</span> <span class='ocrx_word' id='word_1_499' title='bbox 1361 3490 1528 3555; x_wconf 73' lang='grc' dir='ltr'>ἔξεστι</span> <span class='ocrx_word' id='word_1_500' title='bbox 1560 3489 1825 3564; x_wconf 74' lang='grc' dir='ltr'>κατιδεῖν,</span> <span class='ocrx_word' id='word_1_501' title='bbox 1875 3490 2012 3548; x_wconf 79' lang='grc' dir='ltr'>ἀλλὰ</span> 
     </span>
    </p>
   </div>
   <div class='ocr_carea' id='block_1_74' title="bbox 361 3578 2011 3658">
    <p class='ocr_par' dir='ltr' id='par_1_74' title="bbox 361 3578 2011 3658">
     <span class='ocr_line' id='line_1_74' title="bbox 361 3578 2011 3658; baseline 0.001 -24"><span class='ocrx_word' id='word_1_502' title='bbox 361 3581 445 3634; x_wconf 74' lang='grc' dir='ltr'><strong>καὶ</strong></span> <span class='ocrx_word' id='word_1_503' title='bbox 492 3578 545 3634; x_wconf 86' lang='grc' dir='ltr'>ἐν</span> <span class='ocrx_word' id='word_1_504' title='bbox 590 3592 708 3641; x_wconf 59' lang='grc' dir='ltr'>τους</span> <span class='ocrx_word' id='word_1_505' title='bbox 767 3579 1107 3656; x_wconf 59' lang='grc' dir='ltr'>μικροτάτοις</span> <span class='ocrx_word' id='word_1_506' title='bbox 1151 3579 1300 3636; x_wconf 73' lang='grc' dir='ltr'>οῦδὲν</span> <span class='ocrx_word' id='word_1_507' title='bbox 1358 3579 1578 3635; x_wconf 74' lang='grc' dir='ltr'>ἔλαττον</span> <span class='ocrx_word' id='word_1_508' title='bbox 1608 3593 1916 3658; x_wconf 77' lang='grc' dir='ltr'>συναγεῖραι</span> <span class='ocrx_word' id='word_1_509' title='bbox 1950 3582 2011 3636; x_wconf 85' lang='grc' dir='ltr'>τὸ</span> 
     </span>
    </p>
   </div>
   <div class='ocr_carea' id='block_1_75' title="bbox 358 3667 2009 3747">
    <p class='ocr_par' dir='ltr' id='par_1_75' title="bbox 358 3667 2009 3747">
     <span class='ocr_line' id='line_1_75' title="bbox 358 3667 2009 3747; baseline 0.001 -23"><span class='ocrx_word' id='word_1_510' title='bbox 358 3671 531 3743; x_wconf 75' lang='grc' dir='ltr'>θαῦμα</span> <span class='ocrx_word' id='word_1_511' title='bbox 601 3667 823 3747; x_wconf 62' lang='grc' dir='ltr'>’Ὥσπερ</span> <span class='ocrx_word' id='word_1_512' title='bbox 881 3671 981 3746; x_wconf 80' lang='grc' dir='ltr'><strong>γὰρ</strong></span> <span class='ocrx_word' id='word_1_513' title='bbox 1038 3669 1096 3723; x_wconf 69' lang='grc' dir='ltr'>οὔ</span> <span class='ocrx_word' id='word_1_514' title='bbox 1147 3667 1348 3731; x_wconf 78' lang='grc' dir='ltr'>μᾶλλον</span> <span class='ocrx_word' id='word_1_515' title='bbox 1401 3669 1652 3742; x_wconf 75' lang='grc' dir='ltr'>θαυμάζω</span> <span class='ocrx_word' id='word_1_516' title='bbox 1696 3670 1793 3730; x_wconf 81' lang='grc' dir='ltr'>τὰς</span> <span class='ocrx_word' id='word_1_517' title='bbox 1831 3671 2009 3746; x_wconf 75' lang='grc' dir='ltr'>μεγά-</span> 
     </span>
    </p>
   </div>
   <div class='ocr_carea' id='block_1_76' title="bbox 359 3756 2008 3838">
    <p class='ocr_par' dir='ltr' id='par_1_76' title="bbox 359 3756 2008 3838">
     <span class='ocr_line' id='line_1_76' title="bbox 359 3756 2008 3838; baseline 0.003 -28"><span class='ocrx_word' id='word_1_518' title='bbox 359 3757 455 3820; x_wconf 80' lang='grc' dir='ltr'><strong>λας</strong></span> <span class='ocrx_word' id='word_1_519' title='bbox 481 3765 584 3812; x_wconf 81' lang='grc' dir='ltr'>τῶν</span> <span class='ocrx_word' id='word_1_520' title='bbox 616 3761 750 3835; x_wconf 75' lang='grc' dir='ltr'>ὁρῶν</span> <span class='ocrx_word' id='word_1_521' title='bbox 800 3760 1053 3838; x_wconf 65' lang='grc' dir='ltr'>κορυφὰς,</span> <span class='ocrx_word' id='word_1_522' title='bbox 1110 3761 1165 3814; x_wconf 75' lang='grc' dir='ltr'>αἳ</span> <span class='ocrx_word' id='word_1_523' title='bbox 1228 3759 1304 3832; x_wconf 75' lang='grc' dir='ltr'><strong>τῷ</strong></span> <span class='ocrx_word' id='word_1_524' title='bbox 1334 3756 1560 3824; x_wconf 75' lang='grc' dir='ltr'>πλησίον</span> <span class='ocrx_word' id='word_1_525' title='bbox 1605 3758 1748 3813; x_wconf 78' lang='grc' dir='ltr'>εἶναι</span> <span class='ocrx_word' id='word_1_526' title='bbox 1779 3764 1884 3814; x_wconf 79' lang='grc' dir='ltr'>τῶν</span> <span class='ocrx_word' id='word_1_527' title='bbox 1916 3781 2008 3814; x_wconf 74' lang='grc' dir='ltr'>νε·</span> 
     </span>
    </p>
   </div>
   <div class='ocr_carea' id='block_1_77' title="bbox 360 3847 2008 3930">
    <p class='ocr_par' dir='ltr' id='par_1_77' title="bbox 360 3847 2008 3930">
     <span class='ocr_line' id='line_1_77' title="bbox 360 3847 2008 3930; baseline -0.001 -27"><span class='ocrx_word' id='word_1_528' title='bbox 360 3853 470 3927; x_wconf 76' lang='grc' dir='ltr'>φῶν</span> <span class='ocrx_word' id='word_1_529' title='bbox 515 3854 582 3925; x_wconf 76' lang='grc' dir='ltr'>τῇ</span> <span class='ocrx_word' id='word_1_530' title='bbox 612 3862 834 3930; x_wconf 73' lang='grc' dir='ltr'>συνεχεῖ</span> <span class='ocrx_word' id='word_1_531' title='bbox 891 3851 1170 3926; x_wconf 75' lang='grc' dir='ltr'>περιπνοία</span> <span class='ocrx_word' id='word_1_532' title='bbox 1213 3847 1524 3919; x_wconf 80' lang='grc' dir='ltr'>διασώζουσι</span> <span class='ocrx_word' id='word_1_533' title='bbox 1584 3849 1642 3904; x_wconf 74' lang='grc' dir='ltr'>τὸ</span> <span class='ocrx_word' id='word_1_534' title='bbox 1702 3849 2008 3930; x_wconf 64' lang='grc' dir='ltr'>χειμέριον,</span> 
     </span>
    </p>
   </div>
   <div class='ocr_carea' id='block_1_78' title="bbox 356 3936 2009 4018">
    <p class='ocr_par' dir='ltr' id='par_1_78' title="bbox 356 3936 2009 4018">
     <span class='ocr_line' id='line_1_78' title="bbox 356 3936 2009 4018; baseline 0.001 -26"><span class='ocrx_word' id='word_1_535' title='bbox 356 3938 392 4006; x_wconf 73' lang='grc' dir='ltr'><strong>ἢ</strong></span> <span class='ocrx_word' id='word_1_536' title='bbox 426 3939 520 4005; x_wconf 81' lang='grc' dir='ltr'>τὴν</span> <span class='ocrx_word' id='word_1_537' title='bbox 552 3937 605 3993; x_wconf 75' lang='grc' dir='ltr'><strong>ἐν</strong></span> <span class='ocrx_word' id='word_1_538' title='bbox 649 3954 772 4001; x_wconf 76' lang='grc' dir='ltr'>ταῖς</span> <span class='ocrx_word' id='word_1_539' title='bbox 832 3937 1050 4018; x_wconf 78' lang='grc' dir='ltr'>φύραγξι</span> <span class='ocrx_word' id='word_1_540' title='bbox 1101 3937 1415 4011; x_wconf 74' lang='grc' dir='ltr'>κοιλότητα,</span> <span class='ocrx_word' id='word_1_541' title='bbox 1451 3937 1510 3993; x_wconf 76' lang='grc' dir='ltr'><strong>οὒ</strong></span> <span class='ocrx_word' id='word_1_542' title='bbox 1559 3937 1722 4012; x_wconf 81' lang='grc' dir='ltr'>μόνον</span> <span class='ocrx_word' id='word_1_543' title='bbox 1753 3939 1814 3993; x_wconf 85' lang='grc' dir='ltr'><strong>τὸ</strong></span> <span class='ocrx_word' id='word_1_544' title='bbox 1843 3936 2009 4007; x_wconf 81' lang='grc' dir='ltr'>δυσή-</span> 
     </span>
    </p>
   </div>
   <div class='ocr_carea' id='block_1_79' title="bbox 2103 3301 3743 3388">
    <p class='ocr_par' dir='ltr' id='par_1_79' title="bbox 2103 3301 3743 3388">
     <span class='ocr_line' id='line_1_79' title="bbox 2103 3301 3743 3388; baseline -0.002 -22"><span class='ocrx_word' id='word_1_545' title='bbox 2103 3308 2316 3367; x_wconf 82' lang='lat' dir='ltr'><strong>1nirum</strong></span> <span class='ocrx_word' id='word_1_546' title='bbox 2354 3309 2512 3369; x_wconf 62' lang='lat' dir='ltr'><strong>tlarc</strong></span> <span class='ocrx_word' id='word_1_547' title='bbox 2548 3328 2654 3368; x_wconf 90' lang='lat' dir='ltr'><strong>nos</strong></span> <span class='ocrx_word' id='word_1_548' title='bbox 2687 3309 2898 3369; x_wconf 87' lang='lat' dir='ltr'><strong>edocet</strong></span> <span class='ocrx_word' id='word_1_549' title='bbox 2921 3306 3078 3388; x_wconf 87' lang='lat' dir='ltr'><strong>quod</strong></span> <span class='ocrx_word' id='word_1_550' title='bbox 3103 3306 3171 3366; x_wconf 87' lang='lat' dir='ltr'><strong>ad</strong></span> <span class='ocrx_word' id='word_1_551' title='bbox 3209 3303 3504 3367; x_wconf 85' lang='lat' dir='ltr'><strong>Creatoris</strong></span> <span class='ocrx_word' id='word_1_552' title='bbox 3528 3301 3743 3379; x_wconf 87' lang='lat' dir='ltr'><strong>imagi-</strong></span> 
     </span>
    </p>
   </div>
   <div class='ocr_carea' id='block_1_80' title="bbox 1383 3393 2009 3477">
    <p class='ocr_par' dir='ltr' id='par_1_80' title="bbox 1383 3399 2009 3477">
     <span class='ocr_line' id='line_1_80' title="bbox 1383 3399 2009 3477; baseline 0.005 -23"><span class='ocrx_word' id='word_1_553' title='bbox 1383 3399 1433 3454; x_wconf 80' lang='grc' dir='ltr'>ἐν</span> <span class='ocrx_word' id='word_1_554' title='bbox 1466 3413 1584 3464; x_wconf 73' lang='grc' dir='ltr'>τοῖς</span> <span class='ocrx_word' id='word_1_555' title='bbox 1617 3400 1877 3477; x_wconf 76' lang='grc' dir='ltr'>μεγάλοις</span> <span class='ocrx_word' id='word_1_556' title='bbox 1912 3409 2009 3458; x_wconf 69' lang='grc' dir='ltr'>τῶν</span> 
     </span>
    </p>
   </div>
   <div class='ocr_carea' id='block_1_81' title="bbox 2099 3393 3746 3477">
    <p class='ocr_par' dir='ltr' id='par_1_81' title="bbox 2104 3393 3746 3471">
     <span class='ocr_line' id='line_1_81' title="bbox 2104 3393 3746 3471; baseline -0.004 -16"><span class='ocrx_word' id='word_1_557' title='bbox 2104 3417 2236 3456; x_wconf 76' lang='lat' dir='ltr'><strong>m&#39;m</strong></span> <span class='ocrx_word' id='word_1_558' title='bbox 2275 3398 2498 3458; x_wconf 60' lang='lat' dir='ltr'><strong>uenditi</strong></span> <span class='ocrx_word' id='word_1_559' title='bbox 2528 3417 2753 3471; x_wconf 91' lang='lat' dir='ltr'><strong>sumus,</strong></span> <span class='ocrx_word' id='word_1_560' title='bbox 2809 3399 2884 3458; x_wconf 90' lang='lat' dir='ltr'><strong>ob</strong></span> <span class='ocrx_word' id='word_1_561' title='bbox 2949 3399 3005 3457; x_wconf 84' lang='lat' dir='ltr'><strong>id</strong></span> <span class='ocrx_word' id='word_1_562' title='bbox 3057 3396 3229 3457; x_wconf 90' lang='lat' dir='ltr'><strong>nobis</strong></span> <span class='ocrx_word' id='word_1_563' title='bbox 3263 3394 3446 3455; x_wconf 90' lang='lat' dir='ltr'><strong>fuisse</strong></span> <span class='ocrx_word' id='word_1_564' title='bbox 3478 3393 3746 3471; x_wconf 79' lang='lat' dir='ltr'><strong>subjecta</strong></span> 
     </span>
    </p>
   </div>
   <div class='ocr_carea' id='block_1_82' title="bbox 2101 3483 3743 3564">
    <p class='ocr_par' dir='ltr' id='par_1_82' title="bbox 2101 3483 3743 3564">
     <span class='ocr_line' id='line_1_82' title="bbox 2101 3483 3743 3564; baseline -0.003 -19"><span class='ocrx_word' id='word_1_565' title='bbox 2101 3487 2456 3548; x_wconf 77' lang='lat' dir='ltr'><strong>omnia.Non</strong></span> <span class='ocrx_word' id='word_1_566' title='bbox 2484 3488 2672 3548; x_wconf 84' lang='lat' dir='ltr'><strong>solum</strong></span> <span class='ocrx_word' id='word_1_567' title='bbox 2699 3500 2894 3548; x_wconf 74' lang='lat' dir='ltr'><strong>autem</strong></span> <span class='ocrx_word' id='word_1_568' title='bbox 2921 3487 2978 3546; x_wconf 91' lang='lat' dir='ltr'><strong>in</strong></span> <span class='ocrx_word' id='word_1_569' title='bbox 3007 3487 3235 3564; x_wconf 80' lang='lat' dir='ltr'><strong>magnis</strong></span> <span class='ocrx_word' id='word_1_570' title='bbox 3257 3483 3743 3545; x_wconf 87' lang='lat' dir='ltr'><strong>animalibusim-</strong></span> 
     </span>
    </p>
   </div>
   <div class='ocr_carea' id='block_1_83' title="bbox 2099 3572 3744 3655">
    <p class='ocr_par' dir='ltr' id='par_1_83' title="bbox 2099 3572 3744 3655">
     <span class='ocr_line' id='line_1_83' title="bbox 2099 3572 3744 3655; baseline -0.001 -22"><span class='ocrx_word' id='word_1_571' title='bbox 2099 3576 2606 3654; x_wconf 67' lang='lat' dir='ltr'><strong>pervestigabilcm</strong></span> <span class='ocrx_word' id='word_1_572' title='bbox 2630 3575 2980 3655; x_wconf 87' lang='lat' dir='ltr'><strong>sapientiam</strong></span> <span class='ocrx_word' id='word_1_573' title='bbox 3007 3576 3207 3636; x_wconf 92' lang='lat' dir='ltr'><strong>videre</strong></span> <span class='ocrx_word' id='word_1_574' title='bbox 3230 3572 3456 3646; x_wconf 90' lang='lat' dir='ltr'><strong>est,sed</strong></span> <span class='ocrx_word' id='word_1_575' title='bbox 3481 3572 3656 3633; x_wconf 89' lang='lat' dir='ltr'><strong>etiam</strong></span> <span class='ocrx_word' id='word_1_576' title='bbox 3685 3572 3744 3631; x_wconf 92' lang='lat' dir='ltr'><strong>in</strong></span> 
     </span>
    </p>
   </div>
   <div class='ocr_carea' id='block_1_84' title="bbox 2097 3659 3738 3739">
    <p class='ocr_par' dir='ltr' id='par_1_84' title="bbox 2097 3659 3738 3739">
     <span class='ocr_line' id='line_1_84' title="bbox 2097 3659 3738 3739; baseline -0.003 -16"><span class='ocrx_word' id='word_1_577' title='bbox 2097 3665 2360 3726; x_wconf 90' lang='lat' dir='ltr'><strong>minimis</strong></span> <span class='ocrx_word' id='word_1_578' title='bbox 2393 3666 2577 3726; x_wconf 88' lang='lat' dir='ltr'><strong>nihilo</strong></span> <span class='ocrx_word' id='word_1_579' title='bbox 2645 3668 2873 3726; x_wconf 89' lang='lat' dir='ltr'><strong>minora</strong></span> <span class='ocrx_word' id='word_1_580' title='bbox 2919 3665 3206 3725; x_wconf 86' lang='lat' dir='ltr'><strong>miracula</strong></span> <span class='ocrx_word' id='word_1_581' title='bbox 3259 3662 3541 3739; x_wconf 79' lang='lat' dir='ltr'><strong>colligere</strong></span> <span class='ocrx_word' id='word_1_582' title='bbox 3573 3659 3738 3722; x_wconf 88' lang='lat' dir='ltr'><strong>licet.</strong></span> 
     </span>
    </p>
   </div>
   <div class='ocr_carea' id='block_1_85' title="bbox 2097 3747 3734 3833">
    <p class='ocr_par' dir='ltr' id='par_1_85' title="bbox 2097 3747 3734 3833">
     <span class='ocr_line' id='line_1_85' title="bbox 2097 3747 3734 3833; baseline 0.001 -25"><span class='ocrx_word' id='word_1_583' title='bbox 2097 3754 2607 3825; x_wconf 79' lang='lat' dir='ltr'><strong>Quemadmodum</strong></span> <span class='ocrx_word' id='word_1_584' title='bbox 2645 3757 2800 3816; x_wconf 91' lang='lat' dir='ltr'><strong>enim</strong></span> <span class='ocrx_word' id='word_1_585' title='bbox 2838 3773 3047 3833; x_wconf 86' lang='lat' dir='ltr'><strong>magna</strong></span> <span class='ocrx_word' id='word_1_586' title='bbox 3078 3751 3366 3814; x_wconf 90' lang='lat' dir='ltr'><strong>montium</strong></span> <span class='ocrx_word' id='word_1_587' title='bbox 3399 3747 3734 3820; x_wconf 88' lang='lat' dir='ltr'><strong>cacumina,</strong></span> 
     </span>
    </p>
   </div>
   <div class='ocr_carea' id='block_1_86' title="bbox 2096 3838 3740 3923">
    <p class='ocr_par' dir='ltr' id='par_1_86' title="bbox 2096 3838 3740 3923">
     <span class='ocr_line' id='line_1_86' title="bbox 2096 3838 3740 3923; baseline -0.005 -19"><span class='ocrx_word' id='word_1_588' title='bbox 2096 3862 2226 3922; x_wconf 77' lang='lat' dir='ltr'><strong>quae</strong></span> <span class='ocrx_word' id='word_1_589' title='bbox 2243 3843 2317 3904; x_wconf 94' lang='lat' dir='ltr'><strong>ob</strong></span> <span class='ocrx_word' id='word_1_590' title='bbox 2344 3844 2587 3904; x_wconf 88' lang='lat' dir='ltr'><strong>nubium</strong></span> <span class='ocrx_word' id='word_1_591' title='bbox 2607 3844 2971 3905; x_wconf 89' lang='lat' dir='ltr'><strong>vicinitatem</strong></span> <span class='ocrx_word' id='word_1_592' title='bbox 2999 3841 3430 3923; x_wconf 88' lang='lat' dir='ltr'><strong>percontinuos</strong></span> <span class='ocrx_word' id='word_1_593' title='bbox 3453 3841 3626 3899; x_wconf 83' lang='lat' dir='ltr'><strong>ﬂatus</strong></span> <span class='ocrx_word' id='word_1_594' title='bbox 3651 3838 3740 3897; x_wconf 92' lang='lat' dir='ltr'><strong>hi-</strong></span> 
     </span>
    </p>
   </div>
   <div class='ocr_carea' id='block_1_87' title="bbox 2097 3929 3736 4012">
    <p class='ocr_par' dir='ltr' id='par_1_87' title="bbox 2097 3929 3736 4012">
     <span class='ocr_line' id='line_1_87' title="bbox 2097 3929 3736 4012; baseline -0.002 -21"><span class='ocrx_word' id='word_1_595' title='bbox 2097 3932 2343 3991; x_wconf 70' lang='lat' dir='ltr'><strong>bernum</strong></span> <span class='ocrx_word' id='word_1_596' title='bbox 2375 3933 2556 4012; x_wconf 82' lang='lat' dir='ltr'><strong>frigus</strong></span> <span class='ocrx_word' id='word_1_597' title='bbox 2581 3944 3081 4006; x_wconf 89' lang='lat' dir='ltr'><strong>conservant,nou</strong></span> <span class='ocrx_word' id='word_1_598' title='bbox 3108 3931 3294 3991; x_wconf 90' lang='lat' dir='ltr'><strong>miror</strong></span> <span class='ocrx_word' id='word_1_599' title='bbox 3321 3929 3526 4007; x_wconf 83' lang='lat' dir='ltr'><strong>magis,</strong></span> <span class='ocrx_word' id='word_1_600' title='bbox 3558 3945 3736 4007; x_wconf 90' lang='lat' dir='ltr'><strong>quam</strong></span> 
     </span>
    </p>
   </div>
   <div class='ocr_carea' id='block_1_88' title="bbox 358 4017 2009 4108">
    <p class='ocr_par' dir='ltr' id='par_1_88' title="bbox 358 4027 2009 4108">
     <span class='ocr_line' id='line_1_88' title="bbox 358 4027 2009 4108; baseline 0.001 -27"><span class='ocrx_word' id='word_1_601' title='bbox 358 4050 516 4103; x_wconf 89' lang='grc' dir='ltr'>νεμον</span> <span class='ocrx_word' id='word_1_602' title='bbox 566 4035 670 4084; x_wconf 64' lang='grc' dir='ltr'>τῶν</span> <span class='ocrx_word' id='word_1_603' title='bbox 727 4028 951 4104; x_wconf 69' lang='grc' dir='ltr'>ὑψηλῶν</span> <span class='ocrx_word' id='word_1_604' title='bbox 1003 4027 1416 4108; x_wconf 73' lang='grc' dir='ltr'><strong>δεαφεόγουσαν⁷</strong></span> <span class='ocrx_word' id='word_1_605' title='bbox 1468 4027 1605 4084; x_wconf 73' lang='grc' dir='ltr'>ἀλλὰ</span> <span class='ocrx_word' id='word_1_606' title='bbox 1635 4029 1722 4084; x_wconf 84' lang='grc' dir='ltr'><strong>καὶ</strong></span> <span class='ocrx_word' id='word_1_607' title='bbox 1770 4027 2009 4084; x_wconf 75' lang='grc' dir='ltr'>ἀλεεινὸν</span> 
     </span>
    </p>
   </div>
   <div class='ocr_carea' id='block_1_89' title="bbox 2099 4017 3735 4108">
    <p class='ocr_par' dir='ltr' id='par_1_89' title="bbox 2099 4017 3735 4102">
     <span class='ocr_line' id='line_1_89' title="bbox 2099 4017 3735 4102; baseline -0.001 -21"><span class='ocrx_word' id='word_1_608' title='bbox 2099 4023 2328 4083; x_wconf 84' lang='lat' dir='ltr'><strong>vallium</strong></span> <span class='ocrx_word' id='word_1_609' title='bbox 2356 4041 2632 4096; x_wconf 82' lang='lat' dir='ltr'><strong>concava,</strong></span> <span class='ocrx_word' id='word_1_610' title='bbox 2671 4042 2800 4102; x_wconf 65' lang='lat' dir='ltr'><strong>qua;</strong></span> <span class='ocrx_word' id='word_1_611' title='bbox 2841 4043 2958 4082; x_wconf 91' lang='lat' dir='ltr'><strong>non</strong></span> <span class='ocrx_word' id='word_1_612' title='bbox 2987 4023 3177 4082; x_wconf 88' lang='lat' dir='ltr'><strong>solum</strong></span> <span class='ocrx_word' id='word_1_613' title='bbox 3200 4029 3507 4082; x_wconf 89' lang='lat' dir='ltr'><strong>ventorum</strong></span> <span class='ocrx_word' id='word_1_614' title='bbox 3542 4017 3735 4080; x_wconf 89' lang='lat' dir='ltr'><strong>subli-</strong></span> 
     </span>
    </p>
   </div>
   <div class='ocr_carea' id='block_1_90' title="bbox 357 4110 2009 4198">
    <p class='ocr_par' dir='ltr' id='par_1_90' title="bbox 357 4117 2008 4198">
     <span class='ocr_line' id='line_1_90' title="bbox 357 4117 2008 4198; baseline 0 -26"><span class='ocrx_word' id='word_1_615' title='bbox 357 4117 436 4173; x_wconf 74' lang='grc' dir='ltr'><strong>ἀεὶ</strong></span> <span class='ocrx_word' id='word_1_616' title='bbox 488 4119 577 4174; x_wconf 76' lang='grc' dir='ltr'><strong>τὸν</strong></span> <span class='ocrx_word' id='word_1_617' title='bbox 642 4118 770 4195; x_wconf 71' lang='grc' dir='ltr'>ἀέρα</span> <span class='ocrx_word' id='word_1_618' title='bbox 823 4117 1150 4198; x_wconf 74' lang='grc' dir='ltr'>συνέχουσαν</span> <span class='ocrx_word' id='word_1_619' title='bbox 1185 4135 1198 4149; x_wconf 86' lang='grc'>⁶</span> <span class='ocrx_word' id='word_1_620' title='bbox 1261 4119 1422 4182; x_wconf 69' lang='grc' dir='ltr'>οὕτως</span> <span class='ocrx_word' id='word_1_621' title='bbox 1480 4119 1565 4173; x_wconf 77' lang='grc' dir='ltr'><strong>καὶ</strong></span> <span class='ocrx_word' id='word_1_622' title='bbox 1624 4117 1678 4172; x_wconf 82' lang='grc' dir='ltr'><strong>ἐν</strong></span> <span class='ocrx_word' id='word_1_623' title='bbox 1733 4131 1855 4180; x_wconf 75' lang='grc' dir='ltr'>ταῖς</span> <span class='ocrx_word' id='word_1_624' title='bbox 1900 4124 2008 4174; x_wconf 83' lang='grc' dir='ltr'><strong>τῶν</strong></span> 
     </span>
    </p>
   </div>
   <div class='ocr_carea' id='block_1_91' title="bbox 2099 4110 3733 4198">
    <p class='ocr_par' dir='ltr' id='par_1_91' title="bbox 2099 4110 3733 4190">
     <span class='ocr_line' id='line_1_91' title="bbox 2099 4110 3733 4190; baseline 0.001 -19"><span class='ocrx_word' id='word_1_625' title='bbox 2099 4113 2276 4172; x_wconf 88' lang='lat' dir='ltr'><strong>mium</strong></span> <span class='ocrx_word' id='word_1_626' title='bbox 2305 4112 2580 4173; x_wconf 62' lang='lat' dir='ltr'><strong>saevitiam</strong></span> <span class='ocrx_word' id='word_1_627' title='bbox 2607 4111 3034 4177; x_wconf 89' lang='lat' dir='ltr'><strong>declinant,sed</strong></span> <span class='ocrx_word' id='word_1_628' title='bbox 3058 4117 3230 4172; x_wconf 83' lang='lat' dir='ltr'><strong>etiam</strong></span> <span class='ocrx_word' id='word_1_629' title='bbox 3251 4110 3512 4190; x_wconf 92' lang='lat' dir='ltr'><strong>tepidum</strong></span> <span class='ocrx_word' id='word_1_630' title='bbox 3531 4126 3733 4172; x_wconf 88' lang='lat' dir='ltr'><strong>aerem</strong></span> 
     </span>
    </p>
   </div>
   <div class='ocr_carea' id='block_1_92' title="bbox 354 4201 2009 4288">
    <p class='ocr_par' dir='ltr' id='par_1_92' title="bbox 354 4206 2000 4288">
     <span class='ocr_line' id='line_1_92' title="bbox 354 4206 2000 4288; baseline 0.001 -27"><span class='ocrx_word' id='word_1_631' title='bbox 354 4208 502 4277; x_wconf 79' lang='grc' dir='ltr'>ζώων</span> <span class='ocrx_word' id='word_1_632' title='bbox 549 4221 907 4270; x_wconf 69' lang='grc' dir='ltr'>κατασκευαῖς</span> <span class='ocrx_word' id='word_1_633' title='bbox 966 4212 1023 4266; x_wconf 72' lang='grc' dir='ltr'>οὗ</span> <span class='ocrx_word' id='word_1_634' title='bbox 1080 4207 1284 4282; x_wconf 82' lang='grc' dir='ltr'>μᾶλλον</span> <span class='ocrx_word' id='word_1_635' title='bbox 1343 4207 1546 4286; x_wconf 74' lang='grc' dir='ltr'>ἄγαμαι</span> <span class='ocrx_word' id='word_1_636' title='bbox 1606 4209 1696 4264; x_wconf 78' lang='grc' dir='ltr'>τὸν</span> <span class='ocrx_word' id='word_1_637' title='bbox 1741 4206 2000 4288; x_wconf 74' lang='grc' dir='ltr'>ἐλέφαντα</span> 
     </span>
    </p>
   </div>
   <div class='ocr_carea' id='block_1_93' title="bbox 2099 4201 3728 4288">
    <p class='ocr_par' dir='ltr' id='par_1_93' title="bbox 2099 4201 3728 4281">
     <span class='ocr_line' id='line_1_93' title="bbox 2099 4201 3728 4281; baseline 0.001 -20"><span class='ocrx_word' id='word_1_638' title='bbox 2099 4221 2326 4281; x_wconf 67' lang='lat' dir='ltr'><strong>semper</strong></span> <span class='ocrx_word' id='word_1_639' title='bbox 2349 4203 2625 4263; x_wconf 85' lang='lat' dir='ltr'><strong>retinent:</strong></span> <span class='ocrx_word' id='word_1_640' title='bbox 2654 4203 2738 4263; x_wconf 91' lang='lat' dir='ltr'><strong>sic</strong></span> <span class='ocrx_word' id='word_1_641' title='bbox 2771 4203 2945 4263; x_wconf 88' lang='lat' dir='ltr'><strong>etiam</strong></span> <span class='ocrx_word' id='word_1_642' title='bbox 2973 4201 3031 4262; x_wconf 90' lang='lat' dir='ltr'><strong>in</strong></span> <span class='ocrx_word' id='word_1_643' title='bbox 3065 4201 3408 4262; x_wconf 87' lang='lat' dir='ltr'><strong>animalium</strong></span> <span class='ocrx_word' id='word_1_644' title='bbox 3443 4203 3728 4262; x_wconf 81' lang='lat' dir='ltr'><strong>constitu-</strong></span> 
     </span>
    </p>
   </div>
   <div class='ocr_carea' id='block_1_94' title="bbox 354 4290 2009 4376">
    <p class='ocr_par' dir='ltr' id='par_1_94' title="bbox 354 4295 1997 4376">
     <span class='ocr_line' id='line_1_94' title="bbox 354 4295 1997 4376; baseline 0 -25"><span class='ocrx_word' id='word_1_645' title='bbox 354 4296 446 4352; x_wconf 84' lang='grc' dir='ltr'><strong>τοῦ</strong></span> <span class='ocrx_word' id='word_1_646' title='bbox 476 4296 729 4374; x_wconf 84' lang='grc' dir='ltr'>μεγέθους</span> <span class='ocrx_word' id='word_1_647' title='bbox 754 4297 789 4364; x_wconf 76' lang='grc' dir='ltr'>ἢ</span> <span class='ocrx_word' id='word_1_648' title='bbox 822 4299 911 4352; x_wconf 80' lang='grc' dir='ltr'>τὸν</span> <span class='ocrx_word' id='word_1_649' title='bbox 943 4307 1067 4371; x_wconf 75' lang='grc' dir='ltr'>μῦν,</span> <span class='ocrx_word' id='word_1_650' title='bbox 1104 4296 1189 4353; x_wconf 82' lang='grc' dir='ltr'>ὅτι</span> <span class='ocrx_word' id='word_1_651' title='bbox 1220 4295 1440 4376; x_wconf 75' lang='grc' dir='ltr'>φοϐερός</span> <span class='ocrx_word' id='word_1_652' title='bbox 1499 4296 1610 4352; x_wconf 82' lang='grc' dir='ltr'>ἐστι</span> <span class='ocrx_word' id='word_1_653' title='bbox 1643 4304 1718 4371; x_wconf 78' lang='grc' dir='ltr'>τῷ</span> <span class='ocrx_word' id='word_1_654' title='bbox 1770 4296 1997 4376; x_wconf 82' lang='grc' dir='ltr'>ἐλέφαν-</span> 
     </span>
    </p>
   </div>
   <div class='ocr_carea' id='block_1_95' title="bbox 2099 4290 3728 4376">
    <p class='ocr_par' dir='ltr' id='par_1_95' title="bbox 2099 4290 3728 4371">
     <span class='ocr_line' id='line_1_95' title="bbox 2099 4290 3728 4371; baseline 0 -20"><span class='ocrx_word' id='word_1_655' title='bbox 2099 4296 2265 4371; x_wconf 75' lang='lat' dir='ltr'><strong>Liune,</strong></span> <span class='ocrx_word' id='word_1_656' title='bbox 2305 4312 2415 4351; x_wconf 89' lang='lat' dir='ltr'><strong>non</strong></span> <span class='ocrx_word' id='word_1_657' title='bbox 2452 4292 2636 4370; x_wconf 90' lang='lat' dir='ltr'><strong>magis</strong></span> <span class='ocrx_word' id='word_1_658' title='bbox 2667 4292 2930 4352; x_wconf 85' lang='lat' dir='ltr'><strong>admiror</strong></span> <span class='ocrx_word' id='word_1_659' title='bbox 2980 4293 3358 4371; x_wconf 84' lang='lat' dir='ltr'><strong>elephantem</strong></span> <span class='ocrx_word' id='word_1_660' title='bbox 3388 4290 3461 4351; x_wconf 92' lang='lat' dir='ltr'><strong>ob</strong></span> <span class='ocrx_word' id='word_1_661' title='bbox 3499 4293 3728 4368; x_wconf 87' lang='lat' dir='ltr'><strong>magni-</strong></span> 
     </span>
    </p>
   </div>
   <div class='ocr_carea' id='block_1_96' title="bbox 353 4382 2009 4467">
    <p class='ocr_par' dir='ltr' id='par_1_96' title="bbox 353 4385 1998 4467">
     <span class='ocr_line' id='line_1_96' title="bbox 353 4385 1998 4467; baseline -0.001 -25"><span class='ocrx_word' id='word_1_662' title='bbox 353 4408 403 4442; x_wconf 89' lang='grc' dir='ltr'><strong>τι</strong></span> <span class='ocrx_word' id='word_1_663' title='bbox 445 4405 456 4417; x_wconf 92' lang='grc'><strong>·</strong></span> <span class='ocrx_word' id='word_1_664' title='bbox 503 4386 538 4453; x_wconf 71' lang='grc' dir='ltr'><strong>ἢ</strong></span> <span class='ocrx_word' id='word_1_665' title='bbox 569 4388 630 4441; x_wconf 79' lang='grc' dir='ltr'>τὸ</span> <span class='ocrx_word' id='word_1_666' title='bbox 661 4385 989 4442; x_wconf 85' lang='grc' dir='ltr'>λεπτότατον</span> <span class='ocrx_word' id='word_1_667' title='bbox 1019 4396 1110 4445; x_wconf 80' lang='grc' dir='ltr'><strong>τοῦ</strong></span> <span class='ocrx_word' id='word_1_668' title='bbox 1140 4387 1392 4463; x_wconf 86' lang='grc' dir='ltr'>σκορπίου</span> <span class='ocrx_word' id='word_1_669' title='bbox 1451 4385 1688 4467; x_wconf 87' lang='grc' dir='ltr'>κέντρον,</span> <span class='ocrx_word' id='word_1_670' title='bbox 1717 4388 1834 4448; x_wconf 80' lang='grc' dir='ltr'>πῶς</span> <span class='ocrx_word' id='word_1_671' title='bbox 1864 4386 1998 4444; x_wconf 80' lang='grc' dir='ltr'>ἐκοί-</span> 
     </span>
    </p>
   </div>
   <div class='ocr_carea' id='block_1_97' title="bbox 2099 4382 3735 4467">
    <p class='ocr_par' dir='ltr' id='par_1_97' title="bbox 2099 4382 3735 4464">
     <span class='ocr_line' id='line_1_97' title="bbox 2099 4382 3735 4464; baseline 0.002 -24"><span class='ocrx_word' id='word_1_672' title='bbox 2099 4387 2556 4462; x_wconf 87' lang='lat' dir='ltr'><strong>.mlinem,quam</strong></span> <span class='ocrx_word' id='word_1_673' title='bbox 2583 4383 2942 4464; x_wconf 92' lang='lat' dir='ltr'><strong>murem,qui</strong></span> <span class='ocrx_word' id='word_1_674' title='bbox 2971 4382 3323 4444; x_wconf 89' lang='lat' dir='ltr'><strong>metuendus</strong></span> <span class='ocrx_word' id='word_1_675' title='bbox 3342 4383 3735 4460; x_wconf 78' lang='lat' dir='ltr'><strong>estelephan-</strong></span> 
     </span>
    </p>
   </div>
   <div class='ocr_carea' id='block_1_98' title="bbox 353 4473 2009 4575">
    <p class='ocr_par' dir='ltr' id='par_1_98' title="bbox 353 4473 1996 4556">
     <span class='ocr_line' id='line_1_98' title="bbox 353 4473 1996 4556; baseline 0.001 -25"><span class='ocrx_word' id='word_1_676' title='bbox 353 4474 508 4531; x_wconf 86' lang='grc' dir='ltr'>λανεν</span> <span class='ocrx_word' id='word_1_677' title='bbox 539 4474 718 4554; x_wconf 76' lang='grc' dir='ltr'>ὥσπερ</span> <span class='ocrx_word' id='word_1_678' title='bbox 749 4474 905 4532; x_wconf 74' lang='grc' dir='ltr'>αὐλὸν</span> <span class='ocrx_word' id='word_1_679' title='bbox 967 4477 993 4532; x_wconf 87' lang='grc' dir='ltr'>ὁ</span> <span class='ocrx_word' id='word_1_680' title='bbox 1049 4477 1324 4556; x_wconf 83' lang='grc' dir='ltr'>τεχνίτης,</span> <span class='ocrx_word' id='word_1_681' title='bbox 1385 4475 1521 4532; x_wconf 76' lang='grc' dir='ltr'>ὥστε</span> <span class='ocrx_word' id='word_1_682' title='bbox 1569 4473 1634 4530; x_wconf 79' lang='grc' dir='ltr'><strong>δι’</strong></span> <span class='ocrx_word' id='word_1_683' title='bbox 1691 4475 1848 4532; x_wconf 76' lang='grc' dir='ltr'>αὐτοῦ</span> <span class='ocrx_word' id='word_1_684' title='bbox 1905 4479 1996 4532; x_wconf 79' lang='grc' dir='ltr'><strong>τὸν</strong></span> 
     </span>
    </p>
   </div>
   <div class='ocr_carea' id='block_1_99' title="bbox 2099 4473 3734 4575">
    <p class='ocr_par' dir='ltr' id='par_1_99' title="bbox 2099 4474 3734 4555">
     <span class='ocr_line' id='line_1_99' title="bbox 2099 4474 3734 4555; baseline 0.001 -24"><span class='ocrx_word' id='word_1_685' title='bbox 2099 4496 2138 4531; x_wconf 87' lang='lat' dir='ltr'><strong>.u</strong></span> <span class='ocrx_word' id='word_1_686' title='bbox 2173 4494 2184 4535; x_wconf 89' lang='lat'>:</span> <span class='ocrx_word' id='word_1_687' title='bbox 2216 4476 2512 4555; x_wconf 70' lang='lat' dir='ltr'><strong>vel,quam</strong></span> <span class='ocrx_word' id='word_1_688' title='bbox 2542 4474 2959 4535; x_wconf 85' lang='lat' dir='ltr'><strong>tenuissimum</strong></span> <span class='ocrx_word' id='word_1_689' title='bbox 2995 4474 3214 4553; x_wconf 81' lang='lat' dir='ltr'><strong>scorpii</strong></span> <span class='ocrx_word' id='word_1_690' title='bbox 3248 4475 3551 4553; x_wconf 84' lang='lat' dir='ltr'><strong>aculeum,</strong></span> <span class='ocrx_word' id='word_1_691' title='bbox 3577 4493 3734 4552; x_wconf 92' lang='lat' dir='ltr'><strong>quo-</strong></span> 
     </span>
    </p>
   </div>
   <div class='ocr_carea' id='block_1_100' title="bbox 353 4563 2009 4644">
    <p class='ocr_par' dir='ltr' id='par_1_100' title="bbox 353 4563 1998 4642">
     <span class='ocr_line' id='line_1_100' title="bbox 353 4563 1998 4642; baseline 0.001 -22"><span class='ocrx_word' id='word_1_692' title='bbox 353 4565 432 4620; x_wconf 83' lang='grc' dir='ltr'>ἱὸν</span> <span class='ocrx_word' id='word_1_693' title='bbox 484 4578 600 4629; x_wconf 71' lang='grc' dir='ltr'>τοῖς</span> <span class='ocrx_word' id='word_1_694' title='bbox 675 4569 954 4642; x_wconf 81' lang='grc' dir='ltr'>τρωθεϊσιν</span> <span class='ocrx_word' id='word_1_695' title='bbox 1006 4565 1255 4622; x_wconf 81' lang='grc' dir='ltr'>ἐνίεσθαι.</span> <span class='ocrx_word' id='word_1_696' title='bbox 1316 4566 1413 4624; x_wconf 80' lang='grc' dir='ltr'>Καὶ</span> <span class='ocrx_word' id='word_1_697' title='bbox 1459 4563 1646 4640; x_wconf 74' lang='grc' dir='ltr'>μηδεὶς</span> <span class='ocrx_word' id='word_1_698' title='bbox 1705 4563 1998 4642; x_wconf 82' lang='grc' dir='ltr'>ἐγκαλείτω</span> 
     </span>
    </p>
   </div>
   <div class='ocr_carea' id='block_1_101' title="bbox 2099 4563 3735 4644">
    <p class='ocr_par' dir='ltr' id='par_1_101' title="bbox 2099 4563 3735 4644">
     <span class='ocr_line' id='line_1_101' title="bbox 2099 4563 3735 4644; baseline 0 -22"><span class='ocrx_word' id='word_1_699' title='bbox 2099 4566 2257 4622; x_wconf 73' lang='lat' dir='ltr'><strong>nudo</strong></span> <span class='ocrx_word' id='word_1_700' title='bbox 2287 4584 2419 4624; x_wconf 83' lang='lat' dir='ltr'><strong>eum</strong></span> <span class='ocrx_word' id='word_1_701' title='bbox 2456 4564 2662 4626; x_wconf 85' lang='lat' dir='ltr'><strong>artifex</strong></span> <span class='ocrx_word' id='word_1_702' title='bbox 2684 4563 2813 4644; x_wconf 90' lang='lat' dir='ltr'><strong>ipse</strong></span> <span class='ocrx_word' id='word_1_703' title='bbox 2845 4573 3126 4642; x_wconf 68' lang='lat' dir='ltr'><strong>tanquam</strong></span> <span class='ocrx_word' id='word_1_704' title='bbox 3163 4563 3366 4624; x_wconf 90' lang='lat' dir='ltr'><strong>tibiam</strong></span> <span class='ocrx_word' id='word_1_705' title='bbox 3391 4565 3641 4637; x_wconf 84' lang='lat' dir='ltr'><strong>cavavit,</strong></span> <span class='ocrx_word' id='word_1_706' title='bbox 3672 4570 3735 4622; x_wconf 90' lang='lat' dir='ltr'><strong>ut</strong></span> 
     </span>
    </p>
   </div>
   <div class='ocr_carea' id='block_1_102' title="bbox 351 4652 1996 4734">
    <p class='ocr_par' dir='ltr' id='par_1_102' title="bbox 351 4652 1996 4734">
     <span class='ocr_line' id='line_1_102' title="bbox 351 4652 1996 4734; baseline -0.001 -24"><span class='ocrx_word' id='word_1_707' title='bbox 351 4655 535 4711; x_wconf 77' lang='grc' dir='ltr'>τούτου</span> <span class='ocrx_word' id='word_1_708' title='bbox 578 4653 755 4711; x_wconf 76' lang='grc' dir='ltr'>ἕνεκεν</span> <span class='ocrx_word' id='word_1_709' title='bbox 797 4663 874 4730; x_wconf 87' lang='grc' dir='ltr'>τῷ</span> <span class='ocrx_word' id='word_1_710' title='bbox 917 4663 1151 4734; x_wconf 79' lang='grc' dir='ltr'>ποιητῇ,</span> <span class='ocrx_word' id='word_1_711' title='bbox 1203 4655 1282 4710; x_wconf 80' lang='grc' dir='ltr'>ὅτι</span> <span class='ocrx_word' id='word_1_712' title='bbox 1323 4652 1508 4711; x_wconf 65' lang='grc' dir='ltr'>ἰοῆόλα</span> <span class='ocrx_word' id='word_1_713' title='bbox 1539 4661 1649 4724; x_wconf 78' lang='grc' dir='ltr'><strong>ζῶα</strong></span> <span class='ocrx_word' id='word_1_714' title='bbox 1682 4654 1766 4710; x_wconf 70' lang='grc' dir='ltr'><strong>καὶ</strong></span> <span class='ocrx_word' id='word_1_715' title='bbox 1826 4657 1996 4733; x_wconf 82' lang='grc' dir='ltr'>φθαρ-</span> 
     </span>
    </p>
   </div>
   <div class='ocr_carea' id='block_1_103' title="bbox 351 4742 1995 4821">
    <p class='ocr_par' dir='ltr' id='par_1_103' title="bbox 351 4742 1995 4821">
     <span class='ocr_line' id='line_1_103' title="bbox 351 4742 1995 4821; baseline -0.001 -19"><span class='ocrx_word' id='word_1_716' title='bbox 351 4745 470 4802; x_wconf 76' lang='grc' dir='ltr'>τικὰ</span> <span class='ocrx_word' id='word_1_717' title='bbox 500 4746 586 4800; x_wconf 85' lang='grc' dir='ltr'><strong>καὶ</strong></span> <span class='ocrx_word' id='word_1_718' title='bbox 631 4743 862 4821; x_wconf 86' lang='grc' dir='ltr'>πολέμια</span> <span class='ocrx_word' id='word_1_719' title='bbox 893 4752 958 4821; x_wconf 81' lang='grc' dir='ltr'>τῇ</span> <span class='ocrx_word' id='word_1_720' title='bbox 1000 4746 1111 4821; x_wconf 78' lang='grc' dir='ltr'>ζωῇ</span> <span class='ocrx_word' id='word_1_721' title='bbox 1155 4746 1310 4819; x_wconf 78' lang='grc' dir='ltr'>ἡμῶν</span> <span class='ocrx_word' id='word_1_722' title='bbox 1354 4743 1708 4821; x_wconf 76' lang='grc' dir='ltr'>ἐπεισήγαγεν</span> <span class='ocrx_word' id='word_1_723' title='bbox 1741 4758 1754 4772; x_wconf 82' lang='grc'><strong><em>⁸</em></strong></span> <span class='ocrx_word' id='word_1_724' title='bbox 1791 4742 1826 4811; x_wconf 70' lang='grc' dir='ltr'>ἢ</span> <span class='ocrx_word' id='word_1_725' title='bbox 1858 4745 1995 4800; x_wconf 75' lang='grc' dir='ltr'>οὕτω</span> 
     </span>
    </p>
   </div>
   <div class='ocr_carea' id='block_1_104' title="bbox 430 4903 1988 4984">
    <p class='ocr_par' dir='ltr' id='par_1_104' title="bbox 430 4903 1988 4984">
     <span class='ocr_line' id='line_1_104' title="bbox 430 4903 1988 4984; baseline -0.003 -20"><span class='ocrx_word' id='word_1_726' title='bbox 430 4906 560 4984; x_wconf 76' lang='grc'><strong>(58)</strong></span> <span class='ocrx_word' id='word_1_727' title='bbox 601 4905 746 4982; x_wconf 79' lang='lat' dir='ltr'><strong>Reg.</strong></span> <span class='ocrx_word' id='word_1_728' title='bbox 813 4904 1039 4983; x_wconf 89' lang='lat' dir='ltr'><strong>primus</strong></span> <span class='ocrx_word' id='word_1_729' title='bbox 1080 4907 1324 4971; x_wconf 77' lang='grc' dir='ltr'>ἐπετέθη,</span> <span class='ocrx_word' id='word_1_730' title='bbox 1387 4903 1530 4982; x_wconf 82' lang='lat' dir='ltr'><strong>Reg.</strong></span> <span class='ocrx_word' id='word_1_731' title='bbox 1589 4912 1790 4964; x_wconf 82' lang='lat' dir='ltr'><strong>sextus</strong></span> <span class='ocrx_word' id='word_1_732' title='bbox 1822 4927 1988 4982; x_wconf 85' lang='grc' dir='ltr'>προσ-</span> 
     </span>
    </p>
   </div>
   <div class='ocr_carea' id='block_1_105' title="bbox 351 4986 529 5050">
    <p class='ocr_par' dir='ltr' id='par_1_105' title="bbox 351 4986 529 5050">
     <span class='ocr_line' id='line_1_105' title="bbox 351 4986 529 5050; baseline -0.017 -8"><span class='ocrx_word' id='word_1_733' title='bbox 351 4986 529 5050; x_wconf 81' lang='grc' dir='ltr'>ετέθη,</span> 
     </span>
    </p>
   </div>
   <div class='ocr_carea' id='block_1_106' title="bbox 429 5063 1994 5146">
    <p class='ocr_par' dir='ltr' id='par_1_106' title="bbox 429 5063 1994 5146">
     <span class='ocr_line' id='line_1_106' title="bbox 429 5063 1994 5146; baseline -0.01 -17"><span class='ocrx_word' id='word_1_734' title='bbox 429 5067 544 5143; x_wconf 81' lang='grc'>(59)</span> <span class='ocrx_word' id='word_1_735' title='bbox 580 5065 746 5144; x_wconf 75' lang='lat' dir='ltr'><strong>Regii</strong></span> <span class='ocrx_word' id='word_1_736' title='bbox 780 5065 1026 5146; x_wconf 84' lang='lat' dir='ltr'><strong>primus,</strong></span> <span class='ocrx_word' id='word_1_737' title='bbox 1061 5065 1309 5141; x_wconf 88' lang='lat' dir='ltr'><strong>quintus</strong></span> <span class='ocrx_word' id='word_1_738' title='bbox 1355 5073 1412 5126; x_wconf 89' lang='lat' dir='ltr'><strong>et</strong></span> <span class='ocrx_word' id='word_1_739' title='bbox 1444 5074 1683 5126; x_wconf 84' lang='lat' dir='ltr'><strong>octavus</strong></span> <span class='ocrx_word' id='word_1_740' title='bbox 1713 5063 1994 5138; x_wconf 78' lang='grc' dir='ltr'>ἐξαρκοῦν-</span> 
     </span>
    </p>
   </div>
   <div class='ocr_carea' id='block_1_107' title="bbox 352 5146 1986 5225">
    <p class='ocr_par' dir='ltr' id='par_1_107' title="bbox 352 5146 1986 5225">
     <span class='ocr_line' id='line_1_107' title="bbox 352 5146 1986 5225; baseline -0.001 -17"><span class='ocrx_word' id='word_1_741' title='bbox 352 5170 436 5208; x_wconf 69' lang='grc' dir='ltr'>τπι.</span> <span class='ocrx_word' id='word_1_742' title='bbox 497 5147 653 5208; x_wconf 79' lang='lat' dir='ltr'><strong>Editi</strong></span> <span class='ocrx_word' id='word_1_743' title='bbox 703 5166 834 5207; x_wconf 89' lang='lat' dir='ltr'><strong>cum</strong></span> <span class='ocrx_word' id='word_1_744' title='bbox 868 5146 999 5205; x_wconf 63' lang='lat' dir='ltr'><strong>alus</strong></span> <span class='ocrx_word' id='word_1_745' title='bbox 1031 5165 1170 5206; x_wconf 88' lang='lat' dir='ltr'><strong>mss.</strong></span> <span class='ocrx_word' id='word_1_746' title='bbox 1223 5165 1340 5205; x_wconf 91' lang='lat' dir='ltr'><strong>non</strong></span> <span class='ocrx_word' id='word_1_747' title='bbox 1373 5147 1576 5225; x_wconf 85' lang='lat' dir='ltr'><strong>paucis</strong></span> <span class='ocrx_word' id='word_1_748' title='bbox 1606 5146 1986 5222; x_wconf 70' lang='grc' dir='ltr'>ἒξαρκούντων.</span> 
     </span>
    </p>
   </div>
   <div class='ocr_carea' id='block_1_108' title="bbox 433 5225 1994 5306">
    <p class='ocr_par' dir='ltr' id='par_1_108' title="bbox 433 5225 1994 5306">
     <span class='ocr_line' id='line_1_108' title="bbox 433 5225 1994 5306; baseline 0.004 -26"><span class='ocrx_word' id='word_1_749' title='bbox 433 5229 548 5306; x_wconf 73' lang='grc'><strong>(60)</strong></span> <span class='ocrx_word' id='word_1_750' title='bbox 578 5228 698 5298; x_wconf 76' lang='lat' dir='ltr'><strong>Illa,</strong></span> <span class='ocrx_word' id='word_1_751' title='bbox 735 5227 816 5281; x_wconf 63' lang='lat'><strong>8:51</strong></span> <span class='ocrx_word' id='word_1_752' title='bbox 845 5236 994 5282; x_wconf 79' lang='grc' dir='ltr'>τοῦτο</span> <span class='ocrx_word' id='word_1_753' title='bbox 1028 5230 1404 5304; x_wconf 71' lang='grc' dir='ltr'>συμπεπηγος,</span> <span class='ocrx_word' id='word_1_754' title='bbox 1443 5237 1583 5297; x_wconf 83' lang='lat' dir='ltr'><strong>etc.,</strong></span> <span class='ocrx_word' id='word_1_755' title='bbox 1633 5227 1714 5284; x_wconf 89' lang='lat' dir='ltr'><strong>ita</strong></span> <span class='ocrx_word' id='word_1_756' title='bbox 1762 5225 1994 5306; x_wconf 86' lang='lat' dir='ltr'><strong>reddita</strong></span> 
     </span>
    </p>
   </div>
   <div class='ocr_carea' id='block_1_109' title="bbox 348 5305 1990 5385">
    <p class='ocr_par' dir='ltr' id='par_1_109' title="bbox 348 5305 1990 5385">
     <span class='ocr_line' id='line_1_109' title="bbox 348 5305 1990 5385; baseline -0.001 -18"><span class='ocrx_word' id='word_1_757' title='bbox 348 5318 484 5367; x_wconf 86' lang='lat' dir='ltr'><strong>sunt</strong></span> <span class='ocrx_word' id='word_1_758' title='bbox 503 5327 536 5367; x_wconf 90' lang='lat' dir='ltr'><strong>a</strong></span> <span class='ocrx_word' id='word_1_759' title='bbox 555 5315 729 5368; x_wconf 86' lang='lat' dir='ltr'><strong>veteri</strong></span> <span class='ocrx_word' id='word_1_760' title='bbox 756 5307 1352 5385; x_wconf 84' lang='lat' dir='ltr'><strong>iuterprete,utdicas</strong></span> <span class='ocrx_word' id='word_1_761' title='bbox 1366 5308 1744 5385; x_wconf 88' lang='lat' dir='ltr'><strong>elephantem</strong></span> <span class='ocrx_word' id='word_1_762' title='bbox 1768 5305 1990 5366; x_wconf 86' lang='lat' dir='ltr'><strong>idcirco</strong></span> 
     </span>
    </p>
   </div>
   <div class='ocr_carea' id='block_1_110' title="bbox 350 5387 1990 5466">
    <p class='ocr_par' dir='ltr' id='par_1_110' title="bbox 350 5387 1990 5466">
     <span class='ocr_line' id='line_1_110' title="bbox 350 5387 1990 5466; baseline -0.001 -21"><span class='ocrx_word' id='word_1_763' title='bbox 350 5397 734 5449; x_wconf 84' lang='lat' dir='ltr'><strong>totannorum</strong></span> <span class='ocrx_word' id='word_1_764' title='bbox 762 5389 946 5466; x_wconf 83' lang='lat' dir='ltr'><strong>spatio</strong></span> <span class='ocrx_word' id='word_1_765' title='bbox 974 5388 1354 5466; x_wconf 81' lang='lat' dir='ltr'><strong>vivere,quod</strong></span> <span class='ocrx_word' id='word_1_766' title='bbox 1386 5389 1566 5466; x_wconf 80' lang='lat' dir='ltr'><strong>pedes</strong></span> <span class='ocrx_word' id='word_1_767' title='bbox 1589 5387 1802 5446; x_wconf 84' lang='lat' dir='ltr'><strong>habeat</strong></span> <span class='ocrx_word' id='word_1_768' title='bbox 1832 5404 1990 5446; x_wconf 89' lang='lat' dir='ltr'><strong>com-</strong></span> 
     </span>
    </p>
   </div>
   <div class='ocr_carea' id='block_1_111' title="bbox 350 5465 1990 5548">
    <p class='ocr_par' dir='ltr' id='par_1_111' title="bbox 350 5465 1990 5548">
     <span class='ocr_line' id='line_1_111' title="bbox 350 5465 1990 5548; baseline -0.002 -20"><span class='ocrx_word' id='word_1_769' title='bbox 350 5481 689 5548; x_wconf 66' lang='lat' dir='ltr'><strong>pactosmec</strong></span> <span class='ocrx_word' id='word_1_770' title='bbox 717 5465 979 5529; x_wconf 75' lang='lat' dir='ltr'><strong>articulis</strong></span> <span class='ocrx_word' id='word_1_771' title='bbox 1001 5467 1134 5528; x_wconf 91' lang='lat' dir='ltr'><strong>ullis</strong></span> <span class='ocrx_word' id='word_1_772' title='bbox 1165 5465 1620 5528; x_wconf 76' lang='lat' dir='ltr'><strong>distinctos.Sed</strong></span> <span class='ocrx_word' id='word_1_773' title='bbox 1657 5484 1726 5548; x_wconf 87' lang='lat' dir='ltr'><strong>ea</strong></span> <span class='ocrx_word' id='word_1_774' title='bbox 1756 5485 1873 5548; x_wconf 85' lang='lat' dir='ltr'><strong>non</strong></span> <span class='ocrx_word' id='word_1_775' title='bbox 1903 5476 1990 5548; x_wconf 88' lang='lat' dir='ltr'><strong>est</strong></span> 
     </span>
    </p>
   </div>
   <div class='ocr_carea' id='block_1_112' title="bbox 349 5546 1992 5623">
    <p class='ocr_par' dir='ltr' id='par_1_112' title="bbox 349 5546 1992 5623">
     <span class='ocr_line' id='line_1_112' title="bbox 349 5546 1992 5623; baseline -0.001 -15"><span class='ocrx_word' id='word_1_776' title='bbox 349 5546 666 5611; x_wconf 77' lang='lat' dir='ltr'><strong>verborum</strong></span> <span class='ocrx_word' id='word_1_777' title='bbox 695 5548 898 5610; x_wconf 83' lang='lat' dir='ltr'><strong>Basilii</strong></span> <span class='ocrx_word' id='word_1_778' title='bbox 922 5548 1238 5608; x_wconf 89' lang='lat' dir='ltr'><strong>sententia.</strong></span> <span class='ocrx_word' id='word_1_779' title='bbox 1261 5548 1384 5608; x_wconf 85' lang='lat' dir='ltr'><strong>Hoc</strong></span> <span class='ocrx_word' id='word_1_780' title='bbox 1417 5559 1613 5608; x_wconf 89' lang='lat' dir='ltr'><strong>autem</strong></span> <span class='ocrx_word' id='word_1_781' title='bbox 1650 5547 1816 5623; x_wconf 89' lang='lat' dir='ltr'><strong>dicit,</strong></span> <span class='ocrx_word' id='word_1_782' title='bbox 1853 5546 1992 5606; x_wconf 85' lang='lat' dir='ltr'><strong>inde</strong></span> 
     </span>
    </p>
   </div>
   <div class='ocr_carea' id='block_1_113' title="bbox 349 5625 1994 5708">
    <p class='ocr_par' dir='ltr' id='par_1_113' title="bbox 349 5625 1994 5708">
     <span class='ocr_line' id='line_1_113' title="bbox 349 5625 1994 5708; baseline -0.002 -18"><span class='ocrx_word' id='word_1_783' title='bbox 349 5637 622 5690; x_wconf 87' lang='lat' dir='ltr'><strong>constare</strong></span> <span class='ocrx_word' id='word_1_784' title='bbox 664 5629 845 5707; x_wconf 83' lang='lat' dir='ltr'><strong>pedes</strong></span> <span class='ocrx_word' id='word_1_785' title='bbox 875 5627 1213 5708; x_wconf 79' lang='lat' dir='ltr'><strong>elephantis</strong></span> <span class='ocrx_word' id='word_1_786' title='bbox 1266 5629 1589 5707; x_wconf 83' lang='lat' dir='ltr'><strong>compingi,</strong></span> <span class='ocrx_word' id='word_1_787' title='bbox 1630 5633 1689 5688; x_wconf 91' lang='lat' dir='ltr'><strong>et</strong></span> <span class='ocrx_word' id='word_1_788' title='bbox 1727 5625 1994 5688; x_wconf 82' lang='lat' dir='ltr'><strong>articulis</strong></span> 
     </span>
    </p>
   </div>
   <div class='ocr_carea' id='block_1_114' title="bbox 348 5707 1990 5790">
    <p class='ocr_par' dir='ltr' id='par_1_114' title="bbox 348 5707 1990 5790">
     <span class='ocr_line' id='line_1_114' title="bbox 348 5707 1990 5790; baseline 0.001 -22"><span class='ocrx_word' id='word_1_789' title='bbox 348 5710 608 5778; x_wconf 86' lang='lat' dir='ltr'><strong>destitui,</strong></span> <span class='ocrx_word' id='word_1_790' title='bbox 642 5709 798 5790; x_wconf 91' lang='lat' dir='ltr'><strong>quod</strong></span> <span class='ocrx_word' id='word_1_791' title='bbox 835 5707 1080 5786; x_wconf 86' lang='lat' dir='ltr'><strong>elephas</strong></span> <span class='ocrx_word' id='word_1_792' title='bbox 1112 5717 1268 5768; x_wconf 87' lang='lat' dir='ltr'><strong>tanto</strong></span> <span class='ocrx_word' id='word_1_793' title='bbox 1303 5709 1587 5788; x_wconf 82' lang='lat' dir='ltr'><strong>temporis</strong></span> <span class='ocrx_word' id='word_1_794' title='bbox 1603 5713 1790 5787; x_wconf 86' lang='lat' dir='ltr'><strong>spatio</strong></span> <span class='ocrx_word' id='word_1_795' title='bbox 1814 5708 1990 5770; x_wconf 85' lang='lat' dir='ltr'><strong>vivat.</strong></span> 
     </span>
    </p>
   </div>
   <div class='ocr_carea' id='block_1_115' title="bbox 2083 4651 3731 4732">
    <p class='ocr_par' dir='ltr' id='par_1_115' title="bbox 2083 4651 3731 4732">
     <span class='ocr_line' id='line_1_115' title="bbox 2083 4651 3731 4732; baseline 0.001 -22"><span class='ocrx_word' id='word_1_796' title='bbox 2083 4673 2189 4732; x_wconf 85' lang='lat' dir='ltr'><strong>per</strong></span> <span class='ocrx_word' id='word_1_797' title='bbox 2213 4655 2375 4713; x_wconf 87' lang='lat' dir='ltr'><strong>illum</strong></span> <span class='ocrx_word' id='word_1_798' title='bbox 2407 4654 2566 4714; x_wconf 91' lang='lat' dir='ltr'><strong>virus</strong></span> <span class='ocrx_word' id='word_1_799' title='bbox 2590 4653 2870 4714; x_wconf 82' lang='lat' dir='ltr'><strong>saueialis</strong></span> <span class='ocrx_word' id='word_1_800' title='bbox 2890 4653 3242 4714; x_wconf 88' lang='lat' dir='ltr'><strong>immittatur</strong></span> <span class='ocrx_word' id='word_1_801' title='bbox 3271 4651 3393 4712; x_wconf 90' lang='lat' dir='ltr'><strong>Nec</strong></span> <span class='ocrx_word' id='word_1_802' title='bbox 3415 4651 3731 4730; x_wconf 91' lang='lat' dir='ltr'><strong>quisquam</strong></span> 
     </span>
    </p>
   </div>
   <div class='ocr_carea' id='block_1_116' title="bbox 2080 4741 3732 4822">
    <p class='ocr_par' dir='ltr' id='par_1_116' title="bbox 2080 4741 3732 4822">
     <span class='ocr_line' id='line_1_116' title="bbox 2080 4741 3732 4822; baseline -0.001 -19"><span class='ocrx_word' id='word_1_803' title='bbox 2080 4745 2310 4805; x_wconf 79' lang='lat' dir='ltr'><strong>incusct</strong></span> <span class='ocrx_word' id='word_1_804' title='bbox 2334 4742 2903 4822; x_wconf 87' lang='lat' dir='ltr'><strong>Conditorem,quod</strong></span> <span class='ocrx_word' id='word_1_805' title='bbox 2926 4742 3204 4801; x_wconf 89' lang='lat' dir='ltr'><strong>animalia</strong></span> <span class='ocrx_word' id='word_1_806' title='bbox 3219 4748 3504 4800; x_wconf 85' lang='lat' dir='ltr'><strong>venenata</strong></span> <span class='ocrx_word' id='word_1_807' title='bbox 3527 4741 3732 4801; x_wconf 76' lang='lat' dir='ltr'><strong>exitio-</strong></span> 
     </span>
    </p>
   </div>
   <div class='ocr_carea' id='block_1_117' title="bbox 2078 4898 3731 4970">
    <p class='ocr_par' dir='ltr' id='par_1_117' title="bbox 2078 4898 3731 4970">
     <span class='ocr_line' id='line_1_117' title="bbox 2078 4898 3731 4970; baseline -0.003 -5"><span class='ocrx_word' id='word_1_808' title='bbox 2078 4903 2325 4965; x_wconf 84' lang='lat' dir='ltr'><strong>Putabat</strong></span> <span class='ocrx_word' id='word_1_809' title='bbox 2359 4905 2516 4964; x_wconf 89' lang='lat' dir='ltr'><strong>enim</strong></span> <span class='ocrx_word' id='word_1_810' title='bbox 2555 4902 2815 4964; x_wconf 92' lang='lat' dir='ltr'><strong>futurum</strong></span> <span class='ocrx_word' id='word_1_811' title='bbox 2855 4901 3057 4970; x_wconf 85' lang='lat' dir='ltr'><strong>fuisse,</strong></span> <span class='ocrx_word' id='word_1_812' title='bbox 3094 4909 3155 4961; x_wconf 92' lang='lat' dir='ltr'><strong>ut</strong></span> <span class='ocrx_word' id='word_1_813' title='bbox 3180 4907 3355 4960; x_wconf 60' lang='lat' dir='ltr'><strong>tanta;</strong></span> <span class='ocrx_word' id='word_1_814' title='bbox 3388 4898 3560 4959; x_wconf 91' lang='lat' dir='ltr'><strong>molis</strong></span> <span class='ocrx_word' id='word_1_815' title='bbox 3591 4900 3731 4960; x_wconf 87' lang='lat' dir='ltr'><strong>ani-</strong></span> 
     </span>
    </p>
   </div>
   <div class='ocr_carea' id='block_1_118' title="bbox 2080 4980 3732 5063">
    <p class='ocr_par' dir='ltr' id='par_1_118' title="bbox 2080 4980 3732 5063">
     <span class='ocr_line' id='line_1_118' title="bbox 2080 4980 3732 5063; baseline -0.001 -20"><span class='ocrx_word' id='word_1_816' title='bbox 2080 4985 2191 5043; x_wconf 89' lang='lat' dir='ltr'><strong>mal</strong></span> <span class='ocrx_word' id='word_1_817' title='bbox 2230 5004 2344 5044; x_wconf 83' lang='lat' dir='ltr'><strong>non</strong></span> <span class='ocrx_word' id='word_1_818' title='bbox 2374 4984 2662 5063; x_wconf 88' lang='lat' dir='ltr'><strong>potuisset</strong></span> <span class='ocrx_word' id='word_1_819' title='bbox 2692 4992 2845 5044; x_wconf 91' lang='lat' dir='ltr'><strong>starc</strong></span> <span class='ocrx_word' id='word_1_820' title='bbox 2898 4991 2954 5042; x_wconf 91' lang='lat' dir='ltr'><strong>et</strong></span> <span class='ocrx_word' id='word_1_821' title='bbox 2977 4981 3372 5063; x_wconf 69' lang='lat' dir='ltr'><strong>consistere,</strong></span> <span class='ocrx_word' id='word_1_822' title='bbox 3401 4980 3514 5063; x_wconf 79' lang='lat' dir='ltr'><strong>nisi</strong></span> <span class='ocrx_word' id='word_1_823' title='bbox 3548 4981 3732 5060; x_wconf 90' lang='lat' dir='ltr'><strong>pedes</strong></span> 
     </span>
    </p>
   </div>
   <div class='ocr_carea' id='block_1_119' title="bbox 2078 5060 3728 5142">
    <p class='ocr_par' dir='ltr' id='par_1_119' title="bbox 2078 5060 3728 5142">
     <span class='ocr_line' id='line_1_119' title="bbox 2078 5060 3728 5142; baseline -0.002 -18"><span class='ocrx_word' id='word_1_824' title='bbox 2078 5067 2206 5142; x_wconf 84' lang='lat' dir='ltr'><strong>ejus</strong></span> <span class='ocrx_word' id='word_1_825' title='bbox 2225 5060 2493 5126; x_wconf 78' lang='lat' dir='ltr'><strong>articulis</strong></span> <span class='ocrx_word' id='word_1_826' title='bbox 2513 5065 2866 5124; x_wconf 86' lang='lat' dir='ltr'><strong>caruissent:</strong></span> <span class='ocrx_word' id='word_1_827' title='bbox 2889 5061 2993 5122; x_wconf 92' lang='lat' dir='ltr'><strong>sed</strong></span> <span class='ocrx_word' id='word_1_828' title='bbox 3014 5062 3208 5122; x_wconf 89' lang='lat' dir='ltr'><strong>statim</strong></span> <span class='ocrx_word' id='word_1_829' title='bbox 3231 5080 3336 5122; x_wconf 91' lang='lat' dir='ltr'><strong>suo</strong></span> <span class='ocrx_word' id='word_1_830' title='bbox 3360 5060 3549 5140; x_wconf 81' lang='lat' dir='ltr'><strong>ipsius</strong></span> <span class='ocrx_word' id='word_1_831' title='bbox 3575 5080 3728 5142; x_wconf 91' lang='lat' dir='ltr'><strong>pon-</strong></span> 
     </span>
    </p>
   </div>
   <div class='ocr_carea' id='block_1_120' title="bbox 2078 5141 3730 5223">
    <p class='ocr_par' dir='ltr' id='par_1_120' title="bbox 2078 5141 3730 5223">
     <span class='ocr_line' id='line_1_120' title="bbox 2078 5141 3730 5223; baseline 0 -22"><span class='ocrx_word' id='word_1_832' title='bbox 2078 5141 2220 5203; x_wconf 76' lang='lat' dir='ltr'><strong>dere</strong></span> <span class='ocrx_word' id='word_1_833' title='bbox 2253 5145 2567 5205; x_wconf 85' lang='lat' dir='ltr'><strong>ruiturum.</strong></span> <span class='ocrx_word' id='word_1_834' title='bbox 2604 5148 2688 5206; x_wconf 88' lang='lat' dir='ltr'><strong>lla</strong></span> <span class='ocrx_word' id='word_1_835' title='bbox 2711 5143 2953 5223; x_wconf 91' lang='lat' dir='ltr'><strong>quidem</strong></span> <span class='ocrx_word' id='word_1_836' title='bbox 2980 5143 3241 5203; x_wconf 88' lang='lat' dir='ltr'><strong>sensisse</strong></span> <span class='ocrx_word' id='word_1_837' title='bbox 3257 5141 3542 5223; x_wconf 70' lang='lat' dir='ltr'><strong>Basiliam</strong></span> <span class='ocrx_word' id='word_1_838' title='bbox 3568 5141 3730 5201; x_wconf 81' lang='lat' dir='ltr'><strong>arbi-</strong></span> 
     </span>
    </p>
   </div>
   <div class='ocr_carea' id='block_1_121' title="bbox 2079 5221 3729 5306">
    <p class='ocr_par' dir='ltr' id='par_1_121' title="bbox 2079 5221 3729 5306">
     <span class='ocr_line' id='line_1_121' title="bbox 2079 5221 3729 5306; baseline 0 -23"><span class='ocrx_word' id='word_1_839' title='bbox 2079 5235 2221 5284; x_wconf 84' lang='lat' dir='ltr'><strong>tror;</strong></span> <span class='ocrx_word' id='word_1_840' title='bbox 2255 5244 2443 5306; x_wconf 70' lang='lat' dir='ltr'><strong>neque</strong></span> <span class='ocrx_word' id='word_1_841' title='bbox 2465 5239 2665 5285; x_wconf 88' lang='lat' dir='ltr'><strong>tamen</strong></span> <span class='ocrx_word' id='word_1_842' title='bbox 2686 5221 2965 5306; x_wconf 75' lang='lat' dir='ltr'><strong>continuo</strong></span> <span class='ocrx_word' id='word_1_843' title='bbox 2990 5224 3164 5284; x_wconf 77' lang='lat' dir='ltr'><strong>velim</strong></span> <span class='ocrx_word' id='word_1_844' title='bbox 3208 5224 3359 5306; x_wconf 86' lang='lat' dir='ltr'><strong>hanc</strong></span> <span class='ocrx_word' id='word_1_845' title='bbox 3383 5221 3729 5306; x_wconf 84' lang='lat' dir='ltr'><strong>opinionem</strong></span> 
     </span>
    </p>
   </div>
   <div class='ocr_carea' id='block_1_122' title="bbox 2077 5304 3729 5384">
    <p class='ocr_par' dir='ltr' id='par_1_122' title="bbox 2077 5304 3729 5384">
     <span class='ocr_line' id='line_1_122' title="bbox 2077 5304 3729 5384; baseline 0.001 -23"><span class='ocrx_word' id='word_1_846' title='bbox 2077 5326 2180 5384; x_wconf 73' lang='lat' dir='ltr'><strong>pro</strong></span> <span class='ocrx_word' id='word_1_847' title='bbox 2218 5304 2809 5366; x_wconf 65' lang='lat' dir='ltr'><strong>verahaberid’robe</strong></span> <span class='ocrx_word' id='word_1_848' title='bbox 2827 5305 2984 5364; x_wconf 92' lang='lat' dir='ltr'><strong>enim</strong></span> <span class='ocrx_word' id='word_1_849' title='bbox 3007 5306 3128 5365; x_wconf 91' lang='lat' dir='ltr'><strong>scio</strong></span> <span class='ocrx_word' id='word_1_850' title='bbox 3148 5304 3570 5382; x_wconf 83' lang='lat' dir='ltr'><strong>gravissimum</strong></span> <span class='ocrx_word' id='word_1_851' title='bbox 3609 5305 3729 5364; x_wconf 88' lang='lat' dir='ltr'><strong>Pa-</strong></span> 
     </span>
    </p>
   </div>
   <div class='ocr_carea' id='block_1_123' title="bbox 2079 5384 3730 5464">
    <p class='ocr_par' dir='ltr' id='par_1_123' title="bbox 2079 5384 3730 5464">
     <span class='ocr_line' id='line_1_123' title="bbox 2079 5384 3730 5464; baseline 0 -21"><span class='ocrx_word' id='word_1_852' title='bbox 2079 5398 2090 5443; x_wconf 82' lang='grc' dir='ltr'><strong>ι</strong></span> <span class='ocrx_word' id='word_1_853' title='bbox 2137 5407 2251 5460; x_wconf 70' lang='lat' dir='ltr'><strong>NII,</strong></span> <span class='ocrx_word' id='word_1_854' title='bbox 2292 5388 2380 5445; x_wconf 65' lang='lat' dir='ltr'><strong>cui</strong></span> <span class='ocrx_word' id='word_1_855' title='bbox 2420 5406 2513 5446; x_wconf 85' lang='lat' dir='ltr'><strong>res</strong></span> <span class='ocrx_word' id='word_1_856' title='bbox 2547 5385 2836 5464; x_wconf 83' lang='lat' dir='ltr'><strong>ejusmodi</strong></span> <span class='ocrx_word' id='word_1_857' title='bbox 2892 5384 3210 5464; x_wconf 86' lang='lat' dir='ltr'><strong>diligenter</strong></span> <span class='ocrx_word' id='word_1_858' title='bbox 3239 5386 3582 5464; x_wconf 78' lang='lat' dir='ltr'><strong>expendere</strong></span> <span class='ocrx_word' id='word_1_859' title='bbox 3612 5401 3730 5443; x_wconf 88' lang='lat' dir='ltr'><strong>non</strong></span> 
     </span>
    </p>
   </div>
   <div class='ocr_carea' id='block_1_124' title="bbox 2074 5465 3728 5546">
    <p class='ocr_par' dir='ltr' id='par_1_124' title="bbox 2074 5465 3728 5546">
     <span class='ocr_line' id='line_1_124' title="bbox 2074 5465 3728 5546; baseline -0.002 -22"><span class='ocrx_word' id='word_1_860' title='bbox 2074 5468 2444 5544; x_wconf 74' lang='lat' dir='ltr'><strong>vacabat,eas</strong></span> <span class='ocrx_word' id='word_1_861' title='bbox 2469 5486 2600 5546; x_wconf 72' lang='lat' dir='ltr'><strong>quae</strong></span> <span class='ocrx_word' id='word_1_862' title='bbox 2631 5486 2734 5527; x_wconf 91' lang='lat' dir='ltr'><strong>sua</strong></span> <span class='ocrx_word' id='word_1_863' title='bbox 2759 5473 2926 5546; x_wconf 61' lang='lat' dir='ltr'><strong>aetate</strong></span> <span class='ocrx_word' id='word_1_864' title='bbox 2952 5466 3224 5544; x_wconf 88' lang='lat' dir='ltr'><strong>vigebant</strong></span> <span class='ocrx_word' id='word_1_865' title='bbox 3257 5465 3574 5546; x_wconf 89' lang='lat' dir='ltr'><strong>opiniones</strong></span> <span class='ocrx_word' id='word_1_866' title='bbox 3609 5481 3728 5522; x_wconf 93' lang='lat' dir='ltr'><strong>non</strong></span> 
     </span>
    </p>
   </div>
   <div class='ocr_carea' id='block_1_125' title="bbox 2077 5545 3692 5608">
    <p class='ocr_par' dir='ltr' id='par_1_125' title="bbox 2077 5545 3692 5608">
     <span class='ocr_line' id='line_1_125' title="bbox 2077 5545 3692 5608; baseline 0.002 -3"><span class='ocrx_word' id='word_1_867' title='bbox 2077 5565 2209 5606; x_wconf 85' lang='lat' dir='ltr'><strong>raro</strong></span> <span class='ocrx_word' id='word_1_868' title='bbox 2247 5549 2303 5605; x_wconf 84' lang='lat' dir='ltr'><strong>in</strong></span> <span class='ocrx_word' id='word_1_869' title='bbox 2341 5548 2430 5606; x_wconf 86' lang='lat' dir='ltr'><strong>his</strong></span> <span class='ocrx_word' id='word_1_870' title='bbox 2464 5545 2630 5607; x_wconf 83' lang='lat' dir='ltr'><strong>libris</strong></span> <span class='ocrx_word' id='word_1_871' title='bbox 2661 5545 2955 5606; x_wconf 88' lang='lat' dir='ltr'><strong>incautius</strong></span> <span class='ocrx_word' id='word_1_872' title='bbox 2986 5553 3256 5607; x_wconf 90' lang='lat' dir='ltr'><strong>secutum</strong></span> <span class='ocrx_word' id='word_1_873' title='bbox 3289 5545 3445 5608; x_wconf 88' lang='lat' dir='ltr'><strong>esse.</strong></span> <span class='ocrx_word' id='word_1_874' title='bbox 3681 5571 3692 5576; x_wconf 44' lang='grc' dir='ltr'><strong>κ</strong></span> 
     </span>
    </p>
   </div>
   <div class='ocr_carea' id='block_1_126' title="bbox 2154 5622 3728 5706">
    <p class='ocr_par' dir='ltr' id='par_1_126' title="bbox 2154 5622 3728 5706">
     <span class='ocr_line' id='line_1_126' title="bbox 2154 5622 3728 5706; baseline -0.003 -21"><span class='ocrx_word' id='word_1_875' title='bbox 2154 5632 2200 5706; x_wconf 86' lang='lat' dir='ltr'><strong>(t</strong></span> <span class='ocrx_word' id='word_1_876' title='bbox 2235 5632 2292 5704; x_wconf 87' lang='lat' dir='ltr'><strong>t)</strong></span> <span class='ocrx_word' id='word_1_877' title='bbox 2317 5632 2458 5704; x_wconf 73' lang='lat' dir='ltr'><strong>lleg.</strong></span> <span class='ocrx_word' id='word_1_878' title='bbox 2495 5633 2720 5706; x_wconf 89' lang='lat' dir='ltr'><strong>primus</strong></span> <span class='ocrx_word' id='word_1_879' title='bbox 2741 5631 2882 5701; x_wconf 76' lang='grc' dir='ltr'>ἡμᾶς</span> <span class='ocrx_word' id='word_1_880' title='bbox 2917 5632 3208 5684; x_wconf 76' lang='grc' dir='ltr'>ποιεῖσθαι.</span> <span class='ocrx_word' id='word_1_881' title='bbox 3231 5626 3399 5690; x_wconf 87' lang='lat' dir='ltr'><strong>Colb.</strong></span> <span class='ocrx_word' id='word_1_882' title='bbox 3425 5622 3728 5686; x_wconf 86' lang='lat' dir='ltr'><strong>secundus</strong></span> 
     </span>
    </p>
   </div>
   <div class='ocr_carea' id='block_1_127' title="bbox 2077 5706 3410 5785">
    <p class='ocr_par' dir='ltr' id='par_1_127' title="bbox 2077 5706 3410 5785">
     <span class='ocr_line' id='line_1_127' title="bbox 2077 5706 3410 5785; baseline 0.002 -24"><span class='ocrx_word' id='word_1_883' title='bbox 2077 5706 2157 5762; x_wconf 73' lang='grc' dir='ltr'><strong>διὰ</strong></span> <span class='ocrx_word' id='word_1_884' title='bbox 2188 5711 2246 5763; x_wconf 72' lang='grc' dir='ltr'>τὸ</span> <span class='ocrx_word' id='word_1_885' title='bbox 2280 5707 2397 5763; x_wconf 78' lang='grc' dir='ltr'>κατ’</span> <span class='ocrx_word' id='word_1_886' title='bbox 2429 5711 2599 5763; x_wconf 73' lang='grc' dir='ltr'>εἶκόνα</span> <span class='ocrx_word' id='word_1_887' title='bbox 2633 5708 2874 5785; x_wconf 77' lang='grc' dir='ltr'>γενέσθαι</span> <span class='ocrx_word' id='word_1_888' title='bbox 2902 5717 2996 5768; x_wconf 76' lang='grc' dir='ltr'><strong>τοῦ</strong></span> <span class='ocrx_word' id='word_1_889' title='bbox 3024 5710 3323 5769; x_wconf 83' lang='grc' dir='ltr'>κτίσαντος.</span> <span class='ocrx_word' id='word_1_890' title='bbox 3407 5729 3410 5732; x_wconf 85' lang='grc'><strong>·</strong></span> 
     </span>
    </p>
   </div>
  </div>
