  <div class='ocr_page' id='page_1' title='image "/cluster/home/n/w/nwhite01/storage/ocr_20150623/29:no.1/coo.31924054873108/516.png"; bbox 0 0 4098 6396; ppageno 0'>
   <div class='ocr_carea' id='block_1_1' title="bbox 319 304 3694 379">
    <p class='ocr_par' dir='ltr' id='par_1_1' title="bbox 319 304 3694 379">
     <span class='ocr_line' id='line_1_1' title="bbox 319 304 3694 379; baseline -0.002 -1"><span class='ocrx_word' id='word_1_1' title='bbox 319 304 433 379; x_wconf 78' lang='lat'><strong>200</strong></span> <span class='ocrx_word' id='word_1_2' title='bbox 1507 311 1835 372; x_wconf 80' lang='lat' dir='ltr'><strong>HOMILIA</strong></span> <span class='ocrx_word' id='word_1_3' title='bbox 1883 310 1962 370; x_wconf 88' lang='lat' dir='ltr'><strong>IN</strong></span> <span class='ocrx_word' id='word_1_4' title='bbox 2013 310 2378 371; x_wconf 80' lang='lat' dir='ltr'><strong>PSALMUM</strong></span> <span class='ocrx_word' id='word_1_5' title='bbox 2431 311 2478 370; x_wconf 92' lang='grc' dir='ltr'><strong>Ι.</strong></span> <span class='ocrx_word' id='word_1_6' title='bbox 3579 309 3694 371; x_wconf 73' lang='lat'><strong>210</strong></span> 
     </span>
    </p>
   </div>
   <div class='ocr_carea' id='block_1_2' title="bbox 315 437 3693 528">
    <p class='ocr_par' dir='ltr' id='par_1_2' title="bbox 315 437 3693 528">
     <span class='ocr_line' id='line_1_2' title="bbox 315 437 3693 528; baseline -0.002 -18"><span class='ocrx_word' id='word_1_7' title='bbox 315 457 572 511; x_wconf 78' lang='lat' dir='ltr'><strong>constat.</strong></span> <span class='ocrx_word' id='word_1_8' title='bbox 607 437 745 510; x_wconf 86' lang='lat' dir='ltr'><strong>Mihi</strong></span> <span class='ocrx_word' id='word_1_9' title='bbox 768 447 1007 528; x_wconf 80' lang='lat' dir='ltr'><strong>quidem</strong></span> <span class='ocrx_word' id='word_1_10' title='bbox 1032 445 1282 509; x_wconf 89' lang='lat' dir='ltr'><strong>dubi-um</strong></span> <span class='ocrx_word' id='word_1_11' title='bbox 1309 463 1425 507; x_wconf 89' lang='lat' dir='ltr'><strong>non</strong></span> <span class='ocrx_word' id='word_1_12' title='bbox 1461 451 1575 522; x_wconf 82' lang='lat' dir='ltr'><strong>est,</strong></span> <span class='ocrx_word' id='word_1_13' title='bbox 1600 442 1744 516; x_wconf 89' lang='lat' dir='ltr'><strong>quin</strong></span> <span class='ocrx_word' id='word_1_14' title='bbox 1775 440 2158 522; x_wconf 80' lang='lat' dir='ltr'><strong>gravissimus</strong></span> <span class='ocrx_word' id='word_1_15' title='bbox 2183 441 2360 504; x_wconf 89' lang='lat' dir='ltr'><strong>Pater</strong></span> <span class='ocrx_word' id='word_1_16' title='bbox 2387 450 2444 503; x_wconf 85' lang='lat' dir='ltr'><strong>et</strong></span> <span class='ocrx_word' id='word_1_17' title='bbox 2474 441 2626 504; x_wconf 91' lang='lat' dir='ltr'><strong>alios</strong></span> <span class='ocrx_word' id='word_1_18' title='bbox 2661 442 2920 520; x_wconf 85' lang='lat' dir='ltr'><strong>psalmos</strong></span> <span class='ocrx_word' id='word_1_19' title='bbox 2967 442 3393 520; x_wconf 76' lang='lat' dir='ltr'><strong>interpretatus</strong></span> <span class='ocrx_word' id='word_1_20' title='bbox 3426 443 3523 514; x_wconf 84' lang='lat' dir='ltr'><strong>sit,</strong></span> <span class='ocrx_word' id='word_1_21' title='bbox 3559 461 3693 503; x_wconf 92' lang='lat' dir='ltr'><strong>cum</strong></span> 
     </span>
    </p>
   </div>
   <div class='ocr_carea' id='block_1_3' title="bbox 315 531 3701 619">
    <p class='ocr_par' dir='ltr' id='par_1_3' title="bbox 315 531 3701 619">
     <span class='ocr_line' id='line_1_3' title="bbox 315 531 3701 619; baseline -0.001 -22"><span class='ocrx_word' id='word_1_22' title='bbox 315 537 410 600; x_wconf 82' lang='lat' dir='ltr'><strong>vix</strong></span> <span class='ocrx_word' id='word_1_23' title='bbox 445 539 628 619; x_wconf 83' lang='lat' dir='ltr'><strong>possit</strong></span> <span class='ocrx_word' id='word_1_24' title='bbox 658 538 859 600; x_wconf 74' lang='lat' dir='ltr'><strong>aﬂ‘erri</strong></span> <span class='ocrx_word' id='word_1_25' title='bbox 892 537 1064 604; x_wconf 83' lang='lat' dir='ltr'><strong>ratio.</strong></span> <span class='ocrx_word' id='word_1_26' title='bbox 1093 555 1200 598; x_wconf 88' lang='lat' dir='ltr'><strong>cur</strong></span> <span class='ocrx_word' id='word_1_27' title='bbox 1230 536 1339 596; x_wconf 87' lang='lat' dir='ltr'><strong>hos</strong></span> <span class='ocrx_word' id='word_1_28' title='bbox 1362 553 1510 615; x_wconf 92' lang='lat' dir='ltr'><strong>quos</strong></span> <span class='ocrx_word' id='word_1_29' title='bbox 1533 532 1832 594; x_wconf 83' lang='lat' dir='ltr'><strong>habemus</strong></span> <span class='ocrx_word' id='word_1_30' title='bbox 1865 531 2237 612; x_wconf 84' lang='lat' dir='ltr'><strong>exposuisset</strong></span> <span class='ocrx_word' id='word_1_31' title='bbox 2268 551 2416 592; x_wconf 92' lang='lat' dir='ltr'><strong>unos</strong></span> <span class='ocrx_word' id='word_1_32' title='bbox 2451 553 2465 591; x_wconf 89' lang='lat'><strong>:</strong></span> <span class='ocrx_word' id='word_1_33' title='bbox 2501 533 2604 593; x_wconf 89' lang='lat' dir='ltr'><strong>sed</strong></span> <span class='ocrx_word' id='word_1_34' title='bbox 2634 540 2831 592; x_wconf 88' lang='lat' dir='ltr'><strong>tamen</strong></span> <span class='ocrx_word' id='word_1_35' title='bbox 2858 533 2929 591; x_wconf 91' lang='lat' dir='ltr'><strong>iis</strong></span> <span class='ocrx_word' id='word_1_36' title='bbox 2951 532 3228 592; x_wconf 83' lang='lat' dir='ltr'><strong>assentiri</strong></span> <span class='ocrx_word' id='word_1_37' title='bbox 3253 551 3370 593; x_wconf 92' lang='lat' dir='ltr'><strong>non</strong></span> <span class='ocrx_word' id='word_1_38' title='bbox 3407 532 3701 608; x_wconf 89' lang='lat' dir='ltr'><strong>queo,qui</strong></span> 
     </span>
    </p>
   </div>
   <div class='ocr_carea' id='block_1_4' title="bbox 317 621 3698 706">
    <p class='ocr_par' dir='ltr' id='par_1_4' title="bbox 317 621 3698 706">
     <span class='ocr_line' id='line_1_4' title="bbox 317 621 3698 706; baseline -0.003 -18"><span class='ocrx_word' id='word_1_39' title='bbox 317 637 729 706; x_wconf 82' lang='lat' dir='ltr'><strong>argumentum</strong></span> <span class='ocrx_word' id='word_1_40' title='bbox 763 628 1164 689; x_wconf 90' lang='lat' dir='ltr'><strong>certissimum</strong></span> <span class='ocrx_word' id='word_1_41' title='bbox 1209 634 1384 703; x_wconf 89' lang='lat' dir='ltr'><strong>atque</strong></span> <span class='ocrx_word' id='word_1_42' title='bbox 1431 621 1950 684; x_wconf 82' lang='lat' dir='ltr'><strong>evidentissimum</strong></span> <span class='ocrx_word' id='word_1_43' title='bbox 2007 639 2078 682; x_wconf 89' lang='lat' dir='ltr'><strong>ex</strong></span> <span class='ocrx_word' id='word_1_44' title='bbox 2121 621 2616 700; x_wconf 85' lang='lat' dir='ltr'><strong>interpretatione</strong></span> <span class='ocrx_word' id='word_1_45' title='bbox 2649 622 2858 700; x_wconf 87' lang='lat' dir='ltr'><strong>psalmi</strong></span> <span class='ocrx_word' id='word_1_46' title='bbox 2901 621 3134 700; x_wconf 88' lang='lat' dir='ltr'><strong>septimi</strong></span> <span class='ocrx_word' id='word_1_47' title='bbox 3167 630 3225 682; x_wconf 89' lang='lat' dir='ltr'><strong>et</strong></span> <span class='ocrx_word' id='word_1_48' title='bbox 3258 621 3543 681; x_wconf 90' lang='lat' dir='ltr'><strong>tricesimi</strong></span> <span class='ocrx_word' id='word_1_49' title='bbox 3579 621 3698 699; x_wconf 90' lang='lat' dir='ltr'><strong>peti</strong></span> 
     </span>
    </p>
   </div>
   <div class='ocr_carea' id='block_1_5' title="bbox 318 710 3703 796">
    <p class='ocr_par' dir='ltr' id='par_1_5' title="bbox 318 710 3703 796">
     <span class='ocr_line' id='line_1_5' title="bbox 318 710 3703 796; baseline -0.002 -19"><span class='ocrx_word' id='word_1_50' title='bbox 318 735 490 796; x_wconf 88' lang='lat' dir='ltr'><strong>posse</strong></span> <span class='ocrx_word' id='word_1_51' title='bbox 517 717 904 778; x_wconf 83' lang='lat' dir='ltr'><strong>arbitrantur.</strong></span> <span class='ocrx_word' id='word_1_52' title='bbox 939 715 1106 788; x_wconf 88' lang='lat' dir='ltr'><strong>Quod</strong></span> <span class='ocrx_word' id='word_1_53' title='bbox 1143 720 1299 775; x_wconf 89' lang='lat' dir='ltr'><strong>enim</strong></span> <span class='ocrx_word' id='word_1_54' title='bbox 1336 711 1684 792; x_wconf 61' lang='lat' dir='ltr'><strong>uiuntt83),</strong></span> <span class='ocrx_word' id='word_1_55' title='bbox 1715 712 1883 772; x_wconf 87' lang='lat' dir='ltr'><strong>citari</strong></span> <span class='ocrx_word' id='word_1_56' title='bbox 1919 711 1976 770; x_wconf 92' lang='lat' dir='ltr'><strong>in</strong></span> <span class='ocrx_word' id='word_1_57' title='bbox 2003 711 2113 771; x_wconf 83' lang='lat' dir='ltr'><strong>hac</strong></span> <span class='ocrx_word' id='word_1_58' title='bbox 2142 711 2634 789; x_wconf 80' lang='lat' dir='ltr'><strong>interpretatione</strong></span> <span class='ocrx_word' id='word_1_59' title='bbox 2658 711 3134 790; x_wconf 76' lang='lat' dir='ltr'><strong>explanationem</strong></span> <span class='ocrx_word' id='word_1_60' title='bbox 3164 710 3370 789; x_wconf 86' lang='lat' dir='ltr'><strong>psalmi</strong></span> <span class='ocrx_word' id='word_1_61' title='bbox 3405 710 3703 785; x_wconf 79' lang='lat' dir='ltr'><strong>sexti,uec</strong></span> 
     </span>
    </p>
   </div>
   <div class='ocr_carea' id='block_1_6' title="bbox 315 798 3702 886">
    <p class='ocr_par' dir='ltr' id='par_1_6' title="bbox 315 798 3702 886">
     <span class='ocr_line' id='line_1_6' title="bbox 315 798 3702 886; baseline -0.003 -19"><span class='ocrx_word' id='word_1_62' title='bbox 315 814 510 867; x_wconf 89' lang='lat' dir='ltr'><strong>tamen</strong></span> <span class='ocrx_word' id='word_1_63' title='bbox 545 825 672 867; x_wconf 89' lang='lat' dir='ltr'><strong>eam</strong></span> <span class='ocrx_word' id='word_1_64' title='bbox 708 824 952 886; x_wconf 86' lang='lat' dir='ltr'><strong>usquam</strong></span> <span class='ocrx_word' id='word_1_65' title='bbox 978 820 1356 883; x_wconf 70' lang='lat' dir='ltr'><strong>comparere,</strong></span> <span class='ocrx_word' id='word_1_66' title='bbox 1387 801 1445 862; x_wconf 87' lang='lat' dir='ltr'><strong>id</strong></span> <span class='ocrx_word' id='word_1_67' title='bbox 1483 801 1648 861; x_wconf 90' lang='lat' dir='ltr'><strong>futile</strong></span> <span class='ocrx_word' id='word_1_68' title='bbox 1703 810 1793 861; x_wconf 90' lang='lat' dir='ltr'><strong>est</strong></span> <span class='ocrx_word' id='word_1_69' title='bbox 1825 801 2067 860; x_wconf 85' lang='lat' dir='ltr'><strong>omnino</strong></span> <span class='ocrx_word' id='word_1_70' title='bbox 2101 808 2157 858; x_wconf 88' lang='lat' dir='ltr'><strong>et</strong></span> <span class='ocrx_word' id='word_1_71' title='bbox 2188 801 2388 860; x_wconf 90' lang='lat' dir='ltr'><strong>inane.</strong></span> <span class='ocrx_word' id='word_1_72' title='bbox 2426 799 2532 860; x_wconf 85' lang='lat' dir='ltr'><strong>Illa</strong></span> <span class='ocrx_word' id='word_1_73' title='bbox 2568 807 2725 858; x_wconf 85' lang='lat' dir='ltr'><strong>enim</strong></span> <span class='ocrx_word' id='word_1_74' title='bbox 2763 799 2969 878; x_wconf 78' lang='lat' dir='ltr'><strong>psalmi</strong></span> <span class='ocrx_word' id='word_1_75' title='bbox 3007 800 3285 858; x_wconf 79' lang='lat' dir='ltr'><strong>tricesiini</strong></span> <span class='ocrx_word' id='word_1_76' title='bbox 3323 798 3560 878; x_wconf 87' lang='lat' dir='ltr'><strong>septimi</strong></span> <span class='ocrx_word' id='word_1_77' title='bbox 3603 799 3702 858; x_wconf 87' lang='lat' dir='ltr'><strong>in-</strong></span> 
     </span>
    </p>
   </div>
   <div class='ocr_carea' id='block_1_7' title="bbox 321 887 3705 974">
    <p class='ocr_par' dir='ltr' id='par_1_7' title="bbox 321 887 3705 974">
     <span class='ocr_line' id='line_1_7' title="bbox 321 887 3705 974; baseline -0.002 -21"><span class='ocrx_word' id='word_1_78' title='bbox 321 896 681 974; x_wconf 88' lang='lat' dir='ltr'><strong>terpretatio,</strong></span> <span class='ocrx_word' id='word_1_79' title='bbox 715 896 798 955; x_wconf 91' lang='lat' dir='ltr'><strong>uti</strong></span> <span class='ocrx_word' id='word_1_80' title='bbox 830 894 1241 969; x_wconf 78' lang='lat' dir='ltr'><strong>ostendemus,</strong></span> <span class='ocrx_word' id='word_1_81' title='bbox 1280 889 1522 952; x_wconf 83' lang='lat' dir='ltr'><strong>Eusebii</strong></span> <span class='ocrx_word' id='word_1_82' title='bbox 1567 888 1718 949; x_wconf 88' lang='lat' dir='ltr'><strong>fetus</strong></span> <span class='ocrx_word' id='word_1_83' title='bbox 1751 897 1860 961; x_wconf 88' lang='lat' dir='ltr'><strong>est,</strong></span> <span class='ocrx_word' id='word_1_84' title='bbox 1898 908 2015 948; x_wconf 86' lang='lat' dir='ltr'><strong>non</strong></span> <span class='ocrx_word' id='word_1_85' title='bbox 2047 889 2275 949; x_wconf 79' lang='lat' dir='ltr'><strong>Basilii.</strong></span> <span class='ocrx_word' id='word_1_86' title='bbox 2308 889 2526 948; x_wconf 80' lang='lat' dir='ltr'><strong>Praeter</strong></span> <span class='ocrx_word' id='word_1_87' title='bbox 2571 888 2676 948; x_wconf 88' lang='lat' dir='ltr'><strong>hos</strong></span> <span class='ocrx_word' id='word_1_88' title='bbox 2709 907 2856 968; x_wconf 86' lang='lat' dir='ltr'><strong>quos</strong></span> <span class='ocrx_word' id='word_1_89' title='bbox 2892 887 3179 949; x_wconf 76' lang='lat' dir='ltr'><strong>habemus</strong></span> <span class='ocrx_word' id='word_1_90' title='bbox 3210 889 3491 966; x_wconf 86' lang='lat' dir='ltr'><strong>psalmos,</strong></span> <span class='ocrx_word' id='word_1_91' title='bbox 3532 887 3705 947; x_wconf 85' lang='lat' dir='ltr'><strong>citari</strong></span> 
     </span>
    </p>
   </div>
   <div class='ocr_carea' id='block_1_8' title="bbox 317 977 3704 1063">
    <p class='ocr_par' dir='ltr' id='par_1_8' title="bbox 317 977 3704 1063">
     <span class='ocr_line' id='line_1_8' title="bbox 317 977 3704 1063; baseline -0.002 -19"><span class='ocrx_word' id='word_1_92' title='bbox 317 994 375 1045; x_wconf 91' lang='lat' dir='ltr'><strong>et</strong></span> <span class='ocrx_word' id='word_1_93' title='bbox 399 985 545 1044; x_wconf 84' lang='lat' dir='ltr'><strong>alios</strong></span> <span class='ocrx_word' id='word_1_94' title='bbox 576 1004 606 1044; x_wconf 88' lang='lat' dir='ltr'><strong>a</strong></span> <span class='ocrx_word' id='word_1_95' title='bbox 638 985 1036 1063; x_wconf 85' lang='lat' dir='ltr'><strong>Metaphrasta</strong></span> <span class='ocrx_word' id='word_1_96' title='bbox 1068 982 1220 1043; x_wconf 89' lang='lat' dir='ltr'><strong>haud</strong></span> <span class='ocrx_word' id='word_1_97' title='bbox 1251 981 1594 1056; x_wconf 73' lang='lat' dir='ltr'><strong>ignoramus</strong></span> <span class='ocrx_word' id='word_1_98' title='bbox 1622 999 1636 1039; x_wconf 89' lang='lat'><strong>:</strong></span> <span class='ocrx_word' id='word_1_99' title='bbox 1670 979 1773 1040; x_wconf 88' lang='lat' dir='ltr'><strong>sed</strong></span> <span class='ocrx_word' id='word_1_100' title='bbox 1805 978 2223 1061; x_wconf 70' lang='lat' dir='ltr'><strong>Metaphrastze</strong></span> <span class='ocrx_word' id='word_1_101' title='bbox 2258 979 2314 1038; x_wconf 91' lang='lat' dir='ltr'><strong>in</strong></span> <span class='ocrx_word' id='word_1_102' title='bbox 2339 977 2553 1038; x_wconf 86' lang='lat' dir='ltr'><strong>litteris</strong></span> <span class='ocrx_word' id='word_1_103' title='bbox 2585 978 2904 1038; x_wconf 82' lang='lat' dir='ltr'><strong>auctoritas</strong></span> <span class='ocrx_word' id='word_1_104' title='bbox 2937 998 3002 1038; x_wconf 81' lang='lat' dir='ltr'><strong>en</strong></span> <span class='ocrx_word' id='word_1_105' title='bbox 3040 997 3156 1038; x_wconf 89' lang='lat' dir='ltr'><strong>non</strong></span> <span class='ocrx_word' id='word_1_106' title='bbox 3189 988 3302 1058; x_wconf 87' lang='lat' dir='ltr'><strong>est,</strong></span> <span class='ocrx_word' id='word_1_107' title='bbox 3338 997 3510 1058; x_wconf 89' lang='lat' dir='ltr'><strong>quam</strong></span> <span class='ocrx_word' id='word_1_108' title='bbox 3544 997 3704 1038; x_wconf 83' lang='lat' dir='ltr'><strong>caeco</strong></span> 
     </span>
    </p>
   </div>
   <div class='ocr_carea' id='block_1_9' title="bbox 317 1073 1084 1154">
    <p class='ocr_par' dir='ltr' id='par_1_9' title="bbox 317 1073 1084 1154">
     <span class='ocr_line' id='line_1_9' title="bbox 317 1073 1084 1154; baseline 0.003 -21"><span class='ocrx_word' id='word_1_109' title='bbox 317 1073 545 1154; x_wconf 90' lang='lat' dir='ltr'><strong>impetu</strong></span> <span class='ocrx_word' id='word_1_110' title='bbox 576 1074 746 1154; x_wconf 89' lang='lat' dir='ltr'><strong>sequi</strong></span> <span class='ocrx_word' id='word_1_111' title='bbox 777 1090 1084 1153; x_wconf 81' lang='lat' dir='ltr'><strong>cogamur.</strong></span> 
     </span>
    </p>
   </div>
   <div class='ocr_carea' id='block_1_10' title="bbox 400 1156 3710 1234">
    <p class='ocr_par' dir='ltr' id='par_1_10' title="bbox 400 1156 3710 1234">
     <span class='ocr_line' id='line_1_10' title="bbox 400 1156 3710 1234; baseline -0.003 -8"><span class='ocrx_word' id='word_1_112' title='bbox 400 1163 912 1226; x_wconf 89' lang='lat' dir='ltr'><strong>Circumferuntur</strong></span> <span class='ocrx_word' id='word_1_113' title='bbox 945 1160 1187 1222; x_wconf 91' lang='lat' dir='ltr'><strong>nomine</strong></span> <span class='ocrx_word' id='word_1_114' title='bbox 1221 1159 1423 1221; x_wconf 87' lang='lat' dir='ltr'><strong>Basilii</strong></span> <span class='ocrx_word' id='word_1_115' title='bbox 1455 1157 1663 1220; x_wconf 86' lang='lat' dir='ltr'><strong>decem</strong></span> <span class='ocrx_word' id='word_1_116' title='bbox 1700 1165 1757 1218; x_wconf 84' lang='lat' dir='ltr'><strong>et</strong></span> <span class='ocrx_word' id='word_1_117' title='bbox 1789 1166 2028 1234; x_wconf 71' lang='lat' dir='ltr'><strong>Septem</strong></span> <span class='ocrx_word' id='word_1_118' title='bbox 2082 1156 2414 1220; x_wconf 67' lang='lat' dir='ltr'><strong>Orationes</strong></span> <span class='ocrx_word' id='word_1_119' title='bbox 2466 1163 2532 1220; x_wconf 70' lang='lat' dir='ltr'><strong>in</strong></span> <span class='ocrx_word' id='word_1_120' title='bbox 2584 1158 2882 1220; x_wconf 62' lang='lat' dir='ltr'><strong>Psa’mos.</strong></span> <span class='ocrx_word' id='word_1_121' title='bbox 2944 1156 3058 1219; x_wconf 86' lang='lat' dir='ltr'><strong>Sed</strong></span> <span class='ocrx_word' id='word_1_122' title='bbox 3085 1158 3211 1218; x_wconf 89' lang='lat' dir='ltr'><strong>fere</strong></span> <span class='ocrx_word' id='word_1_123' title='bbox 3242 1159 3521 1218; x_wconf 69' lang='lat' dir='ltr'><strong>convenit</strong></span> <span class='ocrx_word' id='word_1_124' title='bbox 3553 1158 3710 1218; x_wconf 88' lang='lat' dir='ltr'><strong>inter</strong></span> 
     </span>
    </p>
   </div>
   <div class='ocr_carea' id='block_1_11' title="bbox 319 1247 3709 1328">
    <p class='ocr_par' dir='ltr' id='par_1_11' title="bbox 319 1247 3709 1328">
     <span class='ocr_line' id='line_1_11' title="bbox 319 1247 3709 1328; baseline -0.002 -13"><span class='ocrx_word' id='word_1_125' title='bbox 319 1252 544 1327; x_wconf 90' lang='lat' dir='ltr'><strong>doctos,</strong></span> <span class='ocrx_word' id='word_1_126' title='bbox 579 1253 824 1315; x_wconf 87' lang='lat' dir='ltr'><strong>alteram</strong></span> <span class='ocrx_word' id='word_1_127' title='bbox 859 1253 916 1313; x_wconf 93' lang='lat' dir='ltr'><strong>in</strong></span> <span class='ocrx_word' id='word_1_128' title='bbox 941 1252 1286 1311; x_wconf 79' lang='lat' dir='ltr'><strong>vicesimum</strong></span> <span class='ocrx_word' id='word_1_129' title='bbox 1319 1257 1585 1311; x_wconf 77' lang='lat' dir='ltr'><strong>octavum</strong></span> <span class='ocrx_word' id='word_1_130' title='bbox 1621 1247 1911 1326; x_wconf 81' lang='lat' dir='ltr'><strong>psalmum</strong></span> <span class='ocrx_word' id='word_1_131' title='bbox 1948 1247 2252 1306; x_wconf 90' lang='lat' dir='ltr'><strong>homiliam</strong></span> <span class='ocrx_word' id='word_1_132' title='bbox 2286 1248 2357 1308; x_wconf 88' lang='lat' dir='ltr'><strong>ad</strong></span> <span class='ocrx_word' id='word_1_133' title='bbox 2394 1267 2529 1308; x_wconf 87' lang='lat' dir='ltr'><strong>eum</strong></span> <span class='ocrx_word' id='word_1_134' title='bbox 2576 1248 2823 1309; x_wconf 79' lang='lat' dir='ltr'><strong>minime</strong></span> <span class='ocrx_word' id='word_1_135' title='bbox 2878 1248 3179 1326; x_wconf 79' lang='lat' dir='ltr'><strong>pertinere</strong></span> <span class='ocrx_word' id='word_1_136' title='bbox 3215 1271 3226 1306; x_wconf 90' lang='lat'>:</span> <span class='ocrx_word' id='word_1_137' title='bbox 3264 1249 3365 1309; x_wconf 87' lang='lat' dir='ltr'><strong>sed</strong></span> <span class='ocrx_word' id='word_1_138' title='bbox 3401 1268 3547 1328; x_wconf 85' lang='lat' dir='ltr'><strong>opus</strong></span> <span class='ocrx_word' id='word_1_139' title='bbox 3576 1266 3709 1308; x_wconf 85' lang='lat' dir='ltr'><strong>esse</strong></span> 
     </span>
    </p>
   </div>
   <div class='ocr_carea' id='block_1_12' title="bbox 319 1335 3708 1422">
    <p class='ocr_par' dir='ltr' id='par_1_12' title="bbox 319 1335 3708 1422">
     <span class='ocr_line' id='line_1_12' title="bbox 319 1335 3708 1422; baseline -0.001 -20"><span class='ocrx_word' id='word_1_140' title='bbox 319 1342 608 1422; x_wconf 80' lang='lat' dir='ltr'><strong>plagiarii,</strong></span> <span class='ocrx_word' id='word_1_141' title='bbox 644 1343 732 1403; x_wconf 90' lang='lat' dir='ltr'><strong>vel</strong></span> <span class='ocrx_word' id='word_1_142' title='bbox 771 1341 966 1420; x_wconf 90' lang='lat' dir='ltr'><strong>potius</strong></span> <span class='ocrx_word' id='word_1_143' title='bbox 997 1338 1249 1400; x_wconf 84' lang='lat' dir='ltr'><strong>studiosi</strong></span> <span class='ocrx_word' id='word_1_144' title='bbox 1283 1337 1640 1417; x_wconf 85' lang='lat' dir='ltr'><strong>cujuspiam,</strong></span> <span class='ocrx_word' id='word_1_145' title='bbox 1680 1335 1778 1416; x_wconf 86' lang='lat' dir='ltr'><strong>qui</strong></span> <span class='ocrx_word' id='word_1_146' title='bbox 1824 1354 1887 1396; x_wconf 88' lang='lat' dir='ltr'><strong>se</strong></span> <span class='ocrx_word' id='word_1_147' title='bbox 1933 1352 2238 1410; x_wconf 84' lang='lat' dir='ltr'><strong>exercere,</strong></span> <span class='ocrx_word' id='word_1_148' title='bbox 2277 1346 2335 1398; x_wconf 91' lang='lat' dir='ltr'><strong>et</strong></span> <span class='ocrx_word' id='word_1_149' title='bbox 2369 1339 2651 1398; x_wconf 76' lang='lat' dir='ltr'><strong>Basiliuni</strong></span> <span class='ocrx_word' id='word_1_150' title='bbox 2681 1338 2901 1398; x_wconf 77' lang='lat' dir='ltr'><strong>imitari</strong></span> <span class='ocrx_word' id='word_1_151' title='bbox 2927 1338 3204 1399; x_wconf 73' lang='lat' dir='ltr'><strong>voluerit.</strong></span> <span class='ocrx_word' id='word_1_152' title='bbox 3237 1336 3438 1400; x_wconf 88' lang='lat' dir='ltr'><strong>Oratio</strong></span> <span class='ocrx_word' id='word_1_153' title='bbox 3473 1357 3708 1415; x_wconf 90' lang='lat' dir='ltr'><strong>quoque</strong></span> 
     </span>
    </p>
   </div>
   <div class='ocr_carea' id='block_1_13' title="bbox 318 1423 3706 1510">
    <p class='ocr_par' dir='ltr' id='par_1_13' title="bbox 318 1423 3706 1510">
     <span class='ocr_line' id='line_1_13' title="bbox 318 1423 3706 1510; baseline -0.001 -20"><span class='ocrx_word' id='word_1_154' title='bbox 318 1435 376 1490; x_wconf 89' lang='lat' dir='ltr'><strong>in</strong></span> <span class='ocrx_word' id='word_1_155' title='bbox 411 1437 735 1510; x_wconf 88' lang='lat' dir='ltr'><strong>septimum</strong></span> <span class='ocrx_word' id='word_1_156' title='bbox 774 1439 832 1492; x_wconf 91' lang='lat' dir='ltr'><strong>et</strong></span> <span class='ocrx_word' id='word_1_157' title='bbox 865 1429 1234 1490; x_wconf 63' lang='lat' dir='ltr'><strong>tricesimum</strong></span> <span class='ocrx_word' id='word_1_158' title='bbox 1267 1429 1557 1506; x_wconf 88' lang='lat' dir='ltr'><strong>psalmum</strong></span> <span class='ocrx_word' id='word_1_159' title='bbox 1585 1433 1860 1505; x_wconf 88' lang='lat' dir='ltr'><strong>suspecta</strong></span> <span class='ocrx_word' id='word_1_160' title='bbox 1889 1423 2131 1503; x_wconf 85' lang='lat' dir='ltr'><strong>quidem</strong></span> <span class='ocrx_word' id='word_1_161' title='bbox 2165 1425 2290 1486; x_wconf 90' lang='lat' dir='ltr'><strong>visa</strong></span> <span class='ocrx_word' id='word_1_162' title='bbox 2315 1435 2406 1486; x_wconf 90' lang='lat' dir='ltr'><strong>est</strong></span> <span class='ocrx_word' id='word_1_163' title='bbox 2437 1425 2795 1488; x_wconf 80' lang='lat' dir='ltr'><strong>Combefisio</strong></span> <span class='ocrx_word' id='word_1_164' title='bbox 2827 1449 2839 1484; x_wconf 92' lang='lat'>:</span> <span class='ocrx_word' id='word_1_165' title='bbox 2877 1428 2979 1487; x_wconf 89' lang='lat' dir='ltr'><strong>sed</strong></span> <span class='ocrx_word' id='word_1_166' title='bbox 3009 1427 3197 1487; x_wconf 89' lang='lat' dir='ltr'><strong>noluit</strong></span> <span class='ocrx_word' id='word_1_167' title='bbox 3232 1428 3552 1506; x_wconf 78' lang='lat' dir='ltr'><strong>quidquam</strong></span> <span class='ocrx_word' id='word_1_168' title='bbox 3580 1434 3706 1488; x_wconf 87' lang='lat' dir='ltr'><strong>sta-</strong></span> 
     </span>
    </p>
   </div>
   <div class='ocr_carea' id='block_1_14' title="bbox 321 1513 3705 1598">
    <p class='ocr_par' dir='ltr' id='par_1_14' title="bbox 321 1513 3705 1598">
     <span class='ocr_line' id='line_1_14' title="bbox 321 1513 3705 1598; baseline -0.001 -18"><span class='ocrx_word' id='word_1_169' title='bbox 321 1529 510 1592; x_wconf 85' lang='lat' dir='ltr'><strong>tuere,</strong></span> <span class='ocrx_word' id='word_1_170' title='bbox 561 1529 661 1580; x_wconf 89' lang='lat' dir='ltr'><strong>aut</strong></span> <span class='ocrx_word' id='word_1_171' title='bbox 715 1520 1122 1598; x_wconf 87' lang='lat' dir='ltr'><strong>pronuntiare.</strong></span> <span class='ocrx_word' id='word_1_172' title='bbox 1159 1516 1454 1576; x_wconf 90' lang='lat' dir='ltr'><strong>Potuisset</strong></span> <span class='ocrx_word' id='word_1_173' title='bbox 1491 1524 1708 1584; x_wconf 86' lang='lat' dir='ltr'><strong>tamen,</strong></span> <span class='ocrx_word' id='word_1_174' title='bbox 1761 1532 1895 1574; x_wconf 91' lang='lat' dir='ltr'><strong>cum</strong></span> <span class='ocrx_word' id='word_1_175' title='bbox 1931 1513 2118 1574; x_wconf 78' lang='lat' dir='ltr'><strong>oratio</strong></span> <span class='ocrx_word' id='word_1_176' title='bbox 2150 1513 2276 1595; x_wconf 83' lang='lat' dir='ltr'><strong>illa,</strong></span> <span class='ocrx_word' id='word_1_177' title='bbox 2313 1523 2375 1574; x_wconf 90' lang='lat' dir='ltr'><strong>ut</strong></span> <span class='ocrx_word' id='word_1_178' title='bbox 2403 1517 2767 1591; x_wconf 84' lang='lat' dir='ltr'><strong>monuimus,</strong></span> <span class='ocrx_word' id='word_1_179' title='bbox 2810 1526 3111 1576; x_wconf 80' lang='lat' dir='ltr'><strong>auctorem</strong></span> <span class='ocrx_word' id='word_1_180' title='bbox 3157 1518 3370 1578; x_wconf 86' lang='lat' dir='ltr'><strong>habeat</strong></span> <span class='ocrx_word' id='word_1_181' title='bbox 3394 1537 3505 1577; x_wconf 90' lang='lat' dir='ltr'><strong>non</strong></span> <span class='ocrx_word' id='word_1_182' title='bbox 3541 1517 3705 1578; x_wconf 79' lang='lat' dir='ltr'><strong>Basi-</strong></span> 
     </span>
    </p>
   </div>
   <div class='ocr_carea' id='block_1_15' title="bbox 330 1603 1966 1682">
    <p class='ocr_par' dir='ltr' id='par_1_15' title="bbox 330 1603 1966 1682">
     <span class='ocr_line' id='line_1_15' title="bbox 330 1603 1966 1682; baseline -0.002 -14"><span class='ocrx_word' id='word_1_183' title='bbox 330 1609 498 1682; x_wconf 90' lang='lat' dir='ltr'><strong>lium,</strong></span> <span class='ocrx_word' id='word_1_184' title='bbox 529 1609 634 1668; x_wconf 91' lang='lat' dir='ltr'><strong>sed</strong></span> <span class='ocrx_word' id='word_1_185' title='bbox 667 1607 1014 1670; x_wconf 85' lang='lat' dir='ltr'><strong>Eusebium.</strong></span> <span class='ocrx_word' id='word_1_186' title='bbox 1056 1605 1136 1666; x_wconf 91' lang='lat' dir='ltr'><strong>De</strong></span> <span class='ocrx_word' id='word_1_187' title='bbox 1161 1607 1252 1666; x_wconf 91' lang='lat' dir='ltr'><strong>his</strong></span> <span class='ocrx_word' id='word_1_188' title='bbox 1277 1605 1465 1665; x_wconf 86' lang='lat' dir='ltr'><strong>fusius</strong></span> <span class='ocrx_word' id='word_1_189' title='bbox 1497 1604 1554 1664; x_wconf 87' lang='lat' dir='ltr'><strong>in</strong></span> <span class='ocrx_word' id='word_1_190' title='bbox 1590 1603 1768 1664; x_wconf 60' lang='lat' dir='ltr'><strong>Praef-ri</strong></span> <span class='ocrx_word' id='word_1_191' title='bbox 1784 1608 1966 1665; x_wconf 90' lang='lat' dir='ltr'><strong>tione.</strong></span> 
     </span>
    </p>
   </div>
   <div class='ocr_carea' id='block_1_16' title="bbox 403 1692 3708 1776">
    <p class='ocr_par' dir='ltr' id='par_1_16' title="bbox 403 1692 3708 1776">
     <span class='ocr_line' id='line_1_16' title="bbox 403 1692 3708 1776; baseline 0 -18"><span class='ocrx_word' id='word_1_192' title='bbox 403 1698 669 1773; x_wconf 60' lang='lat' dir='ltr'><strong>Reliquae</strong></span> <span class='ocrx_word' id='word_1_193' title='bbox 698 1696 1040 1776; x_wconf 85' lang='lat' dir='ltr'><strong>quindecim</strong></span> <span class='ocrx_word' id='word_1_194' title='bbox 1066 1695 1365 1757; x_wconf 86' lang='lat' dir='ltr'><strong>orationes</strong></span> <span class='ocrx_word' id='word_1_195' title='bbox 1399 1712 1504 1773; x_wconf 86' lang='lat' dir='ltr'><strong>pro</strong></span> <span class='ocrx_word' id='word_1_196' title='bbox 1535 1695 1798 1774; x_wconf 84' lang='lat' dir='ltr'><strong>genuino</strong></span> <span class='ocrx_word' id='word_1_197' title='bbox 1823 1692 2025 1753; x_wconf 87' lang='lat' dir='ltr'><strong>Basilii</strong></span> <span class='ocrx_word' id='word_1_198' title='bbox 2057 1693 2180 1754; x_wconf 90' lang='lat' dir='ltr'><strong>fetu</strong></span> <span class='ocrx_word' id='word_1_199' title='bbox 2213 1695 2509 1756; x_wconf 87' lang='lat' dir='ltr'><strong>habentur</strong></span> <span class='ocrx_word' id='word_1_200' title='bbox 2537 1695 2608 1756; x_wconf 90' lang='lat' dir='ltr'><strong>ab</strong></span> <span class='ocrx_word' id='word_1_201' title='bbox 2645 1695 3050 1758; x_wconf 88' lang='lat' dir='ltr'><strong>omnibus.Me</strong></span> <span class='ocrx_word' id='word_1_202' title='bbox 3079 1697 3317 1776; x_wconf 84' lang='lat' dir='ltr'><strong>quidem</strong></span> <span class='ocrx_word' id='word_1_203' title='bbox 3350 1716 3708 1776; x_wconf 79' lang='lat' dir='ltr'><strong>magnopere</strong></span> 
     </span>
    </p>
   </div>
   <div class='ocr_carea' id='block_1_17' title="bbox 323 1782 3706 1865">
    <p class='ocr_par' dir='ltr' id='par_1_17' title="bbox 323 1782 3706 1865">
     <span class='ocr_line' id='line_1_17' title="bbox 323 1782 3706 1865; baseline 0.001 -20"><span class='ocrx_word' id='word_1_204' title='bbox 323 1794 405 1846; x_wconf 90' lang='lat' dir='ltr'><strong>tot</strong></span> <span class='ocrx_word' id='word_1_205' title='bbox 437 1788 806 1848; x_wconf 86' lang='lat' dir='ltr'><strong>eruditorum</strong></span> <span class='ocrx_word' id='word_1_206' title='bbox 832 1788 1092 1846; x_wconf 71' lang='lat' dir='ltr'><strong>virorum</strong></span> <span class='ocrx_word' id='word_1_207' title='bbox 1131 1797 1468 1845; x_wconf 81' lang='lat' dir='ltr'><strong>commovet</strong></span> <span class='ocrx_word' id='word_1_208' title='bbox 1519 1782 1847 1844; x_wconf 81' lang='lat' dir='ltr'><strong>auctoritas</strong></span> <span class='ocrx_word' id='word_1_209' title='bbox 1883 1801 1896 1843; x_wconf 90' lang='lat'>:</span> <span class='ocrx_word' id='word_1_210' title='bbox 1934 1782 2038 1842; x_wconf 88' lang='lat' dir='ltr'><strong>sed</strong></span> <span class='ocrx_word' id='word_1_211' title='bbox 2093 1803 2166 1844; x_wconf 91' lang='lat' dir='ltr'><strong>ne</strong></span> <span class='ocrx_word' id='word_1_212' title='bbox 2215 1785 2274 1844; x_wconf 92' lang='lat' dir='ltr'><strong>in</strong></span> <span class='ocrx_word' id='word_1_213' title='bbox 2339 1804 2544 1846; x_wconf 86' lang='lat' dir='ltr'><strong>eorum</strong></span> <span class='ocrx_word' id='word_1_214' title='bbox 2600 1785 2953 1845; x_wconf 78' lang='lat' dir='ltr'><strong>sententiam</strong></span> <span class='ocrx_word' id='word_1_215' title='bbox 2989 1787 3340 1865; x_wconf 80' lang='lat' dir='ltr'><strong>Concedam,</strong></span> <span class='ocrx_word' id='word_1_216' title='bbox 3380 1787 3706 1861; x_wconf 80' lang='lat' dir='ltr'><strong>prohibent</strong></span> 
     </span>
    </p>
   </div>
   <div class='ocr_carea' id='block_1_18' title="bbox 327 1873 3707 1956">
    <p class='ocr_par' dir='ltr' id='par_1_18' title="bbox 327 1873 3707 1956">
     <span class='ocr_line' id='line_1_18' title="bbox 327 1873 3707 1956; baseline 0 -21"><span class='ocrx_word' id='word_1_217' title='bbox 327 1877 531 1949; x_wconf 90' lang='lat' dir='ltr'><strong>multa,</strong></span> <span class='ocrx_word' id='word_1_218' title='bbox 573 1895 762 1956; x_wconf 89' lang='lat' dir='ltr'><strong>eaque</strong></span> <span class='ocrx_word' id='word_1_219' title='bbox 791 1876 1159 1955; x_wconf 82' lang='lat' dir='ltr'><strong>gravissima.</strong></span> <span class='ocrx_word' id='word_1_220' title='bbox 1199 1876 1318 1936; x_wconf 80' lang='lat' dir='ltr'><strong>Res</strong></span> <span class='ocrx_word' id='word_1_221' title='bbox 1347 1883 1541 1934; x_wconf 89' lang='lat' dir='ltr'><strong>autem</strong></span> <span class='ocrx_word' id='word_1_222' title='bbox 1570 1873 2014 1951; x_wconf 82' lang='lat' dir='ltr'><strong>inquisitionem</strong></span> <span class='ocrx_word' id='word_1_223' title='bbox 2044 1873 2372 1952; x_wconf 86' lang='lat' dir='ltr'><strong>longiorem</strong></span> <span class='ocrx_word' id='word_1_224' title='bbox 2408 1876 2975 1955; x_wconf 81' lang='lat' dir='ltr'><strong>diligentioremque</strong></span> <span class='ocrx_word' id='word_1_225' title='bbox 3007 1895 3139 1937; x_wconf 89' lang='lat' dir='ltr'><strong>cum</strong></span> <span class='ocrx_word' id='word_1_226' title='bbox 3175 1877 3515 1956; x_wconf 81' lang='lat' dir='ltr'><strong>postulel,id</strong></span> <span class='ocrx_word' id='word_1_227' title='bbox 3549 1896 3707 1937; x_wconf 92' lang='lat' dir='ltr'><strong>com-</strong></span> 
     </span>
    </p>
   </div>
   <div class='ocr_carea' id='block_1_19' title="bbox 325 1961 3704 2046">
    <p class='ocr_par' dir='ltr' id='par_1_19' title="bbox 325 1961 3704 2046">
     <span class='ocr_line' id='line_1_19' title="bbox 325 1961 3704 2046; baseline 0.001 -24"><span class='ocrx_word' id='word_1_228' title='bbox 325 1963 560 2024; x_wconf 90' lang='lat' dir='ltr'><strong>modius</strong></span> <span class='ocrx_word' id='word_1_229' title='bbox 594 1966 775 2025; x_wconf 86' lang='lat' dir='ltr'><strong>multo</strong></span> <span class='ocrx_word' id='word_1_230' title='bbox 809 1965 867 2024; x_wconf 91' lang='lat' dir='ltr'><strong>in</strong></span> <span class='ocrx_word' id='word_1_231' title='bbox 904 1963 1254 2042; x_wconf 68' lang='lat' dir='ltr'><strong>praefatione</strong></span> <span class='ocrx_word' id='word_1_232' title='bbox 1286 1962 1553 2039; x_wconf 78' lang='lat' dir='ltr'><strong>generali</strong></span> <span class='ocrx_word' id='word_1_233' title='bbox 1586 1961 2027 2041; x_wconf 71' lang='lat' dir='ltr'><strong>praestabimus.</strong></span> <span class='ocrx_word' id='word_1_234' title='bbox 2063 1963 2267 2026; x_wconf 83' lang='lat' dir='ltr'><strong>Dicam</strong></span> <span class='ocrx_word' id='word_1_235' title='bbox 2301 1965 2518 2038; x_wconf 87' lang='lat' dir='ltr'><strong>obiter,</strong></span> <span class='ocrx_word' id='word_1_236' title='bbox 2544 1967 2864 2034; x_wconf 89' lang='lat' dir='ltr'><strong>orationes,</strong></span> <span class='ocrx_word' id='word_1_237' title='bbox 2901 1983 3028 2044; x_wconf 63' lang='lat' dir='ltr'><strong>qua;</strong></span> <span class='ocrx_word' id='word_1_238' title='bbox 3056 1984 3194 2026; x_wconf 90' lang='lat' dir='ltr'><strong>vere</strong></span> <span class='ocrx_word' id='word_1_239' title='bbox 3220 1966 3426 2027; x_wconf 78' lang='lat' dir='ltr'><strong>Basilii</strong></span> <span class='ocrx_word' id='word_1_240' title='bbox 3463 1967 3704 2046; x_wconf 85' lang='lat' dir='ltr'><strong>sunt,ad</strong></span> 
     </span>
    </p>
   </div>
   <div class='ocr_carea' id='block_1_20' title="bbox 329 2050 3708 2135">
    <p class='ocr_par' dir='ltr' id='par_1_20' title="bbox 329 2050 3708 2135">
     <span class='ocr_line' id='line_1_20' title="bbox 329 2050 3708 2135; baseline 0.001 -22"><span class='ocrx_word' id='word_1_241' title='bbox 329 2054 611 2132; x_wconf 90' lang='lat' dir='ltr'><strong>populum</strong></span> <span class='ocrx_word' id='word_1_242' title='bbox 647 2054 876 2116; x_wconf 90' lang='lat' dir='ltr'><strong>habitas</strong></span> <span class='ocrx_word' id='word_1_243' title='bbox 901 2070 1056 2133; x_wconf 88' lang='lat' dir='ltr'><strong>esse,</strong></span> <span class='ocrx_word' id='word_1_244' title='bbox 1094 2053 1277 2132; x_wconf 88' lang='lat' dir='ltr'><strong>inque</strong></span> <span class='ocrx_word' id='word_1_245' title='bbox 1321 2059 1613 2113; x_wconf 87' lang='lat' dir='ltr'><strong>conventu</strong></span> <span class='ocrx_word' id='word_1_246' title='bbox 1669 2050 1908 2131; x_wconf 89' lang='lat' dir='ltr'><strong>publico</strong></span> <span class='ocrx_word' id='word_1_247' title='bbox 1943 2053 2378 2135; x_wconf 88' lang='lat' dir='ltr'><strong>pronuntiatas,</strong></span> <span class='ocrx_word' id='word_1_248' title='bbox 2435 2064 2490 2114; x_wconf 91' lang='lat' dir='ltr'><strong>et</strong></span> <span class='ocrx_word' id='word_1_249' title='bbox 2521 2073 2892 2134; x_wconf 75' lang='lat' dir='ltr'><strong>quaecumtu</strong></span> <span class='ocrx_word' id='word_1_250' title='bbox 2937 2056 3086 2117; x_wconf 83' lang='lat' dir='ltr'><strong>hanc</strong></span> <span class='ocrx_word' id='word_1_251' title='bbox 3121 2063 3314 2115; x_wconf 82' lang='lat' dir='ltr'><strong>notam</strong></span> <span class='ocrx_word' id='word_1_252' title='bbox 3352 2075 3471 2135; x_wconf 73' lang='lat' dir='ltr'><strong>prae</strong></span> <span class='ocrx_word' id='word_1_253' title='bbox 3502 2075 3566 2116; x_wconf 91' lang='lat' dir='ltr'><strong>se</strong></span> <span class='ocrx_word' id='word_1_254' title='bbox 3594 2076 3708 2117; x_wconf 92' lang='lat' dir='ltr'><strong>non</strong></span> 
     </span>
    </p>
   </div>
   <div class='ocr_carea' id='block_1_21' title="bbox 327 2141 1900 2222">
    <p class='ocr_par' dir='ltr' id='par_1_21' title="bbox 327 2141 1900 2222">
     <span class='ocr_line' id='line_1_21' title="bbox 327 2141 1900 2222; baseline -0.001 -20"><span class='ocrx_word' id='word_1_255' title='bbox 327 2141 460 2216; x_wconf 88' lang='lat' dir='ltr'><strong>fert,</strong></span> <span class='ocrx_word' id='word_1_256' title='bbox 497 2163 628 2205; x_wconf 90' lang='lat' dir='ltr'><strong>eam</strong></span> <span class='ocrx_word' id='word_1_257' title='bbox 656 2144 732 2205; x_wconf 89' lang='lat' dir='ltr'><strong>ob</strong></span> <span class='ocrx_word' id='word_1_258' title='bbox 762 2144 819 2204; x_wconf 90' lang='lat' dir='ltr'><strong>id</strong></span> <span class='ocrx_word' id='word_1_259' title='bbox 845 2145 1033 2206; x_wconf 90' lang='lat' dir='ltr'><strong>solum</strong></span> <span class='ocrx_word' id='word_1_260' title='bbox 1069 2150 1406 2222; x_wconf 84' lang='lat' dir='ltr'><strong>sospeetam</strong></span> <span class='ocrx_word' id='word_1_261' title='bbox 1440 2143 1627 2204; x_wconf 89' lang='lat' dir='ltr'><strong>videri</strong></span> <span class='ocrx_word' id='word_1_262' title='bbox 1653 2141 1900 2204; x_wconf 89' lang='lat' dir='ltr'><strong>debere.</strong></span> 
     </span>
    </p>
   </div>
   <div class='ocr_carea' id='block_1_22' title="bbox 418 2229 3710 2312">
    <p class='ocr_par' dir='ltr' id='par_1_22' title="bbox 418 2229 3710 2312">
     <span class='ocr_line' id='line_1_22' title="bbox 418 2229 3710 2312; baseline 0.001 -18"><span class='ocrx_word' id='word_1_263' title='bbox 418 2233 658 2312; x_wconf 86' lang='lat' dir='ltr'><strong>Legenti</strong></span> <span class='ocrx_word' id='word_1_264' title='bbox 683 2233 904 2294; x_wconf 90' lang='lat' dir='ltr'><strong>mihiid</strong></span> <span class='ocrx_word' id='word_1_265' title='bbox 929 2232 1265 2312; x_wconf 89' lang='lat' dir='ltr'><strong>opus,quod</strong></span> <span class='ocrx_word' id='word_1_266' title='bbox 1295 2231 1592 2293; x_wconf 88' lang='lat' dir='ltr'><strong>edendum</strong></span> <span class='ocrx_word' id='word_1_267' title='bbox 1628 2233 1854 2293; x_wconf 81' lang='lat' dir='ltr'><strong>curavit</strong></span> <span class='ocrx_word' id='word_1_268' title='bbox 1877 2229 1965 2293; x_wconf 87' lang='lat' dir='ltr'><strong>vir</strong></span> <span class='ocrx_word' id='word_1_269' title='bbox 1994 2232 2380 2295; x_wconf 84' lang='lat' dir='ltr'><strong>doctissimus</strong></span> <span class='ocrx_word' id='word_1_270' title='bbox 2414 2233 2721 2295; x_wconf 82' lang='lat' dir='ltr'><strong>Balthasar</strong></span> <span class='ocrx_word' id='word_1_271' title='bbox 2750 2235 3364 2306; x_wconf 86' lang='lat' dir='ltr'><strong>Corderius,occurrit</strong></span> <span class='ocrx_word' id='word_1_272' title='bbox 3387 2235 3710 2298; x_wconf 86' lang='lat' dir='ltr'><strong>difﬁcultas</strong></span> 
     </span>
    </p>
   </div>
   <div class='ocr_carea' id='block_1_23' title="bbox 339 2321 3707 2402">
    <p class='ocr_par' dir='ltr' id='par_1_23' title="bbox 339 2321 3707 2402">
     <span class='ocr_line' id='line_1_23' title="bbox 339 2321 3707 2402; baseline 0.001 -20"><span class='ocrx_word' id='word_1_273' title='bbox 339 2322 494 2382; x_wconf 90' lang='lat' dir='ltr'><strong>haud</strong></span> <span class='ocrx_word' id='word_1_274' title='bbox 524 2322 912 2400; x_wconf 84' lang='lat' dir='ltr'><strong>exigua.Nam</strong></span> <span class='ocrx_word' id='word_1_275' title='bbox 937 2328 1252 2383; x_wconf 84' lang='lat' dir='ltr'><strong>maximam</strong></span> <span class='ocrx_word' id='word_1_276' title='bbox 1279 2329 1503 2401; x_wconf 86' lang='lat' dir='ltr'><strong>partem</strong></span> <span class='ocrx_word' id='word_1_277' title='bbox 1530 2339 1734 2381; x_wconf 89' lang='lat' dir='ltr'><strong>eorum</strong></span> <span class='ocrx_word' id='word_1_278' title='bbox 1757 2340 1888 2401; x_wconf 72' lang='lat' dir='ltr'><strong>quae</strong></span> <span class='ocrx_word' id='word_1_279' title='bbox 1920 2321 1978 2382; x_wconf 94' lang='lat' dir='ltr'><strong>in</strong></span> <span class='ocrx_word' id='word_1_280' title='bbox 2012 2323 2450 2385; x_wconf 87' lang='lat' dir='ltr'><strong>Commentario</strong></span> <span class='ocrx_word' id='word_1_281' title='bbox 2482 2323 2780 2386; x_wconf 90' lang='lat' dir='ltr'><strong>Theodori</strong></span> <span class='ocrx_word' id='word_1_282' title='bbox 2815 2324 3184 2388; x_wconf 75' lang='lat' dir='ltr'><strong>Heracleotze</strong></span> <span class='ocrx_word' id='word_1_283' title='bbox 3208 2324 3498 2402; x_wconf 80' lang='lat' dir='ltr'><strong>legebam,</strong></span> <span class='ocrx_word' id='word_1_284' title='bbox 3539 2344 3707 2385; x_wconf 88' lang='lat' dir='ltr'><strong>com-</strong></span> 
     </span>
    </p>
   </div>
   <div class='ocr_carea' id='block_1_24' title="bbox 338 2409 3711 2492">
    <p class='ocr_par' dir='ltr' id='par_1_24' title="bbox 338 2409 3711 2492">
     <span class='ocr_line' id='line_1_24' title="bbox 338 2409 3711 2492; baseline 0.001 -22"><span class='ocrx_word' id='word_1_285' title='bbox 338 2409 461 2489; x_wconf 89' lang='lat' dir='ltr'><strong>peri</strong></span> <span class='ocrx_word' id='word_1_286' title='bbox 497 2411 641 2473; x_wconf 93' lang='lat' dir='ltr'><strong>nihil</strong></span> <span class='ocrx_word' id='word_1_287' title='bbox 673 2413 829 2473; x_wconf 88' lang='lat' dir='ltr'><strong>aliud</strong></span> <span class='ocrx_word' id='word_1_288' title='bbox 857 2431 1011 2486; x_wconf 88' lang='lat' dir='ltr'><strong>esse,</strong></span> <span class='ocrx_word' id='word_1_289' title='bbox 1043 2411 1158 2471; x_wconf 84' lang='lat' dir='ltr'><strong>nisi</strong></span> <span class='ocrx_word' id='word_1_290' title='bbox 1188 2412 1372 2490; x_wconf 83' lang='lat' dir='ltr'><strong>ipsam</strong></span> <span class='ocrx_word' id='word_1_291' title='bbox 1415 2410 1620 2472; x_wconf 88' lang='lat' dir='ltr'><strong>Basilii</strong></span> <span class='ocrx_word' id='word_1_292' title='bbox 1646 2411 1712 2471; x_wconf 76' lang='lat' dir='ltr'><strong>in</strong></span> <span class='ocrx_word' id='word_1_293' title='bbox 1747 2411 2018 2473; x_wconf 76' lang='lat' dir='ltr'><strong>Psalmos</strong></span> <span class='ocrx_word' id='word_1_294' title='bbox 2052 2413 2747 2492; x_wconf 85' lang='lat' dir='ltr'><strong>explanationem,idque</strong></span> <span class='ocrx_word' id='word_1_295' title='bbox 2781 2413 2855 2474; x_wconf 88' lang='lat' dir='ltr'><strong>ad</strong></span> <span class='ocrx_word' id='word_1_296' title='bbox 2894 2413 3164 2476; x_wconf 88' lang='lat' dir='ltr'><strong>verbum.</strong></span> <span class='ocrx_word' id='word_1_297' title='bbox 3200 2412 3464 2476; x_wconf 81' lang='lat' dir='ltr'><strong>Verebar</strong></span> <span class='ocrx_word' id='word_1_298' title='bbox 3496 2433 3610 2476; x_wconf 89' lang='lat' dir='ltr'><strong>una</strong></span> <span class='ocrx_word' id='word_1_299' title='bbox 3642 2433 3711 2475; x_wconf 83' lang='lat' dir='ltr'><strong>ex</strong></span> 
     </span>
    </p>
   </div>
   <div class='ocr_carea' id='block_1_25' title="bbox 337 2499 3710 2584">
    <p class='ocr_par' dir='ltr' id='par_1_25' title="bbox 337 2499 3710 2584">
     <span class='ocr_line' id='line_1_25' title="bbox 337 2499 3710 2584; baseline 0.001 -25"><span class='ocrx_word' id='word_1_300' title='bbox 337 2501 1044 2575; x_wconf 75' lang='lat' dir='ltr'><strong>parte,Commentarium</strong></span> <span class='ocrx_word' id='word_1_301' title='bbox 1077 2501 1240 2561; x_wconf 90' lang='lat' dir='ltr'><strong>illum</strong></span> <span class='ocrx_word' id='word_1_302' title='bbox 1274 2499 1589 2562; x_wconf 77' lang='lat' dir='ltr'><strong>Theodoro</strong></span> <span class='ocrx_word' id='word_1_303' title='bbox 1622 2500 1913 2580; x_wconf 83' lang='lat' dir='ltr'><strong>adimere,</strong></span> <span class='ocrx_word' id='word_1_304' title='bbox 1947 2499 2023 2561; x_wconf 94' lang='lat' dir='ltr'><strong>ob</strong></span> <span class='ocrx_word' id='word_1_305' title='bbox 2053 2511 2312 2561; x_wconf 87' lang='lat' dir='ltr'><strong>veterum</strong></span> <span class='ocrx_word' id='word_1_306' title='bbox 2349 2502 2638 2562; x_wconf 91' lang='lat' dir='ltr'><strong>librorum</strong></span> <span class='ocrx_word' id='word_1_307' title='bbox 2671 2510 3116 2577; x_wconf 86' lang='lat' dir='ltr'><strong>auctoritatem,</strong></span> <span class='ocrx_word' id='word_1_308' title='bbox 3153 2503 3220 2563; x_wconf 87' lang='lat' dir='ltr'><strong>ad</strong></span> <span class='ocrx_word' id='word_1_309' title='bbox 3255 2522 3507 2584; x_wconf 90' lang='lat' dir='ltr'><strong>quorum</strong></span> <span class='ocrx_word' id='word_1_310' title='bbox 3535 2503 3710 2564; x_wconf 81' lang='lat' dir='ltr'><strong>(idem</strong></span> 
     </span>
    </p>
   </div>
   <div class='ocr_carea' id='block_1_26' title="bbox 347 2586 3713 2671">
    <p class='ocr_par' dir='ltr' id='par_1_26' title="bbox 347 2586 3713 2671">
     <span class='ocr_line' id='line_1_26' title="bbox 347 2586 3713 2671; baseline 0.002 -25"><span class='ocrx_word' id='word_1_311' title='bbox 347 2586 462 2648; x_wconf 92' lang='lat' dir='ltr'><strong>hoc</strong></span> <span class='ocrx_word' id='word_1_312' title='bbox 496 2588 550 2649; x_wconf 90' lang='lat' dir='ltr'><strong>ei</strong></span> <span class='ocrx_word' id='word_1_313' title='bbox 585 2609 733 2669; x_wconf 90' lang='lat' dir='ltr'><strong>opus</strong></span> <span class='ocrx_word' id='word_1_314' title='bbox 763 2590 1042 2652; x_wconf 82' lang='lat' dir='ltr'><strong>tributum</strong></span> <span class='ocrx_word' id='word_1_315' title='bbox 1069 2599 1158 2652; x_wconf 83' lang='lat' dir='ltr'><strong>est</strong></span> <span class='ocrx_word' id='word_1_316' title='bbox 1191 2610 1203 2651; x_wconf 90' lang='lat'>:</span> <span class='ocrx_word' id='word_1_317' title='bbox 1238 2608 1304 2649; x_wconf 82' lang='lat' dir='ltr'><strong>ex</strong></span> <span class='ocrx_word' id='word_1_318' title='bbox 1331 2589 1537 2668; x_wconf 87' lang='lat' dir='ltr'><strong>altera,</strong></span> <span class='ocrx_word' id='word_1_319' title='bbox 1563 2597 1859 2648; x_wconf 86' lang='lat' dir='ltr'><strong>oratorum</strong></span> <span class='ocrx_word' id='word_1_320' title='bbox 1894 2589 2184 2668; x_wconf 88' lang='lat' dir='ltr'><strong>optimum</strong></span> <span class='ocrx_word' id='word_1_321' title='bbox 2236 2589 2514 2651; x_wconf 89' lang='lat' dir='ltr'><strong>Basilium</strong></span> <span class='ocrx_word' id='word_1_322' title='bbox 2553 2591 2690 2650; x_wconf 88' lang='lat' dir='ltr'><strong>furti</strong></span> <span class='ocrx_word' id='word_1_323' title='bbox 2717 2591 3014 2652; x_wconf 87' lang='lat' dir='ltr'><strong>dedecore</strong></span> <span class='ocrx_word' id='word_1_324' title='bbox 3045 2599 3220 2670; x_wconf 87' lang='lat' dir='ltr'><strong>atque</strong></span> <span class='ocrx_word' id='word_1_325' title='bbox 3252 2593 3713 2671; x_wconf 81' lang='lat' dir='ltr'><strong>inf:uniaa5per-</strong></span> 
     </span>
    </p>
   </div>
   <div class='ocr_carea' id='block_1_27' title="bbox 335 2677 3708 2759">
    <p class='ocr_par' dir='ltr' id='par_1_27' title="bbox 335 2677 3708 2759">
     <span class='ocr_line' id='line_1_27' title="bbox 335 2677 3708 2759; baseline 0.001 -22"><span class='ocrx_word' id='word_1_326' title='bbox 335 2695 474 2754; x_wconf 83' lang='lat' dir='ltr'><strong>gere</strong></span> <span class='ocrx_word' id='word_1_327' title='bbox 509 2697 628 2740; x_wconf 90' lang='lat' dir='ltr'><strong>non</strong></span> <span class='ocrx_word' id='word_1_328' title='bbox 657 2687 949 2759; x_wconf 81' lang='lat' dir='ltr'><strong>poteram.</strong></span> <span class='ocrx_word' id='word_1_329' title='bbox 990 2680 1104 2741; x_wconf 89' lang='lat' dir='ltr'><strong>Sed</strong></span> <span class='ocrx_word' id='word_1_330' title='bbox 1149 2697 1266 2738; x_wconf 90' lang='lat' dir='ltr'><strong>non</strong></span> <span class='ocrx_word' id='word_1_331' title='bbox 1317 2679 1416 2738; x_wconf 87' lang='lat' dir='ltr'><strong>diu</strong></span> <span class='ocrx_word' id='word_1_332' title='bbox 1453 2696 1780 2755; x_wconf 83' lang='lat' dir='ltr'><strong>suSpensus</strong></span> <span class='ocrx_word' id='word_1_333' title='bbox 1833 2677 1916 2738; x_wconf 89' lang='lat' dir='ltr'><strong>fui</strong></span> <span class='ocrx_word' id='word_1_334' title='bbox 1950 2687 2006 2739; x_wconf 90' lang='lat' dir='ltr'><strong>et</strong></span> <span class='ocrx_word' id='word_1_335' title='bbox 2037 2679 2324 2741; x_wconf 87' lang='lat' dir='ltr'><strong>incertus.</strong></span> <span class='ocrx_word' id='word_1_336' title='bbox 2361 2682 2507 2741; x_wconf 80' lang='lat' dir='ltr'><strong>Nam</strong></span> <span class='ocrx_word' id='word_1_337' title='bbox 2555 2680 2755 2740; x_wconf 86' lang='lat' dir='ltr'><strong>statim</strong></span> <span class='ocrx_word' id='word_1_338' title='bbox 2789 2681 2998 2758; x_wconf 80' lang='lat' dir='ltr'><strong>agnovi</strong></span> <span class='ocrx_word' id='word_1_339' title='bbox 3033 2679 3543 2742; x_wconf 84' lang='lat' dir='ltr'><strong>Commentarium</strong></span> <span class='ocrx_word' id='word_1_340' title='bbox 3575 2700 3708 2745; x_wconf 88' lang='lat' dir='ltr'><strong>eum</strong></span> 
     </span>
    </p>
   </div>
   <div class='ocr_carea' id='block_1_28' title="bbox 335 2767 3710 2848">
    <p class='ocr_par' dir='ltr' id='par_1_28' title="bbox 335 2767 3710 2848">
     <span class='ocr_line' id='line_1_28' title="bbox 335 2767 3710 2848; baseline 0 -21"><span class='ocrx_word' id='word_1_341' title='bbox 335 2769 434 2848; x_wconf 89' lang='lat' dir='ltr'><strong>qui</strong></span> <span class='ocrx_word' id='word_1_342' title='bbox 472 2769 711 2829; x_wconf 89' lang='lat' dir='ltr'><strong>nomine</strong></span> <span class='ocrx_word' id='word_1_343' title='bbox 745 2767 1049 2832; x_wconf 75' lang='lat' dir='ltr'><strong>Theodori</strong></span> <span class='ocrx_word' id='word_1_344' title='bbox 1081 2768 1526 2845; x_wconf 83' lang='lat' dir='ltr'><strong>circumfertur,</strong></span> <span class='ocrx_word' id='word_1_345' title='bbox 1555 2767 1858 2828; x_wconf 84' lang='lat' dir='ltr'><strong>Theodori</strong></span> <span class='ocrx_word' id='word_1_346' title='bbox 1884 2768 2058 2828; x_wconf 89' lang='lat' dir='ltr'><strong>unius</strong></span> <span class='ocrx_word' id='word_1_347' title='bbox 2084 2787 2237 2848; x_wconf 89' lang='lat' dir='ltr'><strong>opus</strong></span> <span class='ocrx_word' id='word_1_348' title='bbox 2275 2788 2390 2828; x_wconf 91' lang='lat' dir='ltr'><strong>non</strong></span> <span class='ocrx_word' id='word_1_349' title='bbox 2425 2769 2693 2843; x_wconf 88' lang='lat' dir='ltr'><strong>esse,sed</strong></span> <span class='ocrx_word' id='word_1_350' title='bbox 2731 2771 3074 2841; x_wconf 87' lang='lat' dir='ltr'><strong>multorum,</strong></span> <span class='ocrx_word' id='word_1_351' title='bbox 3113 2768 3410 2847; x_wconf 86' lang='lat' dir='ltr'><strong>Origenis,</strong></span> <span class='ocrx_word' id='word_1_352' title='bbox 3444 2769 3710 2844; x_wconf 76' lang='lat' dir='ltr'><strong>Eusebii,</strong></span> 
     </span>
    </p>
   </div>
   <div class='ocr_carea' id='block_1_29' title="bbox 332 2856 3709 2938">
    <p class='ocr_par' dir='ltr' id='par_1_29' title="bbox 332 2856 3709 2938">
     <span class='ocr_line' id='line_1_29' title="bbox 332 2856 3709 2938; baseline 0 -19"><span class='ocrx_word' id='word_1_353' title='bbox 332 2857 536 2920; x_wconf 86' lang='lat' dir='ltr'><strong>Basilii</strong></span> <span class='ocrx_word' id='word_1_354' title='bbox 563 2858 771 2937; x_wconf 81' lang='lat' dir='ltr'><strong>ipsius,</strong></span> <span class='ocrx_word' id='word_1_355' title='bbox 806 2858 1060 2938; x_wconf 80' lang='lat' dir='ltr'><strong>Didymi,</strong></span> <span class='ocrx_word' id='word_1_356' title='bbox 1085 2858 1336 2921; x_wconf 85' lang='lat' dir='ltr'><strong>Joannis</strong></span> <span class='ocrx_word' id='word_1_357' title='bbox 1365 2856 2319 2937; x_wconf 80' lang='lat' dir='ltr'><strong>Cht‘ysoslomi,Theodoreti,etc.</strong></span> <span class='ocrx_word' id='word_1_358' title='bbox 2349 2860 2479 2921; x_wconf 83' lang='lat' dir='ltr'><strong>Uuo</strong></span> <span class='ocrx_word' id='word_1_359' title='bbox 2515 2859 3023 2938; x_wconf 79' lang='lat' dir='ltr'><strong>verbo,conslabit</strong></span> <span class='ocrx_word' id='word_1_360' title='bbox 3052 2878 3118 2920; x_wconf 88' lang='lat' dir='ltr'><strong>ex</strong></span> <span class='ocrx_word' id='word_1_361' title='bbox 3147 2859 3709 2938; x_wconf 84' lang='lat' dir='ltr'><strong>praefatione,Com—</strong></span> 
     </span>
    </p>
   </div>
   <div class='ocr_carea' id='block_1_30' title="bbox 333 2946 3706 3028">
    <p class='ocr_par' dir='ltr' id='par_1_30' title="bbox 333 2946 3706 3028">
     <span class='ocr_line' id='line_1_30' title="bbox 333 2946 3706 3028; baseline 0.001 -21"><span class='ocrx_word' id='word_1_362' title='bbox 333 2947 686 3009; x_wconf 89' lang='lat' dir='ltr'><strong>mentarium</strong></span> <span class='ocrx_word' id='word_1_363' title='bbox 715 2949 998 3009; x_wconf 84' lang='lat' dir='ltr'><strong>hactenus</strong></span> <span class='ocrx_word' id='word_1_364' title='bbox 1029 2946 1350 3008; x_wconf 67' lang='lat' dir='ltr'><strong>Thuoiloro</strong></span> <span class='ocrx_word' id='word_1_365' title='bbox 1385 2946 1750 3006; x_wconf 71' lang='lat' dir='ltr'><strong>lleracleotze</strong></span> <span class='ocrx_word' id='word_1_366' title='bbox 1771 2947 2116 3007; x_wconf 79' lang='lat' dir='ltr'><strong>attributum</strong></span> <span class='ocrx_word' id='word_1_367' title='bbox 2151 2947 2210 3008; x_wconf 89' lang='lat' dir='ltr'><strong>in</strong></span> <span class='ocrx_word' id='word_1_368' title='bbox 2245 2950 2604 3010; x_wconf 85' lang='lat' dir='ltr'><strong>Calenarum</strong></span> <span class='ocrx_word' id='word_1_369' title='bbox 2644 2967 2891 3008; x_wconf 83' lang='lat' dir='ltr'><strong>numero</strong></span> <span class='ocrx_word' id='word_1_370' title='bbox 2924 2948 3135 3026; x_wconf 89' lang='lat' dir='ltr'><strong>reponi</strong></span> <span class='ocrx_word' id='word_1_371' title='bbox 3172 2950 3379 3010; x_wconf 87' lang='lat' dir='ltr'><strong>merito</strong></span> <span class='ocrx_word' id='word_1_372' title='bbox 3418 2953 3706 3028; x_wconf 71' lang='lat' dir='ltr'><strong>posseEx</strong></span> 
     </span>
    </p>
   </div>
   <div class='ocr_carea' id='block_1_31' title="bbox 338 3036 3443 3118">
    <p class='ocr_par' dir='ltr' id='par_1_31' title="bbox 338 3036 3443 3118">
     <span class='ocr_line' id='line_1_31' title="bbox 338 3036 3443 3118; baseline 0.001 -22"><span class='ocrx_word' id='word_1_373' title='bbox 338 3056 451 3116; x_wconf 89' lang='lat' dir='ltr'><strong>quo</strong></span> <span class='ocrx_word' id='word_1_374' title='bbox 486 3039 571 3112; x_wconf 82' lang='lat' dir='ltr'><strong>fit,</strong></span> <span class='ocrx_word' id='word_1_375' title='bbox 611 3047 673 3097; x_wconf 88' lang='lat' dir='ltr'><strong>ut</strong></span> <span class='ocrx_word' id='word_1_376' title='bbox 704 3038 961 3100; x_wconf 88' lang='lat' dir='ltr'><strong>Basilius</strong></span> <span class='ocrx_word' id='word_1_377' title='bbox 995 3047 1197 3099; x_wconf 90' lang='lat' dir='ltr'><strong>noster</strong></span> <span class='ocrx_word' id='word_1_378' title='bbox 1229 3037 1574 3115; x_wconf 79' lang='lat' dir='ltr'><strong>longissime</strong></span> <span class='ocrx_word' id='word_1_379' title='bbox 1608 3037 1680 3097; x_wconf 94' lang='lat' dir='ltr'><strong>ab</strong></span> <span class='ocrx_word' id='word_1_380' title='bbox 1710 3038 1870 3096; x_wconf 88' lang='lat' dir='ltr'><strong>omni</strong></span> <span class='ocrx_word' id='word_1_381' title='bbox 1899 3036 2274 3115; x_wconf 79' lang='lat' dir='ltr'><strong>expilationis</strong></span> <span class='ocrx_word' id='word_1_382' title='bbox 2307 3039 2564 3118; x_wconf 85' lang='lat' dir='ltr'><strong>furtique</strong></span> <span class='ocrx_word' id='word_1_383' title='bbox 2600 3039 2942 3116; x_wconf 83' lang='lat' dir='ltr'><strong>suspicione</strong></span> <span class='ocrx_word' id='word_1_384' title='bbox 2973 3039 3187 3100; x_wconf 87' lang='lat' dir='ltr'><strong>abesse</strong></span> <span class='ocrx_word' id='word_1_385' title='bbox 3213 3039 3443 3101; x_wconf 84' lang='lat' dir='ltr'><strong>debeat.</strong></span> 
     </span>
    </p>
   </div>
   <div class='ocr_carea' id='block_1_32' title="bbox 413 3121 3710 3207">
    <p class='ocr_par' dir='ltr' id='par_1_32' title="bbox 413 3121 3710 3207">
     <span class='ocr_line' id='line_1_32' title="bbox 413 3121 3710 3207; baseline 0.001 -19"><span class='ocrx_word' id='word_1_386' title='bbox 413 3125 539 3188; x_wconf 86' lang='lat' dir='ltr'><strong>Jam</strong></span> <span class='ocrx_word' id='word_1_387' title='bbox 579 3127 629 3187; x_wconf 92' lang='lat' dir='ltr'><strong>si</strong></span> <span class='ocrx_word' id='word_1_388' title='bbox 659 3127 951 3207; x_wconf 88' lang='lat' dir='ltr'><strong>quispiam</strong></span> <span class='ocrx_word' id='word_1_389' title='bbox 982 3136 1230 3206; x_wconf 59' lang='lat' dir='ltr'><strong>quaerat,</strong></span> <span class='ocrx_word' id='word_1_390' title='bbox 1261 3146 1374 3206; x_wconf 90' lang='lat' dir='ltr'><strong>quo</strong></span> <span class='ocrx_word' id='word_1_391' title='bbox 1403 3135 1693 3204; x_wconf 89' lang='lat' dir='ltr'><strong>tempore,</strong></span> <span class='ocrx_word' id='word_1_392' title='bbox 1729 3146 1848 3202; x_wconf 90' lang='lat' dir='ltr'><strong>quo</strong></span> <span class='ocrx_word' id='word_1_393' title='bbox 1883 3121 2010 3185; x_wconf 73' lang='lat' dir='ltr'><strong>loco</strong></span> <span class='ocrx_word' id='word_1_394' title='bbox 2047 3126 2259 3188; x_wconf 77' lang='lat' dir='ltr'><strong>habin</strong></span> <span class='ocrx_word' id='word_1_395' title='bbox 2290 3127 2406 3186; x_wconf 64' lang='lat' dir='ltr'><strong>~int</strong></span> <span class='ocrx_word' id='word_1_396' title='bbox 2437 3129 2550 3188; x_wconf 65' lang='lat' dir='ltr'><strong>illa:</strong></span> <span class='ocrx_word' id='word_1_397' title='bbox 2584 3127 2785 3190; x_wconf 78' lang='lat' dir='ltr'><strong>Basilii</strong></span> <span class='ocrx_word' id='word_1_398' title='bbox 2822 3129 2884 3189; x_wconf 73' lang='lat' dir='ltr'><strong>in</strong></span> <span class='ocrx_word' id='word_1_399' title='bbox 2914 3128 3180 3189; x_wconf 64' lang='lat' dir='ltr'><strong>Psdmox</strong></span> <span class='ocrx_word' id='word_1_400' title='bbox 3213 3132 3551 3207; x_wconf 65' lang='lat' dir='ltr'><strong>orationes,</strong></span> <span class='ocrx_word' id='word_1_401' title='bbox 3579 3149 3710 3191; x_wconf 90' lang='lat' dir='ltr'><strong>res-</strong></span> 
     </span>
    </p>
   </div>
   <div class='ocr_carea' id='block_1_33' title="bbox 339 3214 3714 3296">
    <p class='ocr_par' dir='ltr' id='par_1_33' title="bbox 339 3214 3714 3296">
     <span class='ocr_line' id='line_1_33' title="bbox 339 3214 3714 3296; baseline 0.001 -20"><span class='ocrx_word' id='word_1_402' title='bbox 339 3215 606 3294; x_wconf 89' lang='lat' dir='ltr'><strong>pondere</strong></span> <span class='ocrx_word' id='word_1_403' title='bbox 635 3226 972 3296; x_wconf 89' lang='lat' dir='ltr'><strong>promptum</strong></span> <span class='ocrx_word' id='word_1_404' title='bbox 1005 3235 1118 3276; x_wconf 91' lang='lat' dir='ltr'><strong>non</strong></span> <span class='ocrx_word' id='word_1_405' title='bbox 1153 3216 1288 3278; x_wconf 87' lang='lat' dir='ltr'><strong>erit.</strong></span> <span class='ocrx_word' id='word_1_406' title='bbox 1326 3214 1430 3278; x_wconf 82' lang='lat' dir='ltr'><strong>Vix</strong></span> <span class='ocrx_word' id='word_1_407' title='bbox 1480 3215 1638 3276; x_wconf 90' lang='lat' dir='ltr'><strong>enim</strong></span> <span class='ocrx_word' id='word_1_408' title='bbox 1675 3234 1740 3275; x_wconf 89' lang='lat' dir='ltr'><strong>ea</strong></span> <span class='ocrx_word' id='word_1_409' title='bbox 1774 3214 1848 3275; x_wconf 89' lang='lat' dir='ltr'><strong>de</strong></span> <span class='ocrx_word' id='word_1_410' title='bbox 1882 3233 1946 3276; x_wconf 90' lang='lat' dir='ltr'><strong>re</strong></span> <span class='ocrx_word' id='word_1_411' title='bbox 1994 3217 2142 3275; x_wconf 80' lang='lat' dir='ltr'><strong>certi</strong></span> <span class='ocrx_word' id='word_1_412' title='bbox 2175 3216 2496 3296; x_wconf 87' lang='lat' dir='ltr'><strong>quidquam</strong></span> <span class='ocrx_word' id='word_1_413' title='bbox 2533 3218 2706 3277; x_wconf 85' lang='lat' dir='ltr'><strong>statui</strong></span> <span class='ocrx_word' id='word_1_414' title='bbox 2764 3236 2938 3296; x_wconf 86' lang='lat' dir='ltr'><strong>posse</strong></span> <span class='ocrx_word' id='word_1_415' title='bbox 2992 3217 3376 3280; x_wconf 81' lang='lat' dir='ltr'><strong>arbitramur.</strong></span> <span class='ocrx_word' id='word_1_416' title='bbox 3424 3219 3714 3280; x_wconf 78' lang='lat' dir='ltr'><strong>Malumus</strong></span> 
     </span>
    </p>
   </div>
   <div class='ocr_carea' id='block_1_34' title="bbox 340 3303 2697 3386">
    <p class='ocr_par' dir='ltr' id='par_1_34' title="bbox 340 3303 2697 3386">
     <span class='ocr_line' id='line_1_34' title="bbox 340 3303 2697 3386; baseline 0.003 -22"><span class='ocrx_word' id='word_1_417' title='bbox 340 3311 537 3366; x_wconf 91' lang='lat' dir='ltr'><strong>autem</strong></span> <span class='ocrx_word' id='word_1_418' title='bbox 569 3304 642 3367; x_wconf 91' lang='lat' dir='ltr'><strong>de</strong></span> <span class='ocrx_word' id='word_1_419' title='bbox 672 3306 853 3367; x_wconf 89' lang='lat' dir='ltr'><strong>rebus</strong></span> <span class='ocrx_word' id='word_1_420' title='bbox 881 3305 1083 3381; x_wconf 87' lang='lat' dir='ltr'><strong>silere,</strong></span> <span class='ocrx_word' id='word_1_421' title='bbox 1111 3323 1286 3386; x_wconf 87' lang='lat' dir='ltr'><strong>quam</strong></span> <span class='ocrx_word' id='word_1_422' title='bbox 1317 3304 1529 3365; x_wconf 88' lang='lat' dir='ltr'><strong>falsum</strong></span> <span class='ocrx_word' id='word_1_423' title='bbox 1563 3303 1786 3383; x_wconf 87' lang='lat' dir='ltr'><strong>aliquid</strong></span> <span class='ocrx_word' id='word_1_424' title='bbox 1820 3315 1919 3364; x_wconf 89' lang='lat' dir='ltr'><strong>aut</strong></span> <span class='ocrx_word' id='word_1_425' title='bbox 1952 3305 2245 3365; x_wconf 90' lang='lat' dir='ltr'><strong>incertum</strong></span> <span class='ocrx_word' id='word_1_426' title='bbox 2285 3309 2697 3382; x_wconf 87' lang='lat' dir='ltr'><strong>pronuntiare.</strong></span> 
     </span>
    </p>
   </div>
   <div class='ocr_carea' id='block_1_35' title="bbox 417 3393 3714 3476">
    <p class='ocr_par' dir='ltr' id='par_1_35' title="bbox 417 3393 3714 3476">
     <span class='ocr_line' id='line_1_35' title="bbox 417 3393 3714 3476; baseline 0.001 -22"><span class='ocrx_word' id='word_1_427' title='bbox 417 3393 603 3456; x_wconf 89' lang='lat' dir='ltr'><strong>Nemo</strong></span> <span class='ocrx_word' id='word_1_428' title='bbox 639 3397 809 3476; x_wconf 89' lang='lat' dir='ltr'><strong>paulo</strong></span> <span class='ocrx_word' id='word_1_429' title='bbox 840 3395 1159 3456; x_wconf 86' lang='lat' dir='ltr'><strong>humanior</strong></span> <span class='ocrx_word' id='word_1_430' title='bbox 1193 3393 1821 3463; x_wconf 79' lang='lat' dir='ltr'><strong>nescit,Ambrosium,</strong></span> <span class='ocrx_word' id='word_1_431' title='bbox 1858 3412 1992 3452; x_wconf 88' lang='lat' dir='ltr'><strong>eum</strong></span> <span class='ocrx_word' id='word_1_432' title='bbox 2029 3412 2168 3454; x_wconf 85' lang='lat' dir='ltr'><strong>suos</strong></span> <span class='ocrx_word' id='word_1_433' title='bbox 2194 3395 2258 3455; x_wconf 79' lang='lat' dir='ltr'><strong>in</strong></span> <span class='ocrx_word' id='word_1_434' title='bbox 2293 3395 2720 3458; x_wconf 64' lang='lat' dir='ltr'><strong>Hexaemeron</strong></span> <span class='ocrx_word' id='word_1_435' title='bbox 2759 3395 2941 3457; x_wconf 85' lang='lat' dir='ltr'><strong>libros</strong></span> <span class='ocrx_word' id='word_1_436' title='bbox 2971 3397 3284 3469; x_wconf 84' lang='lat' dir='ltr'><strong>scriberet,</strong></span> <span class='ocrx_word' id='word_1_437' title='bbox 3329 3399 3619 3475; x_wconf 75' lang='lat' dir='ltr'><strong>permulta</strong></span> <span class='ocrx_word' id='word_1_438' title='bbox 3645 3399 3714 3457; x_wconf 83' lang='lat' dir='ltr'><strong>ad</strong></span> 
     </span>
    </p>
   </div>
   <div class='ocr_carea' id='block_1_36' title="bbox 335 3482 3714 3564">
    <p class='ocr_par' dir='ltr' id='par_1_36' title="bbox 335 3482 3714 3564">
     <span class='ocr_line' id='line_1_36' title="bbox 335 3482 3714 3564; baseline 0 -19"><span class='ocrx_word' id='word_1_439' title='bbox 335 3483 580 3545; x_wconf 87' lang='lat' dir='ltr'><strong>verbum</strong></span> <span class='ocrx_word' id='word_1_440' title='bbox 614 3504 645 3544; x_wconf 89' lang='lat' dir='ltr'><strong>e</strong></span> <span class='ocrx_word' id='word_1_441' title='bbox 671 3485 882 3546; x_wconf 89' lang='lat' dir='ltr'><strong>Basilio</strong></span> <span class='ocrx_word' id='word_1_442' title='bbox 915 3485 1268 3564; x_wconf 78' lang='lat' dir='ltr'><strong>sumpsisse.</strong></span> <span class='ocrx_word' id='word_1_443' title='bbox 1299 3482 1413 3544; x_wconf 84' lang='lat' dir='ltr'><strong>Sed</strong></span> <span class='ocrx_word' id='word_1_444' title='bbox 1452 3501 1567 3541; x_wconf 92' lang='lat' dir='ltr'><strong>non</strong></span> <span class='ocrx_word' id='word_1_445' title='bbox 1598 3483 1673 3542; x_wconf 91' lang='lat' dir='ltr'><strong>ita</strong></span> <span class='ocrx_word' id='word_1_446' title='bbox 1699 3491 1902 3541; x_wconf 89' lang='lat' dir='ltr'><strong>notum</strong></span> <span class='ocrx_word' id='word_1_447' title='bbox 1939 3489 2194 3554; x_wconf 87' lang='lat' dir='ltr'><strong>est,eum</strong></span> <span class='ocrx_word' id='word_1_448' title='bbox 2259 3485 2369 3543; x_wconf 92' lang='lat' dir='ltr'><strong>hoc</strong></span> <span class='ocrx_word' id='word_1_449' title='bbox 2402 3485 2558 3544; x_wconf 87' lang='lat' dir='ltr'><strong>idem</strong></span> <span class='ocrx_word' id='word_1_450' title='bbox 2597 3486 2976 3557; x_wconf 86' lang='lat' dir='ltr'><strong>fecisse,cum</strong></span> <span class='ocrx_word' id='word_1_451' title='bbox 3016 3486 3277 3563; x_wconf 77' lang='lat' dir='ltr'><strong>psalmos</strong></span> <span class='ocrx_word' id='word_1_452' title='bbox 3301 3487 3586 3564; x_wconf 83' lang='lat' dir='ltr'><strong>quosdam</strong></span> <span class='ocrx_word' id='word_1_453' title='bbox 3623 3488 3714 3546; x_wconf 85' lang='lat' dir='ltr'><strong>iu-</strong></span> 
     </span>
    </p>
   </div>
   <div class='ocr_carea' id='block_1_37' title="bbox 340 3570 3716 3654">
    <p class='ocr_par' dir='ltr' id='par_1_37' title="bbox 340 3570 3716 3654">
     <span class='ocr_line' id='line_1_37' title="bbox 340 3570 3716 3654; baseline 0.001 -21"><span class='ocrx_word' id='word_1_454' title='bbox 340 3581 790 3654; x_wconf 82' lang='lat' dir='ltr'><strong>terpretaretur.</strong></span> <span class='ocrx_word' id='word_1_455' title='bbox 847 3574 973 3637; x_wconf 88' lang='lat' dir='ltr'><strong>Nec</strong></span> <span class='ocrx_word' id='word_1_456' title='bbox 1009 3580 1283 3653; x_wconf 87' lang='lat' dir='ltr'><strong>cuiquam</strong></span> <span class='ocrx_word' id='word_1_457' title='bbox 1351 3571 1407 3630; x_wconf 90' lang='lat' dir='ltr'><strong>id</strong></span> <span class='ocrx_word' id='word_1_458' title='bbox 1455 3572 1664 3630; x_wconf 87' lang='lat' dir='ltr'><strong>mirum</strong></span> <span class='ocrx_word' id='word_1_459' title='bbox 1705 3570 1890 3629; x_wconf 82' lang='lat' dir='ltr'><strong>videri</strong></span> <span class='ocrx_word' id='word_1_460' title='bbox 1952 3570 2152 3651; x_wconf 86' lang='lat' dir='ltr'><strong>debet,</strong></span> <span class='ocrx_word' id='word_1_461' title='bbox 2214 3591 2344 3632; x_wconf 90' lang='lat' dir='ltr'><strong>cum</strong></span> <span class='ocrx_word' id='word_1_462' title='bbox 2399 3573 2748 3634; x_wconf 75' lang='lat' dir='ltr'><strong>Ambrosius</strong></span> <span class='ocrx_word' id='word_1_463' title='bbox 2805 3573 2862 3633; x_wconf 91' lang='lat' dir='ltr'><strong>in</strong></span> <span class='ocrx_word' id='word_1_464' title='bbox 2901 3575 3286 3652; x_wconf 86' lang='lat' dir='ltr'><strong>explanandis</strong></span> <span class='ocrx_word' id='word_1_465' title='bbox 3323 3575 3569 3635; x_wconf 80' lang='lat' dir='ltr'><strong>l’salmis</strong></span> <span class='ocrx_word' id='word_1_466' title='bbox 3603 3596 3716 3636; x_wconf 91' lang='lat' dir='ltr'><strong>non</strong></span> 
     </span>
    </p>
   </div>
   <div class='ocr_carea' id='block_1_38' title="bbox 338 3661 3717 3742">
    <p class='ocr_par' dir='ltr' id='par_1_38' title="bbox 338 3661 3717 3742">
     <span class='ocr_line' id='line_1_38' title="bbox 338 3661 3717 3742; baseline 0.001 -20"><span class='ocrx_word' id='word_1_467' title='bbox 338 3663 520 3724; x_wconf 88' lang='lat' dir='ltr'><strong>multa</strong></span> <span class='ocrx_word' id='word_1_468' title='bbox 549 3663 872 3725; x_wconf 86' lang='lat' dir='ltr'><strong>admodum</strong></span> <span class='ocrx_word' id='word_1_469' title='bbox 901 3682 934 3724; x_wconf 90' lang='lat' dir='ltr'><strong>a</strong></span> <span class='ocrx_word' id='word_1_470' title='bbox 959 3663 1174 3724; x_wconf 88' lang='lat' dir='ltr'><strong>Basilio</strong></span> <span class='ocrx_word' id='word_1_471' title='bbox 1211 3670 1512 3722; x_wconf 86' lang='lat' dir='ltr'><strong>mutuatus</strong></span> <span class='ocrx_word' id='word_1_472' title='bbox 1543 3661 1641 3720; x_wconf 90' lang='lat' dir='ltr'><strong>sit.</strong></span> <span class='ocrx_word' id='word_1_473' title='bbox 1692 3661 1978 3731; x_wconf 68' lang='lat' dir='ltr'><strong>Quoniam</strong></span> <span class='ocrx_word' id='word_1_474' title='bbox 2025 3672 2219 3720; x_wconf 86' lang='lat' dir='ltr'><strong>tamen</strong></span> <span class='ocrx_word' id='word_1_475' title='bbox 2268 3681 2382 3720; x_wconf 88' lang='lat' dir='ltr'><strong>non</strong></span> <span class='ocrx_word' id='word_1_476' title='bbox 2420 3664 2630 3723; x_wconf 73' lang='lat' dir='ltr'><strong>desunt</strong></span> <span class='ocrx_word' id='word_1_477' title='bbox 2667 3664 2883 3742; x_wconf 87' lang='lat' dir='ltr'><strong>quibus</strong></span> <span class='ocrx_word' id='word_1_478' title='bbox 2911 3664 3248 3740; x_wconf 80' lang='lat' dir='ltr'><strong>jucundum</strong></span> <span class='ocrx_word' id='word_1_479' title='bbox 3293 3665 3366 3723; x_wconf 88' lang='lat' dir='ltr'><strong>sit</strong></span> <span class='ocrx_word' id='word_1_480' title='bbox 3401 3675 3457 3723; x_wconf 86' lang='lat' dir='ltr'><strong>et</strong></span> <span class='ocrx_word' id='word_1_481' title='bbox 3487 3673 3717 3742; x_wconf 79' lang='lat' dir='ltr'><strong>gratum</strong></span> 
     </span>
    </p>
   </div>
   <div class='ocr_carea' id='block_1_39' title="bbox 337 3749 3718 3833">
    <p class='ocr_par' dir='ltr' id='par_1_39' title="bbox 337 3749 3718 3833">
     <span class='ocr_line' id='line_1_39' title="bbox 337 3749 3718 3833; baseline -0.002 -17"><span class='ocrx_word' id='word_1_482' title='bbox 337 3770 698 3832; x_wconf 82' lang='lat' dir='ltr'><strong>cognoscere</strong></span> <span class='ocrx_word' id='word_1_483' title='bbox 721 3752 863 3833; x_wconf 91' lang='lat' dir='ltr'><strong>quid</strong></span> <span class='ocrx_word' id='word_1_484' title='bbox 901 3754 1052 3814; x_wconf 89' lang='lat' dir='ltr'><strong>alius</strong></span> <span class='ocrx_word' id='word_1_485' title='bbox 1081 3751 1348 3832; x_wconf 87' lang='lat' dir='ltr'><strong>scriptor</strong></span> <span class='ocrx_word' id='word_1_486' title='bbox 1397 3749 1468 3812; x_wconf 90' lang='lat' dir='ltr'><strong>ab</strong></span> <span class='ocrx_word' id='word_1_487' title='bbox 1504 3749 1620 3811; x_wconf 92' lang='lat' dir='ltr'><strong>alio</strong></span> <span class='ocrx_word' id='word_1_488' title='bbox 1644 3752 1992 3828; x_wconf 88' lang='lat' dir='ltr'><strong>sumpserit,</strong></span> <span class='ocrx_word' id='word_1_489' title='bbox 2026 3750 2126 3809; x_wconf 87' lang='lat' dir='ltr'><strong>illa</strong></span> <span class='ocrx_word' id='word_1_490' title='bbox 2158 3750 2456 3811; x_wconf 89' lang='lat' dir='ltr'><strong>Ambrosii</strong></span> <span class='ocrx_word' id='word_1_491' title='bbox 2513 3752 2661 3822; x_wconf 77' lang='lat' dir='ltr'><strong>loca,</strong></span> <span class='ocrx_word' id='word_1_492' title='bbox 2701 3753 3224 3832; x_wconf 88' lang='lat' dir='ltr'><strong>quantulacunque</strong></span> <span class='ocrx_word' id='word_1_493' title='bbox 3257 3760 3411 3826; x_wconf 89' lang='lat' dir='ltr'><strong>sunt,</strong></span> <span class='ocrx_word' id='word_1_494' title='bbox 3455 3773 3560 3814; x_wconf 87' lang='lat' dir='ltr'><strong>suo</strong></span> <span class='ocrx_word' id='word_1_495' title='bbox 3589 3755 3718 3815; x_wconf 81' lang='lat' dir='ltr'><strong>loco</strong></span> 
     </span>
    </p>
   </div>
   <div class='ocr_carea' id='block_1_40' title="bbox 343 3842 1058 3923">
    <p class='ocr_par' dir='ltr' id='par_1_40' title="bbox 343 3842 1058 3923">
     <span class='ocr_line' id='line_1_40' title="bbox 343 3842 1058 3923; baseline 0 -17"><span class='ocrx_word' id='word_1_496' title='bbox 343 3845 627 3906; x_wconf 89' lang='lat' dir='ltr'><strong>adnotare</strong></span> <span class='ocrx_word' id='word_1_497' title='bbox 658 3861 775 3903; x_wconf 90' lang='lat' dir='ltr'><strong>non</strong></span> <span class='ocrx_word' id='word_1_498' title='bbox 813 3842 1058 3923; x_wconf 79' lang='lat' dir='ltr'><strong>pigebit.</strong></span> 
     </span>
    </p>
   </div>
   <div class='ocr_carea' id='block_1_41' title="bbox 415 3927 3722 4011">
    <p class='ocr_par' dir='ltr' id='par_1_41' title="bbox 415 3927 3722 4011">
     <span class='ocr_line' id='line_1_41' title="bbox 415 3927 3722 4011; baseline -0.004 -13"><span class='ocrx_word' id='word_1_499' title='bbox 415 3934 638 3998; x_wconf 88' lang='lat' dir='ltr'><strong>Videre</strong></span> <span class='ocrx_word' id='word_1_500' title='bbox 670 3941 758 3993; x_wconf 73' lang='lat' dir='ltr'><strong>cst</strong></span> <span class='ocrx_word' id='word_1_501' title='bbox 790 3932 847 3993; x_wconf 93' lang='lat' dir='ltr'><strong>in</strong></span> <span class='ocrx_word' id='word_1_502' title='bbox 874 3933 1096 3995; x_wconf 87' lang='lat' dir='ltr'><strong>Latinis</strong></span> <span class='ocrx_word' id='word_1_503' title='bbox 1119 3930 1487 3995; x_wconf 86' lang='lat' dir='ltr'><strong>editionibus</strong></span> <span class='ocrx_word' id='word_1_504' title='bbox 1519 3929 1792 4006; x_wconf 82' lang='lat' dir='ltr'><strong>quaedam</strong></span> <span class='ocrx_word' id='word_1_505' title='bbox 1824 3931 1883 3989; x_wconf 77' lang='lat' dir='ltr'><strong>in</strong></span> <span class='ocrx_word' id='word_1_506' title='bbox 1921 3927 2197 3992; x_wconf 78' lang='lat' dir='ltr'><strong>Psalmos</strong></span> <span class='ocrx_word' id='word_1_507' title='bbox 2247 3931 2512 4011; x_wconf 78' lang='lat' dir='ltr'><strong>Scholia,</strong></span> <span class='ocrx_word' id='word_1_508' title='bbox 2549 3950 2680 4011; x_wconf 87' lang='lat' dir='ltr'><strong>quae</strong></span> <span class='ocrx_word' id='word_1_509' title='bbox 2737 3930 2949 3995; x_wconf 82' lang='lat' dir='ltr'><strong>Basilio</strong></span> <span class='ocrx_word' id='word_1_510' title='bbox 2985 3930 3365 4003; x_wconf 88' lang='lat' dir='ltr'><strong>tribuuntur;</strong></span> <span class='ocrx_word' id='word_1_511' title='bbox 3399 3930 3499 3992; x_wconf 90' lang='lat' dir='ltr'><strong>sed</strong></span> <span class='ocrx_word' id='word_1_512' title='bbox 3535 3929 3608 3988; x_wconf 89' lang='lat' dir='ltr'><strong>de</strong></span> <span class='ocrx_word' id='word_1_513' title='bbox 3651 3927 3722 3986; x_wconf 90' lang='lat' dir='ltr'><strong>iis</strong></span> 
     </span>
    </p>
   </div>
   <div class='ocr_carea' id='block_1_42' title="bbox 337 4017 3723 4101">
    <p class='ocr_par' dir='ltr' id='par_1_42' title="bbox 337 4017 3723 4101">
     <span class='ocr_line' id='line_1_42' title="bbox 337 4017 3723 4101; baseline -0.003 -18"><span class='ocrx_word' id='word_1_514' title='bbox 337 4023 571 4101; x_wconf 83' lang='lat' dir='ltr'><strong>longius</strong></span> <span class='ocrx_word' id='word_1_515' title='bbox 597 4022 895 4084; x_wconf 88' lang='lat' dir='ltr'><strong>disserere</strong></span> <span class='ocrx_word' id='word_1_516' title='bbox 931 4041 1177 4084; x_wconf 86' lang='lat' dir='ltr'><strong>necesse</strong></span> <span class='ocrx_word' id='word_1_517' title='bbox 1205 4041 1322 4082; x_wconf 90' lang='lat' dir='ltr'><strong>non</strong></span> <span class='ocrx_word' id='word_1_518' title='bbox 1353 4021 1603 4089; x_wconf 77' lang='lat' dir='ltr'><strong>videtur.</strong></span> <span class='ocrx_word' id='word_1_519' title='bbox 1642 4017 1856 4080; x_wconf 88' lang='lat' dir='ltr'><strong>Notum</strong></span> <span class='ocrx_word' id='word_1_520' title='bbox 1891 4027 1980 4078; x_wconf 81' lang='lat' dir='ltr'><strong>est</strong></span> <span class='ocrx_word' id='word_1_521' title='bbox 2002 4019 2163 4079; x_wconf 90' lang='lat' dir='ltr'><strong>enim</strong></span> <span class='ocrx_word' id='word_1_522' title='bbox 2196 4038 2265 4080; x_wconf 89' lang='lat' dir='ltr'><strong>ea</strong></span> <span class='ocrx_word' id='word_1_523' title='bbox 2303 4021 2614 4100; x_wconf 90' lang='lat' dir='ltr'><strong>epitomen</strong></span> <span class='ocrx_word' id='word_1_524' title='bbox 2650 4041 2785 4083; x_wconf 88' lang='lat' dir='ltr'><strong>esse</strong></span> <span class='ocrx_word' id='word_1_525' title='bbox 2824 4041 2853 4082; x_wconf 92' lang='lat' dir='ltr'><strong>e</strong></span> <span class='ocrx_word' id='word_1_526' title='bbox 2906 4020 3305 4101; x_wconf 81' lang='lat' dir='ltr'><strong>Chrysostomi</strong></span> <span class='ocrx_word' id='word_1_527' title='bbox 3356 4034 3413 4081; x_wconf 89' lang='lat' dir='ltr'><strong>et</strong></span> <span class='ocrx_word' id='word_1_528' title='bbox 3443 4017 3723 4080; x_wconf 84' lang='lat' dir='ltr'><strong>Theodo-</strong></span> 
     </span>
    </p>
   </div>
   <div class='ocr_carea' id='block_1_43' title="bbox 335 4107 3721 4190">
    <p class='ocr_par' dir='ltr' id='par_1_43' title="bbox 335 4107 3721 4190">
     <span class='ocr_line' id='line_1_43' title="bbox 335 4107 3721 4190; baseline -0.002 -16"><span class='ocrx_word' id='word_1_529' title='bbox 335 4113 446 4174; x_wconf 90' lang='lat' dir='ltr'><strong>reti</strong></span> <span class='ocrx_word' id='word_1_530' title='bbox 484 4110 650 4172; x_wconf 91' lang='lat' dir='ltr'><strong>Iibris</strong></span> <span class='ocrx_word' id='word_1_531' title='bbox 687 4113 840 4172; x_wconf 90' lang='lat' dir='ltr'><strong>male</strong></span> <span class='ocrx_word' id='word_1_532' title='bbox 872 4111 1527 4173; x_wconf 87' lang='lat' dir='ltr'><strong>consarcinatam.Cum</strong></span> <span class='ocrx_word' id='word_1_533' title='bbox 1558 4127 1696 4187; x_wconf 77' lang='lat' dir='ltr'><strong>ergo</strong></span> <span class='ocrx_word' id='word_1_534' title='bbox 1730 4127 1796 4170; x_wconf 89' lang='lat' dir='ltr'><strong>ea</strong></span> <span class='ocrx_word' id='word_1_535' title='bbox 1817 4107 2057 4171; x_wconf 88' lang='lat' dir='ltr'><strong>Scholia</strong></span> <span class='ocrx_word' id='word_1_536' title='bbox 2089 4109 2145 4169; x_wconf 91' lang='lat' dir='ltr'><strong>in</strong></span> <span class='ocrx_word' id='word_1_537' title='bbox 2173 4110 2394 4186; x_wconf 83' lang='lat' dir='ltr'><strong>spuriis</strong></span> <span class='ocrx_word' id='word_1_538' title='bbox 2425 4121 2606 4189; x_wconf 87' lang='lat' dir='ltr'><strong>atque</strong></span> <span class='ocrx_word' id='word_1_539' title='bbox 2642 4112 2999 4173; x_wconf 88' lang='lat' dir='ltr'><strong>adulterinis</strong></span> <span class='ocrx_word' id='word_1_540' title='bbox 3035 4109 3169 4190; x_wconf 82' lang='lat' dir='ltr'><strong>poni</strong></span> <span class='ocrx_word' id='word_1_541' title='bbox 3193 4121 3468 4190; x_wconf 85' lang='lat' dir='ltr'><strong>oportere</strong></span> <span class='ocrx_word' id='word_1_542' title='bbox 3494 4111 3721 4169; x_wconf 86' lang='lat' dir='ltr'><strong>fatean-</strong></span> 
     </span>
    </p>
   </div>
   <div class='ocr_carea' id='block_1_44' title="bbox 340 4199 3719 4280">
    <p class='ocr_par' dir='ltr' id='par_1_44' title="bbox 340 4199 3719 4280">
     <span class='ocr_line' id='line_1_44' title="bbox 340 4199 3719 4280; baseline -0.001 -18"><span class='ocrx_word' id='word_1_543' title='bbox 340 4214 434 4262; x_wconf 92' lang='lat' dir='ltr'><strong>tur</strong></span> <span class='ocrx_word' id='word_1_544' title='bbox 465 4217 696 4270; x_wconf 86' lang='lat' dir='ltr'><strong>omnes,</strong></span> <span class='ocrx_word' id='word_1_545' title='bbox 734 4199 790 4259; x_wconf 88' lang='lat' dir='ltr'><strong>id</strong></span> <span class='ocrx_word' id='word_1_546' title='bbox 826 4201 1013 4261; x_wconf 89' lang='lat' dir='ltr'><strong>semel</strong></span> <span class='ocrx_word' id='word_1_547' title='bbox 1044 4210 1280 4262; x_wconf 89' lang='lat' dir='ltr'><strong>notasse</strong></span> <span class='ocrx_word' id='word_1_548' title='bbox 1304 4202 1447 4261; x_wconf 84' lang='lat' dir='ltr'><strong>satis</strong></span> <span class='ocrx_word' id='word_1_549' title='bbox 1479 4199 1858 4277; x_wconf 88' lang='lat' dir='ltr'><strong>habebimus,</strong></span> <span class='ocrx_word' id='word_1_550' title='bbox 1897 4215 2005 4258; x_wconf 87' lang='lat' dir='ltr'><strong>nec</strong></span> <span class='ocrx_word' id='word_1_551' title='bbox 2037 4216 2287 4279; x_wconf 91' lang='lat' dir='ltr'><strong>usquam</strong></span> <span class='ocrx_word' id='word_1_552' title='bbox 2317 4200 2571 4280; x_wconf 90' lang='lat' dir='ltr'><strong>amplius</strong></span> <span class='ocrx_word' id='word_1_553' title='bbox 2603 4201 2676 4262; x_wconf 90' lang='lat' dir='ltr'><strong>de</strong></span> <span class='ocrx_word' id='word_1_554' title='bbox 2703 4203 2771 4262; x_wconf 84' lang='lat' dir='ltr'><strong>iis</strong></span> <span class='ocrx_word' id='word_1_555' title='bbox 2798 4201 3154 4260; x_wconf 70' lang='lat' dir='ltr'><strong>mentionem</strong></span> <span class='ocrx_word' id='word_1_556' title='bbox 3194 4201 3374 4260; x_wconf 91' lang='lat' dir='ltr'><strong>ullam</strong></span> <span class='ocrx_word' id='word_1_557' title='bbox 3406 4199 3719 4261; x_wconf 64' lang='lat' dir='ltr'><strong>faciemus.</strong></span> 
     </span>
    </p>
   </div>
   <div class='ocr_carea' id='block_1_45' title="bbox 339 4287 2970 4371">
    <p class='ocr_par' dir='ltr' id='par_1_45' title="bbox 339 4287 2970 4371">
     <span class='ocr_line' id='line_1_45' title="bbox 339 4287 2970 4371; baseline -0.001 -19"><span class='ocrx_word' id='word_1_558' title='bbox 339 4289 484 4352; x_wconf 90' lang='lat' dir='ltr'><strong>Nam</strong></span> <span class='ocrx_word' id='word_1_559' title='bbox 511 4291 569 4349; x_wconf 92' lang='lat' dir='ltr'><strong>in</strong></span> <span class='ocrx_word' id='word_1_560' title='bbox 604 4287 785 4351; x_wconf 83' lang='lat' dir='ltr'><strong>rebus</strong></span> <span class='ocrx_word' id='word_1_561' title='bbox 809 4289 1143 4371; x_wconf 86' lang='lat' dir='ltr'><strong>perspicuis</strong></span> <span class='ocrx_word' id='word_1_562' title='bbox 1175 4299 1442 4369; x_wconf 89' lang='lat' dir='ltr'><strong>tempore</strong></span> <span class='ocrx_word' id='word_1_563' title='bbox 1475 4287 1842 4350; x_wconf 88' lang='lat' dir='ltr'><strong>abutendum</strong></span> <span class='ocrx_word' id='word_1_564' title='bbox 1877 4295 1935 4348; x_wconf 90' lang='lat' dir='ltr'><strong>et</strong></span> <span class='ocrx_word' id='word_1_565' title='bbox 1963 4288 2332 4364; x_wconf 88' lang='lat' dir='ltr'><strong>argumentis</strong></span> <span class='ocrx_word' id='word_1_566' title='bbox 2367 4309 2481 4350; x_wconf 88' lang='lat' dir='ltr'><strong>non</strong></span> <span class='ocrx_word' id='word_1_567' title='bbox 2519 4302 2790 4369; x_wconf 83' lang='lat' dir='ltr'><strong>putamus</strong></span> <span class='ocrx_word' id='word_1_568' title='bbox 2829 4291 2970 4362; x_wconf 67' lang='lat' dir='ltr'><strong>i8i).</strong></span> 
     </span>
    </p>
   </div>
   <div class='ocr_carea' id='block_1_46' title="bbox 628 4626 2246 4692">
    <p class='ocr_par' dir='ltr' id='par_1_46' title="bbox 628 4633 1700 4688">
     <span class='ocr_line' id='line_1_46' title="bbox 628 4633 1700 4688; baseline -0.005 0"><span class='ocrx_word' id='word_1_569' title='bbox 628 4638 753 4688; x_wconf 75' lang='grc' dir='ltr'><strong>ΤΟΥ</strong></span> <span class='ocrx_word' id='word_1_570' title='bbox 799 4637 883 4687; x_wconf 84' lang='grc' dir='ltr'><strong>ΕΝ</strong></span> <span class='ocrx_word' id='word_1_571' title='bbox 931 4635 1151 4686; x_wconf 74' lang='grc' dir='ltr'><strong>ΑΓιοιΣ</strong></span> <span class='ocrx_word' id='word_1_572' title='bbox 1199 4634 1458 4686; x_wconf 77' lang='grc' dir='ltr'><strong>ΠΑΤΡοΣ</strong></span> <span class='ocrx_word' id='word_1_573' title='bbox 1506 4633 1700 4683; x_wconf 80' lang='grc' dir='ltr'><strong>ΗΜΩΝ</strong></span> 
     </span>
    </p>
   </div>
   <div class='ocr_carea' id='block_1_47' title="bbox 1735 4626 3353 4692">
    <p class='ocr_par' dir='ltr' id='par_1_47' title="bbox 2454 4626 3353 4692">
     <span class='ocr_line' id='line_1_47' title="bbox 2454 4626 3353 4692; baseline -0.001 -2"><span class='ocrx_word' id='word_1_574' title='bbox 2454 4626 2726 4691; x_wconf 86' lang='lat' dir='ltr'><strong>SANCTI</strong></span> <span class='ocrx_word' id='word_1_575' title='bbox 2769 4627 3039 4692; x_wconf 82' lang='lat' dir='ltr'><strong>PATRIS</strong></span> <span class='ocrx_word' id='word_1_576' title='bbox 3082 4627 3353 4691; x_wconf 83' lang='lat' dir='ltr'><strong>NOSTRI</strong></span> 
     </span>
    </p>
   </div>
   <div class='ocr_carea' id='block_1_48' title="bbox 867 4765 2485 4874">
    <p class='ocr_par' dir='ltr' id='par_1_48' title="bbox 867 4765 1498 4872">
     <span class='ocr_line' id='line_1_48' title="bbox 867 4765 1498 4872; baseline -0.002 -22"><span class='ocrx_word' id='word_1_577' title='bbox 867 4765 1498 4872; x_wconf 84' lang='grc' dir='ltr'><strong>ΒΑΣΙΛΕΙΟΥ,</strong></span> 
     </span>
    </p>
   </div>
   <div class='ocr_carea' id='block_1_49' title="bbox 1495 4765 3113 4874">
    <p class='ocr_par' dir='ltr' id='par_1_49' title="bbox 1495 4765 3113 4874">
     <span class='ocr_line' id='line_1_49' title="bbox 1495 4765 3113 4874; baseline -0.006 -19"><span class='ocrx_word' id='word_1_578' title='bbox 1495 4837 1498 4855; x_wconf 79' lang='lat'><strong>.</strong></span> <span class='ocrx_word' id='word_1_579' title='bbox 2678 4765 3113 4874; x_wconf 82' lang='lat' dir='ltr'><strong>BASILII,</strong></span> 
     </span>
    </p>
   </div>
   <div class='ocr_carea' id='block_1_50' title="bbox 536 4904 2154 5002">
    <p class='ocr_par' dir='ltr' id='par_1_50' title="bbox 536 4904 1788 4988">
     <span class='ocr_line' id='line_1_50' title="bbox 536 4904 1788 4988; baseline -0.006 -22"><span class='ocrx_word' id='word_1_580' title='bbox 536 4906 999 4988; x_wconf 72' lang='grc' dir='ltr'>Ἀρχιεπισκόπου</span> <span class='ocrx_word' id='word_1_581' title='bbox 1033 4906 1350 4984; x_wconf 71' lang='grc' dir='ltr'><strong>Καισαρείας</strong></span> <span class='ocrx_word' id='word_1_582' title='bbox 1387 4904 1788 4978; x_wconf 66' lang='grc' dir='ltr'><strong>Καππαδοκίας,</strong></span> 
     </span>
    </p>
   </div>
   <div class='ocr_carea' id='block_1_51' title="bbox 1876 4904 3494 5002">
    <p class='ocr_par' dir='ltr' id='par_1_51' title="bbox 2299 4918 3494 5002">
     <span class='ocr_line' id='line_1_51' title="bbox 2299 4918 3494 5002; baseline -0.005 -18"><span class='ocrx_word' id='word_1_583' title='bbox 2299 4923 2583 4984; x_wconf 73' lang='lat' dir='ltr'><strong>Caesareae</strong></span> <span class='ocrx_word' id='word_1_584' title='bbox 2612 4921 3004 5002; x_wconf 75' lang='lat' dir='ltr'><strong>Cappadociae</strong></span> <span class='ocrx_word' id='word_1_585' title='bbox 3033 4918 3494 5000; x_wconf 84' lang='lat' dir='ltr'><strong>archiepisc0pi,</strong></span> 
     </span>
    </p>
   </div>
   <div class='ocr_carea' id='block_1_52' title="bbox 431 5023 2049 5104">
    <p class='ocr_par' dir='ltr' id='par_1_52' title="bbox 431 5023 2049 5104">
     <span class='ocr_line' id='line_1_52' title="bbox 431 5023 2049 5104; baseline -0.002 -17"><span class='ocrx_word' id='word_1_586' title='bbox 431 5033 666 5087; x_wconf 83' lang='lat' dir='ltr'><strong>OMIAIA</strong></span> <span class='ocrx_word' id='word_1_587' title='bbox 731 5035 836 5085; x_wconf 70' lang='grc' dir='ltr'><strong>ΕΙΣ</strong></span> <span class='ocrx_word' id='word_1_588' title='bbox 902 5032 1036 5085; x_wconf 84' lang='lat' dir='ltr'><strong>TON</strong></span> <span class='ocrx_word' id='word_1_589' title='bbox 1095 5033 1358 5084; x_wconf 74' lang='grc' dir='ltr'><strong>ΠΡΩΤΟΝ</strong></span> <span class='ocrx_word' id='word_1_590' title='bbox 1417 5032 1710 5083; x_wconf 81' lang='grc' dir='ltr'><strong>ΨΑΛΜΟΝ</strong></span> <span class='ocrx_word' id='word_1_591' title='bbox 1764 5023 1916 5104; x_wconf 85' lang='grc'><strong>(85).</strong></span> <span class='ocrx_word' id='word_1_592' title='bbox 2022 5035 2049 5084; x_wconf 76' lang='grc' dir='ltr'><strong><em>Α</em></strong></span> 
     </span>
    </p>
   </div>
   <div class='ocr_carea' id='block_1_53' title="bbox 1943 5023 3561 5104">
    <p class='ocr_par' dir='ltr' id='par_1_53' title="bbox 2022 5033 3561 5100">
     <span class='ocr_line' id='line_1_53' title="bbox 2022 5033 3561 5100; baseline -0.002 -1"><span class='ocrx_word' id='word_1_593' title='bbox 2022 5035 2061 5084; x_wconf 81' lang='grc' dir='ltr'><strong>Α</strong></span> <span class='ocrx_word' id='word_1_594' title='bbox 2245 5035 2592 5099; x_wconf 86' lang='lat' dir='ltr'><strong><em>HOMILIA</em></strong></span> <span class='ocrx_word' id='word_1_595' title='bbox 2648 5035 2736 5100; x_wconf 89' lang='lat' dir='ltr'><strong>IN</strong></span> <span class='ocrx_word' id='word_1_596' title='bbox 2772 5034 3173 5099; x_wconf 78' lang='lat' dir='ltr'><strong>PSALMUM</strong></span> <span class='ocrx_word' id='word_1_597' title='bbox 3218 5033 3561 5098; x_wconf 80' lang='lat' dir='ltr'><strong>PRIMUM.</strong></span> 
     </span>
    </p>
   </div>
   <div class='ocr_carea' id='block_1_54' title="bbox 429 5151 2047 5237">
    <p class='ocr_par' dir='ltr' id='par_1_54' title="bbox 429 5154 2000 5237">
     <span class='ocr_line' id='line_1_54' title="bbox 429 5154 2000 5237; baseline -0.003 -20"><span class='ocrx_word' id='word_1_598' title='bbox 429 5158 489 5223; x_wconf 82' lang='grc'><strong>1,</strong></span> <span class='ocrx_word' id='word_1_599' title='bbox 553 5165 702 5215; x_wconf 78' lang='grc' dir='ltr'><strong>Πᾶσα</strong></span> <span class='ocrx_word' id='word_1_600' title='bbox 758 5157 965 5237; x_wconf 63' lang='grc' dir='ltr'>Γραφὴ</span> <span class='ocrx_word' id='word_1_601' title='bbox 997 5157 1342 5220; x_wconf 76' lang='grc' dir='ltr'><strong>θεόπνευστος</strong></span> <span class='ocrx_word' id='word_1_602' title='bbox 1403 5159 1491 5213; x_wconf 69' lang='grc' dir='ltr'>καὶ</span> <span class='ocrx_word' id='word_1_603' title='bbox 1558 5154 1853 5236; x_wconf 68' lang='grc' dir='ltr'><strong>ὠφέλιμος,</strong></span> <span class='ocrx_word' id='word_1_604' title='bbox 1916 5154 2000 5213; x_wconf 72' lang='grc' dir='ltr'>διὰ</span> 
     </span>
    </p>
   </div>
   <div class='ocr_carea' id='block_1_55' title="bbox 2111 5151 3729 5237">
    <p class='ocr_par' dir='ltr' id='par_1_55' title="bbox 2162 5151 3729 5233">
     <span class='ocr_line' id='line_1_55' title="bbox 2162 5151 3729 5233; baseline 0.001 -20"><span class='ocrx_word' id='word_1_605' title='bbox 2162 5152 2258 5213; x_wconf 84' lang='lat'><strong>90</strong></span> <span class='ocrx_word' id='word_1_606' title='bbox 2290 5154 2352 5215; x_wconf 82' lang='grc'><strong>1.</strong></span> <span class='ocrx_word' id='word_1_607' title='bbox 2396 5151 2606 5215; x_wconf 88' lang='lat' dir='ltr'><strong>Omnis</strong></span> <span class='ocrx_word' id='word_1_608' title='bbox 2663 5151 2965 5233; x_wconf 89' lang='lat' dir='ltr'><strong>Scriptura</strong></span> <span class='ocrx_word' id='word_1_609' title='bbox 2995 5164 3084 5216; x_wconf 90' lang='lat' dir='ltr'><strong>est</strong></span> <span class='ocrx_word' id='word_1_610' title='bbox 3116 5152 3395 5213; x_wconf 91' lang='lat' dir='ltr'><strong>divinitus</strong></span> <span class='ocrx_word' id='word_1_611' title='bbox 3426 5151 3729 5232; x_wconf 88' lang='lat' dir='ltr'><strong>inspirata,</strong></span> 
     </span>
    </p>
   </div>
   <div class='ocr_carea' id='block_1_56' title="bbox 347 5241 1965 5328">
    <p class='ocr_par' dir='ltr' id='par_1_56' title="bbox 347 5246 1965 5328">
     <span class='ocr_line' id='line_1_56' title="bbox 347 5246 1965 5328; baseline -0.002 -24"><span class='ocrx_word' id='word_1_612' title='bbox 347 5255 503 5305; x_wconf 83' lang='grc' dir='ltr'>τοῦτο</span> <span class='ocrx_word' id='word_1_613' title='bbox 549 5261 916 5328; x_wconf 49' lang='grc' dir='ltr'><strong>συγγρπιψεϊσα</strong></span> <span class='ocrx_word' id='word_1_614' title='bbox 969 5247 1112 5325; x_wconf 75' lang='grc' dir='ltr'>παρὰ</span> <span class='ocrx_word' id='word_1_615' title='bbox 1159 5249 1251 5304; x_wconf 73' lang='grc' dir='ltr'>τοῦ</span> <span class='ocrx_word' id='word_1_616' title='bbox 1284 5247 1609 5321; x_wconf 62' lang='grc' dir='ltr'><strong>Πνεύμλτος,</strong></span> <span class='ocrx_word' id='word_1_617' title='bbox 1666 5246 1768 5324; x_wconf 69' lang='grc' dir='ltr'>ἵν’,</span> <span class='ocrx_word' id='word_1_618' title='bbox 1820 5247 1965 5301; x_wconf 78' lang='grc' dir='ltr'>ὼσπε</span> 
     </span>
    </p>
   </div>
   <div class='ocr_carea' id='block_1_57' title="bbox 2112 5241 3730 5328">
    <p class='ocr_par' dir='ltr' id='par_1_57' title="bbox 2112 5241 3730 5323">
     <span class='ocr_line' id='line_1_57' title="bbox 2112 5241 3730 5323; baseline 0 -21"><span class='ocrx_word' id='word_1_619' title='bbox 2112 5250 2259 5322; x_wconf 89' lang='lat' dir='ltr'><strong>.tque</strong></span> <span class='ocrx_word' id='word_1_620' title='bbox 2293 5242 2454 5303; x_wconf 91' lang='lat' dir='ltr'><strong>utilis</strong></span> <span class='ocrx_word' id='word_1_621' title='bbox 2478 5241 2700 5321; x_wconf 63' lang='lat' dir='ltr'><strong>’9,ideo</strong></span> <span class='ocrx_word' id='word_1_622' title='bbox 2725 5261 2754 5303; x_wconf 89' lang='lat' dir='ltr'><strong>a</strong></span> <span class='ocrx_word' id='word_1_623' title='bbox 2779 5243 3005 5322; x_wconf 83' lang='lat' dir='ltr'><strong>Spiritu</strong></span> <span class='ocrx_word' id='word_1_624' title='bbox 3041 5252 3242 5303; x_wconf 82' lang='lat' dir='ltr'><strong>sancto</strong></span> <span class='ocrx_word' id='word_1_625' title='bbox 3269 5243 3634 5323; x_wconf 83' lang='lat' dir='ltr'><strong>conscripta,</strong></span> <span class='ocrx_word' id='word_1_626' title='bbox 3667 5251 3730 5302; x_wconf 89' lang='lat' dir='ltr'><strong>ut</strong></span> 
     </span>
    </p>
   </div>
   <div class='ocr_carea' id='block_1_58' title="bbox 351 5333 1969 5418">
    <p class='ocr_par' dir='ltr' id='par_1_58' title="bbox 351 5333 1966 5418">
     <span class='ocr_line' id='line_1_58' title="bbox 351 5333 1966 5418; baseline -0.002 -25"><span class='ocrx_word' id='word_1_627' title='bbox 351 5338 406 5393; x_wconf 81' lang='grc' dir='ltr'><strong>ἒν</strong></span> <span class='ocrx_word' id='word_1_628' title='bbox 437 5343 601 5412; x_wconf 79' lang='grc' dir='ltr'>κοινῴ</span> <span class='ocrx_word' id='word_1_629' title='bbox 656 5341 761 5394; x_wconf 81' lang='grc' dir='ltr'><strong>τῶν</strong></span> <span class='ocrx_word' id='word_1_630' title='bbox 817 5342 1009 5418; x_wconf 78' lang='grc' dir='ltr'>ψυχῶν</span> <span class='ocrx_word' id='word_1_631' title='bbox 1073 5337 1307 5415; x_wconf 73' lang='grc' dir='ltr'><strong>ἰατρείῳ,</strong></span> <span class='ocrx_word' id='word_1_632' title='bbox 1355 5337 1550 5400; x_wconf 79' lang='grc' dir='ltr'>πάντες</span> <span class='ocrx_word' id='word_1_633' title='bbox 1610 5333 1877 5414; x_wconf 76' lang='grc' dir='ltr'><strong>ἅνθρωποι</strong></span> <span class='ocrx_word' id='word_1_634' title='bbox 1938 5358 1966 5390; x_wconf 85' lang='grc' dir='ltr'>τ</span> 
     </span>
    </p>
   </div>
   <div class='ocr_carea' id='block_1_59' title="bbox 2111 5333 3729 5418">
    <p class='ocr_par' dir='ltr' id='par_1_59' title="bbox 2111 5333 3729 5406">
     <span class='ocr_line' id='line_1_59' title="bbox 2111 5333 3729 5406; baseline -0.001 -13"><span class='ocrx_word' id='word_1_635' title='bbox 2111 5334 2240 5393; x_wconf 72' lang='lat' dir='ltr'><strong>&#39;elut</strong></span> <span class='ocrx_word' id='word_1_636' title='bbox 2274 5333 2332 5392; x_wconf 84' lang='lat' dir='ltr'><strong>in</strong></span> <span class='ocrx_word' id='word_1_637' title='bbox 2357 5333 2660 5392; x_wconf 91' lang='lat' dir='ltr'><strong>communi</strong></span> <span class='ocrx_word' id='word_1_638' title='bbox 2682 5333 3016 5393; x_wconf 62' lang='lat' dir='ltr'><strong>ani-narum</strong></span> <span class='ocrx_word' id='word_1_639' title='bbox 3041 5333 3442 5394; x_wconf 88' lang='lat' dir='ltr'><strong>eurandarum</strong></span> <span class='ocrx_word' id='word_1_640' title='bbox 3469 5333 3729 5406; x_wconf 68' lang='lat' dir='ltr'><strong>officina,</strong></span> 
     </span>
    </p>
   </div>
   <div class='ocr_carea' id='block_1_60' title="bbox 353 5423 1971 5505">
    <p class='ocr_par' dir='ltr' id='par_1_60' title="bbox 353 5424 1971 5505">
     <span class='ocr_line' id='line_1_60' title="bbox 353 5424 1971 5505; baseline 0.001 -27"><span class='ocrx_word' id='word_1_641' title='bbox 353 5425 493 5500; x_wconf 74' lang='grc' dir='ltr'>ἴαμα</span> <span class='ocrx_word' id='word_1_642' title='bbox 525 5434 615 5483; x_wconf 78' lang='grc' dir='ltr'><strong>τοῦ</strong></span> <span class='ocrx_word' id='word_1_643' title='bbox 664 5428 858 5486; x_wconf 73' lang='grc' dir='ltr'>οἰκείου</span> <span class='ocrx_word' id='word_1_644' title='bbox 887 5428 1084 5489; x_wconf 80' lang='grc' dir='ltr'>πάθους</span> <span class='ocrx_word' id='word_1_645' title='bbox 1121 5425 1343 5491; x_wconf 73' lang='grc' dir='ltr'>ἕκαστος</span> <span class='ocrx_word' id='word_1_646' title='bbox 1392 5425 1760 5505; x_wconf 70' lang='grc' dir='ltr'><strong>ἒχλεγώμεθα.</strong></span> <span class='ocrx_word' id='word_1_647' title='bbox 1825 5424 1971 5498; x_wconf 67' lang='grc' dir='ltr'><strong>’³Ιπμι</strong></span> 
     </span>
    </p>
   </div>
   <div class='ocr_carea' id='block_1_61' title="bbox 2113 5423 3731 5505">
    <p class='ocr_par' dir='ltr' id='par_1_61' title="bbox 2113 5423 3731 5500">
     <span class='ocr_line' id='line_1_61' title="bbox 2113 5423 3731 5500; baseline -0.002 -16"><span class='ocrx_word' id='word_1_648' title='bbox 2113 5441 2192 5484; x_wconf 78' lang='grc' dir='ltr'>ιοε</span> <span class='ocrx_word' id='word_1_649' title='bbox 2214 5439 2429 5484; x_wconf 88' lang='lat' dir='ltr'><strong>omnes</strong></span> <span class='ocrx_word' id='word_1_650' title='bbox 2475 5429 2764 5500; x_wconf 88' lang='lat' dir='ltr'><strong>quotquot</strong></span> <span class='ocrx_word' id='word_1_651' title='bbox 2797 5441 3003 5484; x_wconf 91' lang='lat' dir='ltr'><strong>sumus</strong></span> <span class='ocrx_word' id='word_1_652' title='bbox 3046 5424 3323 5484; x_wconf 88' lang='lat' dir='ltr'><strong>homines</strong></span> <span class='ocrx_word' id='word_1_653' title='bbox 3366 5423 3439 5484; x_wconf 88' lang='lat' dir='ltr'><strong>ad</strong></span> <span class='ocrx_word' id='word_1_654' title='bbox 3469 5432 3731 5484; x_wconf 89' lang='lat' dir='ltr'><strong>nostrum</strong></span> 
     </span>
    </p>
   </div>
   <div class='ocr_carea' id='block_1_62' title="bbox 431 5549 999 5638">
    <p class='ocr_par' dir='ltr' id='par_1_62' title="bbox 431 5549 999 5638">
     <span class='ocr_line' id='line_1_62' title="bbox 431 5549 999 5638; baseline 0 -20"><span class='ocrx_word' id='word_1_655' title='bbox 431 5549 488 5596; x_wconf 70' lang='grc'><strong>⁸9</strong></span> <span class='ocrx_word' id='word_1_656' title='bbox 514 5555 563 5620; x_wconf 88' lang='grc' dir='ltr'><strong>ΙΙ</strong></span> <span class='ocrx_word' id='word_1_657' title='bbox 596 5557 752 5621; x_wconf 89' lang='lat' dir='ltr'><strong>Tim.</strong></span> <span class='ocrx_word' id='word_1_658' title='bbox 785 5560 999 5638; x_wconf 81' lang='grc'><strong>111,16.</strong></span> 
     </span>
    </p>
   </div>
   <div class='ocr_carea' id='block_1_63' title="bbox 435 5670 2053 5755">
    <p class='ocr_par' dir='ltr' id='par_1_63' title="bbox 435 5672 1796 5755">
     <span class='ocr_line' id='line_1_63' title="bbox 435 5672 1796 5755; baseline 0.004 -18"><span class='ocrx_word' id='word_1_659' title='bbox 435 5673 562 5754; x_wconf 86' lang='lat'><strong>(83)</strong></span> <span class='ocrx_word' id='word_1_660' title='bbox 596 5672 813 5755; x_wconf 70' lang='lat' dir='ltr'><strong>Tilem.</strong></span> <span class='ocrx_word' id='word_1_661' title='bbox 847 5695 979 5755; x_wconf 84' lang='lat' dir='ltr'><strong>pag.</strong></span> <span class='ocrx_word' id='word_1_662' title='bbox 1019 5679 1162 5738; x_wconf 75' lang='lat'><strong>290.</strong></span> <span class='ocrx_word' id='word_1_663' title='bbox 1755 5751 1796 5755; x_wconf 85' lang='lat'><em>_</em></span> 
     </span>
    </p>
   </div>
   <div class='ocr_carea' id='block_1_64' title="bbox 2115 5670 3733 5755">
    <p class='ocr_par' dir='ltr' id='par_1_64' title="bbox 2165 5670 3733 5755">
     <span class='ocr_line' id='line_1_64' title="bbox 2165 5670 3733 5755; baseline -0.003 -25"><span class='ocrx_word' id='word_1_664' title='bbox 2165 5670 2295 5755; x_wconf 64' lang='grc'><strong>(85)</strong></span> <span class='ocrx_word' id='word_1_665' title='bbox 2330 5670 2423 5732; x_wconf 78' lang='lat' dir='ltr'><strong>Slt&#39;</strong></span> <span class='ocrx_word' id='word_1_666' title='bbox 2458 5687 2597 5747; x_wconf 86' lang='lat' dir='ltr'><strong>mss.</strong></span> <span class='ocrx_word' id='word_1_667' title='bbox 2655 5671 2724 5732; x_wconf 85' lang='grc' dir='ltr'><strong>ΑΙ.</strong></span> <span class='ocrx_word' id='word_1_668' title='bbox 2772 5671 2913 5733; x_wconf 90' lang='lat' dir='ltr'><strong>editi</strong></span> <span class='ocrx_word' id='word_1_669' title='bbox 2946 5675 3017 5729; x_wconf 71' lang='lat' dir='ltr'><strong>ei:</strong></span> <span class='ocrx_word' id='word_1_670' title='bbox 3052 5675 3146 5740; x_wconf 79' lang='grc' dir='ltr'>τὴν</span> <span class='ocrx_word' id='word_1_671' title='bbox 3195 5675 3370 5750; x_wconf 64' lang='grc' dir='ltr'>ἀρχὴν</span> <span class='ocrx_word' id='word_1_672' title='bbox 3400 5679 3492 5727; x_wconf 80' lang='grc' dir='ltr'>τοῦ</span> <span class='ocrx_word' id='word_1_673' title='bbox 3525 5671 3733 5748; x_wconf 77' lang='grc' dir='ltr'>πρώτου</span> 
     </span>
    </p>
   </div>
   <div class='ocr_carea' id='block_1_65' title="bbox 438 5751 2056 5835">
    <p class='ocr_par' dir='ltr' id='par_1_65' title="bbox 438 5751 1918 5835">
     <span class='ocr_line' id='line_1_65' title="bbox 438 5751 1918 5835; baseline -0.003 -17"><span class='ocrx_word' id='word_1_674' title='bbox 438 5751 553 5830; x_wconf 63' lang='grc' dir='ltr'><strong>(84ῥ</strong></span> <span class='ocrx_word' id='word_1_675' title='bbox 584 5754 670 5816; x_wconf 85' lang='lat' dir='ltr'><strong>Cf.</strong></span> <span class='ocrx_word' id='word_1_676' title='bbox 705 5751 944 5835; x_wconf 53' lang='lat' dir='ltr'><strong>capflil</strong></span> <span class='ocrx_word' id='word_1_677' title='bbox 972 5756 1113 5819; x_wconf 70' lang='lat' dir='ltr'><strong>Vitas</strong></span> <span class='ocrx_word' id='word_1_678' title='bbox 1141 5756 1208 5819; x_wconf 89' lang='lat' dir='ltr'><strong>S.</strong></span> <span class='ocrx_word' id='word_1_679' title='bbox 1243 5757 1460 5818; x_wconf 78' lang='lat' dir='ltr'><strong>Basilii</strong></span> <span class='ocrx_word' id='word_1_680' title='bbox 1491 5763 1635 5818; x_wconf 89' lang='lat' dir='ltr'><strong>tom.</strong></span> <span class='ocrx_word' id='word_1_681' title='bbox 1676 5755 1716 5818; x_wconf 86' lang='grc'><strong>1-</strong></span> <span class='ocrx_word' id='word_1_682' title='bbox 1753 5751 1918 5817; x_wconf 76' lang='lat' dir='ltr'><strong>Enrr.</strong></span> 
     </span>
    </p>
   </div>
   <div class='ocr_carea' id='block_1_66' title="bbox 705 5751 2323 5835">
    <p class='ocr_par' dir='ltr' id='par_1_66' title="bbox 705 5751 2323 5835">
     <span class='ocr_line' id='line_1_66' title="bbox 705 5751 2323 5835; baseline -0.001 -21"><span class='ocrx_word' id='word_1_683' title='bbox 705 5751 944 5835; x_wconf 53' lang='lat' dir='ltr'><strong>capflil</strong></span> <span class='ocrx_word' id='word_1_684' title='bbox 972 5756 1113 5819; x_wconf 70' lang='lat' dir='ltr'><strong>Vitas</strong></span> <span class='ocrx_word' id='word_1_685' title='bbox 1141 5756 1208 5819; x_wconf 89' lang='lat' dir='ltr'><strong>S.</strong></span> <span class='ocrx_word' id='word_1_686' title='bbox 1243 5757 1460 5818; x_wconf 78' lang='lat' dir='ltr'><strong>Basilii</strong></span> <span class='ocrx_word' id='word_1_687' title='bbox 1491 5763 1635 5818; x_wconf 89' lang='lat' dir='ltr'><strong>tom.</strong></span> <span class='ocrx_word' id='word_1_688' title='bbox 1676 5755 1716 5818; x_wconf 86' lang='grc'><strong>1-</strong></span> <span class='ocrx_word' id='word_1_689' title='bbox 1753 5751 1918 5817; x_wconf 76' lang='lat' dir='ltr'><strong>Enrr.</strong></span> <span class='ocrx_word' id='word_1_690' title='bbox 2085 5752 2323 5828; x_wconf 69' lang='grc' dir='ltr'><strong>ψαλμοῦ.</strong></span> 
     </span>
    </p>
   </div>
  </div>
