4098 6378
417 294 536 358 215
1752 297 1812 359 S.
1862 298 2144 360 BASILII
2191 298 2441 361 MAGNI
3681 296 3802 361 216

414 426 791 502 damentum,
815 436 875 490 et
893 428 964 490 ad
987 426 1180 489 navim
1199 428 1421 504 carina,
1451 430 1599 493 etad
1623 431 1898 495 animalis
1929 454 2067 498 cor-

2158 435 2209 493 ἐν
2253 435 2423 510 πλοίῳ
2476 437 2685 517 τρόπις,
2737 437 2827 494 καὶ
2881 437 2936 494 ἐν
2994 438 3202 514 σώματι
3245 435 3382 509 ζώου
3438 435 3648 520 καρδία,
3681 441 3809 497 116-

417 534 528 596 pus
553 534 680 595 cor,
703 516 915 577 eodem
948 519 1015 578 ad
1044 516 1409 580 Psalmorum
1435 521 1715 597 generale
1739 542 2067 603 argumen-

2158 549 2251 593 την
2283 549 2375 602 μοι
2406 524 2555 582 δοκεῖ
2612 516 2710 594 την
2768 525 2985 601 δύναμιν
3035 526 3183 606 ἔχειν
3211 528 3341 606 πρὸς
3371 528 3472 594 τὴν
3502 516 3643 596 ὅλην
3694 535 3805 586 τῶν

420 614 541 666 tum
567 624 632 697 s_e
657 606 836 697 habet
864 606 1037 669 etiam
1051 608 1144 668 92
1161 608 1499 672 breveillud
1526 611 1901 689 prooemium.
1924 614 2065 676 Nam

2158 615 2396 691 Ψαλμῶν
2452 616 2785 684 κατασκευὴν
2846 615 2985 697 [καὶ]
3049 619 3109 674 τὸ
3166 617 3341 696 βραχὺ
3399 624 3556 674 τοῦτο
3609 620 3802 697 προοί-

416 714 547 756 cum
581 695 762 757 David
796 699 869 760 ad
920 697 1123 774 multa,
1162 716 1350 779 eaque
1399 699 1605 762 ardua.
1643 710 1701 762 et
1733 702 2069 766 innumeris

2158 727 2300 779 μιον.
2369 703 2589 772 Ἐπειδὴ
2640 705 2740 783 γὰρ
2798 695 2983 763 πολλά-
3029 707 3116 762 καὶ
3186 695 3411 762 ἐπίπονα
3469 708 3555 763 καὶ
3605 695 3805 786 μυρίων

416 785 733 847 sudoribus
764 806 832 848 ac
871 787 1176 848 laboribus
1228 787 1447 851 referta
1494 790 1552 850 in
1586 794 1743 852 serie
1780 794 2069 857 orationis

418 885 580 936 esset
611 877 1056 952 exhortaturus,
1095 879 1151 938 in
1184 886 1563 941 antecessum
1597 883 1774 943 ﬁnem
1828 883 2066 945 beatum

418 964 650 1042 pietatis
673 968 1209 1047 propugnatoribus
1234 970 1752 1045 commonstravit;
1783 982 1841 1032 ut
1875 972 2067 1032 bono-

417 1072 551 1114 rum
585 1055 758 1117 nobis
788 1058 1179 1135 repositorum
1214 1077 1321 1138 spe
1374 1060 1674 1120 molestias
1707 1060 1835 1122 vitae
1868 1062 2067 1122 animo

418 1162 588 1225 mque
608 1147 998 1225 perferamus.
1030 1147 1128 1209 Sic
1160 1148 1333 1208 etiam
1367 1167 1645 1228 asperum
1678 1169 1746 1210 ac
1779 1150 2065 1212 difﬁcilli-

417 1248 576 1290 mum
598 1236 702 1292 iter
719 1237 1053 1293 facientibus
1077 1237 1143 1294 ad
1158 1239 1524 1296 sustinendos
1546 1240 1767 1295 labores
1786 1240 2070 1297 levamen-

422 1327 479 1379 to
506 1331 596 1381 est
618 1323 993 1382 commodum
1023 1333 1447 1404 speratumque
1468 1324 2068 1407 diversorium;atque

424 1410 856 1472 mercatoribus
884 1413 952 1471 ad
991 1413 1425 1492 peragrandum
1479 1433 1640 1475 mare
1670 1416 1899 1475 animos
1931 1417 2069 1477 facit

422 1501 819 1579 parandarum
839 1504 1125 1564 mercium
1153 1503 1696 1581 desideriumzquin
1721 1507 2071 1583 etagricolis

418 1589 686 1652 laborum
706 1610 946 1653 sensum
977 1593 1419 1672 quodammodo
1444 1612 1582 1673 spes
1609 1594 1819 1655 messis
1836 1596 2066 1657 adimit.

2150 793 2385 871 ἱδρώτων
2412 795 2504 850 καὶ
2535 794 2712 849 πίνων
2762 793 2996 871 γέμοντα
3026 807 3307 872 παραινεῖν
3343 793 3469 870 μέλ)
3483 817 3552 870 ει,
3586 798 3807 875 προϊόν-

2152 905 2240 944 τος
2304 890 2391 939 τοῦ
2441 882 2628 961 λόγου,
2682 897 2801 946 τοῖς
2848 885 2941 951 τῆς
2994 881 3263 947 εὐσεϐείας
3301 882 3631 962 ἀγωνισταῖς
3662 909 3805 966 προ-

2152 970 2329 1028 λαϐὼν
2373 970 2606 1037 ὑπέδειξε
2656 973 2716 1027 τξι
2766 974 3024 1051 μακάριον
3069 972 3245 1052 τέλος,
3275 972 3369 1027 ’ίνα
3392 975 3461 1049 τῇ
3492 973 3663 1032 ἐλπίδι
3696 983 3803 1033 τῶν

2153 1060 2521 1135 ἀποκειμένων
2594 1060 2806 1138 ἀγαθῶν
2868 1060 3081 1125 ἀλύπως
3157 1068 3248 1117 106
3305 1063 3417 1138 βίου
3465 1064 3531 1120 τά
3583 1064 3806 1142 ἀλγεινά

2151 1149 2480 1231 διαφέρωμεν
2512 1150 2664 1231 (98).
2696 1151 2875 1216 Οὕτως
2917 1153 3005 1207 καὶ
3050 1149 3348 1228 ὁδοιπόροις
3381 1166 3647 1233 τραχεῖαν
3678 1154 3800 1212 ὁδὸν

2152 1241 2534 1318 πορευομένοις
2594 1242 2681 1297 καὶ
2726 1238 2979 1297 δύσϐατον
3023 1243 3255 1320 κουφίζει
3298 1243 3389 1297 τὸν
3433 1244 3640 1324 μόχθον
3690 1248 3807 1303 επι-

2151 1327 2357 1397 τήδειον
2404 1329 2586 1393 αὑτοῖς
2631 1328 2989 1409 προσδοκηθὲν
3044 1331 3380 1408 καταγώγιον
3413 1348 3429 1367 ³
3492 1335 3583 1389 καὶ
3623 1332 3805 1405 ἐμπό-

2153 1442 2272 1497 ρους
2307 1433 2462 1476 ποιεῖ
2492 1421 2590 1487 τῆς
2647 1418 2921 1485 θαλάσσης
2984 1418 3324 1494 κατατολμᾷν
3356 1422 3388 1489 ἡ
3423 1421 3669 1496 ἐπιθυμία
3701 1431 3809 1481 τῶν

2154 1508 2445 1586 ἀγωγίμων
2481 1528 2493 1541 ·
2550 1508 2646 1565 καί
2701 1514 2954 1587 γεωργῶν
3011 1507 3332 1565 ὃποκλέπτει
3385 1509 3509 1589 (99)
3560 1513 3683 1575 τοὺς
3713 1514 3811 1571 πό-

2155 1619 2272 1662 νους
2328 1601 2361 1667 ἡ
2408 1601 2505 1665 τῆς
2561 1598 2880 1676 ἐπικαρπίας
2936 1596 3109 1660 ἐλπίς,
3177 1601 3269 1654 Διὸ
3314 1599 3398 1655 καὶ
3451 1602 3478 1655 ὁ
3511 1602 3689 1666 κοινὶς
3718 1609 3811 1659 106

419 1679 826 1753 Quamobrem
861 1691 919 1743 et
952 1683 1280 1744 communis
1315 1682 1444 1746 vitae
1470 1684 1840 1754 emendator.
1865 1686 2072 1746 doctor

2158 1687 2270 1763 βίου
2323 1685 2632 1767 διορθωτὴς,
2689 1689 2711 1743 ὃ
2773 1686 2940 1762 μέγας
2995 1684 3335 1767 διδασκαλος,
3367 1690 3430 1744 τὸ
3473 1692 3682 1767 πνεῦμα
3711 1697 3810 1757 τῆς

420 1789 689 1848 magnus,
717 1770 964 1851 spiritus
988 1773 1273 1846 veritatis,
1293 1780 1596 1853 sapienter
1618 1794 1683 1834 ac
1705 1775 1849 1835 scite
1873 1775 2070 1837 statim

2158 1776 2428 1850 ἀληθείας,
2493 1782 2671 1856 σοφῶς
2723 1776 2811 1831 καὶ
2871 1774 3138 1855 ἐντέχνως
3171 1776 3291 1839 τοὺς
3324 1779 3542 1851 μισθοὺς
3588 1778 3814 1857 προεϐά-

416 1858 491 1920 ab
526 1858 696 1920 initio
723 1863 1059 1923 mercedem
1087 1867 1418 1944 praposuit,
1452 1869 1516 1927 ut
1539 1883 1717 1943 supra
1742 1874 2072 1945 prie-entes

2158 1864 2279 1921 λετο
2341 1866 2452 1945 (1),
2511 1866 2628 1941 τίνα,
2681 1866 3099 1942 ὑπερκύπτοντες
3142 1866 3262 1929 τοὺς
3312 1865 3367 1921 ἐν
3406 1870 3562 1947 χερσὶ
3591 1870 3806 1944 πόνους,

417 1948 654 2011 labores
676 1951 1093 2026 evecti,animo
1111 1954 1183 2014 ad
1210 1962 1569 2015 aeternorum
1602 1953 1898 2015 bonorum
1923 1974 2072 2033 gau-

2158 1961 2225 2029 τῇ
2284 1952 2485 2026 διανοίᾳ
2541 1955 2670 2032 πρὸς
2730 1954 2830 2020 την
2888 1952 3183 2009 ἀπόλαυσιν
3242 1960 3348 2008 τῶν
3410 1957 3632 2011 αἰωνίων
3665 1957 3808 2035 ἀγα-

418 2037 514 2100 dia
539 2041 1187 2120 properemus.Beatus
1205 2044 1437 2124 vir,qui
1461 2061 1585 2105 non
1608 2045 1764 2106 abiit
1788 2049 1852 2105 in
1873 2046 2072 2107 consi-

2158 2046 2260 2099 θῶν
2319 2044 2406 2122 (2)
2459 2042 2816 2119 ἐπειγώμεθα,
2873 2043 3141 2121 Μακάριος
3199 2041 3356 2122 ἀνὴρ,
3415 2043 3473 2107 ὃς
3518 2048 3613 2103 οὒκ
3669 2045 3806 2104 ἐπο-

420 2128 502 2191 lio
522 2130 868 2211 impiarum.
895 2132 1067 2206 Quod
1099 2151 1241 2212 ergo
1261 2151 1401 2195 vere
1432 2132 1654 2195 bonum
1687 2134 1939 2201 exsistit.
1969 2133 2072 2194 im-

2159 2133 2315 2212 ρεύθη
2360 2133 2415 2188 ἐν
2458 2130 2627 2210 βουλῇ
2671 2129 2902 2192 ἀσεϐῶν.
2971 2130 3141 2188 ’Ἔστι
3199 2133 3299 2207 μὲν
3359 2133 3447 2189 οὖν
3500 2135 3564 2190 τὸ
3618 2136 3812 2215 κυρίως

419 2217 628 2298 primis
645 2237 714 2282 ac
738 2222 1037 2301 prmcipue
1058 2222 1296 2284 beatum
1333 2220 1771 2302 praedicandum
1809 2234 1922 2289 est.
1947 2223 2072 2286 Hoc

2158 2224 2242 2279 καὶ
2275 2224 2498 2301 πρώτως
2552 2223 2901 2300 μακαριστὸν,
2952 2222 3012 2277 τὸ
3066 2219 3334 2288 ἀληθινῶς
3388 2221 3612 2301 ἀγαθόν.
3644 2231 3814 2283 Τοῦτο

419 2317 615 2370 autem
649 2308 802 2371 Deus
833 2319 943 2372 est.
978 2311 1147 2373 Unde
1185 2321 1241 2373 et
1273 2310 1492 2374 Paulus
1524 2314 1600 2374 de
1632 2311 1863 2375 Christo
1897 2333 2071 2374 men-

415 2397 641 2459 tionem
673 2399 958 2474 facturus,
993 2402 1075 2461 ait
1103 2423 1117 2461 :
1155 2401 1506 2465 Secundum
1530 2406 2071 2483 manifestalionem

421 2488 582 2551 beati
608 2488 804 2564 Dei,et
822 2491 1169 2554 Saluatoris
1202 2496 1397 2555 nostri
1412 2496 1556 2556 Jesu
1579 2493 1809 2557 Christi
1826 2496 1876 2544 3‘
1892 2494 2069 2558 .Bea-

419 2586 540 2639 tum
566 2580 724 2640 enim
751 2598 889 2641 vere
909 2590 1020 2661 est,
1049 2581 1205 2657 quod
1232 2602 1334 2661 per
1353 2601 1417 2643 se
1441 2582 1665 2644 bonum
1691 2586 1884 2659 est,ad
1913 2585 2069 2666 quod

2155 2310 2209 2368 δέ
2261 2312 2401 2369 ἐστιν
2460 2315 2485 2366 ὁ
2548 2314 2701 2375 Θεὸς,
2760 2308 2932 2368 ’Ὅθεν
2963 2311 3055 2366 καὶ
3099 2309 3330 2385 Παῦλος,
3385 2312 3688 2389 ὑπόμνησιν
3723 2312 3810 2394 (3)

2156 2401 2367 2477 μέλλων
2420 2405 2691 2458 ποιεῖσθαι
2773 2406 3024 2479 Χριστοῦ,
3088 2400 3233 2458 Κατά
3302 2401 3401 2468 τὴν
3473 2400 3810 2482 ἐπιφάνειαν,

2155 2494 2306 2571 φησὶ,
2350 2498 2442 2548 τοῦ
2504 2490 2761 2568 μακαρίου
2831 2496 2986 2568 Θεοῦ,
3039 2489 3126 2544 καὶ
3178 2493 3431 2566 Σωτῆρος
3492 2492 3646 2567 ἡμῶν
3707 2491 3814 2558 ’1η-

2158 2589 2252 2639 σοῦ
2304 2588 2550 2659 Χριστοῦ.
2602 2579 2872 2657 Μακάριόν
2932 2579 3032 2656 γὰρ
3095 2584 3169 2650 τῷ
3228 2576 3340 2635 ὄντι
3400 2580 3461 2636 τὸ
3492 2580 3809 2658 αὑτόκαλον,

418 2667 749 2747 respiciunt
773 2670 1158 2751 omnia,quod
1182 2674 1466 2733 universa
1491 2673 2072 2754 desiderant,natura

2159 2674 2293 2747 πρὸς
2326 2672 2353 2727 ὃ
2384 2671 2557 2727 πάντα
2609 2667 2928 2743 ἀποϐλέπει,
2977 2669 3035 2723 οὑ
3091 2666 3267 2723 πάντα
3310 2667 3534 2751 ἐφίεται,
3580 2671 3616 2738 ἡ
3662 2670 3814 2751 ἄτρε-

421 2758 1911 2843 immutabilis,herilisdignitas,vitaperturbationi
1930 2761 2072 2825 nulli

2164 2784 2295 2825 πτος
2327 2762 2503 2841 φύσις,
2555 2760 2616 2815 τὸ
2660 2758 2972 2814 δεσποτικὸν
3026 2755 3258 2832 ἀξίωμα,
3292 2759 3327 2825 ἡ
3360 2757 3640 2838 ἀόχλητος
3670 2761 3810 2840 ζωὴ,

416 2850 693 2923 obnoxia,
707 2850 911 2913 hilaris
926 2852 1156 2913 vivendi
1170 2852 1486 2933 ratio,qua3
1499 2852 1736 2915 alterari
1753 2864 1849 2915 aut
1865 2854 2072 2916 immu.

2167 2853 2200 2919 ἡ
2246 2850 2445 2912 ἄλυπος
2504 2848 2825 2925 διεξαγωγὴ,
2872 2848 2990 2924 περὶ
3034 2849 3099 2914 ἢν
3139 2847 3233 2903 οὑκ
3290 2845 3432 2903 ἔστιν
3494 2848 3809 2930 ἀλλοίωσις,

422 2939 528 3000 tari
545 2940 903 3019 nequit,l’ons
917 2940 1576 3003 scaturiensmberrima
1589 2942 2072 3020 gratia,inexhau-

2164 2941 2227 3008 ἧς
2260 2942 2362 3019 οὑχ
2406 2941 2629 2995 ἅπτεται
2662 2935 2933 3003 μεταδολῆ
2967 2952 2981 2966 ⁹
3029 2938 3063 3003 ἦ
3094 2936 3321 3012 βρύουσα
3358 2939 3535 3016 πηγὴ»
3569 2941 3602 3007 ἦ
3641 2938 3807 3019 ἄφθο-

419 3039 547 3091 stus
580 3031 917 3092 thesaurus.
955 3032 1134 3111 Atqui
1190 3031 1466 3092 homines
1499 3032 1716 3111 ignari,
1751 3033 2072 3113 mundique

2165 3053 2251 3095 νος
2311 3032 2493 3109 χάρις,
2569 3032 2595 3085 ὸ
2668 3025 3006 3093 eamme:
3068 3028 3353 3106 θησαυρός,
3438 3026 3693 3102 Ἀμαθεϊς
3751 3026 3811 3083 δὲ

421 3119 823 3199 amantes,qui
838 3118 977 3179 boni
993 3120 1182 3197 ipsius
1198 3121 1473 3198 ignorant
1489 3132 1754 3181 naturam
1774 3139 1887 3189 ,res
1907 3122 2072 3184 nihili

425 3208 639 3234 -..ιηῖη-
676 3227 717 3234 ..η
761 3209 966 3234 ιῖω--ι
1024 3209 1245 3234 ΔΞ-.Ῐ.Σ--
1298 3210 1597 3234 .....ἷι.ι...Δ
1636 3211 1759 3234 με.--
1790 3213 1949 3234 -,,Ι...-
1983 3213 2027 3234 l-

2162 3119 2423 3199 ἅνθρωποι
2481 3120 2568 3175 καὶ
2619 3116 2958 3197 φιλόκοσμοι,
3013 3115 3324 3193 ἀγνοοῦντες
3370 3115 3526 3173 αὑτοῦ
3554 3124 3648 3173 106
3678 3116 3815 3195 ἀγά-

2165 3214 2190 3234 n
2229 3217 2249 3225 υ
2316 3212 2354 3234 γε
2525 3210 2621 3234 ν-..
2716 3206 3052 3234 ,-_.___-!v-.._.
3135 3204 3396 3234 __\\.L...-
3456 3208 3519 3234 -2.
3583 3205 3812 3234 ___1\-.x-

423 3208 641 3286 smpius
672 3209 993 3285 assumant,
1020 3209 1271 3283 divitias,
1295 3210 1765 3289 sanitatem,vitae
1787 3213 2037 3290 Splendo
2064 3248 2073 3258 -

420 3316 571 3357 rem:
606 3316 853 3372 quarum
884 3316 1080 3359 rerum
1110 3299 1257 3361 nihil
1282 3310 1373 3361 est
1396 3318 1502 3361 sua
1528 3300 1715 3379 ipsius
1736 3311 1945 3361 natura
1977 3302 2081 3362 bo-

422 3405 592 3461 num;
613 3408 729 3449 non
755 3390 945 3450 solum
974 3390 1129 3470 quod
1156 3390 1322 3451 facile
1348 3392 1404 3451 in
1428 3392 1725 3452 contraria
1751 3400 2076 3468 mutentur,

423 3479 528 3540 sed
552 3481 710 3555 quod
736 3499 810 3540 ne
835 3479 1277 3555 bonosquidem
1296 3482 1524 3542 valeant
1542 3499 1917 3560 possessores
1937 3502 2079 3545 suos

421 3570 700 3630 reddere.
724 3567 866 3641 Quis
889 3572 1042 3630 enim
1066 3570 1141 3632 ob
1162 3571 1390 3632 divitias
1407 3573 1603 3650 justus
1625 3577 1652 3633 ?
1676 3572 1807 3646 quis
1831 3580 2077 3651 propter

424 3658 733 3720 sanitatem
774 3663 1164 3739 temperans?
1200 3660 1320 3724 lmo
1360 3679 1502 3722 sane
1537 3662 1661 3721 haec
1693 3663 1891 3722 omnia
1925 3664 2077 3723 male

421 3748 729 3809 utentibus
758 3749 829 3808 ad
867 3752 1234 3829 peccandqu
1269 3768 1427 3829 saepe
1478 3750 1823 3810 inserviunt.
1863 3750 2075 3811 Beatus

421 3836 601 3915 igitur
656 3839 779 3919 ille,
818 3840 919 3919 qui
977 3858 1047 3900 ea
1103 3857 1235 3920 qua
1292 3840 1531 3920 plurimi
1581 3847 1720 3898 sunt
1779 3840 2072 3917 habenda,

422 3928 707 4007 possidet,
744 3931 970 4010 quique
993 3948 1367 4009 eorum,qute
1390 3938 1695 4008 nequeunt
1716 3929 2075 4000 auferri,bo-

427 4036 637 4079 norum
673 4020 971 4099 particeps
1001 4031 1114 4081 est.
1148 4020 1264 4082 Sed
1309 4040 1424 4095 quo
1459 4028 1629 4099 pacto
1664 4019 1819 4079 hunc
1853 4038 2076 4101 cognw

425 4109 707 4169 scemus?
734 4107 858 4183 Qui
888 4127 1007 4171 non
1052 4110 1208 4171 abii!
1244 4115 1308 4170 in
1341 4110 1587 4170 consilio
1631 4109 1980 4188 impiorum.
2012 4108 2081 4171 Et

427 4196 773 4277 priusquam
800 4215 1093 4277 eXponam
1117 4197 1257 4278 quid
1277 4199 1483 4259 sitnou
1507 4198 1723 4259 abiisse
1747 4198 1805 4259 in
1827 4197 2075 4259 consilio

431 4287 899 4367 impiorumdoci
915 4288 1093 4367 hujus
1105 4289 1490 4367 quaestionem
1509 4288 1676 4348 vobis
1688 4289 1919 4349 solvere
1934 4288 2076 4348 volo.

427 4376 549 4437 Cur
582 4377 898 4457 Propheta,
935 4377 1158 4458 inquis,
1192 4378 1381 4440 solum
1430 4378 1732 4439 hominem
1794 4377 1977 4456 eligit,
2009 4397 2078 4438 ac

429 4464 710 4545 praedicat
767 4465 1056 4528 beatum?
1116 4486 1253 4528 num
1291 4467 1573 4528 mulieres
1630 4484 1664 4527 a
1711 4465 2077 4528 beatitudine

2164 3214 2254 3266 006
2302 3212 2400 3277 τὴν
2472 3210 2648 3288 φύσιν,
2713 3206 3058 3284 μακαρίζουσι
3134 3204 3396 3270 πολλάκις
3454 3208 3521 3262 τὰ
3582 3205 3813 3284 μηδενὸς

2166 3299 2302 3375 ἀξία,
2366 3298 2618 3372 πλοῦτον,
2680 3298 2903 3375 ὑγίειαν,
2963 3295 3302 3375 περιφάνειαν
3339 3295 3498 3371 βίου’
3544 3296 3619 3354 ὧν
3668 3293 3816 3355 οὑδέν

2164 3390 2305 3446 ἐστιν
2337 3390 2533 3468 ἀγαθὸν
2590 3393 2659 3463 τῇ
2718 3388 2901 3442 ἑαυτοῦ
2958 3386 3106 3464 γύσει
3142 3400 3158 3415 ⁸
3219 3389 3277 3442 οὐ
3311 3387 3474 3460 μόνον
3504 3388 3688 3445 καθότι
3712 3386 3813 3464 ῥᾳ-

2162 3480 2273 3536 δίαν
2318 3478 2437 3560 ἕχει
2493 3478 2591 3545 τὴν
2652 3479 2782 3556 πρὸς
2815 3476 2878 3532 τὰ
2929 3474 3137 3531 ἐναντία
3183 3476 3532 3555 περιτροπὴν,
3579 3473 3699 3533 ἀλλ’
3731 3475 3812 3532 ὅτι

2164 3570 2299 3645 μηδὲ
2356 3570 2581 3647 ἀγαθοὺς
2632 3565 2844 3623 δύναται
2897 3565 3020 3627 τοὺς
3078 3565 3443 3639 κεκτημένους
3496 3564 3811 3626 ἀποτελεῖν.

2161 3662 2248 3723 Τίς
2298 3660 2398 3737 γὰρ
2456 3656 2656 3720 δίκαιος
2719 3655 2802 3711 διὰ
2879 3656 3188 3735 χρήματα,
3265 3655 3341 3718 τίς
3425 3656 3653 3735 σώφρων
3724 3653 3812 3712 διὰ

2160 3751 2401 3827 ὑγίειανς
2438 3747 2746 3806 Τοῦναντίον
2792 3746 2889 3820 μὲν
2938 3744 3051 3825 οὖν,
3106 3747 3195 3800 καὶ
3235 3745 3497 3824 ὑπηρεσία
3543 3745 3811 3810 πολλάκϊς

2161 3841 2293 3916 πρὸς
2350 3838 2607 3916 ἁμαρτίαν
2651 3848 2768 3896 τοῖς
2827 3840 3007 3897 κακῶς
3059 3833 3363 3913 χρωμένοις
3423 3836 3626 3891 τούτων
3684 3834 3813 3892 ἕκα-

2159 3950 2283 3984 στον
2314 3929 2536 4006 γίνεται.
2573 3934 2841 4003 Μακαριος
2873 3924 2961 3979 οὖν
2991 3926 3018 3980 ὁ
3082 3925 3146 3979 τὰ
3190 3922 3439 3981 πλείστου
3465 3922 3584 3989 ἄξια
3612 3945 3809 3992 κεκτη-

2162 4016 2339 4092 μένος,
2392 4020 2420 4073 ὁ
2477 4017 2583 4072 τῶν
2642 4013 3004 4093 ἀναφαιρέτων
3048 4014 3261 4091 ἀγαθῶν
3313 4013 3577 4094 μέτοχος.
3611 4014 3811 4072 Τοῦτον

2162 4105 2214 4161 δὲ
2248 4114 2363 4172 πῶς
2394 4105 2798 4186 ἐπιγνωσὸμεθα
2831 4124 2847 4177 ;
2884 4102 2997 4166 ’Ὣς
3057 4106 3151 4160 οὑκ
3205 4104 3464 4183 ἐπορεύθη
3523 4102 3580 4159 ἐν
3641 4102 3812 4180 βουλῇ

2161 4195 2388 4258 ἀσεϐῶν,
2450 4198 2547 4253 Καὶ
2602 4196 2721 4272 πρίν
2777 4216 2837 4273 γε
2900 4195 3096 4273 εἰπεῖν,
3155 4194 3205 4249 τί
3261 4194 3322 4250 τὸ
3373 4194 3451 4264 μὴ
3482 4193 3808 4271 πορευθῆναι

2158 4288 2213 4342 ἴεν
2244 4284 2411 4361 βουλῇ
2460 4281 2689 4358 ἀσεϐῶν,
2736 4282 2996 4360 βούλομαι
3054 4284 3184 4357 ὑμῖν
3220 4283 3281 4338 τὸ
3331 4282 3386 4339 ἐν
3430 4290 3507 4356 τῷ
3536 4284 3687 4358 τὸπῳ
3717 4289 3813 4354 ζη.

2159 4374 2412 4450 τούμενον
2463 4374 2726 4435 διαλῦσαι,
2788 4373 2886 4428 Διά
2929 4373 3002 4446 τί,
3069 4373 3255 4452 φησὶν,
3315 4374 3343 4429 ὁ
3400 4375 3683 4453 προφήτης
3718 4375 3813 4429 τὸν

2161 4462 2319 4542 ἄνδρα
2380 4464 2541 4540 μόνον
2595 4461 2941 4538 ἐκλεξάμενος
3001 4462 3330 4539 μακαραεις
3405 4463 3507 4541 ἄρα
3578 4463 3657 4539 μὴ
3716 4469 3810 4520 τοῦ

427 4555 729 4617 exclusit?
753 4555 924 4617 Absit
948 4562 959 4618 ι
984 4555 1299 4618 Enimvero
1333 4556 1440 4618 viri
1473 4565 1531 4619 et
1564 4556 1829 4617 mulieris
1852 4574 1966 4617 una
1988 4564 2072 4617 est

2158 4559 2498 4631 μακαρισμοό
2550 4554 2643 4617 τὰς
2703 4564 2961 4631 γυναῖκας
3017 4549 3351 4628 ἀπέκλεισε;
3411 4558 3499 4618 Mn
3552 4551 3804 4631 γένοιτοί

426 4645 631 4707 virtus:
659 4646 1139 4726 quandoquidem
1159 4647 1698 4727 utriusquecreatio
1720 4646 1947 4706 honore
1974 4665 2075 4725 par

427 4745 613 4809 est,ac
628 4735 881 4815 proinde
906 4742 1207 4818 utriusque
1220 4755 1459 4818 quoque
1475 4754 1706 4797 merces
1729 4744 1817 4796 est
1839 4733 2071 4795 eadem.

426 4825 585 4888 Audi
616 4826 898 4889 Genesim
925 4846 939 4888 :
977 4827 1148 4891 Fecit
1180 4828 1339 4891 Deus
1368 4829 1697 4899 hominem,
1733 4821 1926 4904 inquit
1953 4845 1968 4905 ς
1999 4825 2077 4887 ad

496 4988 553 5037 3|
591 4986 705 5049 Tit.
738 5005 807 5070 Ιι,
843 4987 941 5049 13.

510 5146 633 5221 (98)
671 5145 1052 5208 Colbertinns
1077 5163 1232 5207 unus
1258 5144 1631 5225 ὑποφέρωμεν.

515 5224 639 5303 (99)
676 5228 789 5286 Pro
812 5226 1133 5282 ὑποκλέπτει
1168 5224 1451 5288 scribitur
1471 5225 1825 5305 simpliciter
1853 5225 1913 5285 in
1940 5226 2075 5286 duo-

429 5304 539 5365 bus
572 5323 714 5367 mss.
742 5307 984 5365 κλέπτει,

507 5387 598 5457 (l)
621 5383 814 5446 Codex
847 5405 1000 5445 unus
1027 5385 1404 5461 προεϐάλλετο.

511 5464 602 5541 (2)
632 5464 825 5526 Editio
861 5466 1050 5528 Paris.
1082 5475 1185 5521 τῶν
1217 5468 1583 5542 ἀποκείμενων
1618 5467 1848 5543 ἀγαθῶν.
1888 5467 1960 5527 At
1984 5484 2051 5526 va

427 5545 583 5606 riant
609 5545 744 5605 libri
769 5564 940 5606 inrnu
964 5547 1209 5625 exarati,
1235 5565 1487 5626 quorum
1507 5550 1564 5609 in
1590 5545 1948 5625 aliislegitur
1969 5569 2075 5602 1w

426 5627 795 5699 ἀποκειμένων
830 5627 1053 5683 αἰωνίων
1080 5627 1290 5703 ἀγαθῶν
1320 5644 1343 5706 ’γ
1389 5627 1450 5688 in
1506 5627 1636 5689 aliis
1668 5643 1808 5706 vero
1837 5626 2072 5706 simpli—

427 5708 553 5768 cius
576 5715 681 5765 τῶν
713 5708 935 5765 αἰωνίων
969 5707 1205 5789 ἀγαθῶν·
1244 5717 1302 5789 et
1332 5705 1413 5789 ita
1440 5705 1754 5789 scripsisse
1786 5705 2072 5789 Basilium

428 5795 730 5868 putamus,
761 5806 837 5852 ne
858 5784 1033 5851 voces
1053 5785 1116 5849 in
1132 5810 1206 5846 ων
1243 5784 1587 5852 desinentes
1615 5787 1831 5851 frustra
1861 5786 2072 5851 multi-

2159 4643 2263 4699 Μία
2308 4643 2406 4722 γὰρ
2464 4643 2629 4722 ἀρετὴ
2689 4640 2873 4717 ἀνδρὸς
2932 4640 3021 4697 καὶ
3073 4643 3346 4721 γυναικὸς,
3405 4638 3590 4709 ἐπειδὴ
3647 4643 3735 4698 καὶ
3771 4643 3806 4710 ἡ

2156 4732 2324 4798 κτίσις
2356 4732 2673 4813 ἀμφοτέροις
2734 4731 3014 4807 ὁμότιμος,
3062 4727 3200 4786 ὥστε
3250 4733 3339 4788 καὶ
3367 4733 3394 4787 δ
3440 4733 3629 4808 μισθὸς
3657 4733 3685 4787 ὁ
3718 4736 3809 4790 αὖ·

2157 4824 2248 4885 τὸς
2307 4822 2651 4903 ἀμφοτέροις.
2709 4819 2922 4877 ’Ἄκουε
2980 4824 3077 4888 τῆς
3130 4823 3393 4887 Γενέσεως
3429 4835 3444 4852 ⁸
3517 4820 3803 4898 Ἐποίησε,

2206 5145 2549 5206 licarentur.

2164 5164 2549 5225 placarentur.
3522 5217 3533 5229 ι

2243 5225 2331 5304 (3)
2368 5224 2428 5304 In
2456 5220 2689 5283 duobus
2722 5239 2873 5304 mss.
2926 5238 3031 5304 pro
3089 5221 3389 5294 ὑπόμνησιν
3423 5218 3639 5295 legitur
3684 5219 3809 5304 ἐπί..

2162 5298 2383 5381 pws.
2411 5303 2518 5365 llic
2551 5301 2800 5362 locusid
2835 5301 2990 5381 quod
3028 5317 3450 5381 nonnunquam
3482 5318 3590 5359 usu
3622 5298 3807 5372 venit,

2159 5386 2448 5446 conﬂatus
2479 5390 2567 5443 est
2616 5400 2687 5443 ex
2721 5380 2975 5444 duobus.
3030 5380 3229 5443 Prima
3284 5398 3419 5459 pars
3471 5390 3709 5459 sumpta
3739 5399 3810 5440 ex

2161 5466 2347 5544 Epist.
2384 5464 2405 5526 Ῑ
2437 5466 2506 5524 ad
2542 5461 2799 5525 Timoth.
2835 5480 2876 5534 Ι,
2914 5463 2977 5523 Η
3078 5463 3221 5519 Κατά
3251 5484 3310 5516 τ)
3348 5460 3667 5544 Εὖαγγέλιον
3713 5461 3812 5544 τῆς

2159 5539 2312 5613 δόξης
2349 5568 2439 5603 του
2471 5546 2737 5621 μακαρίου
2770 5551 2903 5600 Θεοῦ
2941 5559 2952 5571 ·
2991 5541 3177 5603 altera
3223 5557 3362 5601 vero
3415 5556 3482 5599 cx
3514 5539 3702 5621 Epist.
3734 5541 3811 5602 ad

2159 5626 2356 5691 Titum
2391 5643 2453 5698 il,
2493 5622 2563 5687 13
2598 5620 2747 5685 είΚαὶ
2778 5622 3164 5701 ἐπιφάνειαν...
3200 5628 3452 5687 Σωτῆοοε
3497 5623 3654 5696 ἡμῶν
3687 5620 3807 5689 ἰη-

2158 5710 2250 5765 006
2283 5715 2525 5785 Χριστοῦ.
