4098 6374
411 353 527 418 223

1758 354 1816 414 S.
1867 350 2142 414 BASILII
2193 349 2440 415 MAGNI

3673 351 3789 417 224

411 488 648 550 boriosa
666 485 900 547 virtutis
931 483 1217 546 exercitia
1250 483 1321 544 ad
1354 483 1590 544 beatum
1629 484 1804 546 ﬁnem
1846 483 2050 564 perdu-

2157 483 2289 545 τέλος
2344 486 2464 549 τοὺς
2506 486 2792 558 ἑπομένους
2854 486 3074 565 ἂγοντα.
3123 486 3280 549 ’Ἕως
3333 487 3430 560 μὲν
3459 489 3545 542 οὖν
3598 487 3788 556 νήπιός

411 580 512 640 cit.
543 577 694 640 Dum
727 575 907 654 igitur
939 574 1195 654 quisque
1221 582 1489 634 nostrum
1518 593 1665 653 puer
1680 584 2061 654 est,pr:esen-

413 678 498 728 tes
527 666 904 746 persequitur
923 663 1480 743 voluptates,neque
1508 663 1688 724 habet
1715 665 1890 724 ullam
1916 672 2062 723 tem-

411 759 572 837 poris
603 755 783 817 futuri
821 759 1134 822 rationem,
1175 771 1368 831 neque
1394 771 1596 813 curam
1635 770 1648 814 :
1680 754 1801 832 jam
1859 764 2057 813 autem

409 849 496 907 vir
528 848 740 922 factus,
764 851 894 924 post
918 843 1133 922 judicii
1163 842 1830 922 perfectionem,videre
1854 841 2063 902 sibivi-

411 938 584 996 detur
615 935 790 995 vitam
819 932 878 992 in
910 933 1185 992 virtutem
1219 940 1276 992 et
1307 931 1508 991 vitium
1558 931 1804 992 divisam
1837 952 1851 1004 ;
1884 941 2059 1006 atque

410 1026 598 1087 oculis
628 1021 810 1084 animi
837 1022 895 1081 in
926 1031 1246 1099 utrumque
1277 1040 1432 1100 saepe
1465 1021 2058 1100 conjectis,proprie-

413 1125 560 1176 tates
592 1113 908 1188 utriusque
938 1111 1092 1171 inter
1147 1130 1208 1171 se
1254 1111 1561 1190 aequaliter
1607 1111 1875 1172 diversas
1929 1129 2062 1170 esse

407 1204 656 1284 judicat.
693 1202 765 1262 Et
795 1201 1034 1280 quidem
1072 1211 1452 1279 peccatorum
1489 1201 1604 1262 vita
1640 1200 2060 1260 ostenditcun-

414 1303 536 1354 ctas
567 1289 874 1371 praisentis
935 1291 1135 1350 sreculi
1167 1290 1494 1369 voluptates
1525 1312 1535 1351 :
1591 1292 1888 1368 justorum
1920 1308 2058 1349 vero

415 1383 552 1455 vita,
587 1381 710 1441 sola
741 1381 917 1440 futuri
950 1378 1053 1439 aevi
1083 1379 1237 1438 bona
1285 1388 1718 1440 commonstrat
1775 1377 1845 1438 Et
1901 1387 2060 1439 certe

414 1473 829 1533 salvandorum
859 1469 952 1528 via
985 1477 1202 1547 quanto
1238 1468 1576 1547 pulchriora
1621 1469 1936 1548 pollicetur
1966 1469 2056 1528 fu-

416 1570 568 1634 tura,
606 1569 764 1621 tanto
799 1558 1192 1617 laboriosiora
1225 1558 1466 1618 exhibet
1500 1560 1809 1638 praesentia
1843 1580 1856 1620 °.
1888 1560 2059 1619 volu-

419 1655 604 1732 ptaria
632 1662 826 1710 autem
852 1658 909 1707 et
931 1648 1160 1726 impura
1181 1648 1295 1706 vita
1315 1666 1430 1706 non
1452 1647 1509 1708 in
1531 1659 1831 1727 posterum
1857 1667 2058 1730 exspe-

419 1740 685 1801 ctandas.
716 1738 818 1797 sed
844 1738 965 1815 jam
1005 1745 1330 1814 praesentes
1361 1736 1606 1797 delicias
1640 1738 2061 1817 proponit.lta-

2143 573 2285 628 ἐστιν
2329 575 2550 638 ἕκαστος
2608 578 2786 649 ἡμῶν,
2847 577 2906 630 τὸ
2965 577 3017 630 ἐν
3056 584 3132 650 τῷ
3163 577 3380 654 παρόντι
3415 575 3511 643 ἡδὺ
3555 575 3786 652 διώκων,

2144 663 2386 737 οὐδεμίαν
2457 672 2548 721 τοῦ
2616 664 2902 738 μέλλοντος
2973 665 3288 740 κηδεμονίαν
3340 679 3598 722 ποιεῖται·
3657 666 3791 746 ἀνὴρ

2144 751 2197 807 δὲ
2242 751 2344 820 ἢδη
2405 755 2712 831 γενόμενος,
2747 757 2880 829 μετὰ
2935 758 3023 811 τὸν
3057 755 3387 834 ἀπαρτισμὸν
3417 763 3522 811 τῶν
3546 757 3790 837 ἐννοιῶν³

2144 843 2263 898 οἷον
2295 844 2418 920 ὁρᾲν
2474 843 2624 900 δοκεῖ
2654 846 2742 899 τὸν
2772 845 2884 920 βίον
2955 848 3096 918 αὐτῷ
3127 845 3455 924 σχιζόμενον
3490 847 3616 923 πρὸς
3659 847 3789 924 ἄρε-

2143 933 2241 996 τὴν
2297 935 2385 988 καὶ
2469 935 2680 1006 κακίαν,
2725 939 2811 988 καὶ
2863 935 3034 989 πυκνᾶ
3095 932 3211 1007 (26)
3267 936 3396 1009 πρὸς
3450 934 3699 1013 ἑκάτερον
3729 937 3791 992 τὸ

2145 1017 2292 1095 ὄμμα
2335 1023 2432 1086 τῆς
2493 1022 2676 1100 ψυχῆς
2739 1023 3134 1101 μεταστρέφων,
3170 1021 3492 1100 παράλληλα
3531 1024 3695 1098 κρίνει
3726 1025 3793 1080 τὰ

2148 1110 2379 1184 ἐκατέρῳ
2440 1113 2725 1175 προσόντα.
2793 1113 2886 1167 Καὶ
2918 1114 2944 1166 6
2990 1111 3086 1184 μὲν
3132 1114 3235 1166 ’τῶν
3295 1112 3626 1189 ἁμαρτωλῶν
3680 1114 3794 1189 βίος

2144 1203 2316 1254 πάντα
2363 1197 2584 1257 δείκνυσι
2618 1203 2680 1256 τα
2753 1210 2843 1257 τοῦ
2898 1198 3156 1277 παρόντος
3209 1203 3394 1265 αἰῶνος
3424 1204 3647 1279 τερπνὰ·
3683 1204 3710 1256 ὁ
3741 1200 3797 1257 δὲ

2145 1294 2249 1343 τῶν
2280 1286 2513 1356 δικαίων,
2565 1290 2698 1360 μόνα
2729 1291 3002 1367 ὑποφαίνει
3038 1290 3101 1344 τὰ
3132 1297 3222 1344 τοὺ
3253 1289 3542 1363 μέλλοντος
3595 1292 3790 1369 ἀγαθά.

2151 1380 2242 1433 Καὶ
2277 1380 2307 1444 ἡ
2382 1384 2478 1450 μὲν
2535 1384 2640 1433 τῶν
2680 1378 2996 1452 σωζομένων
3030 1379 3147 1442 ὁδὸς
3179 1379 3302 1433 ὅσον
3336 1378 3471 1434 καλὰ
3500 1381 3797 1460 ὑπισχνεῖ-

2145 1489 2226 1522 ται
2291 1469 2348 1521 τα
2419 1465 2704 1540 μέλλοντα,
2785 1469 3030 1522 τοσοῦτον
3091 1467 3316 1523 ἐπίπονα
3370 1469 3670 1548 παρέχεται
3729 1471 3794 1525 τὰ

2147 1558 2401 1633 παρόντα·
2462 1559 2488 1610 6
2533 1555 2586 1610 δέ
2619 1554 2740 1622 ἡδύς
2791 1558 2880 1612 καὶ
2907 1556 3199 1618 ἀκόλαςτος
3259 1557 3369 1632 βίος
3402 1561 3524 1637 οὗχὶ
3554 1556 3792 1635 προσδο-

2145 1645 2393 1718 γωμέ-ιην
2466 1646 2538 1706 εἰς
2591 1643 2830 1724 ὕστερον,
2879 1643 3137 1711 ἁλλ”ἢδη
3192 1653 3460 1722 παροῦσαν
3514 1650 3792 1723 προτείνε-

2146 1756 2232 1788 ται
2291 1732 2414 1811 (27)
2467 1735 2565 1798 τὴν
2611 1732 2924 1794 ἀπόλαυσιν,
2959 1733 3184 1811 Ἰλιγγιᾷ
3216 1734 3303 1789 οὖν
3334 1741 3475 1791 πᾶσα
3501 1737 3681 1816 ψυχὴ,
3710 1739 3796 1792 καὶ

419 1849 533 1911 que
551 1827 844 1906 vertigine
869 1827 1312 1885 laboratanima
1335 1827 1736 1906 omnis,atque
1765 1829 2064 1889 titubanti-

2157 1822 2461 1896 μετοκλάζει
2519 1835 2636 1885 τοῖς
2703 1823 3011 1900 λογισμοῖς,
3067 1821 3192 1878 ὅταν
3251 1825 3348 1898 μὲν
3406 1828 3672 1901 ἐνθυμηθῖ.
3731 1829 3796 1882 τὰ

416 1921 527 1981 bus
560 1914 1018 1997 cogitationibus
1082 1917 1336 1994 agitatur
1367 1938 1378 1978 :
1416 1935 1549 1976 cum
1586 1918 1828 1996 quidem
1860 1937 2062 1979 secum

415 2010 657 2071 revolvit
685 2018 932 2079 aeterna,
960 2005 1124 2083 eligit
1154 2007 1455 2074 virtutem.
1494 2025 1628 2066 cum
1656 2025 1795 2067 vero
1822 2008 2067 2086 respicit

417 2103 486 2162 ad
524 2097 860 2178 praesentia,
894 2096 1254 2174 voluptatem
1289 2095 1663 2174 prmfertJIic
1699 2097 1911 2158 bonam
1939 2117 2063 2159 cor-

420 2201 578 2272 poris
614 2186 1020 2250 habitudinem
1045 2185 1450 2264 conspicit,ibi
1475 2189 1672 2246 carnis
1691 2189 2062 2251 servitutem:

421 2281 520 2341 hic
553 2277 926 2347 ebrietatem,
946 2274 1026 2334 ibi
1055 2273 1485 2353 jejuniumzhic
1504 2275 1825 2335 cachinnos
1847 2279 1922 2337 im
1937 2297 2063 2337 :no-

422 2366 702 2443 dicos,ibi
738 2363 1021 2444 plurimas
1046 2366 1354 2441 lacrymas:
1387 2363 1482 2424 hic
1502 2363 1907 2440 saltationem,
1946 2366 2066 2427 illic

425 2458 850 2541 precationem:
886 2453 980 2513 hic
1013 2451 1206 2526 tibias,
1237 2451 1360 2541 illic
1381 2456 1667 2541 gemitus:
1708 2454 1802 2514 hic
1833 2465 2066 2516 scorta-

425 2540 796 2621 tionem,illic
821 2540 1542 2620 virginitatcm.Quoniam
1565 2540 1915 2623 igiturquod
1931 2563 2068 2606 vere

422 2638 642 2700 bonum
671 2634 848 2709 est,id
879 2634 1166 2694 duntaxat
1192 2632 1426 2691 ratione
1451 2649 1558 2711 per
1591 2631 1764 2693 iidem
1791 2651 2072 2714 compre-

426 2728 606 2791 hendi
643 2733 833 2806 potest
867 2723 1066 2802 (longe
1086 2721 1244 2782 enim
1267 2720 1457 2795 abest,
1489 2740 1599 2781 nec
1651 2722 1794 2782 vidit
1837 2725 2070 2796 oculus,

425 2839 536 2881 nec
565 2816 726 2878 auris
758 2814 978 2876 audivit
999 2813 1103 2891 40),
1153 2811 1382 2891 peccati
1408 2828 1545 2872 vero
1581 2815 1834 2874 suavitas
1867 2832 2057 2892 prom-

423 2916 669 2991 ptam,et
688 2924 792 2985 per
813 2921 1022 2964 omnes
1039 2918 1251 2962 sensus
1273 2902 1557 2961 ﬂuentem
1583 2902 1945 2991 voluptatem
1967 2903 2075 2964 ha-

425 2990 526 3062 bet
557 3018 574 3075 ;
608 2997 831 3058 idcirco
865 2995 1096 3066 beatus,
1129 2994 1228 3070 qui
1255 2999 1498 3068 propter
1535 2990 1852 3070 voluptatis
1881 2991 2078 3053 illece-

423 3090 693 3153 brasuon
707 3084 997 3146 deductus
1024 3080 1204 3140 estad
1237 3078 1566 3152 interitum,
1595 3079 1702 3139 sed
1720 3097 1887 3160 spem
1910 3081 2075 3143 salu-

424 3180 499 3240 tis
525 3179 830 3264 exspectat
853 3189 960 3251 per
992 3169 1365 3264 patientiam,
1397 3187 1469 3264 ac
1497 3167 1552 3227 in
1578 3175 1832 3249 utraque
1862 3171 1958 3232 via
1981 3189 2078 3264 s_e-
2095 3210 2140 3264 ο

426 3265 730 3329 cernenda
759 3262 906 3320 viam
939 3259 1011 3320 ad
1042 3257 1339 3318 deteriora
1387 3256 1704 3318 ducentem
1739 3277 1858 3319 non
1892 3260 2073 3340 capit.

508 3358 567 3418 6.
601 3353 821 3415 VEnsJ
843 3398 856 3411 .
881 3348 958 3410 Et
980 3351 1044 3408 in
1075 3347 1358 3409 cathedra
1371 3346 1740 3424 pestilentia?
1758 3366 1880 3410 non
1899 3351 2074 3416 sedit.

433 3441 586 3502 Num
603 3434 735 3495 illas
775 3427 1279 3503 dicitcathedras,
1308 3427 1366 3485 in
1381 3426 1598 3505 quibus
1613 3439 1810 3490 nostra
1827 3448 2080 3511 corpora

425 3526 610 3607 quieti
642 3523 900 3584 damus?
932 3518 1134 3596 Ecqua
1167 3524 1260 3576 est
1289 3516 1432 3594 ligni
1455 3535 1592 3576 cum
1621 3527 1864 3596 peccato
1887 3521 2080 3582 socie-

423 3626 534 3689 tas,
572 3623 632 3675 ut
663 3609 1004 3673 cathedram
1038 3625 1071 3667 a
1101 3614 1412 3686 peccatore
1437 3621 1913 3686 praeoccupatam
1940 3619 2064 3671 tan-

427 3724 601 3788 quam
635 3700 931 3763 exitialem
964 3697 1166 3788 fugere
1189 3695 1442 3788 debeam
1465 3701 1493 3756 ?
1515 3694 1725 3788 Nonne
1745 3698 1974 3762 ﬁrmam
1996 3720 2066 3762 ac

427 3784 697 3858 stabilem
720 3791 779 3850 in
793 3784 1358 3866 vitiiapprobatione
1373 3803 1599 3846 moram
1609 3787 1704 3846 96
1723 3789 2064 3852 cathedram

425 3887 539 3948 dici
574 3880 747 3944 nobis
771 3876 1093 3959 putandum
1119 3881 1241 3937 est?
1265 3875 1433 3947 Quod
1461 3892 1776 3939 caveamus
1808 3889 2064 3962 oportet,

427 3983 738 4056 propterea
762 3967 917 4050 quod
942 3965 1213 4056 studiosa
1230 3967 1288 4024 in
1315 3967 1570 4043 peccatis
1605 3985 1771 4056 mora
1794 3969 2066 4031 habitum

425 4054 743 4145 quemdam
771 4058 874 4138 qui
895 4056 993 4116 vix
1026 4054 1219 4145 excuti
1253 4057 1538 4134 potest,in
1567 4055 1784 4145 animis
1816 4057 2068 4137 ingene-

422 4142 534 4215 rat.
573 4151 676 4213 Vix
709 4149 870 4209 enim
903 4153 1148 4204 sanatur
1178 4142 1546 4203 inveteratus
1577 4143 1761 4204 animi
1795 4148 2066 4230 morbus,

427 4242 687 4320 malique
719 4233 1066 4298 exercitatio
1102 4242 1368 4311 tempore
1393 4232 1764 4295 conﬁrmata:
1799 4234 1920 4298 imo
1938 4257 2080 4304 vero

2148 1912 2358 1990 αἰώνια,
2436 1913 2531 1977 τὴν
2587 1912 2778 1989 ἀρετὴν
2837 1912 3140 1989 αἱρουμένη,
3206 1911 3332 1967 ὅταν
3390 1913 3444 1968 δὲ
3515 1912 3794 1990 ἀποϐλέψῃ

2149 2003 2277 2076 πρὸς
2352 2003 2413 2056 τὰ
2471 2001 2728 2077 παρόντα,
2767 2002 2865 2066 τὴν
2915 1999 3113 2068 ἡδονὴν
3146 2003 3475 2078 προτιμῶσα,
3514 1997 3632 2057 Ὧδε
3661 2003 3794 2080 βλέ-

2149 2113 2234 2144 πει
2288 2093 2478 2166 σαρκὸς
2567 2091 2874 2162 εὐπάθειαν,
2961 2089 3078 2144 ἐκεῖ
3153 2089 3512 2168 δουλαγωγίαν
3583 2094 3795 2170 σαρκός⁶

2147 2178 2246 2233 ὠδε
2280 2181 2468 2252 μέθην,
2547 2179 2662 2234 ἐκεῖ
2739 2181 3007 2244 νηστείαν·
3064 2177 3163 2234 ὧδε
3224 2179 3462 2258 γέλωτας
3520 2181 3800 2256 ἀκρατεῖς,

2151 2267 2265 2323 ἐκεῖ
2333 2267 2553 2346 δάκρυον
2584 2265 2828 2342 δαψσϐές⁹
2892 2268 3109 2323 ἐνταῦθα
3155 2268 3406 2348 ὄρχησιν,
3441 2270 3598 2324 κάκεῖ
3629 2293 3800 2350 προσ-

2154 2358 2344 2438 ευχήν·
2408 2357 2596 2419 α-Βλοὺς
2669 2354 2793 2433 ὦδε,
2859 2356 3018 2412 κάκεῖ
3081 2359 3430 2433 στεναγμούς·
3507 2357 3606 2414 ὦδε
3665 2383 3802 2439 πορ-

2150 2448 2314 2526 νείαν,
2377 2446 2537 2502 κάκεῖ
2594 2447 2896 2523 παρθενίαν,
2939 2445 3090 2502 Ἐπεὶ
3124 2446 3212 2502 οὗν
3271 2449 3331 2502 τὸ
3388 2447 3487 2520 μὲν
3540 2447 3800 2514 ἀληθινῶς

2155 2536 2350 2612 ἀγαθὸν
2402 2536 2647 2611 λογισμῷ
2712 2532 2919 2600 ληπτόν
2979 2534 3088 2590 ἐστι
3148 2533 3231 2590 δια
3288 2537 3515 2602 πίστεως
3567 2538 3803 2616 (μακρὰν

2154 2629 2252 2703 γὰρ
2286 2625 2609 2697 ἀπῴκισται,
2662 2625 2750 2679 καὶ
2809 2622 3079 2702 ὀφθαλμὸς
3137 2625 3230 2679 οὐκ
3284 2625 3419 2700 εἶδε,
3455 2629 3542 2682 καὶ
3573 2638 3657 2688 οὖς
3709 2627 3804 2684 οὐκ

2153 2714 2397 2788 ἤκουσε),
2471 2715 2529 2768 τὸ
2569 2710 2621 2766 δὲ
2655 2718 2752 2778 τῆς
2813 2713 3072 2789 ἁμαρτίας
3103 2711 3198 2780 ἡδὺ
3230 2715 3518 2793 πρόχειρον
3551 2715 3668 2796 ἔχει
3715 2719 3802 2773 καὶ

2155 2801 2241 2858 διὰ
2297 2804 2476 2867 πάσης
2529 2802 2820 2870 αἰσθήσεως
2870 2801 3090 2877 ῥέουσαν
3121 2803 3216 2869 τὴν
3255 2803 3572 2860 ἀπόλαυσιν
3619 2807 3800 2880 μακά-

2159 2915 2268 2970 ριος
2316 2896 2343 2948 ὁ
2387 2899 2464 2967 μὴ
2526 2892 2857 2968 περιτραπεὶς
2915 2891 2974 2946 ἐκ
3022 2892 3150 2967 (28)
3211 2894 3316 2947 τῶν
3359 2893 3455 2958 τῆς
3485 2894 3678 2962 ἡδονῆς
3710 2894 3804 2950 δε..

2160 2980 2477 3051 λεασμάτων
2527 2983 2658 3058 πρὸς
2731 2981 2829 3046 τὴν
2894 2980 3189 3051 ἀπώλειαν,
3262 2980 3395 3037 ἀλλὰ
3425 2979 3494 3036 δι’
3523 2984 3802 3057 ὑπομονῆς

2160 3071 2260 3137 τὴν
2285 3069 2468 3126 ἐλπίδα
2539 3074 2638 3136 τῆς
2705 3070 2969 3148 σωτηρίας
3040 3067 3495 3150 ἀπεκδεχόμενος,
3530 3073 3618 3127 καὶ
3650 3070 3702 3126 ἐν
3730 3078 3799 3148 τῇ

2161 3158 2359 3238 ἐκλογῇ
2385 3165 2492 3216 τῶν
2543 3157 2679 3216 ὁδῶν
2731 3159 2994 3238 ἑκατέρων
3027 3161 3104 3234 μὴ
3148 3157 3332 3224 ἐπιϐὰς
3359 3158 3452 3227 τῆς
3482 3157 3603 3217 ὁδοῦ
3631 3161 3799 3239 ἀγού-

2161 3272 2261 3319 σης
2291 3250 2376 3306 ἐπὶ
2405 3251 2472 3306 τὰ
2502 3250 2743 3329 χείρονα.

2241 3341 2302 3402 6.
2356 3343 2452 3398 Καί
2495 3341 2580 3396 ἐπὶ
2629 3337 2880 3418 καθέδρας
2937 3337 3139 3414 λοιμῶν
3189 3340 3285 3396 οὔκ
3357 3340 3619 3398 ἐκάθισεν.
3680 3329 3804 3420 Ἀρα

2162 3433 2353 3494 ταύτας
2429 3430 2573 3506 λέγει
2654 3429 2748 3490 τὰς
2836 3427 3110 3506 καθέδρας,
3201 3428 3286 3508 ἐφ’
3335 3430 3406 3486 ὧν
3471 3431 3808 3501 ἂναπαύομεν

2162 3525 2316 3597 ἡμῶν
2347 3523 2410 3575 τὰ
2456 3520 2678 3594 σώματα
2713 3539 2729 3594 ς
2768 3519 2862 3574 Καὶ
2893 3521 2966 3579 τίς
2999 3520 3034 3585 ἡ
3066 3517 3171 3574 ἀπὸ
3201 3521 3293 3574 τοῦ
3323 3517 3478 3584 Ξύλου
3504 3518 3628 3597 (29)
3677 3522 3804 3598 πρὸς

2151 3613 2409 3690 ἁμαρτίαν
2469 3607 2769 3684 μετάδοσις,
2849 3606 2986 3663 ὥστε
3030 3628 3095 3681 με
3124 3608 3220 3674 τὴν
3252 3610 3354 3664 ὑπὸ
3395 3617 3489 3666 τοῦ
3543 3611 3798 3689 ἁμαρτω.

2151 3702 2245 3759 λοῦ
2302 3697 2842 3778 προκαταληφθετσαν
2898 3693 3147 3773 καθέδραν
3201 3699 3272 3759 ὡς
3340 3697 3603 3776 βλαϐερὰν
3650 3701 3792 3754 ἀπο-

2152 3794 2362 3870 φεύγειν
2405 3809 2421 3869 ς
2471 3788 2552 3842 "il
2599 3788 2826 3860 νομὶζειν
2876 3786 3018 3861 ἡμᾶς
3079 3786 3189 3866 χρὴ
3254 3786 3508 3862 καθέδραν
3541 3789 3789 3866 λέγεσθαι

2151 3882 2248 3948 τὴν
2293 3878 2498 3958 ἑδραίαν
2542 3878 2625 3932 καὶ
2689 3877 2920 3950 μόνιμον
2979 3874 3032 3930 ἐν
3085 3881 3150 3951 τῇ
3223 3877 3388 3954 κρίσει
3445 3878 3544 3942 τῆς
3600 3878 3790 3939 κακίας

2150 3966 2417 4046 διατριϐήν
2453 3987 2469 4047 ς
2535 3967 2614 4024 ”Ο
2685 3965 2977 4044 φυλακτέον
3033 3965 3192 4044 ἡμῖν,
3231 3964 3366 4020 διότι
3401 3967 3461 4020 τὸ
3492 3964 3800 4045 φιλοπὸνως

2153 4054 2568 4137 προσδιατρίϐειν
2627 4068 2748 4117 ταῖς
2809 4055 3088 4133 ἁμαρτίαις
3147 4053 3250 4120 ἕξιν
3308 4055 3423 4110 τινὰ
3493 4055 3805 4120 δυσκίνητον

2155 4148 2282 4211 ταῖς
2314 4147 2525 4228 ψυχαῖς
2581 4147 2826 4220 ἒμποιεϊ.
2891 4143 3196 4200 Παλαιωθὲν
3241 4145 3342 4224 γὰρ
3400 4147 3565 4208 πάθος
3591 4149 3806 4224 ψυχῆς,

2166 4242 2255 4293 καὶ
2286 4243 2453 4292 κακοῦ
2484 4235 2686 4310 μελέτη
2744 4236 2925 4314 χρὸνῳ
2954 4232 3308 4309 βεϐαιωθεϊσα
3366 4231 3608 4296 δυσίατὲς
3653 4232 3797 4289 ἐστιν

429 4331 623 4391 sanari
669 4325 912 4388 omnino
945 4341 1064 4382 nou
1098 4330 1311 4400 potest,
1346 4321 1397 4381 si
1415 4324 1785 4384 consuetudo
1811 4326 1868 4386 in
1901 4338 2068 4392 natu-

2167 4327 2202 4393 ἥ
2245 4329 2332 4382 καὶ
2376 4326 2583 4387 ἀνίατος
2615 4324 2913 4397 παντελῶς,
2949 4325 3021 4386 εἷς
3076 4324 3252 4400 φύσιν,
3285 4326 3358 4386 ὡς
3391 4326 3455 4379 τὰ
3487 4323 3687 4397 πολλὰ,
3719 4327 3814 4380 τοῦ

431 4438 558 4480 ram
583 4413 938 4488 transeat,id
961 4411 1116 4490 quod
1143 4411 2068 4495 plerumqueevenit.0ptandum

2170 4416 2315 4479 ἔθους
2390 4414 2795 4492 μεθισταμένου.
2875 4415 3054 4492 Εἰχῆς
3088 4414 3185 4477 μὲν
3219 4415 3306 4469 οὖν
3338 4414 3479 4478 ἄξιον
3511 4420 3588 4488 μὴ
3653 4435 3812 4492 προσ-

429 4509 607 4588 igitur
636 4505 908 4585 fuerit,ut
934 4520 1006 4562 ne
1027 4502 1387 4579 attingamus
1413 4504 1658 4565 malum.
1685 4505 1959 4569 Attamen
1993 4529 2068 4572 se

2173 4509 2403 4583 άψασθαι
2453 4516 2546 4564 τοῦ
2596 4511 2781 4565 κακοῦ,
2839 4505 3088 4580 Δεύτερος
3146 4501 3200 4558 δὲ
3248 4501 3435 4576 πλοῦς,
3499 4506 3645 4567 εὐθὺς
3678 4505 3814 4579 μετὰ

431 4574 628 4664 οἶιιιόει
648 4603 920 4681 superest
949 4594 1266 4675 navigatio,
1289 4601 1350 4654 ut
1382 4596 1573 4656 statim
1601 4607 1731 4674 post
1756 4603 2068 4680 experien-

2170 4574 2270 4664 την
2335 4597 2532 4675 πεῖραν
2576 4595 2756 4672 ὥσπερ
2798 4574 3012 4651 ίοϐὸλου
3043 4591 3258 4671 πληγὴν
3303 4574 3645 4674 ἀποφεύγειν,
3679 4574 3813 4649 κατὰ

431 4693 566 4753 tiam
595 4689 743 4753 illud
769 4696 1045 4767 tanquam
1078 4683 1284 4745 bestia)
1303 4693 1614 4747 venenatas
1632 4687 1862 4767 plagam
1893 4691 2084 4755 decli-

429 4777 1002 4855 nemus,secundum
1024 4773 1408 4835 Salomonem
1435 4775 1510 4836 de
1534 4776 1804 4857 improba
1830 4781 2086 4845 muliere

428 4870 815 4934 scribentem:
845 4865 939 4927 Ne
967 4864 1214 4943 inﬁcias
1233 4864 1478 4926 oculum
1503 4870 1674 4927 tuum
1697 4866 1766 4928 in
1789 4885 1947 4952 eam,
1979 4871 2087 4933 sed

426 4963 627 5040 resiti;
653 4978 732 5024 ne
750 4962 1017 5023 moreris
1035 4956 1088 5006 41
1105 4954 1198 5019 .Et
1211 4973 1351 5018 vero
1373 4956 1664 5036 quosdam
1687 4959 1956 5041 novi,qui
1978 4980 2086 5043 per

514 5123 575 5173 40
605 5121 628 5184 Ι
657 5124 798 5184 Cor.
836 5139 898 5201 ιι,
930 5123 995 5184 9.
1081 5119 1132 5169 ιί
1168 5121 1346 5182 Prov.
1373 5134 1452 5196 Ix,
1485 5117 1588 5182 18.

505 5283 634 5381 ,(26)
671 5284 783 5343 Pro
804 5283 975 5339 πυκνά
1031 5280 1248 5358 legitur
1277 5279 1340 5340 in
1409 5276 1709 5358 aliquibus
1765 5301 1913 5350 mss.
1971 5311 2077 5344 πυ-

435 5389 634 5524 κνΞέοἾ)
665 5445 826 5508 Edil.
859 5445 1138 5524 προτείνει.
1195 5441 1271 5502 At
1301 5459 1444 5504 mss.
1481 5461 1601 5504 non
1636 5444 1808 5524 pauci
1866 5449 2079 5522 προτείο

667 5606 766 5669 Sic
797 5625 937 5667 mss.
973 5603 1242 5685 plurimi.
1276 5603 1503 5666 Vocula
1533 5607 1592 5662 ὲκ
1635 5605 1695 5666 in
1743 5605 1917 5669 editis
1975 5608 2078 5671 de-

434 5691 752 5748 sideratur.

514 5769 645 5847 (29)
675 5767 832 5827 Editi
869 5767 974 5821 ἀπὸ
1005 5763 1176 5829 ξυλού.
1210 5765 1287 5827 Αι
1318 5783 1462 5829 mss.
1495 5767 1602 5824 ἀπὸ
1644 5774 1738 5825 τοῦ
1767 5765 1940 5832 ξύλου.

2169 4692 2230 4748 τὸ
2289 4686 2660 4766 γεγραμμένον
2719 4685 2859 4761 παρὰ
2902 4690 2994 4740 τοῦ
3068 4682 3418 4758 Σολομῶντος
3440 4687 3557 4762 περὶ
3586 4686 3684 4750 τῆς
3714 4707 3812 4761 γυ·-

2170 4781 2350 4842 ναικὸς
2425 4777 2522 4842 τῆς
2575 4775 2808 4854 φαύλης,
2841 4773 2921 4830 ὅτι
2995 4773 3082 4832 Μὴ
3141 4771 3438 4849 ἐπιστήσῃς
3497 4775 3592 4829 σὸν
3667 4773 3816 4849 ὄμμα

2168 4871 2299 4945 πρὸς
2347 4866 2539 4946 αὐτὴν,
2583 4863 2704 4921 ἀλλ’
2749 4860 3102 4933 ἀποπήδησον
3145 4861 3224 4937 μὴ
3281 4861 3601 4941 ἐγχρονίσιλς
3659 4860 3813 4942 (30)-

2170 4963 2271 5020 Νῦν
2301 4959 2355 5017 δὲ
2387 4953 2511 5017 οἶδά
2567 4976 2713 5018 τινας
2767 4951 2822 5009 ἓν
2868 4955 3079 5019 νιὸτητι
3137 4951 3270 5029 πρὸς
3327 4953 3395 5007 τὰ
3462 4951 3560 5019 τῆς
3622 4952 3818 5032 σαρκὸς

2247 5287 2364 5363 (30)
2399 5285 2597 5348 Editio
2630 5279 2819 5363 Paris.
2855 5279 2944 5363 μὴ⁸
2961 5280 3222 5363 χρονίσης
3255 5274 3416 5363 ἑνιτῷ
3460 5273 3636 5363 simu).
3697 5270 3819 5363 Sed

2165 5353 2424 5443 illud,'év
2459 5374 2534 5440 τῷ
2579 5365 2756 5443 τὸπῳᾷ
2788 5353 3142 5443 ἰοειιῑᾷοηο
3175 5354 3387 5443 Basil.__
3415 5361 3476 5443 et
3504 5354 3564 5414 in
3599 5353 3821 5443 nostris

2163 5465 2264 5508 sex
2297 5433 2436 5507 mss.
2476 5433 2665 5506 deest.
2705 5433 2795 5500 7E1
2831 5457 2948 5515 quo
2983 5438 3066 5516 ﬁt,
3102 5443 3166 5495 ut
3197 5452 3266 5496 ex
3299 5433 3514 5496 Bibliis
3544 5435 3820 5497 additum

2159 5527 2343 5590 fuisse
2375 5527 2538 5589 credi
2575 5525 2788 5584 merito
2840 5517 3128 5600 possitEt
3161 5516 3284 5600 hoc
3321 5518 3675 5600 notandum,
3715 5532 3822 5595 pro

2159 5611 2411 5689 χρινίσῃς
2442 5607 2552 5685 legi
2579 5609 2634 5666 in
2665 5594 2926 5662 editione
2972 5596 3156 5659 Basil.
3184 5607 3240 5657 et
3272 5597 3332 5656 in
3387 5594 3613 5677 aliquot
3669 5594 3820 5657 mss.

2159 5691 2476 5771 ἐγχρονίσῃς
2489 5733 2502 5746 .
