4098 6396
331 331 450 396 225

1523 318 1854 386 HOMILIA
1894 315 1976 384 IN
2021 312 2405 383 PSALMUM.
2454 315 2500 382 ῐ.

3587 321 3709 388 296

331 471 474 535 πάθη
507 466 1020 543 κατολισθήσαντας,
1080 463 1166 518 καὶ
1210 460 1372 540 μέχρι
1428 458 1616 521 πολιᾶς
1665 457 1787 538 (31)
1818 457 1976 524 αὒτῆς

2080 473 2223 515 mam
2253 456 2621 534 juventutem
2655 456 2717 518 in
2743 457 2938 520 carnis
2967 457 3103 518 vitia
3125 457 3376 538 delapsi,
3419 461 3493 522 ad
3513 462 3702 542 ipsam

330 557 415 615 διὰ
445 558 722 626 συνήθειαν
775 561 867 610 τοῦ
917 551 1086 610 κακοῦ
1143 566 1266 614 ταῖς
1325 549 1604 626 ἁμαρτίαις
1637 542 1978 626 παραμένον-

332 671 446 711 τας.
520 638 610 708 Ὠς
672 647 772 724 γὰρ
851 647 897 700 οἱ
955 643 1008 699 ἐν
1085 638 1323 720 βορϐόρῳ
1401 635 1799 712 καλινδούμενοι
1859 635 1976 715 (3‘2)

333 752 518 819 χοῖροι
550 737 628 792 ἀεὶ
659 733 1116 814 προσπλάττουσιν
1149 733 1361 793 ἑαυτοῖς
1402 730 1493 784 τὸν
1546 726 1713 794 πηλόν
1749 746 1762 760 ·
1810 727 1976 819 οὕτως

334 815 477 884 οὗτοι
509 828 568 882 τὸ
598 825 658 880 ἐκ
687 825 785 892 τῆς
847 823 1044 890 ἡδονῆς
1104 821 1307 899 αἶσχος
1359 817 1474 874 καθ’
1508 817 1736 886 ἑκάστην
1779 815 1978 892 ἡμέραν

334 914 884 993 προσαναμάσσονται.
954 912 1224 989 Μακάριον
1283 910 1380 986 μὲν
1437 914 1524 965 οῦν
1585 910 1646 965 τὸ
1718 910 1796 982 μὴ
1860 905 1979 961 διαιο

335 1006 588 1074 νοηθῆναι
641 1006 700 1060 τὸ
745 1003 975 1079 πανηρόν
1014 1021 1024 1032 ·
1089 1003 1132 1056 ei
1191 997 1242 1054 δὲ
1301 1001 1438 1056 κατὰ
1490 997 1833 1078 συναρπαγὴν
1890 1001 1983 1050 τοῦ

334 1095 528 1176 ἐχθροῦ
561 1092 718 1158 ἐδέξω
747 1099 814 1168 τῇ
869 1097 1023 1169 ψυχῇ
1071 1089 1411 1166 βουλεύματα
1442 1087 1707 1162 ἀσεϐείας,
1741 1087 1819 1162 μὴ
1852 1086 1982 1160 στῇς

331 1175 418 1242 ἐπὶ
474 1185 569 1252 τῆς
635 1183 915 1260 ἁμαρτίας,
984 1182 1038 1238 Ei
1097 1177 1153 1235 δὲ
1210 1181 1294 1235 καὶ
1349 1187 1506 1235 τοῦτο
1549 1177 1840 1255 πέπονθας,
1901 1175 1980 1250 μὴ

333 1274 624 1355 ὶνιδρυνθῆς
687 1278 763 1345 τῷ
805 1277 976 1344 κακῷ,
1028 1271 1113 1336 Μὴ
1173 1271 1344 1325 τοίνυν
1397 1269 1652 1336 καθεοθῆς
1705 1267 1789 1323 ἐπὶ
1845 1268 1978 1322 καθ·-

336 1366 482 1437 έδρας
511 1365 604 1432 τῆς
635 1364 740 1419 τῶν
771 1360 998 1434 λοιμῶν.
1040 1361 1095 1416 Εἰ
1129 1357 1250 1439 (33)
1311 1358 1534 1426 ἐνόησας
1584 1355 1835 1435 καθέδραν
1865 1355 1980 1411 τίνα

335 1457 493 1536 φησὶν
521 1457 547 1510 ὁ
579 1453 762 1530 λόγος,
796 1449 876 1506 ὅτι
907 1451 1005 1518 τὴν
1040 1449 1234 1526 διαρκῆ
1269 1448 1409 1527 λέγει
1456 1458 1548 1506 τοῦ
1598 1457 1764 1506 κακοῦ
1815 1467 1981 1525 προσ-

337 1544 508 1624 εδρίαν
533 1542 776 1608 ἐξέτασον
822 1539 1008 1596 λοιπὸν
1067 1541 1210 1602 τίνας
1261 1540 1508 1613 ὠνόμασε
1562 1539 1682 1603 τοῦς
1734 1537 1979 1611 λοιμούς.

337 1623 474 1690 Φασὶ
528 1631 592 1698 δὴ
651 1633 741 1687 τδν
798 1628 985 1704 λοιμὸν
1043 1632 1088 1685 οἱ
1161 1631 1276 1705 περὶ
1334 1635 1499 1684 ταῦτα
1558 1626 1738 1699 δεινοὶ,
1773 1623 1983 1682 ἐπειδὰν

338 1725 452 1788 ἑνὸς
507 1720 780 1798 ἀνθρώπου
837 1719 871 1787 ἢ
929 1720 1153 1788 κτήνους
1212 1717 1440 1793 ἅψηται,
1475 1718 1609 1774 κατὰ
1640 1715 1867 1772 διάδοσιν
1901 1715 1984 1770 ἐπὶ

342 1814 543 1875 πέντας
610 1809 732 1872 τοὺς
815 1808 1122 1885 ἐγγίζὸντας
1199 1804 1537 1881 διανέμεσθαι
1574 1821 1586 1834 '

2064 564 2253 620 usque
2284 545 2561 608 canitiem
2585 546 2644 608 in
2670 547 2928 628 peccatis
2959 555 3196 629 propter
3228 549 3366 610 mali
3388 560 3706 612 consuetu-

2064 634 2264 696 dinem
2295 636 3366 714 perseveraverunt.Quemadmodum
3389 640 3547 701 enim
3567 660 3705 704 sues

2065 724 2164 803 qui
2196 743 2328 784 sese
2360 725 2419 785 in
2453 744 2626 787 caeno
2657 727 3247 805 obvolvunt,semper
3271 729 3455 808 magis
3485 749 3552 791 ac
3586 751 3708 793 ma-

2063 812 2153 890 gis
2175 813 2294 873 luto
2311 825 2746 894 asperguntur:
2780 816 2865 878 sic
2896 817 2934 876 ii
2967 817 3232 897 quotidie
3265 819 3452 896 magis
3490 839 3560 883 ac
3585 841 3703 882 ma-

2063 902 2152 980 gis
2172 904 2486 983 voluptatis
2502 904 2614 966 sibi
2641 905 2906 967 dedecus
2924 905 3189 967 inurunt.
3205 908 3510 970 Beatitudo
3527 909 3709 990 igitur

2065 999 2154 1051 est
2185 992 2402 1053 malum
2437 1013 2556 1054 non
2587 995 2876 1074 cogitasse
2910 1017 2923 1058 :
2978 996 3025 1056 si
3081 1004 3280 1058 tamen
3306 997 3538 1061 inimici
3566 1001 3705 1064 dolo

2067 1081 2312 1163 consili}
2341 1082 2660 1162 impietatis
2682 1085 2983 1165 receperis
3014 1085 3076 1146 in
3106 1087 3328 1159 anima,
3362 1106 3437 1149 ne
3468 1090 3708 1153 steteris

2065 1169 2125 1230 in
2161 1181 2423 1250 peccato.
2452 1173 2617 1246 Quod
2643 1174 2691 1234 si
2715 1174 2892 1236 etiam
2925 1175 2984 1235 id
3018 1175 3126 1237 tibi
3153 1178 3419 1258 contigit,
3454 1179 3514 1239 in
3551 1181 3705 1242 malo

2066 1279 2140 1350 ne
2175 1267 2644 1340 permaneas.Ne
2675 1264 2853 1343 igitur
2875 1266 3102 1327 sederis
3131 1264 3192 1326 in
3226 1268 3508 1329 cathedra
3533 1273 3708 1350 pesti—

2063 1347 2476 1414 lenliarum.Si
2509 1353 2850 1415 intellexisti
2882 1374 3198 1435 quamnam
3231 1347 3573 1419 cathedram
3607 1360 3706 1420 di-

2066 1449 2157 1501 cat
2179 1438 2798 1520 Scriptura,uimirum
2816 1444 3052 1525 longam
3071 1444 3129 1505 in
3147 1447 3302 1507 malo
3323 1465 3710 1527 perseveran-

2069 1529 2235 1609 tiam,
2269 1531 2344 1591 de
2367 1540 2585 1593 caetero
2620 1533 2898 1614 exquiras
2925 1534 3094 1595 velim
3144 1554 3292 1617 quas
3340 1537 3712 1616 pestilentias

2069 1621 2357 1680 nominet.
2393 1622 2869 1684 Aiuntharumce
2894 1641 3094 1685 rerum
3129 1626 3302 1705 periti
3326 1636 3574 1705 pestem,
3607 1631 3707 1690 ubi

2070 1729 2250 1769 unum
2272 1712 3052 1792 hominem,autjumentum
3077 1715 3419 1792 attigerit,in
3440 1736 3711 1799 quosque

1663 1806 1814 1882 φύσιν
1885 1807 2046 1890 γὰρΒ
2071 1800 2372 1878 proximos
2422 1820 2524 1880 per
2547 1802 2704 1863 vices
2748 1821 3022 1882 serpere;
3062 1807 3428 1866 contendunt
3454 1826 3712 1886 namque

342 1903 484 1957 εἶναι
514 1905 612 1964 τῆς
645 1899 800 1952 νόσου
830 1897 1102 1967 τοιαύτην,
1139 1896 1196 1949 τὸ
1241 1893 1292 1958 ἐξ
1324 1893 1573 1964 ἀλλήλων
1617 1897 1817 1958 πάντας
1849 1893 1983 1948 ἀνα-

2080 1890 2245 1967 hujus
2278 1890 2470 1951 morbi
2507 1901 2773 1953 naturam
2811 1895 2987 1954 talem
3025 1910 3180 1975 esse,
3215 1902 3280 1955 ut
3329 1915 3538 1957 omnes
3580 1915 3716 1960 sese

341 1987 643 2062 πιμπλάναι
702 1991 798 2051 τῆς
859 1985 1169 2061 ἀρρωστίας.
1233 1991 1473 2040 Τοιοῦτοι
1502 1981 1557 2038 δέ
1585 1984 1723 2047 τινές
1769 1985 1868 2039 εἶσι
1901 1984 1988 2038 καὶ

340 2081 388 2135 οἱ
445 2075 660 2154 ἐργάται
720 2074 814 2141 τῆς
862 2072 1107 2147 ἀνομίας,
1144 2071 1356 2134 ’Ἄλλος
1401 2074 1499 2151 γὰρ
1530 2072 1679 2144 ἄλλῳ
1707 2077 1805 2139 τῆς
1836 2071 1988 2127 νόσου

342 2163 708 2242 μεταδιδόντες
759 2165 1094 2219 συθνοσοῦσιν
1133 2160 1416 2235 ἀλλήλοις,
1472 2165 1562 2218 καὶ
1617 2160 1985 2218 συναπόλλυν-

342 2279 450 2315 ται.
498 2253 582 2310 ’Ἢ
634 2255 738 2333 οὔχ
792 2256 915 2329 ὁρᾷς
961 2255 1079 2315 τοὺς
1113 2251 1334 2330 πόρνους
1366 2253 1487 2313 τοὺς
1531 2255 1616 2308 επὶ
1661 2257 1758 2318 τῆς
1791 2251 1984 2328 ἀγορᾶς

341 2344 694 2420 καθημένους,
757 2350 844 2399 καί
911 2341 1320 2420 καταγελῶντας
1387 2347 1492 2398 τῶν
1553 2341 1982 2421 σωφρονούντων,

344 2438 430 2493 καὶ
488 2433 870 2512 διηγουμένους
930 2432 1130 2488 ἑαηὼν
1178 2432 1243 2487 τὰ
1292 2437 1390 2498 τῆς
1425 2432 1680 2511 αἰσχύνης
1713 2430 1862 2510 ἔργα,
1924 2432 1988 2488 τὰ

344 2534 433 2584 τοῦ
475 2525 694 2588 σκότους
748 2519 1168 2601 ἐπιτηδεύματα,
1231 2522 1415 2578 καὶτὰ
1446 2519 1590 2587 πάθη
1620 2526 1716 2586 τῆς
1773 2520 1987 2592 ἀτιμίας

347 2613 836 2690 ἀπαριθμουμένους
895 2614 968 2675 ὡς
1013 2611 1298 2689 ἀριστείας,
1353 2610 1388 2678 ἥ
1417 2633 1564 2674 τινας
1599 2608 1767 2675 ἄλλας
1797 2609 1988 2688 ἀνδρα-

348 2707 528 2783 γαθίας
564 2722 578 2779 ;
617 2702 771 2760 Οὗτοί
828 2703 956 2757 εἰσιν
1016 2705 1061 2757 οἱ
1112 2700 1288 2776 λοιμοὶ
1349 2703 1396 2759 οἱ
1447 2702 1508 2756 τὸ
1541 2698 1679 2757 ἴδιον
1710 2701 1873 2756 κακὸν
1906 2699 1990 2756 ἐπὶ

345 2796 543 2858 πάντας
579 2793 726 2872 ἄγειν
754 2798 1200 2872 φιλονεικοῦντες,
1237 2792 1323 2847 καὶ
1354 2789 1585 2853 πολλοὺς
1620 2791 1832 2853 ἑαυτοῖς
1871 2787 1986 2870 (34)

345 2883 752 2956 παραπλήσιους
804 2880 1043 2959 γενέσθαι
1133 2879 1590 2959 φιλοτιμούμενοι,
1655 2879 1746 2935 ἵνα
1802 2879 1857 2934 ἐν
1926 2886 1994 2956 τῇ

343 2974 590 3045 κοινωνίᾳ
621 2971 725 3029 τῶν
783 2971 960 3027 κακῶν
1014 2967 1309 3051 διαφύγωσι
1363 2971 1430 3025 τὰ
1474 2967 1678 3036 ὀνείδη,
1715 2969 1846 3026 Οὔτε
1893 2970 1994 3048 γὰρ

340 3071 439 3140 πῦρ
490 3060 925 3138 εὖκαταπρήστου
982 3057 1115 3125 ὕλης
1170 3059 1444 3134 ἁψάμενον
1497 3057 1712 3113 δυνατον
1759 3059 1837 3132 μὴ
1871 3058 1994 3138 οὐχὶ

339 3153 423 3209 ἐπὶ
480 3158 652 3207 πᾶσαν
714 3150 873 3216 αὐτὴν
929 3145 1198 3220 διαϐῆναι,
1275 3147 1451 3211 ἄλλως
1515 3169 1572 3203 τε
1625 3146 1722 3203 κᾶν
1755 3148 1991 3226 ἐπιτύχῃ

338 3243 636 3316 πνεύματος
688 3237 939 3318 ἐπιφόρο)
983 3238 1082 3304 τὴν
1126 3237 1301 3316 φλόγα
1356 3237 1754 3312 διακομίζοντος
1796 3256 1810 3272 ο

342 3332 438 3397 τὴν
496 3317 780 3406 ἁμαρτίαν,
840 3327 954 3389 ἐνὸς
1029 3326 1336 3406 ἁψαμένην,
1395 3327 1472 3402 μὴ
1501 3328 1624 3406 οὐχὶ
1654 3327 1738 3382 ἐπὶ
1789 3326 1990 3392 πάντας

342 3421 466 3484 τοὺς
522 3418 827 3496 ἐγγίζοντας
912 3413 1165 3490 διελθεῖν,
1245 3415 1578 3482 ὲξαπτόντων
1654 3415 1820 3483 αὐτὴν
1887 3423 1991 3473 τῶν

347 3509 664 3584 πνεῦμοίτων
750 3507 850 3572 τῆς
936 3505 1216 3583 πονηρίας.
1295 3507 1365 3563 Τὸ
1439 3507 1539 3584 γὰρ
1591 3512 1688 3573 τῆς
1746 3507 1990 3586 πορνείας

349 3605 555 3674 πνεῦμα
599 3598 694 3652 οὒκ
749 3595 999 3674 ἀνέχεται
1054 3598 1110 3648 ἶεν
1140 3599 1218 3667 τῷ
1251 3594 1325 3648 ἐνὶ
1356 3597 1546 3660 στῆναι
1600 3593 1722 3677 (35)
1755 3597 1853 3663 τὴν
1882 3597 1990 3652 an.

351 3689 496 3764 μίαν,
532 3686 650 3742 ἀλλ’
682 3685 824 3750 εὐθὺς
867 3684 1151 3752 ἡλικιῶται
1185 3683 1707 3763 συμπαρελήφθησαν
1740 3702 1754 3717 ⁸
1791 3696 1990 3766 κῶμοι,

351 3779 436 3834 καὶ
471 3776 654 3852 μέθαι,
702 3776 789 3831 καὶ
823 3773 1021 3853 αἰσχρὰ
1051 3770 1362 3852 διηγήματα
1400 3797 1410 3807 ·
1447 3774 1624 3853 ἑταίρα
1659 3773 1783 3852 (36)
1805 3779 1996 3852 συμπί.

350 3888 529 3940 νουσα,
601 3866 772 3938 τούτῳ
828 3861 1250 3944 προσμειδιῶσα,
1309 3862 1561 3920 κάκεῖνον
1620 3862 1992 3948 διερεθίζουσα,

345 3959 432 4014 καὶ
475 3957 676 4018 πάντας
735 3957 866 4033 πρὸς
925 3953 1022 4020 τὴν
1078 3952 1242 4020 αὐτὴν
1293 3952 1556 4031 ἁμαρτίαν
1590 3954 1991 4035 συμφλέγουσα.

347 4036 475 4125 Ἀρα
522 4047 710 4124 μικρὸς
768 4047 797 4100 ὁ
826 4043 1013 4119 λοιμὸς
1058 4043 1232 4116 οὗτος,
1266 4041 1300 4110 ἢ
1331 4043 1496 4121 μικρὰ
1539 4044 1574 4111 ἡ
1619 4041 1846 4108 διοίδοσις
1904 4054 1996 4104 τοῦ

347 4143 512 4194 κακοῦ
547 4152 564 4210 ;
599 4136 662 4193 Τί
702 4131 779 4213 δὲ,
826 4135 854 4190 ὁ
912 4135 1002 4189 τὸν
1050 4131 1384 4199 πλεονέκτην
1440 4130 1642 4210 ζηϐῶν,
1698 4134 1734 4202 ἢ
1766 4137 1793 4192 ὁ
1823 4137 1913 4192 τὸν
1943 4135 1996 4202 ἒξ

348 4223 517 4292 ἄλλης
573 4226 720 4287 τινὸς
766 4225 1022 4300 πονηρίας
1055 4224 1319 4302 περιφανῆ
1359 4245 1479 4278 τινα
1518 4223 1802 4294 πολιτικὴν
1832 4224 1993 4283 δυνα-

349 4316 526 4374 στείαν
613 4309 1090 4391 περιϐεϐλημένον,
1167 4312 1202 4379 ἢ
1277 4311 1438 4368 ἐθνῶν
1485 4313 1775 4390 ἡγεμονίαν
1825 4314 1993 4396 ἔχον-

349 4428 439 4479 τα,
493 4404 529 4473 ἢ
591 4400 958 4481 στρατοπέδων
1007 4399 1267 4480 ἄρχοντα,
1330 4405 1452 4461 εἶτα
1515 4417 1635 4467 τοῖς
1696 4406 1993 4486 αἰσχίστοις

350 4497 547 4554 πάθεσν
629 4491 1015 4571 ἐμφυρεῖμενον,
1100 4490 1223 4569 οὒχὶ
1312 4491 1442 4568 αὒτῇ
1525 4498 1592 4568 τῇ
1664 4498 1820 4574 ψυχῇ
1903 4500 1995 4554 τὸν

351 4585 538 4662 λοιμὸν
623 4580 977 4662 παρεδέξατο,
1082 4581 1144 4636 τὸ
1245 4587 1338 4636 τοῦ
1421 4579 1748 4658 ζηλουμένου
1831 4591 1996 4645 κακὸν

348 4678 547 4732 οἰκεῖον
614 4673 984 4748 ποιούμενος;
1047 4672 1106 4726 Αἱ
1170 4670 1271 4748 γὰρ
1327 4672 1464 4727 κατὰ
1533 4673 1624 4728 τὸν
1693 4676 1806 4752 βίον
1858 4676 2001 4756 λαμ.

347 4765 610 4837 πρότητες
687 4761 1156 4839 συναναφαίνουσιν
1242 4757 1366 4840 (37)
1427 4761 1645 4828 ἑαυταῖς
1727 4768 1815 4822 καὶ
1875 4772 1996 4836 τοὺς

348 4854 488 4932 βίους
546 4859 651 4909 τῶν
706 4849 1072 4929 περιϐλέπτων
1108 4870 1123 4886 ·
1170 4850 1259 4906 καὶ
1308 4857 1626 4926 στρατιῶται
1681 4855 1780 4931 μὲν
1811 4857 1884 4924 ὠς
1935 4863 2000 4918 τὰ

352 4940 528 4999 πολλὰ
557 4954 675 5005 τοῖς
706 4937 1204 5020 στρατοπεδάρχαις
1264 4939 1631 5016 ἐξομοιοῦνται
1668 4959 1682 4975 ⁸
1740 4946 1786 5002 οἱ
1832 4946 1886 5004 δὲ
1944 4952 1998 5009 ἐν

443 5071 560 5169 ς3θ1)
586 5070 742 5132 Editi
773 5071 938 5152 μέχρι
969 5070 1238 5138 τελευτῆς.
1272 5071 1352 5133 At
1377 5090 1520 5134 mss.
1556 5082 1813 5154 quatuor
1845 5082 2012 5164 μέχρι

359 5153 578 5316 ποῖίῧαὲ).
605 5234 757 5316 Reg.
823 5231 1041 5316 _tertius
1101 5237 1164 5294 et
1220 5230 1403 5316 Coi_s_l_.
1433 5233 1852 5316 κυλινδούμενοι.
1887 5241 2011 5306 Vox

361 5310 558 5398 χοῖροι
598 5314 769 5375 deest
814 5310 880 5398 in
936 5330 1078 5398 mss.
1113 5313 1443 5398 nonnullis.
1473 5310 1798 5398 Aliquanto
1830 5323 2012 5398 infra,

360 5394 497 5486 κατὰ
528 5395 893 5486 συναρπαγὴν.
924 5401 1015 5451 τοῦ
1046 5395 1291 5486 ἐχθροῦ,.
1323 5394 1396 5486 ad
1447 5394 2012 5486 verbumtsubrep;

362 5478 529 5570 tione
559 5475 800 5537 inimici
828 5495 839 5533 :
879 5473 991 5535 hoc
1022 5473 1134 5550 θεέ,
1154 5473 1157 5474 ⁷
1179 5475 1430 5554 fallacia
1450 5486 1503 5538 et
1534 5478 1694 5543 malo
1711 5473 1853 5547 dolo
1885 5473 2012 5548 iiii-

359 5575 572 5716 mzli’ii’o)
605 5635 703 5698 Sic
752 5655 898 5698 mss.
935 5635 1148 5698 nostri.
1184 5638 1260 5697 At
1290 5637 1437 5700 editi
1470 5643 1584 5698 ἐπεὶ
1618 5644 1686 5704 εἶ.

437 5719 568 5795 \34)
599 5717 698 5780 Sic
731 5735 874 5776 mss.
910 5719 990 5778 At
1021 5734 1171 5778 vero
1205 5716 1350 5778 editi
1400 5722 1582 5786 αιῖιτοῖς
1753 5731 2008 5805 γίνεσθαι,

684 5856 951 5920 ΡΑτιιοι.
995 5855 1110 5918 Gn.
1160 5852 1376 5918 XXIX.

1872 3236 1990 3294 οὕτε

2072 1987 2273 2038 mutuo
2295 1980 2646 2057 aegritudine
2671 1981 2965 2061 repleant.
2997 1982 3172 2044 Tales
3205 1984 3402 2064 itaque
3424 1993 3561 2047 sunt
3591 1988 3711 2048 ini-

2070 2066 2306 2146 quitatis
2338 2069 2597 2148 operarii
2651 2069 2794 2132 Nam
2817 2071 2966 2132 alter
2987 2072 3158 2133 alteri
3189 2075 3714 2157 morbumimper-

2070 2154 2288 2217 tientes
2318 2167 2601 2236 aegrotant
2629 2159 2829 2230 simul,
2866 2161 3164 2241 simulque
3197 2172 3467 2242 pereunt.
3503 2154 3714 2227 Nonne

2072 2245 2333 2308 cinaedos
2355 2248 2652 2328 conspicis
2677 2252 2734 2309 in
2753 2249 2880 2309 foro
2907 2250 3318 2332 sedentes,qui
3336 2261 3528 2314 castos
3560 2274 3713 2331 quo-

2071 2355 2186 2414 que
2207 2337 2705 2420 irrident,quique
2726 2358 2832 2400 sua
2850 2339 3232 2420 turpitudinis
3247 2360 3433 2420 opera
3465 2362 3715 2405 narran-

2075 2434 2182 2499 tes,
2220 2427 2598 2488 tenebrarum
2626 2429 2817 2489 studia
2835 2438 2892 2489 et
2915 2429 3268 2509 cupiditates
3293 2434 3720 2510 ignominiosas

2076 2522 2349 2594 tanquam
2378 2518 2660 2595 praeclare
2689 2527 2875 2596 gesta,
2910 2529 3008 2579 aut
3037 2520 3151 2580 alia
3176 2524 3448 2599 quaedam
3484 2524 3722 2604 egregia

2073 2604 2336 2666 facinora
2364 2615 2867 2669 commemorant?
2895 2612 3095 2670 Pestes
3117 2619 3254 2670 sunt
3281 2611 3343 2690 ii,
3373 2617 3470 2692 qui
3497 2613 3554 2673 in
3588 2633 3717 2673 om-

2073 2696 2608 2756 nestransfundere
2625 2703 2914 2759 conantur
2929 2698 3233 2777 proprium
3263 2703 3719 2782 morbum,mul-

2076 2793 2285 2865 tosque
2317 2785 2428 2847 sibi
2463 2785 2690 2846 similes
2717 2786 2847 2847 ﬁeri
2877 2806 3237 2867 magnopere
3254 2791 3597 2870 cupiunt,ut
3618 2811 3723 2871 per

2079 2875 2230 2935 hanc
2259 2875 2547 2936 malorum
2569 2877 3487 2940 communicationeminfamiam
3513 2882 3721 2944 vitent.

2077 2962 2221 3025 Nam
2260 2984 2448 3045 neque
2481 2966 2637 3041 ignis
2670 2965 2974 3028 materiam
3026 2968 3427 3048 suscipienda;
3472 2971 3724 3033 ﬂamma;

2078 3054 2352 3115 itoneam
2383 3064 2612 3134 nactus,
2637 3054 2906 3116 cohiberi
2941 3065 3153 3135 potest,
3180 3061 3501 3138 quominus
3532 3059 3724 3122 subsi-

2079 3144 2182 3203 liat
2214 3143 2282 3204 ad
2339 3144 2675 3204 universam
2715 3162 2727 3205 :
2786 3146 3118 3221 maxime,si
3153 3149 3477 3208 vehemens
3515 3157 3723 3211 ventus

2077 3231 2452 3294 transfundat
2474 3234 2799 3297 ﬂammam:
2831 3254 3023 3315 neque
3056 3237 3178 3297 ﬁeri
3201 3245 3482 3316 potest,ut
3508 3256 3723 3318 pecca-

2077 3330 2223 3398 tum,
2250 3323 2408 3403 quud
2443 3342 2625 3383 unum
2659 3323 2919 3400 aliquem
2953 3323 3309 3404 attigerit,ad
3342 3345 3551 3390 omnes
3576 3329 3720 3390 vici-

2077 3430 2185 3473 nos
2210 3432 2323 3472 non
2353 3420 2631 3486 transeat,
2667 3413 2717 3472 si
2751 3413 3035 3492 nequitiae
3057 3414 3302 3493 spiritus
3333 3416 3477 3478 illud
3503 3436 3722 3479 accen-

2075 3501 2218 3562 dant
2278 3503 2515 3563 Manere
2551 3500 2710 3561 enim
2744 3502 2803 3562 in
2857 3521 2975 3564 uno
3020 3503 3394 3582 iniquitatem
3433 3526 3549 3568 non
3583 3508 3726 3569 sinit

2078 3590 2320 3668 spiritus
2351 3591 2561 3672 stupri,
2609 3592 2713 3653 sed
2768 3592 2964 3652 statim
3018 3594 3200 3654 coaevi
3253 3596 3724 3673 consociantur;

2077 3682 2566 3761 comessationes,
2646 3680 2983 3757 ebrietates,
3069 3701 3379 3744 sermones
3435 3684 3724 3763 obsceni;

2079 3781 2336 3832 scortum
2369 3779 2741 3851 compotans,
2778 3771 2916 3832 huic
2965 3772 3260 3854 arridens,
3294 3773 3460 3834 illum
3495 3793 3716 3854 provo-

2079 3879 2241 3934 cans,
2267 3861 2338 3921 ad
2370 3860 2528 3922 idem
2565 3870 2871 3940 peccatum
2923 3862 3260 3924 accendens
3304 3881 3537 3926 omnes.
3565 3866 3720 3927 Num

2080 3969 2257 4031 parva
2288 3951 2414 4012 haec
2466 3950 2827 4031 pestilentia,
2875 3970 3014 4011 num
3051 3953 3282 4015 modica
3311 3951 3515 4016 isthzec
3577 3973 3722 4034 pec-

2079 4041 2190 4102 cati
2213 4041 2480 4120 contagio
2504 4047 2531 4103 ?
2561 4039 2710 4113 Quid
2743 4059 2902 4118 vero,
2935 4041 3201 4122 quisquis
3253 4060 3495 4102 avarum
3529 4062 3724 4105 aemu—

2080 4131 2255 4207 latur,
2294 4146 2394 4191 aut
2425 4149 2586 4209 eum,
2610 4132 2709 4210 qui
2743 4149 2850 4212 per
2877 4130 3112 4212 aliquod
3147 4131 3304 4193 aliuJ
3337 4132 3532 4194 scelus
3556 4152 3729 4195 cons-

2079 4221 2312 4302 picuam
2338 4221 2653 4301 quamdam
2678 4239 2744 4282 ac
2768 4220 2998 4282 civilem
3023 4221 3430 4284 auctoritatem
3464 4223 3725 4304 adeptus

2079 4319 2192 4390 est,
2225 4321 2321 4372 aut
2353 4311 2612 4389 gentium
2648 4310 2824 4371 habet
2861 4311 3200 4392 imperium,
3224 4319 3324 4372 aut
3355 4312 3722 4375 exercituum

2082 4399 2195 4460 dux
2229 4408 2340 4474 est,
2376 4399 2595 4460 deinde
2627 4399 2674 4459 si
2719 4401 3029 4462 atlectihus
3053 4401 3407 4482 turpissimis
3429 4401 3726 4464 cantanti-

2082 4497 2250 4550 natus
2280 4487 2476 4559 fuerit,
2531 4508 2728 4549 nonne
2759 4490 2818 4550 in
2852 4510 3048 4552 animo
3076 4493 3312 4572 excepit
3339 4492 3430 4552 97
3465 4501 3690 4572 pestem
3713 4542 3727 4571 ,

2018 4557 2232 4653 Dtum,
2268 4596 2400 4638 cum
2437 4578 2656 4638 malum
2688 4578 2820 4658 ejus
2849 4599 3028 4660 quem
3053 4557 3385 4655 aemulatur,
3419 4557 3726 4662 proprium

2082 4668 2198 4730 sibi
2246 4667 2552 4731 reddidit?
2585 4668 2731 4731 Nam
2787 4678 2844 4729 et
2889 4668 3064 4729 vitam
3098 4687 3304 4730 eorum
3339 4671 3439 4748 qui
3472 4671 3725 4742 clarent,

2081 4776 2285 4822 secum
2322 4757 2641 4819 ostendunt
2671 4757 2786 4818 illae
2809 4756 2952 4838 ipsa!
2981 4756 3303 4836 dignitates
3334 4759 3496 4819 vitae:
3535 4771 3594 4819 et
3621 4759 3731 4818 mi.

2082 4848 2218 4911 lites
2248 4847 2489 4929 quidem
2526 4847 2875 4928 plerumque
2907 4847 3250 4908 consimiles
3280 4854 3419 4907 sunt
3451 4846 3730 4922 ducibus;

2085 4937 2288 5023 populi
2337 4956 2474 4999 vero
2525 4940 2584 4999 in
2637 4936 2969 4999 civitatibus
3026 4936 3330 4998 imitantur
3412 4935 3724 5016 magistra-

2096 5085 2230 5146 Mox
2262 5077 2378 5138 duo
2413 5093 2554 5138 mss.
2589 5074 2933 5154 διαφεύγωσι.

2176 5158 2300 5238 (35)
2335 5155 2518 5219 Coisl.
2554 5151 2696 5217 cum
2724 5151 2892 5238 _Reg.
2959 5155 3128 5218 tertio
3161 5160 3373 5238 στῆναι.
3409 5151 3564 5238 Editi
3596 5171 3732 5238 cum

2097 5242 2228 5304 aliis
2263 5235 2402 5298 mss.
2439 5243 2658 5304 στῆσαι.
2721 5235 2785 5297 In
2845 5255 2989 5298 mss.
3040 5235 3346 5297 nonnullis
3380 5253 3486 5316 pro
3518 5236 3732 5310 ἀτιμίαν

2097 5321 2313 5402 legitur
2341 5321 2597 5402 égizprtzv
2635 5317 2742 5402 :_in
2774 5317 2914 5402 aliis
2935 5317 3287 5402 quibusdam
3319 5317 3563 5402 ἀνομίαν,

2184 5395 2306 5484 (36)
2340 5395 2486 5477 Reg.
2544 5398 2751 5484 tertius
2803 5395 2978 5484 ἑταίρα
3024 5401 3194 5468 τούτῳ
3243 5399 3601 5484 συμπίνουσα,
3635 5395 3740 5452 κὰ-

2099 5477 2256 5556 κείνῳ
2288 5477 2732 5557 προσμειδιῶσα,
2809 5480 2977 5552 τούτῳ
3059 5477 3484 5556 προσομιλοῦσα,
3544 5477 3740 5531 κάκεῖ-

2097 5587 2209 5638 νον,
2243 5570 2355 5623 etc.
3274 5636 3310 5638 μ
3367 5637 3374 5638 κ
3413 5637 3419 5638 ,
3552 5635 3556 5638 _

2183 5612 2444 5725 (ﬁl-Sic
2476 5657 2620 5702 mss.
2685 5638 2954 5721 plerique
3003 5655 3237 5700 omnes.
3273 5636 3424 5698 Editi
3459 5635 3746 5710 συνεμφαί-

2099 5747 2298 5783 νουσιν.

3268 5854 3303 5912 8
