4098 6378
387 371 503 437 237

1553 374 1880 439 HOMILIA
1922 371 2003 439 ΙΝ
2046 371 2414 440 PSALMUM
2461 377 2596 442 VII.

3646 376 3769 445 238

385 506 784 586 ὶπιστρὲψουσι.
846 512 956 573 Τῆν
1016 509 1102 564 οὗν
1132 508 1317 565 τούτου
1361 510 1616 587 πονηρίαν
1648 507 1903 585 κόλασον,
1934 511 2028 566 ἵνα

2120 510 2280 588 puni,
2311 520 2375 573 ut
2406 512 2591 575 multa
2620 509 2974 593 populorum
3003 528 3295 594 synagoga
3312 520 3370 575 te
3401 511 3763 580 circumdet.

386 595 561 662 ιιιιολλὶ⁸
596 597 878 675 σύναγωγὴ
927 595 1070 652 λαῶν
1109 597 1361 675 κυκλώσῃ
1410 621 1489 659 σε.
1551 599 1647 655 Καὶ
1699 600 1830 669 ὑπὲρ
1894 602 2028 658 ταύ-

387 708 482 752 της
528 688 601 750 εἰς
661 684 791 761 ὕψος
852 687 1195 763 ἐπίστρεψον.
1256 686 1417 764 Ὑπὲρ
1473 688 1570 755 τῆς
1632 688 1927 757 κυκλούσης
1973 711 2031 745 σε

390 776 721 852 συναγωγῆς,
754 776 817 841 ἢν
851 776 1063 845 ἐκτήσω
1114 775 1197 832 διὰ
1254 779 1352 843 τῆς
1399 779 1534 833 κατὰ
1566 778 1726 857 χάριν
1757 781 2029 856 συγκάτα-

385 863 584 928 ϐἀσεως
632 866 718 920 καὶ
777 867 1103 939 οἰκονομίαις,
1161 866 1479 944 ὶπίστρεψον
1534 869 1606 929 εἰς
1650 869 1710 924 τὸ
1752 867 1883 943 ὕψος
1936 874 2030 935 τῆς

385 951 563 1031 δόξης,
596 954 661 1019 ἦν
692 959 847 1034 εἶχες
894 958 994 1032 πρὸ
1037 958 1129 1012 τού
1162 958 1250 1012 τὸν
1300 957 1501 1031 κόσμον
1535 956 1801 1032 γενέσθαι.
1842 959 2027 1028 Κύριος

384 1056 557 1120 κρινεῖ
588 1042 766 1108 λαούς,
805 1044 1086 1124 Πολλαχοῦ
1129 1046 1224 1112 τῆς
1273 1052 1486 1126 Γραφῆς
1536 1048 1562 1102 ὁ
1596 1049 1712 1123 περὶ
1764 1048 1862 1115 τῆς
1913 1050 2028 1126 κρί-

385 1153 517 1194 σεως
576 1133 993 1209 ὲγκατέσπαρται
1068 1134 1278 1214 λόγος,
1333 1136 1403 1198 ὠς
1479 1136 1893 1213 ἀναγκαιότατος
1943 1140 2031 1194 καὶ

387 1223 800 1286 συνετικώτατος
866 1226 937 1287 εἷς
998 1222 1334 1281 διδασκαλίαν
1406 1223 1670 1289 εὐσεϐείας
1760 1240 1879 1290 τοῖς
1958 1230 2030 1290 εἷς

390 1314 518 1367 Θεὸν
577 1311 660 1368 δια
717 1312 895 1378 Ἰησοῦ
961 1322 1183 1386 Χριστοῦ
1244 1316 1676 1372 πεπιστευκόσιν.
1713 1313 1931 1383 Ἐπειδή
1976 1315 2029 1372 δὲ

389 1401 733 1478 πολυτρόπως
788 1404 814 1458 ὁ
850 1405 1091 1481 περὶτῆς
1155 1406 1375 1482 κρίσεως
1441 1404 1799 1483 ἐγγέγραπται
1846 1404 2026 1483 λόγος,

390 1487 524 1555 δόξει
566 1492 677 1547 τινὰ
726 1494 813 1547 καὶ
862 1493 1114 1572 σύγχυσιν
1182 1492 1328 1573 ἔχειν
1387 1507 1503 1557 τοϊς
1560 1496 1638 1568 μὴ
1689 1492 1917 1572 ἀκριϐῶς
1965 1498 2029 1551 τὰ

390 1582 759 1654 σημαινόμενα
836 1580 1254 1642 διαστέλλοὺσιν.
1332 1584 1389 1639 Ὀ
1452 1585 1710 1640 πιστεύων
1770 1586 1870 1663 γὰρ
1956 1588 2026 1641 εἰς

390 1668 485 1741 ἐμὲ
544 1670 601 1725 οὗ
659 1672 910 1743 κρίνεται·
970 1674 997 1728 ὃ
1058 1671 1111 1728 δὲ
1170 1674 1405 1729 ἀπιστῶν
1470 1671 1568 1740 ἤδη
1632 1673 1888 1751 κέκριται,
1975 1677 2030 1732 Εἰ

389 1756 442 1813 δὲ
504 1762 529 1815 ὁ
571 1762 648 1833 μὴ
701 1763 959 1817 πιστεύων
1013 1760 1198 1837 ὅμοιός
1249 1762 1378 1841 (61)
1426 1762 1535 1817 ἐστι
1568 1770 1643 1836 τῷ
1676 1761 1884 1835 ἀσεϐεῖ,
1914 1772 2028 1829 πῶς

2114 598 2199 660 Et
2226 610 2471 680 prapter
2518 603 2677 665 hanc
2698 605 2766 664 in
2795 604 2993 666 altum
3014 604 3607 683 regredere.Propter
3641 603 3767 667 cir-

2115 691 2495 752 cumdantem
2529 700 2585 753 te
2615 692 3539 772 synagogam,quam,demittens
3572 698 3631 755 te
3663 713 3774 775 per

2112 781 2456 861 gratiam,et
2470 800 2707 845 carnem
2725 783 3002 853 induens,
3015 781 3687 863 possedisti,regredere
3708 784 3770 846 in

2114 870 2483 931 altitudinem
2510 873 2733 952 gloriae,
2751 891 2928 953 quam
2951 879 3088 933 ante
3114 871 3317 932 mundi
3343 881 3540 933 ortum
3570 872 3763 936 habe—

2118 957 2241 1020 bas.
2252 960 2489 1022 Vsas.9.
2503 962 2801 1023 Dominus
2800 963 2833 1041 j
2838 963 3112 1024 udicabit
3122 961 3453 1041 populoslli
3463 962 3599 1024 ultis
3613 961 3769 1025 Scri-

2118 1057 2304 1127 pturze
2328 1049 2475 1111 locis
2489 1051 2564 1111 de
2570 1050 2800 1131 judicio
2821 1051 3128 1132 inspersus
3145 1058 3235 1112 est
3256 1059 3767 1134 sermo,tanquam

2117 1137 2217 1216 qui
2242 1140 2500 1200 maxime
2526 1141 2905 1203 necessarius
2925 1140 3024 1213 sit,
3060 1145 3375 1220 servetque
3429 1143 3682 1203 maxime
3706 1142 3766 1204 in

2118 1228 2350 1308 pietatis
2371 1229 2639 1290 doctrina
2660 1248 2787 1308 eos,
2814 1231 2915 1309 qui
2938 1231 3000 1290 in
3022 1232 3211 1292 Deum
3236 1247 3343 1310 per
3363 1232 3570 1291 Jesum
3593 1231 3767 1294 Chri-

2115 1328 2270 1379 stum
2295 1319 3004 1394 crediderunt.Quoniam
3026 1327 3225 1381 autem
3251 1320 3488 1381 diverse
3510 1319 3586 1381 de
3608 1321 3770 1400 judi-

2114 1406 2206 1467 cio
2237 1408 2493 1486 scriptus
2524 1416 2614 1470 est
2646 1428 2865 1483 sermo,
2902 1408 3315 1470 confusionem
3348 1408 3669 1488 quamdam
3698 1410 3770 1472 iis

2117 1495 2414 1557 videbitur
2427 1498 2973 1579 parere,quiminus
2986 1508 3261 1561 accurate
3283 1499 3773 1579 hasdistinguunt

2113 1584 2735 1663 signiﬁcationes.Qui
2754 1594 2915 1650 enim
2939 1590 3127 1650 credit
3144 1590 3211 1650 in
3232 1606 3353 1667 me,
3383 1606 3503 1650 non
3515 1590 3767 1667 judica-

2117 1677 2355 1755 turzqut‘
2372 1687 2577 1739 autem
2589 1696 2709 1740 non
2726 1680 2933 1753 credit,
2936 1680 3072 1758 jam
3072 1681 3107 1755 j
3116 1679 3394 1740 udicatus
3405 1687 3494 1739 est
3507 1677 3769 1742 59.0uod

2114 1764 2163 1824 si
2188 1766 2365 1845 is,qui
2392 1785 2509 1827 non
2533 1767 2972 1843 credit,similis
2991 1776 3082 1829 est
3111 1768 3628 1847 impio,quomodo
3648 1769 3770 1830 dic-

388 1848 599 1925 ε”ρηται
658 1852 718 1905 τὸ
774 1851 848 1924 μα
908 1851 1290 1919 ἀναστήσετθαι
1353 1850 1563 1915 ἀσεϐεῖς
1622 1853 1894 1931 ἐπικρίσει,
1932 1856 2026 1911 Καὶ

2120 1862 2234 1914 tum
2262 1864 2349 1915 est
2382 1854 2597 1935 impios
2615 1856 2674 1917 in
2687 1856 2916 1936 judicio
2936 1875 3054 1918 non
3076 1875 3209 1919 esse
3229 1858 3773 1918 resurrecturosﬁll?

387 1939 427 1991 εἰ
481 1940 526 1993 οἱ
559 1939 893 2001 πίστεύοντες
925 1942 1022 1997 υἱοὶ
1057 1944 1186 1996 Θεοῦ
1244 1939 1326 1996 διὰ
1358 1947 1455 2007 τῆς
1488 1942 1714 2005 πίστεως
1746 1944 2020 2019 γεγόνασι,

383 2030 467 2081 καὶ
502 2026 583 2083 δια
616 2028 767 2084 τουτο
795 2029 926 2094 ἄξιοί
969 2031 1065 2085 εἰσι
1126 2032 1218 2085 τοῦ
1256 2032 1343 2086 καὶ
1401 2032 1546 2087 αϋτοὶ
1588 2032 1696 2086 θεοὶ
1744 2034 2023 2110 χοηματί-

382 2123 510 2195 ζειν,
539 2115 672 2179 ’πῶς
721 2121 848 2182 Θεὸς
896 2118 1023 2186 ἔστη
1064 2123 1119 2175 ἓν
1177 2126 1460 2197 συναγωγῇ
1516 2123 1670 2197 θεῶν,
1706 2123 1760 2176 ἓν
1794 2123 1940 2195 μέσῳ
1971 2120 2024 2176 δὲ

382 2208 525 2270 θεοὺς
586 2206 867 2283 διακρινεϊ;
917 2209 1065 2266 Ἀλλ’
1100 2209 1239 2266 ἔοικε
1295 2212 1357 2266 τὸ
1414 2211 1674 2287 κρίνεσθαι
1735 2212 1867 2267 ποτὲ
1926 2212 2025 2285 μὲν

383 2295 466 2349 ἐπὶ
497 2303 588 2352 τοῦ
640 2295 770 2374 (6⁸2)
825 2296 1197 2371 δοκιμάζεσθαι
1249 2300 1350 2354 ὑπὸ
1391 2300 1489 2366 τῆν
1546 2298 1794 2377 Γραφφῆς
1847 2322 2026 2378 παρα-

383 2383 778 2462 λαμϐάνεσθαι,
848 2387 970 2443 ποτὲ
1027 2385 1077 2443 δὲ
1144 2387 1230 2443 ἐπὶ
1298 2396 1391 2443 τοῦ
1459 2389 1880 2466 κατακρίνεσθαι·
1942 2388 2028 2445 ἐπὶ

386 2475 483 2549 μὲν
528 2483 618 2531 τοῦ
669 2474 1060 2555 δοκιμάζεσθαι,
1112 2480 1185 2541 ὡς
1244 2480 1326 2549 τὸ,
1368 2478 1559 2556 Κρϊνόν
1590 2498 1680 2556 με,
1735 2479 1909 2557 Κύριε,
1945 2477 2026 2535 ὅτι

384 2564 491 2639 ἐγὼ
522 2565 575 2619 ἐν
610 2565 800 2638 ἀκακία
841 2589 942 2641 μου
974 2566 1283 2644 ἐπορεύθην
1318 2567 1504 2644 ἐπάγει
1536 2568 1634 2644 γὰρ
1678 2566 1818 2623 ἐκεϊο
1868 2579 2027 2623 Δοκι-

385 2661 557 2730 μασόν
602 2676 692 2733 με,
762 2657 938 2733 Κύριε,
992 2657 1078 2711 καὶ
1135 2656 1382 2733 πείρασόν
1415 2675 1502 2730 με·
1539 2657 1623 2712 ἐπὶ
1663 2654 1717 2712 δὲ
1774 2664 1867 2713 τοῦ
1922 2678 2026 2713 κα-

382 2748 739 2824 τακρίνεσθαι,
789 2747 863 2809 ὡς
919 2744 1042 2823 (63)
1115 2749 1199 2816 τὸ,
1264 2748 1317 2803 Εἰ
1388 2747 1487 2824 γὰρ
1542 2747 1758 2810 ἑαυτοὺς
1819 2746 2025 2826 ἐκρίνο-

385 2856 505 2912 μεν,
539 2834 632 2889 οὒκ
663 2832 723 2888 ἂν
770 2834 1102 2913 ἐκρινόμεθαο
1166 2838 1209 2891 εἰ
1267 2837 1366 2913 γὰρ
1411 2836 1622 2900 ἑαυτοὺς
1678 2836 2023 2910 ἐξητάζομεν,

383 2927 565 2999 φησὶν,
600 2928 694 2983 οὐκ
751 2925 813 2979 ἄν
843 2928 1111 3003 καταρίσει
1156 2923 1583 2999 ὑπεϐαλλόμεθα.
1644 2924 1808 2980 [Ιάλιν
1866 2925 2026 3002 ε’ἕρη-

383 3036 465 3070 ται
516 3016 849 3092 κριθήσεσθαι
896 3016 987 3070 τὸν
1049 3016 1235 3093 Κύριον
1294 3017 1423 3087 πρὸς
1457 3022 1631 3071 πᾶσαν
1676 3016 1843 3092 σάρκα
1874 3014 2022 3093 (64Γ

382 3104 671 3182 τουτέστιν,
708 3104 757 3159 ἐν
807 3112 882 3175 τῷ
944 3104 1217 3179 ἐξετασμῴ
1260 3108 1363 3159 τῶν
1422 3103 1760 3181 βεϐιωμένων
1821 3103 2028 3178 ἑκάστῳ

2114 1946 2181 2004 Ει
2212 1943 2261 2003 si
2293 1945 2627 2025 credentes,
2657 1965 2763 2025 per
2792 1945 2973 2008 fidem
3005 1946 3141 2007 facti
3199 1953 3337 2006 sunt
3376 1944 3486 2007 ﬁlii
3532 1944 3666 2023 Dei,
3699 1967 3769 2010 ac

2112 2040 2424 2110 propterea
2455 2033 2618 2111 digni
2650 2043 2789 2095 sunt
2819 2035 2921 2116 qui
2952 2043 3012 2098 et
3033 2036 3147 2116 ipsi
3178 2042 3462 2097 vocentur
3482 2034 3588 2106 dii,
3621 2055 3773 2118 quo-

2111 2121 2287 2181 modo
2314 2120 2471 2182 Deus
2508 2122 2687 2185 stabit
2718 2127 2774 2185 in
2814 2142 3106 2204 synagoga
3156 2123 3429 2205 deorum,
3462 2124 3523 2186 in
3572 2126 3768 2190 medio

2109 2218 2307 2271 autem
2329 2211 2476 2272 deos
2488 2210 2839 2291 dijudicabit
2855 2214 2947 2276 6|?
2963 2216 3181 2275 Verum
3196 2213 3428 2276 videtur
3443 2214 3764 2296 aliquando

2107 2300 2380 2376 judicare
2403 2318 2506 2381 pro
2530 2300 2798 2380 probare
2814 2322 2848 2365 a
2876 2302 3183 2383 Scriptura
3203 2303 3393 2383 accipi
3416 2324 3429 2365 :
3451 2304 3773 2385 aliquando

2110 2406 2248 2449 vero
2268 2407 2372 2468 pro
2386 2390 3341 2473 condemnare.Sumiturquidem
3366 2410 3471 2473 pro
3485 2394 3767 2475 probare,

2110 2477 2274 2539 verbi
2294 2485 2506 2555 gratia,
2540 2482 2763 2543 Judica
2786 2501 2904 2560 me,
2942 2481 3225 2562 Domine,
3251 2488 3544 2561 quoniam
3568 2502 3675 2565 ego
3705 2486 3773 2548 in

2112 2569 2457 2630 innocentia
2478 2588 2612 2632 mea
2630 2572 2947 2649 ingressus
2966 2589 3123 2633 sum:
3150 2570 3230 2632 ibi
3254 2572 3414 2633 enim
3440 2572 3571 2653 subj
3581 2574 3768 2652 ungit:

2111 2657 2313 2719 Proba
2334 2658 2792 2739 me,Domine,rt
2818 2667 2979 2723 tenta
2999 2678 3091 2722 me
3107 2657 3474 2723 63.Sumitur
3500 2681 3642 2723 vero
3664 2682 3769 2743 pro

2111 2747 2609 2819 condemnaremt
2630 2753 2689 2809 in
2710 2748 3026 2825 illonuod
3050 2752 3104 2812 si
3122 2752 3515 2830 nosmetipsos
3524 2751 3769 2831 judica-

2111 2854 2461 2907 remus,non
2483 2838 2692 2917 utique
2698 2840 3135 2917 jupicuremur
3157 2838 3298 2900 63zsi
3332 2844 3516 2921 enim,
3546 2840 3765 2923 inquit,

2113 2944 2219 2985 nos
2241 2928 2396 3005 ipsos
2430 2935 2970 3003 perscrutaremur,
3008 2928 3495 2991 condemnationi
3531 2948 3763 3011 nequa-

2110 3033 2290 3095 quam
2322 3016 2781 3095 subjiceremur.
2817 3019 3052 3081 Rursus
3070 3017 3296 3083 dictum
3319 3026 3406 3081 est
3439 3020 3763 3089 Dominum

2109 3122 2245 3166 cum
2280 3106 2440 3165 omni
2473 3106 2963 3185 carnejudicium
2986 3106 3417 3189 subiturum;id
3450 3109 3633 3189 est,in
3658 3129 3766 3172 ex-

382 3194 566 3248 ὲαυτὸν
602 3191 889 3249 υποϐσὶλλει
937 3200 1003 3269 τῇ
1053 3196 1239 3272 κρίσει,
1299 3197 1385 3250 καὶ
1442 3196 1506 3250 τὰ
1563 3198 1749 3253 ἑαυτοῦ
1790 3195 2025 3273 προστά-

2120 3194 2404 3273 quirenda
2434 3195 2667 3257 ratione
2698 3215 2905 3257 eorum
2939 3216 3071 3279 quae
3095 3201 3312 3279 cuique
3342 3199 3482 3259 dum
3511 3199 3760 3278 viveret,

381 3305 557 3357 γματα
630 3283 1030 3361 ἀντιπαρεξάγει
1118 3298 1229 3347 τοϊς
1290 3283 1687 3361 πεπραγμένοις
1745 3285 1845 3339 υπὸ
1919 3290 2022 3340 τῶν

2120 3293 2235 3344 acta
2263 3292 2420 3363 sunt,
2449 3285 2681 3363 judicio
2703 3304 2768 3346 se
2802 3287 2931 3367 ipse
2953 3288 3219 3367 subjicit,
3248 3296 3306 3348 et
3328 3306 3435 3349 sua
3468 3302 3769 3371 praecepta

381 3372 795 3453 ἡμαρτηκότων,
856 3373 1292 3451 ἂπελογούμενος
1353 3376 1486 3449 μετὰ
1548 3372 1883 3445 ἀποδείξεων,
1944 3371 2023 3427 ὅτι

2120 3373 2354 3451 apponit
2375 3374 2545 3434 factis
2578 3379 3368 3455 peccatorum,argumentis
3395 3395 3462 3438 ac
3484 3378 3761 3441 demons-

382 3463 551 3519 πάντα
606 3465 667 3519 τα
720 3466 791 3526 εἰς
854 3467 1010 3523 αὐτὸν
1052 3463 1251 3531 ἥκοντα
1311 3464 1396 3519 ἐπὶ
1453 3465 1687 3541 σωτηρίᾳ
1719 3470 1823 3519 τῶν
1854 3485 2027 3540 κρινο-

2120 3462 2460 3523 lrationibus
2482 3482 2779 3527 excusans
2801 3483 2890 3538 se.
2924 3466 3079 3545 quod
3105 3468 3164 3526 in
3195 3466 3449 3528 salutem
3474 3467 3761 3546 judican-

382 3552 554 3625 μένων
586 3555 903 3627 πεποίηκεν,
951 3554 1042 3610 ἴνα
1075 3555 1374 3627 πειθόμενοι
1431 3557 1477 3609 οἱ
1539 3552 1910 3629 ἡμαρτηκότες
1952 3554 2023 3614 ὡς

2120 3550 2323 3611 dorum
2349 3552 2549 3614 omnia
2572 3572 2703 3632 quas
2730 3555 2801 3615 ad
2824 3572 2889 3615 se
2908 3555 3580 3635 attinebant,fecerit,ut
3599 3557 3638 3617 ii
3658 3560 3762 3638 qui

386 3642 563 3721 ἔνοχοι
614 3659 726 3707 τοῖς
774 3644 1174 3722 ἁμαρτήμασιν,
1210 3643 1601 3723 ἀποδεχόμενοι
1633 3643 1730 3709 τὴν
1760 3644 1900 3698 θείαν
1944 3640 2024 3695 δί-

2120 3642 2646 3721 peccaverunt,ubi
2679 3661 3026 3722 persuasum
3061 3644 3241 3706 fuerit
3267 3644 3381 3705 sibi
3404 3663 3469 3706 se
3502 3647 3768 3725 peccatis

383 3754 507 3805 κην,
562 3730 769 3796 ἑκόντες
830 3734 1130 3811 προσῶνται
1301 3735 1359 3788 τὸ
1392 3730 1675 3788 ἐπιῧσίλλον
1708 3734 1887 3791 αὺτοῖς
1908 3729 2028 3785 ἐπι-

2120 3730 2403 3793 abnoxios
2424 3748 2574 3803 esse,
2613 3733 3064 3795 convenientem
3098 3733 3212 3794 sibi
3240 3751 3500 3814 pcnnam,
3536 3752 3761 3815 appro-

384 3821 507 3894 τίμια
530 3847 575 3884 ν,
2112 3819 2246 3881 bato
2271 3820 2499 3898 judicio
2536 3820 2757 3901 divino,
2796 3824 2946 3883 haud
2979 3823 3147 3884 inviti
3177 3823 3503 3903 perferant.

466 3914 523 3976 5.
560 3911 727 3971 ’Ἔστι
778 3912 831 3969 δὲ
880 3916 967 3971 καὶ
1018 3911 1148 3971 ἄλλο
1192 3912 1584 3989 σημαινόμενον
1634 3913 1733 3967 ὑπὸ
1790 3916 1888 3976 τῆς
1936 3918 2025 3966 τοῦ

382 4004 641 4083 κρίνεσθαι
701 4010 904 4083 φωνῆς,
967 4006 1099 4061 καθα
1153 4027 1312 4083 φησιν
1374 4007 1401 4061 ὁ
1465 4005 1670 4080 Κύριοςο
1738 3999 2023 4057 Βασίλισσα

383 4093 537 4148 νότου
570 4092 910 4169 ἐγερθήσεται
969 4093 1021 4148 ἐν
1060 4100 1127 4170 τῇ
1177 4096 1362 4172 κρίσει,
1420 4095 1506 4150 κα)
1571 4104 1883 4170 κατακρινεῖ
1928 4093 2024 4157 τὴν

383 4182 567 4257 γενεὰν
666 4182 885 4248 ταύτην,
974 4185 1105 4246 Τοὺς
1192 4186 1290 4262 γὰρ
1371 4184 1864 4261 ἀποστρεφομένους
1929 4182 2024 4247 τὴν

382 4269 522 4325 θείαν
579 4267 937 4344 διδασκαλίαν,
996 4273 1083 4327 καὶ
1138 4270 1491 4349 ἀφιλοκάλους
1528 4320 1542 4343 ,
1606 4273 1690 4327 καὶ
1749 4269 2024 4333 παντελῶς

2197 3911 2235 3970 5
2285 3909 2408 3972 Vox
2436 3919 2635 3971 autem
2663 3912 2946 3987 judicare
2976 3911 3159 3975 habet
3207 3921 3265 3974 et
3307 3910 3484 3974 aliam
3531 3931 3771 3996 quoque

2117 4000 2712 4081 signiﬁcationem,ut
2733 4019 2867 4063 cum
2901 4001 3047 4064 dicit
3078 4004 3388 4064 Dominus:
3414 4004 3649 4083 Regina
3666 4023 3774 4066 au-

2115 4092 2463 4167 stri'surget
2495 4090 2558 4150 in
2580 4090 2836 4168 iudicio,
2873 4098 2930 4153 et
2954 4090 3382 4154 condemnabit
3413 4095 3769 4173 generatio-

2114 4198 2245 4240 nem
2270 4178 2535 4242 istam“.
2572 4178 2683 4251 Qui
2706 4185 2865 4242 enim
2891 4180 3150 4242 divinam
3175 4190 3526 4243 aversantur
3543 4181 3772 4243 doctri-

2111 4278 2336 4349 nam,et
2359 4268 2642 4330 decorum
2667 4271 3103 4351 honestumque
3142 4270 3276 4332 odio
3314 4270 3559 4345 habent,
3593 4280 3650 4332 et
3671 4290 3764 4333 sa-

384 4359 853 4434 ἐιπεστραμμένους
918 4361 976 4415 τὰ
1035 4357 1341 4418 παιδευτικὰ
1382 4365 1479 4428 τῆς
1510 4364 1692 4438 σοφίας
1757 4359 2021 4437 δόγματα,

2120 4358 2638 4438 pientiaedogmata
2668 4360 2741 4421 ad
2773 4361 3114 4422 docendum
3138 4360 3355 4422 idonea
3374 4360 3506 4420 102
3524 4378 3772 4440 prorsus

384 4449 650 4526 συγκρίσει
688 4452 774 4504 καὶ
831 4449 1229 4526 ἀντιπαραθέσει
1260 4455 1366 4504 τῶν
1422 4451 1556 4504 κατὰ
1616 4450 1714 4515 τὴν
1768 4446 1900 4503 ἰδίαν
1929 4469 2026 4525 γεω

2120 4448 2495 4523 detestantur,
2536 4457 2841 4531 postquam
2862 4451 3062 4512 collati
3106 4450 3327 4515 fuerint
3348 4460 3407 4511 et
3427 4439 3755 4529 comparati

384 4541 502 4595 νεὰν
553 4539 637 4594 ἐπὶ
675 4545 742 4615 τῇ
772 4541 888 4617 περὶ
918 4540 982 4595 τὰ
1014 4537 1150 4593 καλὰ
1207 4537 1408 4614 σπουδῂ
1466 4536 1860 4617 διενεγκόντων,
1914 4539 2020 4613 βα-

2120 4556 2238 4599 :um
2263 4538 2387 4597 suis
2400 4538 3079 4619 aequalibusquirerum
3104 4540 3390 4602 bonarum
3419 4540 3618 4602 studio
3651 4559 3760 4601 ex-

384 4629 596 4707 ρυτέραν
648 4632 779 4708 φησὶ
818 4628 1105 4705 λαμϐάνειν
1162 4629 1260 4695 τὴν
1319 4629 1403 4685 ἐπὶ
1450 4641 1565 4690 τοῖς
1598 4632 1871 4705 παρεθεϊσι
1918 4650 2021 4683 κα-

2120 4626 2797 4695 :elluerint.hosdicitob
2809 4648 2881 4692 ea
2892 4648 3023 4711 quae
3036 4630 3368 4692 omiserunt
3385 4644 3620 4709 pmnam
3638 4645 3768 4707 gra-

462 4751 722 4817 5910an.
749 4769 835 4834 lii,
875 4753 964 4817 18.
1050 4751 1114 4804 σο
1145 4751 1300 4814 Psal.
1336 4768 1379 4825 ι,
1412 4754 1470 4811 5.

386 4850 490 4907 xu,
524 4835 623 4897 4‘2.

472 4955 595 5032 (61)
626 4954 791 5020 Colb.
823 4964 1069 5036 quartus
1122 4958 1148 5012 ὸ
1194 4956 1349 5016 αὒτὸς
1380 4971 1486 5034 pro
1518 4952 1726 5029 ὅμοιος.
1766 4950 2036 5015 Subinde

389 5054 529 5098 mss.
564 5036 830 5097 nonnulli
861 5036 1131 5113 διακρίνει,

470 5117 598 5196 (5‘2)
630 5116 755 5178 Non
790 5116 1151 5179 conveniunt
1182 5115 1339 5176 inter
1377 5134 1441 5176 se
1466 5133 1608 5196 mss.
1645 5114 1741 5177 hic
1772 5128 1829 5178 et
1859 5113 2030 5176 infra.

387 5195 496 5259 Alii
530 5196 748 5258 habent
777 5199 861 5254 ἐπὶ
912 5200 992 5259 τό.
1040 5196 1152 5258 Alii
1188 5197 1271 5252 ἐπὶ
1322 5204 1417 5270 τῷ.
1455 5195 1570 5256 Alii
1604 5196 1867 5273 denique
1899 5214 2033 5255 cum

388 5279 561 5339 editis
592 5280 675 5335 ἐπὶ
706 5286 798 5335 τοῦ
856 5278 1082 5341 Ibidem
1118 5275 1259 5339 editi
1291 5278 1687 5354 κατακρίνεσθαι
1718 5299 1729 5333 :
1758 5276 1862 5338 sed
1891 5294 2033 5338 mss.

388 5358 438 5417 si
472 5376 655 5417 unum
690 5358 968 5436 excipias,
1004 5364 1355 5435 κατακρίνειν.

470 5442 507 5519 (l
538 5437 593 5515 3)
632 5440 727 5500 Sic
753 5434 918 5500 (lolb.
955 5434 1213 5519 qurrtus.
1254 5436 1439 5519 Deest
1460 5440 1531 5519 ως
1578 5436 1635 5519 in
1689 5434 1863 5519 editis
1887 5445 1944 5496 et
1974 5435 2034 5496 in

388 5517 521 5579 aliis
557 5535 696 5600 mss.
762 5520 939 5579 Paulo
975 5516 1117 5600 'post
1169 5517 1348 5579 editio
1382 5518 1566 5600 Paris.
1602 5516 1980 5600 8:55_v.r:i_;op;_v
2016 5565 2030 5579 .

388 5600 490 5661 sed
530 5597 715 5675 major
741 5617 876 5678 pars
910 5596 1047 5659 mss.
1084 5617 1200 5660 una
1232 5617 1365 5658 cum
1398 5597 1660 5659 editione
1692 5596 1873 5657 Basil.
1908 5598 2038 5664 ἑξη-

387 5683 637 5739 τάξομεν.

457 5704 834 5837 ίὲλίείλῐοηοί
868 5759 1260 5838 peritissimus
1290 5759 1381 5819 vir
1411 5757 1659 5820 Ducaaus
1715 5756 1829 5836 legi
1879 5756 2035 5837 apud

387 5838 705 5906 Jeremiam
768 5860 897 5920 xxv,
959 5841 1059 5916 3i,
1119 5843 1348 5919 κρίνεται
1426 5838 1787 5920 «'31:quan
1865 5845 2036 5920 πᾶσαν

391 5926 580 6004 σάρκα.
614 5920 765 5985 Hinc
797 5918 1099 5985 concludit
1122 5918 1217 5984 hic
1241 5920 1494 5984 fortasse
1518 5918 1736 5981 melius
1772 5918 1889 5999 legi
1916 5942 2036 5999 κρι-

1557 4748 1610 4799 ϐί
1645 4748 1799 4812 Psal.
1837 4766 2032 4824 LXXXI,
2066 4750 2116 4813 1.

2204 4748 2267 4799 62
2300 4748 2451 4810 Psal.
2484 4766 2625 4830 xxv,
2653 4751 2712 4827 1,
2752 4753 2811 4811 2.
2871 4749 2985 4810 631
3015 4751 3150 4811 Cor.
3184 4766 3267 4824 XI,
3295 4748 3395 4811 3t.
3459 4745 3526 4798 64
3558 4746 3764 4809 Matth.

2119 4955 2313 5011 νεσθαι.
2352 4950 2466 5014 Sed
2503 4950 2711 5030 religio
2747 4950 2919 5013 nobis
2970 4952 3081 5013 fuit
3136 4957 3364 5012 textum
3399 4956 3770 5030 commutare

2118 5041 2324 5093 contra
2358 5032 2532 5094 iidem
2566 5028 2834 5094 omnium
2866 5035 3119 5110 mss.qui
3151 5037 3495 5093 constanter
3543 5028 3774 5093 habent

2118 5116 2476 5188 κριθήσεσθαι.
2492 5114 2784 5175 Fortassis
2802 5131 2918 5173 non
2933 5114 3133 5193 inepte
3170 5110 3414 5173 verbum
3433 5111 3624 5190 κρίνειν
3643 5129 3778 5193 pos-

2120 5193 2195 5253 sit
2218 5194 2327 5254 hoc
2362 5193 2489 5274 loco
2511 5193 2664 5254 sumi
2700 5212 2805 5274 pro
2836 5211 2907 5254 eo
2932 5192 3094 5270 quod
3125 5200 3631 5274 est,cokmparare,
3666 5192 3779 5255 hac

2121 5273 2439 5335 sententia:
2452 5274 2683 5336 Dictum
2701 5271 2787 5337 est
2805 5280 2825 5333 τ
2833 5283 3031 5336 terum
3046 5278 3177 5348 [ore
3195 5280 3262 5336 ut
3296 5271 3595 5334 Dominus
3614 5290 3775 5335 com-

2117 5364 2376 5432 paretur
2408 5356 2471 5415 ιη
2484 5354 2718 5432 judicio
2748 5372 2883 5417 cum
2902 5357 3070 5416 omni
3084 5352 3373 5417 carne.Et
3404 5369 3542 5415 vero
3568 5352 3777 5414 Domi-

2122 5434 2484 5524 nusjudlcig
2503 5452 2565 5494 se
2600 5434 2725 5514 ipse
2758 5434 3198 5511 quodammodo
3231 5432 3600 5524 comparabit
3632 5452 3770 5495 cum

2121 5515 2560 5597 creaturisiloc
2591 5513 2680 5575 est
2708 5534 2725 5597 γε
2763 5524 3058 5597 prmcepta
3103 5534 3209 5578 sua
3239 5513 3606 5597 comparabit
3637 5531 3774 5574 cum

2124 5595 2197 5655 iis
2217 5603 2447 5677 iquzeAin
2482 5612 2586 5655 sua
2617 5596 2870 5677 quisque
2900 5595 3018 5677 vita
3050 5595 3329 5672 gesserit.

2206 5670 2323 5756 (65)
2357 5674 2452 5736 Sic
2486 5684 2604 5736 tres
2636 5670 2791 5756 iussi
2833 5675 2986 5739 Editi
3044 5670 3183 5739 vero
3240 5676 3566 5756 npdaomo_._
3602 5670 3774 5756 Colb.

2121 5751 2367 5848 quartus
2399 5755 2875 5848 ﬁppJJvtt‘zt..Reg.‘
2902 5765 3144 5848 quartus
3192 5751 3643 5848 npdotvto._Y0x
3678 5752 3775 5809 αὖ·

2120 5834 2439 5932 τοῖς-ξίεξθξί,
2470 5836 2530 5929 in
2563 5834 3209 5932 editis,séc‘l,reperitur
3237 5834 3299 5898 in
3314 5834 3617 5932 P§§.Mox
3637 5848 3779 5932 ver-

2123 5917 2200 5981 ba
2228 5917 2348 5981 illa:
2381 5917 2433 5974 ἐν
2465 5916 2533 5985 τῆ
2561 5913 2753 5999 κρίσειέ
2803 5913 3137 6000 adjecimus
3188 5932 3263 5980 ex
3311 5913 3481 5980 Colb.
3535 5922 3773 5998 quarto.
