4098 6380
324 315 446 411 23's

1682 349 1742 411 S.
1788 348 2065 413 BASILII
2110 349 2354 415 MAGNI

3592 351 3720 418 240

335 490 557 546 viorem
582 498 715 544 esse
736 479 1282 543 daturos.Arbitror
1310 489 1511 543 autem
1544 500 1781 562 omnes,
1805 492 1975 563 quot-

2065 486 2328 563 τάκρισιν,
2378 494 2541 560 Οιμαι
2574 484 2653 559 δὲ,
2688 484 2767 540 ὅτι
2828 485 2931 563 οὔχ
2981 486 3179 559 ὁμοίως
3210 487 3550 563 κριθήσονται
3577 490 3720 545 πάν-

336 574 601 656 quothoc
625 579 910 633 terrestre
931 589 1153 651 corpus
1170 572 1613 651 recepere,pari
1647 571 1980 651 modoaju—

336 671 424 725 sto
449 661 765 741 illojudice
786 679 904 721 non
924 679 1056 722 esse
1073 659 1626 742 judicandos,quod
1653 680 1783 742 quae
1805 662 1985 723 forin~

334 771 508 815 secus
531 750 855 831 unicuique
878 757 1146 813 nostrum
1168 750 1685 831 accidunt,utpote
1710 751 1883 831 longe
1900 753 1988 811 in-

334 851 427 905 ter
447 861 509 903 se
529 839 1266 921 diversa,uniuscujusque
1280 839 1578 919 judicium
1604 847 1824 901 varium
1855 842 1987 903 efﬁ-

337 932 674 995 ciant.Nam
699 948 903 991 earum
934 947 1136 1003 rerum
1173 948 1527 1004 concursus,
1558 931 1765 1009 quaein
1790 941 1991 992 nostra

336 1041 455 1084 non
480 1029 617 1083 sunt
636 1027 949 1100 potestate,
985 1020 1088 1080 sed
1110 1038 1218 1082 nos
1242 1019 1616 1081 circumdant
1636 1021 1726 1081 vel
1749 1020 1983 1093 invitos,

336 1119 435 1173 aut
457 1118 731 1190 aggravat
754 1117 993 1189 peccata
1025 1117 1357 1182 nostra,aut
1388 1110 1570 1170 efﬁcit
1593 1110 1839 1171 leviora.
1879 1114 1984 1171 Po-

336 1219 442 1263 nas
465 1201 628 1262 enim
652 1199 727 1262 de
747 1208 836 1259 stu
849 1217 950 1278 pro
968 1199 1108 1261 ferri
1128 1198 1571 1278 judicium.Sed
1594 1200 1695 1279 qui
1719 1201 1772 1259 id
1802 1201 1989 1262 admi-

334 1290 414 1353 sit
440 1289 896 1371 peccati,pravis
926 1288 1146 1351 eratab
1172 1289 1339 1349 initio
1364 1287 1666 1351 institutus
1692 1290 1981 1352 moribus:

337 1378 630 1460 siquidem
658 1398 725 1441 ex
750 1379 1065 1460 impudicis
1096 1378 1438 1459 parentibus
1462 1387 1635 1439 natus
1676 1379 1891 1459 fuerat,
1929 1394 1986 1441 et

336 1470 396 1530 in
423 1469 775 1547 ﬂagitiorum
797 1468 1229 1531 consuetudine
1251 1469 1562 1542 educatus,
1589 1468 1648 1528 in
1682 1468 1981 1531 ebrietati-

334 1558 543 1640 bus,in
563 1558 1122 1639 comessationibus,
1154 1559 1214 1619 in
1248 1558 1533 1620 obscenis
1576 1558 1973 1621 sermonibus.

338 1647 798 1728 Contra,aliquis
817 1646 969 1709 alius
987 1666 1161 1728 quem
1193 1647 1445 1728 plurima
1468 1648 1539 1709 ad
1564 1648 1784 1727 optima
1812 1668 1976 1730 quaa-

336 1757 452 1819 que
474 1738 757 1800 sectanda
776 1737 1980 1818 invitabant,educatio,magistri,divinio-

335 1849 430 1892 res
452 1846 763 1892 sermones
776 1827 849 1889 ab
863 1847 932 1890 eo
952 1827 1458 1903 auditi,lectiones
1473 1828 1761 1890 salutares
1776 1882 1781 1899 ί
1795 1830 1975 1889 moni-

2064 1853 2172 1909 ptz,
2207 1830 2511 1898 νουθέτησιν
2561 1832 2785 1912 γονέων,

336 1927 393 1981 ta
414 1927 751 1999 parentum,
786 1917 1079 1999 colloquia
1108 1918 1180 1980 ad
1199 1918 1547 1998 gravitatem
1576 1928 1632 1980 et
1648 1920 1721 1979 ad
1743 1918 1981 1998 pudici-

333 2010 471 2070 tiam
498 2008 901 2087 informantia,
948 2008 1139 2069 victus
1163 2006 1592 2070 moderatuszis
1621 2008 1671 2069 si
1695 2008 1983 2088 deinceps

332 2099 395 2161 in
419 2098 617 2160 simile
637 2107 943 2177 peccatum
969 2106 1145 2178 atque
1168 2097 1321 2158 alius
1351 2097 1633 2177 delapsus
1663 2105 1981 2171 est,nonne

332 2190 461 2250 vitae
483 2196 737 2269 peractae
756 2187 1048 2248 rationem
1067 2186 1432 2266 redditurus,
1461 2205 1662 2266 poenas
1685 2187 1983 2265 graviores

331 2296 507 2359 quam
537 2277 683 2338 alter
703 2275 833 2351 iure
854 2276 1075 2355 optimo
1096 2275 1288 2337 dabit?
1309 2274 1414 2337 Ille
1437 2277 1599 2337 enim
1616 2275 1768 2353 obzid
1788 2277 1978 2337 solum

330 2365 727 2446 accusabitur,
763 2364 918 2445 quod
960 2363 1317 2427 salutaribus
1340 2364 1623 2426 subsidiis
1651 2367 1850 2426 animo
1880 2367 1978 2426 in-

331 2457 556 2537 spersis
576 2464 739 2518 recte
768 2473 911 2516 usus
935 2473 1053 2515 non
1082 2454 1156 2515 sit
1190 2472 1204 2516 :
1260 2454 1356 2515 hic
1392 2472 1529 2516 vero
1562 2462 1866 2536 praeterea,
1903 2454 1978 2517 ob

326 2546 385 2608 id
413 2544 776 2627 etiam,quod
801 2545 983 2606 multa
1004 2544 1076 2605 ad
1101 2545 1349 2606 salutem
1369 2545 1438 2605 ad
1440 2544 1713 2624 jumenta
1742 2554 1967 2611 nactus.

328 2646 575 2717 propter
601 2636 1117 2714 intemperantiam
1139 2641 1197 2694 et
1223 2635 1509 2713 temporis
1535 2635 1871 2697 brevissimi
1890 2637 1945 2695 in
1967 2675 1976 2683 -

329 2727 552 2788 curiam
586 2744 652 2787 se
682 2724 812 2806 ipse
837 2723 1187 2804 prodiderit.
1237 2721 1527 2785 Similiter
1551 2732 1749 2785 autem
1784 2737 1843 2785 et
1874 2726 1972 2805 qui

329 2816 403 2878 ab
433 2813 603 2877 initio
653 2820 711 2875 in
746 2814 964 2893 pietate
993 2812 1104 2873 fuit
1138 2812 1465 2884 institutus,
1504 2832 1863 2892 omnemque
1914 2814 1971 2874 in

327 2905 437 2969 Dei
464 2903 753 2984 dogmatis
782 2902 980 2964 vitavit
1009 2903 1482 2982 perversitatem,
1535 2911 1592 2963 et
1662 2904 1761 2983 qui
1822 2920 1971 2965 enu-

329 2996 504 3059 tritus
525 3002 614 3056 est
642 2994 704 3054 in
728 2992 835 3055 Dei
858 2993 1152 3071 lege,quce
1172 3009 1349 3052 omne
1375 2999 1617 3053 accusat
1640 3004 1972 3071 peccatum,

328 3095 387 3149 et
414 3085 487 3148 ad
512 3083 814 3145 contraria
842 3088 1138 3161 provocat,
1199 3084 1250 3142 is
1284 3099 1402 3141 non
1453 3081 1707 3142 similem
1735 3081 1976 3143 habebit

327 3172 685 3238 idololatria
710 3169 1180 3244 excusationem,
1215 3177 1390 3250 atque
1422 3170 1543 3243 ille,
1579 3170 1682 3249 qui
1710 3190 1742 3231 a
1769 3189 1981 3250 paren-

328 3265 490 3329 tibus
521 3260 831 3338 exlegibus
859 3260 1147 3322 educatus
1176 3268 1288 3335 est,
1325 3268 1382 3321 et
1410 3278 1443 3321 a
1472 3260 1747 3338 gentibus
1777 3261 1973 3322 idolo—

324 3353 559 3418 latriam
586 3351 660 3411 ab
693 3350 939 3412 exordio
970 3349 1078 3410 fuit
1103 3350 1377 3413 edoctus.
1416 3350 1707 3412 Dominus
1722 3352 1971 3429 judica-

320 3447 408 3508 bit
449 3444 728 3523 populos.
760 3440 951 3501 Aliter
982 3439 1276 3512 Judwum,
1326 3440 1497 3500 aliter
1530 3438 1803 3519 Scytham
1867 3440 1973 3502 Ille

320 3533 481 3599 enim
506 3532 564 3592 in
589 3531 724 3611 lege
746 3529 1075 3608 acquiescit
1096 3538 1154 3590 et
1185 3529 1244 3589 in
1276 3528 1401 3589 Deo
1425 3528 1813 3607 gloriatur,ac
1837 3550 1970 3608 pro-

320 3623 419 3686 bat
449 3620 715 3683 meliora.
753 3619 899 3681 Cum
943 3618 1101 3678 enim
1136 3635 1204 3679 ex
1240 3617 1371 3695 lege
1404 3618 1483 3678 sit
1513 3618 1857 3695 instructus,
1898 3640 1967 3681 ac

323 3720 537 3795 praeter
588 3726 941 3772 communes
992 3708 1264 3768 notiones
1297 3709 1644 3787 prophetica
1675 3716 1732 3768 et
1757 3709 1969 3788 legalia

316 3801 541 3882 scripta
566 3798 621 3859 ei
652 3816 892 3879 semper
948 3803 1288 3870 cantentur,
1329 3798 1657 3876 eademun
1707 3800 1780 3858 ab
1840 3799 1968 3878 ipso

320 3889 736 3962 ediscantur,si
761 3886 1065 3968 quidpiam
1096 3896 1315 3967 praeter
1331 3886 1431 3965 jus
1452 3886 1765 3949 admisisse
1800 3888 1969 3949 inve-

323 3979 836 4059 niatur,imputata
858 3977 969 4038 sibi
985 3981 1232 4058 peccata
1256 3976 1635 4037 habebuntur
1656 3976 1831 4056 longe
1848 3997 1975 4055 gra-

319 4069 589 4133 viora.At
609 4065 841 4145 Scythae
883 4064 1177 4127 Nomades
1200 4063 1528 4143 agrestibus
1551 4074 1607 4124 et
1632 4064 1974 4127 inhumanis

332 4158 571 4223 educati
604 4154 894 4228 moribus,
923 4154 1148 4234 rapinis
1169 4154 1622 4215 etcontumeliis
1648 4156 1864 4216 mutuis
1885 4176 1974 4218 as-

333 4253 511 4328 sueti,
541 4246 646 4309 irm
676 4242 1252 4326 impotentissimi,et
1279 4243 1336 4303 in
1379 4262 1442 4304 se
1466 4244 1717 4306 invicem
1752 4246 1964 4307 facilli-

322 4356 421 4401 me
448 4334 756 4398 iracundia
785 4332 1427 4407 eﬂ'ervescentes,soliti
1459 4351 1697 4394 omnem
1724 4344 1968 4397 conten-

322 4428 546 4490 tionem
579 4424 733 4486 ferro
764 4423 1075 4497 dirimere,
1112 4424 1520 4501 sanguineque
1559 4424 1758 4502 pralia
1794 4426 1966 4488 ﬁnire

327 4516 546 4590 edocti,
577 4513 821 4594 siquam
875 4511 1304 4574 humanitatem
1337 4520 1436 4572 aut
1474 4512 1793 4575 bonitatem
1852 4518 1964 4578 sibi

2068 594 2154 637 τες
2203 578 2250 632 οἱ
2293 577 2353 632 τὸ
2398 577 2589 653 γήϊνον
2647 582 2801 631 τοῦτο
2853 582 3009 651 σῶμα
3053 573 3409 642 ἀναλαϐόντες
3458 578 3602 655 παρὰ
3632 588 3725 636 τοῦ

2071 661 2269 720 δικαίου
2331 667 2532 742 κριτοῦ,
2566 661 2698 720 διότι
2744 666 2809 722 τὰ
2858 664 3043 729 ἔξωθεν
3090 686 3465 739 συμπιπτοντα
3519 668 3729 734 ἑκάστῳ

2071 756 2226 830 ἡμῶν
2257 756 2399 824 παρὰ
2430 755 2569 812 πολα
2624 753 2935 835 διαφέροντα
2993 756 3404 838 παραλλαγῆναι
3440 774 3592 816 ποιεῖ
3625 760 3727 828 τὴν

2073 845 2297 904 ἑκάστου
2326 846 2494 918 κρίσιν
2537 843 2680 919 (66).
2729 844 2815 902 ’Ἦ
2868 846 2966 924 γὰρ
3018 848 3227 924 βαρύνει
3285 850 3422 921 ἡμῖν
3452 850 3517 904 τὰ
3546 849 3723 929 ἆμαρ-

2072 935 2311 1008 τήματα,
2343 936 2378 1002 ἦ
2412 936 2500 991 καὶ
2557 935 2787 1014 κουφίζει
2840 937 2874 1003 ἡ
2931 941 3038 990 τῶν
3100 936 3196 993 οὔκ
3252 937 3333 1016 ἐφ’
3379 940 3537 1016 ἡμῖν,
3598 938 3729 995 ἆλλ⁵

2070 1023 2330 1085 ἀκουσίως
2388 1023 2815 1102 περιϊσταμένων
2872 1026 3015 1099 ἡμᾶς
3052 1024 3340 1104 συνδρομή·
3390 1024 3716 1083 ’Υποκείσθω

2068 1114 2167 1190 γὰρ
2222 1114 2464 1191 πορνείαν
2508 1113 2745 1169 εἶναιτὸ
2804 1114 3136 1191 κρινόμενον,
3202 1113 3367 1170 Ἀλλὰ
3424 1117 3620 1182 ταὸτην
3684 1118 3723 1171 ὁ¹

2070 1202 2167 1276 μέν
2222 1225 2303 1265 τις
2354 1201 2583 1281 ἥμαρτε,
2645 1216 2905 1280 πονηροῖς
2964 1203 3107 1269 ἤθεσι
3138 1206 3198 1261 τὸ
3232 1203 3282 1269 ἐξ
3328 1204 3502 1284 ἀρχῆς
3563 1205 3714 1260 ἐντε-

2068 1291 2390 1368 θραμμένοςο
2439 1296 2526 1348 καὶ
2576 1294 2675 1371 γὰρ
2729 1294 2816 1348 καὶ
2859 1294 2959 1349 ὑπὸ
3012 1295 3213 1371 γονέων
3244 1293 3486 1371 ἀσελγῶν
3519 1296 3592 1357 είς
3624 1296 3717 1350 τὸν

2068 1382 2178 1456 βίον
2235 1379 2518 1461 παρήχθη,
2564 1383 2651 1438 καὶ
2701 1382 3063 1463 συνανετράφη
3245 1386 3361 1463 περὶ
3412 1386 3479 1440 τὰ
3545 1383 3720 1465 φαῦλα

2037 1472 2333 1542 ·συνηθείᾳ,
2370 1472 2553 1535 μέθαις
2615 1472 2704 1528 καὶ
2771 1472 2975 1547 κώμοις
3030 1474 3117 1529 καὶ
3152 1476 3399 1554 αἰσχροῖς
3450 1473 3718 1552 διηγήμα-

2065 1582 2168 1621 σιν,
2255 1559 2473 1625 ’Ἄλλος
2545 1560 2599 1617 δέ
2653 1583 2759 1633 τις,
2822 1561 2999 1617 πολλὰ
3051 1562 3196 1641 ἔχων
3247 1564 3313 1618 τὰ
3343 1562 3719 1642 προκαλούμε-

2062 1672 2126 1706 να
2177 1652 2333 1710 αὐτὸν
2378 1653 2466 1707 επὶ
2510 1653 2575 1710 τὰ
2632 1650 2914 1727 κάλλιστα,
2968 1651 3293 1732 ἀνατροφὴν,
3343 1651 3711 1727 διδασκάλους,

2063 1740 2315 1819 ἀκρόασιν
2374 1740 2547 1820 λόγων
2579 1740 2703 1821 (67)
2745 1742 3045 1821 θειοτέρων,
3102 1742 3495 1822 ἆναγνώσματα
3528 1745 3713 1811 σωτή-

2845 1831 3154 1909 διηγήματα
3224 1836 3355 1911 πρὸς
3412 1833 3716 1906 σεμνότητα

2066 1921 2151 1975 καὶ
2200 1921 2545 1999 σωφροσύνην
2624 1930 2911 1992 τυποῦντα,
2991 1921 3191 1977 δίαιταν
3250 1921 3708 2000 κατεσταλμένην,

2065 2010 2188 2066 εἶτα
2237 2012 2543 2091 ὑπενεχθεὶς
2601 2014 2675 2075 εἷς
2734 2014 2832 2079 τὴν
2891 2013 3075 2085 ὁμοίαν
3135 2014 3494 2090 ἁμαρτίαντῴ
3524 2012 3708 2086 ἑτέρῳ,

2064 2101 2151 2155 καὶ
2181 2098 2349 2163 διδοὺς
2379 2100 2538 2179 λόγον
2568 2103 2673 2158 τῶν
2731 2099 3091 2178 βεϐιωμένων,
3145 2102 3259 2165 πῶς
3307 2104 3428 2181 ori-lvi
3483 2100 3711 2180 βαρυτέυ

2066 2212 2157 2265 ρας
2212 2191 2354 2267 παρὰ
2411 2193 2500 2246 τὸν
2566 2191 2743 2270 ἕτερον
2795 2195 2821 2248 ὁ
2896 2200 3133 2255 τοιοῦτος
3188 2190 3402 2255 δικαίως
3456 2193 3717 2270 τιμωρίας

2063 2276 2442 2355 ἀξιωθήσεται;
2502 2277 2560 2337 Ὀ
2623 2282 2724 2355 μὲν
2782 2282 2879 2359 γὰρ
2923 2280 3316 2359 ἐγκληθήσεται
3368 2280 3455 2337 ἐπί
3529 2282 3719 2354 μόναις

2062 2382 2182 2432 ταῖς
2242 2368 2764 2447 ἐγκατεσπαρμέναις
2822 2371 2951 2429 κατὰ
3003 2372 3094 2430 τὰς
3171 2372 3372 2433 ἐννοίας
3435 2372 3718 2445 σωτηρίοις

2060 2457 2356 2537 ἀφορμαῖς,
2391 2461 2434 2514 ὼ
2464 2461 2537 2523 ὡς
2569 2464 2628 2519 οὗ
2651 2459 2996 2540 χρησάμενος
3031 2461 3215 2526 αὒταϊς
3238 2462 3423 2537 ὑγιῶς·
3461 2464 3487 2517 ὁ
3509 2459 3563 2516 δὲ
3581 2461 3715 2539 πρὸς

2059 2548 2226 2620 τούτῳ
2269 2549 2355 2602 καὶ
2387 2550 2460 2609 ὡς
2493 2546 2701 2616 πολλῆς
2748 2551 2931 2630 τυχὼν
2992 2552 3063 2613 εἷς
3122 2553 3183 2606 τὸ
3227 2552 3463 2617 σωθῆναι
3521 2573 3708 2627 συνερ-

2060 2638 2228 2713 γείας,
2277 2640 2367 2694 καὶ
2418 2637 2482 2693 δι’
2544 2639 2797 2716 ἀκρασίαν
2859 2642 2945 2695 καὶ
3004 2641 3099 2707 ειὴν
3140 2644 3191 2696 ἓν
3236 2642 3559 2720 βραχυτάτῳ
3588 2664 3715 2696 και-

2058 2734 2132 2807 ρῷ
2178 2726 2486 2806 ἀπροσεξίαν
2517 2728 2861 2805 προδεδωκὼς
2914 2730 3117 2789 ἑαυτόν.
3179 2727 3410 2805 Ὀμοίως
3471 2730 3524 2785 δέ
3558 2733 3585 2786 ὁ
3619 2731 3711 2786 ὲν-

2058 2818 2376 2897 τρειρόμενος
2409 2818 2644 2896 ἆρχῆθεν
2705 2826 2772 2896 τῇ
2814 2818 3075 2893 εὒσεϐέία,
3109 2821 3195 2876 καὶ
3249 2826 3423 2875 πᾶσαν
3453 2818 3706 2898 διαστρο-

2061 2907 2167 2985 φὴν
2225 2908 2467 2987 ἐκφυγὼν
2525 2910 2579 2965 ἐν
2625 2922 2743 2973 τοῖς
2776 2912 2893 2988 περὶ
2950 2917 3082 2967 Θεοῦ
3144 2907 3418 2987 δόγμασιν,
3455 2910 3708 2989 ἐιτρεφό-

2062 3017 2222 3070 μενος
2276 2996 2329 3052 δὲ
2362 3000 2450 3057 καὶ
2503 2999 2650 3074 νόμῳ
2697 3007 2827 3056 Θεοῦ
2876 2997 3211 3055 διαϐάλλοντι
3243 3005 3415 3054 πᾶσαν
3446 2999 3706 3077 ἁμαρτίαν

2061 3087 2148 3141 καὶ
2199 3088 2613 3165 προκαλουμένῳ
2665 3088 2748 3145 ἐπὶ
2804 3089 2868 3145 τὰ
2916 3089 3147 3158 ἐναντία,
3201 3088 3305 3167 οὔχ
3366 3088 3549 3161 ομοίαν
3608 3088 3707 3154 ἕξει

2062 3173 2491 3253 εἷδωλολατρείας
2542 3177 2835 3257 ἀπολογίαν
2895 3184 2970 3250 τῷ
3027 3180 3131 3233 ὰπὸ
3185 3176 3426 3254 πατέρων
3500 3178 3714 3252 ἀνόμων

2061 3264 2527 3346 ἀνατεθραμμέυῳ,
2587 3270 2672 3323 καὶ
2727 3269 2885 3323 ἐθνῶν
2931 3267 3167 3347 ἀρχῆθεν
3220 3266 3343 3347 (68)
3420 3266 3708 3324 εἰδωλολα-

2058 3369 2203 3432 τρεϊν
2262 3354 2670 3434 δεδιδαγμένων,
2739 3358 2923 3437 Κύριος
2998 3371 3170 3436 κρινεῖ
3233 3356 3413 3421 λαούς,
3478 3354 3710 3422 ’Ἄλλως

2056 3449 2146 3500 τὸν
2203 3444 2486 3519 Ἰουδαῖον,
2553 3449 2639 3503 καὶ
2699 3445 2873 3512 ἄλλως
2915 3449 3006 3503 τὸν
3051 3447 3280 3513 Σκύθην.
3343 3446 3404 3504 Ὀ
3469 3447 3566 3521 μὲν
3612 3450 3709 3526 γὰρ

2056 3534 2445 3592 ἐπαναπαύεται
2480 3538 2670 3617 νόμοργ
2720 3539 2806 3593 καὶ
2840 3544 3108 3618 καυχᾶται
3168 3537 3223 3592 ἐν
3272 3543 3411 3613 Θεῷ,
3447 3539 3533 3593 καὶ
3558 3536 3705 3594 δοκι-

2052 3624 2208 3699 μοίζει
2261 3626 2325 3681 τὰ
2374 3624 2704 3705 διαφέροντα.
2775 3629 3187 3707 Κατηχούμενος
3246 3626 3319 3683 ὤν
3372 3627 3432 3683 ἐκ
3487 3636 3581 3684 τοῦ
3615 3627 3704 3681 νόω

2053 3737 2177 3795 μου,
2213 3716 2297 3771 καὶ
2343 3718 2474 3794 πρὸς
2531 3718 2657 3779 ταῖς
2701 3730 2908 3779 κοιναῖς
2952 3718 3033 3773 ἀεὶ
3086 3717 3311 3780 ἐννοίαις
3341 3715 3707 3790 κατεπᾳδόμε-

2053 3825 2160 3872 νος,
2218 3806 2304 3859 καὶ
2382 3804 2758 3881 παιδευόμενος
2834 3808 2900 3862 τα
2955 3808 3258 3887 προφητικα
3357 3808 3443 3862 καὶ
3513 3829 3706 3880 νομικα

2057 3894 2367 3974 γράμματα,
2424 3894 2513 3950 ἐὰν
2572 3898 2756 3974 εὗρεθῇ
2832 3904 3056 3961 πταίσας
3121 3896 3465 3973 παρανόμως,
3519 3894 3704 3968 πολλῷ

2056 3983 2312 4061 βαρύτερα
2367 3983 2469 4049 ἕξει
2528 3984 2881 4065 λελογισμένα
2935 3988 2998 4041 τὰ
3052 3986 3431 4064 ἁμαρτήματα.
3505 3985 3703 4039 Σκύθαι

2058 4070 2108 4126 δέ
2142 4070 2402 4147 Νομάδες,
2473 4075 2761 4153 ἀνημέροις
2836 4077 2923 4133 καί
2981 4076 3350 4155 ἀπανθρώποις
3380 4076 3703 4154 συντραφέν-

2055 4182 2142 4222 τες
2201 4160 2400 4238 ἤθεσιν,
2460 4166 2729 4244 ἁρπαγαῖς
2786 4169 2873 4223 καὶ
2909 4167 3046 4242 βίαίς
3106 4179 3227 4228 ταῖς
3278 4161 3395 4219 κατ’
3458 4162 3710 4233 ἀλλήλων

2056 4250 2397 4326 ἐνειθισμένοι
2440 4255 2600 4336 (69),
2653 4256 2894 4335 ἀκρατῶς
2954 4256 3050 4330 μὲν
3094 4255 3313 4335 ἔχοντες
3371 4259 3561 4330 θυμοῦ,
3619 4257 3709 4309 καὶ

2053 4338 2284 4402 εὐκόλως
2315 4344 2390 4407 εἰς
2432 4347 2555 4409 τοὺς
2604 4346 2726 4401 κατ’
2776 4346 3027 4415 ἀλλήλων
3077 4344 3442 4423 παροξυσμοὺς
3474 4346 3705 4425 ἐρεθιζό-

2051 4451 2222 4503 μενοι,
2281 4439 2449 4490 πᾶσαν
2510 4434 2563 4492 δὲ
2625 4436 2946 4517 φιλονεικίαν
3004 4435 3204 4515 σιδήρῳ
3276 4439 3468 4513 κρίνειν
3530 4459 3699 4492 συνει-

2050 4520 2308 4595 θισμένοι,
2343 4527 2429 4581 καὶ
2461 4527 2658 4601 α“ι’ματι
2720 4529 2812 4593 τὰς
2871 4530 3053 4606 μάχας
3108 4526 3249 4584 λύειν
3308 4525 3694 4603 δεδιδαγμένοι,

322 4605 582 4669 invicem
634 4601 1040 4681 ostenderent,
1085 4618 1194 4682 per
1226 4601 1505 4682 praeclara
1558 4621 1663 4663 sua
1702 4603 1968 4668 facinora

2061 4611 2141 4665 ἐάν
2169 4631 2220 4665 τι
2252 4613 2376 4689 πρὸς
2417 4598 2685 4687 ἆλλῆλους
2730 4598 3097 4697 φιλάνθρωπον
3156 4620 3243 4673 καὶ
3288 4598 3531 4697 χρηστὸν
3578 4617 3702 4672 ἐπι-

325 4696 642 4760 vindictam
704 4693 1073 4757 acerbiorem
1107 4691 1280 4753 nobis
1311 4700 1539 4772 parant.
1592 4691 1817 4755 Judt'ca
1850 4714 1963 4776 me,

2051 4698 2339 4773 δείξωνταί,
2397 4700 2529 4777 ἡμῖν
2582 4706 2867 4785 βαρυτέραν
2898 4703 2981 4761 διὰ
3014 4712 3121 4761 τῶν
3156 4705 3298 4761 ἰδίων
3348 4706 3699 4783 κατορθωμά-

323 4787 610 4860 Domine,
636 4784 968 4847 secundum
996 4784 1298 4857 iustitiam
1321 4789 1609 4853 meam,et
1635 4787 1967 4847 secundum

2061 4813 2155 4846 των
2203 4788 2303 4856 τὴν
2362 4797 2618 4873 τιμωρίαν
2658 4784 3148 4873 παρασκευάζουσι,
3213 4795 3405 4873 Κρϊνόι
3465 4816 3555 4874 με,
3594 4796 3705 4851 Κύ-

323 4879 740 4942 ίηηοοεηιίατη
774 4891 967 4935 meam
985 4889 1171 4952 super
1198 4890 1310 4965 me.
1347 4870 1483 4965 Idaeo
1517 4870 1691 4931 verba
1725 4874 1967 4953 superbi

2061 4902 2150 4958 πε,
2187 4882 2323 4937 κατὰ
2354 4884 2450 4953 τὴν
2510 4884 2845 4953 δικαιοσύνην
2892 4908 2991 4961 μου
3020 4934 3035 4965 ,
3087 4888 3173 4941 καὶ
3231 4886 3368 4940 κατὰ
3410 4885 3505 4949 τὴν
3565 4884 3704 4939 ἀκα-

321 4966 633 5048 aliquid,et
656 4963 813 5046 quod
839 4962 1170 5044 precationi
1198 4959 1480 5052 Pharisaei
1513 4978 1643 5020 sese
1677 4964 1964 5025 extollen-

2061 4970 2169 5026 κίαν
2221 4990 2321 5042 μου
2399 4974 2482 5031 ἐπ’
2540 4975 2677 5051 ἐμοι.
2750 4975 2896 5041 Δοξει
2974 4998 3022 5030 τι
3086 4979 3112 5030 ὁ
3166 4974 3327 5052 λόγος
3389 4972 3705 5043 ἀλαζονικὸν

322 5056 397 5117 tis
413 5055 675 5117 assimile
688 5053 1161 5134 sit,videbuntnr
1178 5050 1507 5112 habere:att
1520 5067 1693 5111 amen
1716 5055 1970 5118 candide

324 5142 899 5223 intuenti.Propheta
921 5142 993 5203 ab
1018 5140 1131 5203 hoc
1150 5140 1350 5201 animo
1371 5138 1575 5220 procul
1608 5141 1736 5201 105
1758 5142 1969 5208 abesse

319 5230 936 5314 judicabiturJudica
964 5229 1369 5311 me,Domine,
1403 5228 1613 5310 inquit,
1645 5235 1971 5297 secundum

407 5446 534 5525 (66)
561 5446 933 5527 Reg.tertius
960 5445 1141 5527 habet
1167 5447 1386 5524 γνώμην
1409 5463 1513 5525 pro
1542 5448 1969 5527 xpthbidem

318 5524 384 5591 In
417 5524 627 5590 eodem
659 5524 865 5589 codice
896 5526 1109 5605 legitur
1139 5529 1291 5601 ἡμῶν
1322 5527 1407 5589 τοί,

395 5610 521 5689 (67)
550 5607 696 5689 Reg.
746 5606 957 5671 tertius
987 5607 1238 5685 ἀκρόασιν
1270 5606 1489 5687 λογίων.
1542 5607 1748 5670 Statim
1786 5611 1974 5674 codex

317 5688 476 5753 idem
510 5688 801 5769 σωτηρίας.

399 5772 528 5853 (68)
558 5767 723 5837 Colb.
754 5777 1006 5854 quartus
1035 5770 1195 5825 kﬂvaw
1226 5767 1276 5834 ἐξ
1309 5769 1510 5849 ἀρχῆς.
1538 5768 1769 5833 Ibidem
1794 5772 1972 5838 editio

2055 5059 2204 5140 ’ἐχειν
2249 5065 2337 5119 καὶ
2381 5064 2756 5142 παραπλήσιον
2808 5072 2875 5141 τῇ
2927 5069 3066 5144 εὐχῇ
3100 5074 3189 5122 τοῦ
3240 5066 3498 5139 ὕψοῦθτος
3522 5060 3711 5123 ἑαυτὸν

2054 5156 2363 5233 Φαρισαίου·
2425 5156 2773 5233 εὐγνωμόνως
2837 5153 2891 5210 δὲ
2934 5162 3218 5211 σκοποῦντι
3280 5152 3488 5230 μακρὰν
3541 5154 3708 5231 γενή-

2056 5263 2203 5301 σεται
2274 5250 2374 5312 τῆς
2421 5246 2668 5312 τοιαύτης
2719 5243 2999 5307 διαθέσεως
3059 5246 3087 5300 ὁ
3145 5244 3451 5323 προφήτης.
3516 5243 3712 5319 Κρϊνόν

2057 5457 2655 5537 Ρετίε.δεδιδαγμὲνων.
2682 5458 2882 5521 Editio
2914 5459 3237 5523 Basil.cum
3262 5455 3465 5535 Regiis
3488 5455 3705 5536 primo,

2056 5540 2320 5600 secundo
2348 5550 2406 5601 et
2428 5548 2635 5620 quarto
2660 5537 3315 5620 δεδιδαγμένῳδυὶιὶηᾶθ
3336 5556 3477 5599 mss.
3496 5553 3714 5598 omnes

2059 5619 2470 5702 κατηχούμενος
2503 5622 2600 5683 ὧν.
2627 5619 2786 5683 Edili
2820 5624 3225 5702 κατηχούμενος
3264 5621 3374 5681 οὖν.

2144 5698 2271 5779 (69)
2300 5700 2498 5763 Editio
2560 5700 2747 5765 Paris.
2797 5698 3094 5777 ἧθισμὲνοι.
3126 5700 3320 5764 Editio
3356 5698 3533 5761 Basil.
3578 5700 3711 5764 em-

2055 5780 2316 5856 θισμένοι,
2343 5781 2414 5844 Αι
2448 5799 2590 5844 mss.
2625 5789 2747 5843 tres
2778 5784 3142 5861 ενειθισμὲνοι.
