4098 6388
441 338 559 404 247

1791 343 1851 404 S.
1901 341 2178 403 BASlLlI
2224 341 2474 405 MAGNI

3703 342 3824 411 248

443 475 654 555 esse,si
681 473 742 537 in
776 482 1016 556 peccato
1043 476 1460 555 permanserit.
1500 478 1707 539 Parata
1733 483 1872 536 sunt
1925 476 2065 538 enin

2174 481 2312 552 αὖτῷ
2365 479 2625 554 ἡτοίμασε
2683 480 2846 547 σκεύη
2904 483 3152 542 θανατου.
3187 490 3261 539 Ou
3292 501 3446 558 νευρα
3477 481 3553 544 τίς
3601 485 3742 540 εστιν
3784 485 3822 554 ἡ

443 566 499 626 in
532 584 670 628 arcu
702 584 835 627 vasa
869 571 1096 626 mortis.
1158 567 1307 629 Vasa
1337 574 1531 629 autem
1570 567 1798 641 mortis,
1839 565 2089 629 virtutes

440 664 598 728 sunt,
633 675 763 735 qua)
785 655 888 719 Dei
915 656 1194 719 inimicos
1215 654 1932 732 exterminanLSagz’ttas
1947 675 2089 720 suas

438 744 792 808 ardentibus
822 747 1122 821 eirecit.Ut
1141 745 1299 808 enim
1323 745 1519 824 dignis
1543 744 1618 806 ob
1652 747 1956 808 materiam
1980 765 2086 809 us-

443 833 589 894 tioni
619 833 893 895 idoneam
929 853 964 896 a
989 834 1266 906 Creatore
1296 835 1572 897 conditus
1605 842 1694 895 est
1727 855 1744 906 ;
1774 854 1891 895 non
1925 835 2084 897 enim

441 933 680 1001 propter
709 925 1083 986 adamantem
1125 924 1226 1004 qui
1277 923 1350 986 ab
1401 924 1538 1002 igne
1570 942 1689 984 non
1723 923 2080 1000 absumitur,

437 1013 540 1074 sed
557 1014 970 1094 propterligna
993 1015 1244 1076 ﬂammae
1267 1013 1663 1094 suscipienda;
1681 1022 2084 1093 apta,creatus

437 1102 641 1166 estzita
662 1111 719 1165 et
741 1103 1165 1184 sagittazDeiob
1182 1103 1868 1184 easanimas,quaefacile
1883 1102 2080 1182 ignem

435 1193 1556 1274 concipiunt,multumquecollegerunt
1574 1194 1706 1273 ejus
1717 1192 2083 1264 substantiae,

437 1300 568 1362 qua
591 1291 828 1345 terrena
857 1293 967 1364 est,
1003 1293 1061 1346 et
1105 1283 1178 1346 ad
1236 1285 1540 1346 interitum
1581 1284 1820 1362 idonea,
1850 1281 1923 1344 ab
1957 1284 2084 1362 ipso

2170 565 2495 624 διατείνουσα
2543 570 2603 624 τὸ
2660 568 2808 633 τόξον
2860 577 2954 625 τοῦ
2982 575 3135 642 Θεοῦ,
3170 568 3306 625 ἀλλὰ
3335 569 3634 639 κολαστικῆ
3665 571 3824 630 δύνα-

2171 681 2284 732 μις,
2347 658 2475 713 ποτὶ
2523 658 2622 732 μὲν
2648 656 3012 733 ἐντεινομένη,
3049 659 3181 716 ποτὲ
3214 658 3270 715 δὲ
3303 660 3587 737 ἀνιεμένη.
3621 669 3710 736 Τῷ
3739 663 3827 719 οὗν

2170 747 2526 826 ἁμαρτάνοντι
2558 747 2774 804 ἀπειλεῖ
2834 751 2861 805 ὁ
2921 747 3106 826 λόγος,
3139 748 3222 806 ὅτι
3273 748 3464 825 ἕτοιμα
3524 753 3670 824 αὒτῷ
3717 752 3829 808 ἐστι

2170 837 2236 891 τὰ
2306 835 2570 910 μέλλοντιο
2604 840 2674 903 εἰς
2714 837 2937 894 κόλασιν
2963 840 3404 914 ἀποπέμπεσθαι,
3459 839 3552 899 ἐὰν
3595 841 3827 919 ἐπιμένῃ

2169 927 2236 1002 τῇ
2300 927 2548 1005 ἁμαρτίᾳ,
2611 927 2963 1000 Ἠτοίμασται
3019 929 3119 1006 γὰρ
3158 928 3212 984 ἐν
3235 929 3312 1003 τῷ
3346 927 3481 1001 τόξῳ
3526 932 3690 997 σκεύη
3721 935 3825 988 θα·-

2169 1015 2339 1074 νάτου.
2421 1018 2594 1083 Σκεύη
2652 1015 2706 1072 δὲ
2765 1017 2989 1073 θανάτου
3017 1015 3265 1093 δυνάμεις
3312 1020 3438 1075 εἰσὶν
3469 1019 3822 1098 ἀφανιστικαὶ

2165 1111 2271 1160 τῶν
2317 1105 2522 1186 ἐχθρῶν
2563 1113 2655 1162 τοῦ
2687 1113 2838 1165 Θεοῦ.
2887 1107 2962 1164 Τὰ
2993 1105 3127 1183 βέλη
3174 1109 3332 1167 αὒτοῦ
3359 1121 3479 1172 τοῖς
3506 1109 3818 1184 καιομένοις

2169 1193 2526 1272 ὶΞειργασατο.
2617 1193 2838 1274 ’ᾪσπερ
2889 1198 2948 1252 τὸ
3002 1206 3102 1274 πορ
3132 1203 3201 1273 τῇ
3231 1198 3492 1275 καιομένῃ
3523 1198 3628 1277 ὕλῃ
3677 1201 3822 1280 παρὰ

2168 1287 2260 1340 τοῦ
2315 1285 2592 1350 κτίσαντος
2651 1283 2985 1364 ἐξειργάσθη·
3038 1288 3226 1366 οὐγὰρ
3255 1285 3338 1342 διὰ
3367 1289 3459 1344 τὸν
3544 1288 3823 1363 ἀδάμαντα

437 1373 664 1433 effectae
693 1373 968 1446 sunt.Qui
992 1374 1170 1454 igitur
1193 1374 1406 1453 ignitas
1425 1373 1648 1435 diaboli
1668 1373 1905 1452 sagittas
1921 1373 2065 1453 priu:

2168 1374 2378 1442 ἐκτίσθη
2438 1377 2526 1431 τὸν
2601 1377 2678 1450 μὴ
2732 1377 3032 1451 τηκόμενον
3064 1378 3166 1432 ὑπὸ
3199 1381 3288 1433 106
3319 1379 3507 1458 πυρὸς,
3570 1378 3709 1436 ἀλλὰ
3739 1378 3823 1438 διὰ

437 1460 830 1541 recipiunt,ac
860 1464 1013 1524 intra
1037 1483 1102 1526 se
1126 1465 1404 1544 retinent,
1449 1462 1490 1524 ii
1521 1462 1625 1524 Dei
1653 1462 1954 1543 excipiunt
1983 1481 2065 1522 sa-

2167 1465 2231 1520 τὰ
2282 1463 2407 1530 ξύλα
2465 1465 2530 1522 τὰ
2598 1466 3022 1540 κατακαιόμενα·
3097 1465 3234 1523 οὕτω
3288 1469 3376 1523 καὶ
3424 1469 3494 1524 τὰ
3546 1476 3640 1526 τοῦ
3689 1473 3824 1528 Θεοῦ

436 1550 630 1627 gittas.
665 1551 893 1614 Idcirco
916 1554 998 1615 ait
1032 1575 1045 1616 :
1095 1555 1370 1633 Sagittas
1399 1571 1540 1616 suas
1557 1556 1692 1632 jam
1723 1553 2065 1616 ardentibu:

2164 1553 2298 1631 βέλη
2351 1567 2471 1618 ταῖς
2545 1557 2998 1633 εὖκαταπρήστοις
3031 1560 3264 1636 ψυχαῖς,
3298 1560 3372 1613 ὠν
3423 1556 3559 1614 πολὺ
3605 1560 3664 1614 τὸ
3694 1559 3816 1616 ὑλι-

436 1641 650 1718 e/Tecit.
674 1641 954 1704 Adurunt
982 1652 1179 1706 autem
1203 1643 1461 1704 animam
1481 1659 1716 1704 amores
1747 1641 1818 1702 ad
1839 1659 2065 1703 carnen

2167 1644 2260 1699 κᾶν
2310 1645 2396 1700 καὶ
2453 1646 2512 1700 τὸ
2569 1646 2699 1720 πρὸς
2752 1645 3049 1724 ἀφανισμὸν
3100 1645 3398 1713 ἒπιτήδειον
3461 1647 3812 1720 συνείλεκται,

436 1739 796 1811 spectantes,
833 1752 1012 1814 opum
1046 1733 1368 1813 cupiditas,
1399 1732 1505 1794 irte
1535 1740 1876 1803 aestuantes,
1926 1739 1983 1792 et
2013 1749 2065 1792 ea

2165 1731 2289 1811 παρ’
2346 1735 2504 1790 αὖτοῦ
2584 1736 2962 1812 κατειργάσθη,
3025 1737 3083 1792 Οἱ
3137 1737 3225 1791 οὖν
3322 1735 3681 1812 προλαϐόντες
3733 1733 3820 1795 καὶ

433 1836 562 1897 quae
592 1826 853 1882 animum
897 1825 1015 1883 urit
1041 1823 1421 1904 absumitque
1453 1821 1714 1902 tristitia,
1749 1828 1808 1883 et
1835 1821 2018 1882 alieni
2045 1839 2065 1883 ι

2167 1822 2384 1902 ἔχοντες
2416 1823 2470 1879 ἐν
2543 1835 2754 1888 ἑαυτοῖς
2804 1825 2869 1880 τὰ
2916 1825 3270 1902 πεπυρωμέν²
3333 1826 3466 1901 βέλη
3497 1837 3590 1886 τοῦ
3629 1827 3818 1886 διαϐό’

433 1907 554 1970 Deo
587 1910 854 1973 timores.
890 1913 1002 1986 Qui
1065 1922 1258 1975 autem
1321 1924 1411 1973 est
1441 1913 1516 1974 ab
1577 1911 1804 1974 inimici
1859 1911 2065 1988 sagittis

2167 1911 2260 1968 λοδ
2305 1914 2451 1989 (84),
2482 1914 2622 1969 οὗτοι
2657 1911 2904 1992 δέχονται
2929 1915 2993 1970 τὰ
3023 1914 3155 1990 βέλη
3193 1923 3283 1973 τοῦ
3317 1923 3468 1973 Θεοὸ.
3510 1919 3608 1973 Διὰ
3657 1919 3814 1976 τοῦτά

430 1997 669 2072 ὶιιίεευε,
701 2002 926 2082 Deique
957 2003 1200 2064 indutus
1231 2011 1318 2064 est
1339 2011 1732 2080 armaturam,
1770 2020 1804 2060 a
1833 1999 2065 2063 letiferi:

2165 2023 2320 2082 φησι’
2380 2004 2455 2060 Τὰ
2527 2003 2658 2080 βέλη
2719 2005 2874 2061 αὐτοῦ
2929 2018 3046 2071 τοῖς
3104 2004 3208 2072 ἢδη
3269 2005 3570 2080 καιομένοις
3642 2008 3815 2087 ἐξειρ-

429 2091 656 2169 sagittis
687 2090 949 2155 intactus
979 2101 1309 2173 permanet.

2165 2092 2388 2168 γάσατο.
2458 2095 2664 2150 Καίουσσ
2730 2091 2783 2148 δὲ
2835 2097 3020 2171 ψυχὴν
3112 2095 3305 2171 ἔρωτες
3375 2098 3636 2172 σαρκικοὶ,
3726 2102 3814 2155 καὶ

425 2183 692 2257 ὶπιθυμίαι
749 2187 1077 2262 χρημάτων,
1141 2185 1227 2239 καὶ
1260 2181 1501 2260 διάπυροι
1565 2183 1738 2262 ὀργαὶ,
1800 2185 1888 2238 καὶ
1936 2181 2095 2239 λύπαι
2154 2180 2439 2260 φλέγουσαι
2492 2185 2578 2238 καὶ
2638 2183 2957 2254 ὲκτήκουσαι
2989 2184 3086 2252 τὴν
3137 2185 3351 2265 ψυχὴν,
3411 2188 3500 2242 καὶ
3555 2185 3708 2265 φόϐοι
3766 2193 3816 2246 οἱ

427 2269 696 2349 ἀλλότριοι
751 2281 842 2330 106
871 2279 1024 2334 Θεοὺ.
1081 2270 1139 2330 Ὀ
1197 2272 1379 2346 μέντοι
1437 2270 1672 2350 ἄτρωτος
1718 2274 1818 2328 ὑπὸ
1862 2274 1970 2329 τῶν
2036 2274 2130 2329 106
2183 2271 2380 2351 ἐχθροῦ
2435 2270 2632 2351 βελῶν,
2694 2274 2780 2330 καὶ
2831 2272 3163 2349 ἐνδεδυμένος
3225 2275 3322 2341 τὴν
3370 2275 3668 2336 πανοπλίαν
3725 2280 3817 2336 106

428 2366 577 2432 Θεοῦ,
610 2367 715 2416 τῶν
745 2362 1128 2442 θανατηφόρων
1158 2360 1330 2438 βελῶν
1360 2361 1646 2440 ἀπείρατος
1668 2360 1928 2436 διαμένει.

507 2446 759 2511 8.Vens.
782 2449 1047 2512 15.143006
1073 2451 1374 2529 parturit!
1394 2451 2065 2532 injustitiam,concepit

2239 2450 2297 2514 8.
2381 2449 2512 2508 Ἰδοὺ
2612 2451 2869 2519 ὠδίνησεν
2954 2451 3180 2526 ἀδικίαν,
3279 2454 3532 2512 συνέλαϐε
3622 2456 3808 2533 πόνον,

427 2537 785 2617 dolorem,et
812 2541 1050 2618 peperit
1079 2541 1484 2619 iniquitatem.
1513 2541 1584 2602 Et
1613 2539 1880 2616 quidem,
1918 2540 2074 2621 quod

425 2627 494 2688 ad
528 2627 798 2689 ordinem
833 2628 1111 2709 pertinet,
1147 2629 1391 2690 confusa
1443 2628 1720 2692 videntur
1767 2648 1897 2691 eSSe
1947 2631 2074 2692 haec

426 2716 778 2780 verba.Nam
807 2719 1061 2798 primum
1085 2721 1430 2799 concipiunt
1452 2720 2073 2799 praegnantes,deinde

425 2806 778 2888 parturiunt,
816 2821 1117 2887 postremo
1168 2811 1433 2891 pariunt.
1486 2808 1594 2870 Hic
1638 2826 1780 2872 vero
1811 2810 2067 2890 primum

423 2899 722 2980 puerperii
754 2901 989 2962 dolores
1022 2900 1189 2971 ﬁunt,
1223 2900 1442 2961 deinde
1467 2899 1806 2980 conceptio,
1833 2907 2068 2979 postre-

423 3007 579 3050 mum
611 2999 836 3069 partus.
872 2992 951 3052 At
981 2991 1106 3051 haec
1127 2989 1325 3050 cordis
1357 2989 1809 3066 conceptionem
1837 2989 2066 3066 signiti-

418 3079 760 3140 cautissime
773 3077 1482 3158 explicantJrratiouales
1506 3078 1669 3139 enim
1690 3078 2068 3140 incontinen-

421 3171 565 3229 tium
601 3168 885 3248 impetus,
919 3169 1265 3246 insanreque
1295 3185 1363 3227 ac
1386 3167 1652 3228 furentes
1687 3167 1821 3227 106
1864 3166 2067 3228 libidi-

2155 2546 2244 2599 καὶ
2301 2543 2477 2599 ἔτεκεν
2548 2544 2791 2616 ἀνομίαν.
2854 2542 2948 2606 ἐὶς
3007 2543 3104 2616 μὲν
3138 2544 3270 2621 πρὸς
3300 2544 3400 2612 τὴν
3457 2545 3602 2613 τάξιν
3661 2548 3811 2604 δοκεῖ

2157 2633 2574 2712 συγκεχυμένως
2673 2635 2707 2699 ἡ
2787 2631 2923 2698 λέξις
3005 2632 3177 2713 ἔχειν·
3239 2633 3424 2703 ἐπειδη
3487 2639 3695 2715 πρῶτον
3761 2640 3810 2694 αἱ

2157 2723 2370 2780 κύουσαι
2430 2721 2912 2796 συλλαμϐάνουσιν,
3000 2727 3122 2780 εἶτα
3179 2722 3441 2801 ὠδίνουσι,
3502 2725 3811 2784 τελευταῖον

2153 2813 2207 2870 δὲ
2239 2817 2502 2872 τίκτουσιν
2561 2814 2684 2891 (85)
2739 2815 2958 2872 ἐνταῦθα
2987 2813 3040 2870 δὲ
3072 2822 3283 2890 πρῶτον
3332 2819 3366 2885 ἡ
3410 2815 3554 2897 ὠδὶν,
3622 2817 3744 2876 εἶτα
3773 2821 3808 2887 ἡ

2153 2903 2440 2979 σύλληψις,
2496 2906 2620 2960 εἶτα
2652 2907 2678 2960 ὁ
2709 2905 2952 2961 τοκετόσθ
3012 2906 3142 2979 πρὸς
3193 2903 3246 2961 δὲ
3313 2909 3405 2975 τήν
3449 2907 3545 2973 τῆς
3593 2908 3808 2986 καρδίας

2152 2993 2417 3068 σύλληψιν
2475 2997 2918 3074 ἔμφαντικώτατα
2982 2995 3120 3075 ἕχει.
3182 2993 3250 3054 Αἱ
3303 2997 3403 3072 γὰρ
3451 2996 3640 3074 ἄλογοι
3699 3003 3806 3053 τῶν

2154 3081 2465 3139 ἀκολάστων
2505 3086 2660 3158 ὁρμαὶ
2732 3086 2818 3140 καὶ
2871 3088 2922 3141 αἱ
2979 3086 3194 3159 μανικαὶ
3251 3086 3339 3141 καὶ
3399 3089 3803 3164 παροιστρώσαι

2152 3172 2419 3246 ἐπιθυμίαι
2453 3174 2646 3236 ὠδῖνες
2708 3173 3032 3254 ἐλέχθησαν,
3095 3172 3181 3230 διὰ
3228 3176 3287 3231 το
3361 3177 3495 3249 μετὰ
3553 3173 3802 3243 ὀξύτητος

422 3254 841 3330 nes,dicuntur
869 3257 1167 3337 puerperii
1199 3257 1538 3336 dolores,eo
1563 3257 1718 3336 quod
1745 3276 1877 3318 cum
1901 3258 2065 3318 velo-

2152 3263 2239 3318 καί
2301 3263 2463 3318 πόνου
2515 3263 2806 3341 ἐγγίνεσθαι
2856 3270 2922 3340 τῇ
2975 3269 3152 3344 ψυχῆ.
3220 3265 3365 3323 Κατὰ
3395 3264 3450 3321 δὲ
3492 3265 3586 3332 τὴν
3616 3267 3804 3323 τοιαύ-

417 3345 594 3406 citate
625 3355 683 3406 et
706 3345 912 3408 dolore
945 3347 1002 3407 in
1041 3347 1242 3408 anima
1271 3346 1686 3408 innascuntur.
1721 3347 1835 3419 Qui
1867 3356 2064 3409 autem

2152 3374 2248 3418 την
2317 3352 2489 3428 ὁρμὴν
2560 3355 2586 3408 ὁ
2631 3354 2955 3431 περικρατής
2988 3360 3092 3411 τῶν
3127 3358 3374 3432 πονηρῶν
3405 3355 3484 3429 μὴ
3515 3355 3803 3431 γενόμενος

417 3434 492 3495 ob
517 3435 693 3496 talem
719 3436 1004 3514 impetum
1031 3436 1227 3516 pravis
1247 3436 1561 3500 succubuit
1583 3436 2064 3514 cogitationibus,

2152 3440 2522 3518 βουλευμάτων
2581 3442 2834 3499 συνέλαϐε
2887 3447 3070 3500 πόνον³
3131 3445 3219 3501 καὶ
3264 3447 3290 3500 ὁ
3350 3444 3449 3510 τὴν
3495 3447 3548 3500 ἓν
3579 3444 3647 3511 τῆ
3679 3467 3810 3521 καρ-

418 3525 467 3585 is
487 3525 751 3587 dolorem
773 3527 1066 3605 concepit:
1094 3536 1154 3588 et
1174 3528 1275 3607 qui
1297 3527 1495 3589 cordis
1519 3527 1801 3589 malitiam
1828 3545 1931 3606 per
1956 3527 2065 3588 ini-

2152 3530 2228 3604 δίᾳ
2277 3533 2465 3590 κακίαν
2523 3532 2608 3589 διὰ
2651 3540 2756 3590 τῶν
2808 3539 3056 3610 πονηρῶι
3088 3533 3330 3612 πράξεων
3378 3535 3640 3597 ἐκκαύσας
3674 3532 3803 3613 (86)

416 3633 559 3694 quas
572 3618 835 3677 actiones
859 3617 1209 3685 incendit,is
1233 3617 2064 3698 peperitiniquitatem.Vitle-

2152 3621 2294 3678 ἔτεκε
2353 3624 2450 3689 τὴν
2512 3623 2759 3698 ἀνομίαν,
2819 3622 3012 3688 ’Ἒςικε
3042 3622 3281 3681 δὲταῦτα
3337 3622 3807 3703 λέγειιαὶσχυνό-

415 3714 510 3766 tur
527 3714 725 3769 autem
754 3709 878 3768 haec
899 3705 1286 3788 dicere,quod
1314 3726 1450 3770 eum
1479 3708 1694 3786 pudeat
1717 3725 1851 3769 esse
1873 3707 2059 3789 iniqui

413 3795 518 3856 ﬁlii
549 3806 794 3875 patrem.
823 3796 950 3858 Non
986 3816 1174 3870 meus,
1209 3798 1423 3878 inquit,
1457 3798 1614 3858 [ilius
1640 3807 1754 3868 est,
1791 3798 1897 3859 sed
1931 3799 2060 3877 ejus

410 3887 593 3964 patris
627 3886 810 3950 factus
844 3895 931 3948 est
988 3887 1167 3960 ﬁlius,
1205 3889 1299 3950 cui
1349 3906 1413 3948 se
1447 3890 1504 3949 in
1538 3886 1918 3965 adoptionem
1956 3906 2060 3967 per

412 3985 720 4054 peccatum
765 3977 1145 4058 mancipavit.
1179 3977 1324 4039 Nam
1353 3978 1684 4038 secundum
1715 3979 2004 4037 Joannem
2040 3995 2053 4039 :

412 4066 697 4144 Ouifacit
715 4077 1128 4147 peccatumca:
1149 4065 1384 4130 diabolo
1407 4078 1586 4128 natus
1605 4075 1689 4129 est
1709 4067 1781 4126 '79.
1795 4065 1946 4127 Ecce
1964 4069 2061 4144 igi.

414 4167 510 4217 tur
540 4175 673 4216 eum
704 4157 972 4235 parturiit
993 4156 1266 4218 diabolus
1291 4174 1398 4236 per
1419 4156 1884 4237 iniquitatem.et
1908 4175 2056 4218 con-

411 4247 566 4324 cepit
598 4245 815 4321 ipsum:
852 4246 964 4307 hoc
991 4255 1101 4326 est,
1124 4245 1183 4306 in
1212 4247 1604 4325 penitissimis
1630 4247 1722 4306 sui
1746 4245 1936 4326 ipsius
1957 4265 2057 4307 re-

413 4334 682 4396 cessibus
705 4336 1010 4396 detentum
1035 4336 1381 4398 subviscera
1411 4336 1634 4416 proprii
1653 4337 1903 4398 atiectus
1929 4355 2060 4417 per-

415 4424 686 4498 traxit,ac
718 4443 788 4485 eo
820 4424 1248 4504 gravidus,tum
1270 4426 1507 4487 demum
1536 4427 1793 4507 peperit,
1831 4446 1962 4488 cum
1998 4427 2058 4488 in

412 4520 681 4592 apertum
717 4513 874 4575 illius
903 4515 1147 4594 protulit
1177 4515 1573 4596 iniquitatem:
1610 4517 1902 4598 siqundem
1929 4521 2061 4596 ejus

414 4604 475 4663 in
501 4612 724 4684 patrem
752 4602 999 4668 rebellio
1019 4605 1362 4668 denuntiata
1379 4607 1656 4670 omnibus
1678 4619 1768 4668 est
1786 4625 1892 4689 per
1913 4627 2060 4688 prae-

2146 3732 2304 3784 μενος
2349 3711 2435 3767 ἐπί
2497 3715 2572 3785 τῷ
2623 3714 2800 3790 πατὴρ
2857 3713 3002 3769 εἶναι
3057 3711 3244 3775 παιδὸς
3301 3713 3639 3790 παρανόμου,
3700 3714 3806 3770 Οὐκ

2142 3805 2294 3874 Ιεμος,
2350 3804 2528 3882 φησὶν,
2594 3805 2620 3858 ὸ
2652 3816 2807 3881 παῖς,
2865 3802 3000 3859 ἀλλὰ
3030 3811 3123 3860 106
3182 3804 3382 3879 πατρὸς
3414 3803 3634 3882 γέγονεν
3667 3804 3801 3877 υἱὸς,

2141 3900 2184 3965 ᾠ
2223 3890 2314 3947 διὰ
2365 3898 2463 3958 τῆς
2521 3893 2782 3971 ἁμαρτίας
2838 3895 3024 3950 ὶαυτὸν
3079 3895 3407 3960 εἰσεποίησε,
3464 3894 3612 3950 Διότι
3669 3895 3804 3950 κατὰ

2141 3983 2230 4037 τὸν
2301 3981 2584 4055 Ἰωῆννην,
2640 3983 2702 4039 Ὀ
2755 3988 2924 4040 ποιῶν
2979 3984 3080 4050 τὴν
3123 3985 3383 4062 ἁμαρτὶαν
3454 3982 3513 4039 ἐκ
3541 3989 3634 4038 τοῦ
3680 3981 3802 4037 δια-

2140 4069 2300 4130 ϐόλον
2357 4071 2700 4148 γεγέννηται,
2762 4070 2894 4129 Ἰδοὺ
2957 4073 3045 4129 οὖν
3093 4073 3354 4140 ὠδίνησεν
3383 4073 3539 4129 αὐτὸν
3572 4070 3656 4127 διὰ
3697 4073 3798 4138 τῆς

2142 4160 2365 4232 ἀδικίας,
2427 4163 2514 4216 καὶ
2576 4161 2858 4218 συνέλαϐεν
2888 4163 3070 4242 αότὸν,
3118 4165 3272 4220 οἷονεὶ
3297 4162 3351 4218 ἐν
3381 4175 3498 4228 τοῖς
3531 4162 3797 4219 οἰκειοτά-

2141 4273 2255 4313 τοις
2313 4251 2499 4308 ἐαυτοῦ
2571 4253 2674 4308 ὑπὸ
2729 4253 2792 4308 τὰ
2859 4251 3150 4333 σπλάγχνα
3206 4258 3305 4316 τῆς
3336 4250 3467 4315 ἰδίας
3516 4250 3796 4312 διαθέσεως

2143 4339 2314 4418 ἤγαγε
2365 4342 2449 4396 καὶ
2509 4341 2864 4422 ἐκυοφόρησεν
2922 4344 3079 4400 αὐτὸν
3124 4345 3151 4400 ὁ
3202 4341 3472 4407 διάϐολος·
3520 4341 3644 4398 εἶτα
3686 4341 3797 4396 ἀπ-

2140 4431 2423 4509 εγέννησεν
2485 4434 2661 4506 αὖτὸν,
2695 4433 2896 4513 ἐκφανῆ
2931 4434 3031 4501 τὴν
3063 4433 3281 4509 ἀνομίαν
3316 4437 3473 4492 αὒτοῦ
3517 4433 3797 4502 καταστή-

2140 4544 2257 4593 σας,
2321 4520 2452 4578 διότι
2526 4529 2655 4578 πᾶσι
2709 4525 3091 4603 προεκηρύχθη
3150 4525 3184 4591 ἡ
3257 4522 3393 4579 κατὰ
3455 4532 3544 4580 τοῦ
3599 4522 3798 4600 πατρὸς

2141 4611 2524 4672 ἐπανάστασις.
2615 4613 2825 4669 Λάκκον
2921 4612 3107 4692 ὤρέε,
3183 4613 3269 4669 καὶ
3325 4611 3623 4686 ἀνέσκαψεν
3701 4611 3798 4665 αὒ-

409 4692 1180 4760 conem.Vens.16.Lacum
1197 4705 1526 4776 aperuz’t,et
1546 4697 1752 4777 ρπυάιι
1775 4699 2058 4761 eum.No-

2152 4703 2255 4764 τόν,
2312 4704 2384 4760 Οὐ
2444 4703 2579 4759 πάν.)
2636 4703 2719 4759 ἐπὶ
2769 4701 2934 4760 καλοῦ
3003 4703 3308 4782 εὑρίσκομεν
3367 4703 3429 4758 τὸ
3482 4701 3650 4777 ὄνομα
3706 4709 3799 4760 106

410 4804 544 4848 men
571 4785 734 4848 lacus
764 4786 821 4848 in
872 4786 1086 4849 divinis
1142 4788 1469 4867 Scripturis
1501 4807 1616 4850 non
1639 4788 1960 4850 admodum
1994 4793 2054 4848 in

2152 4793 2338 4849 λάκκου
2396 4791 2718 4868 τεταγμένον
2773 4792 2827 4848 ἐν
2886 4806 3005 4859 ταῖς
3043 4793 3203 4854 θείαις
3239 4798 3500 4871 Γραφαϊς·
3554 4792 3628 4854 ὼς
3679 4788 3795 4848 οὐδὲ

408 4877 626 4939 bonam
653 4885 879 4960 partem
912 4879 1248 4940 invenimus
1279 4890 1593 4958 acceptum
1623 4879 1815 4951 ;sicut
1862 4896 2060 4959 neque

2152 4890 2200 4938 τὸ
2224 4881 2386 4962 φρέαρ
2431 4879 2617 4947 ὕδατος
2648 4882 2734 4939 ἐπὶ
2798 4884 3066 4963 χείρονος.
3103 4883 3312 4946 Λάκκος
3347 4882 3445 4957 μὲν
3507 4882 3607 4960 γὰρ
3649 4879 3792 4937 ἐστιν

485 4985 585 5048 791
615 4987 784 5051 Joan.
819 5003 902 5062 IlI,
937 4986 991 5048 8.

489 5108 804 5190 (874)7(10lb,
829 5109 1123 5188 septimus
1151 5110 1330 5174 habet
1357 5121 1590 5188 πονηροῦ
1623 5127 1726 5190 pro
1765 5109 2044 5190 διαϐόλου.

2152 5113 2438 5188 γενόμενος.
2477 5111 2776 5176 Particula
2807 5115 2882 5188 μή
2915 5112 3086 5174 deest
3113 5113 3174 5174 in
3200 5111 3336 5174 aliis
3363 5119 3620 5188 quatuor
3641 5127 3786 5174 mss.

409 5187 594 5267 Illud,
612 5187 971 5267 ἐξειργάσατο,
1000 5191 1248 5253 deestin
1283 5190 1456 5254 editis
1489 5187 1633 5254 :sed
1662 5189 1927 5252 additum
1962 5200 2050 5252 est

405 5285 477 5329 ex
505 5265 692 5351 tribus
720 5265 868 5351 mss.
905 5270 1131 5332 lbidem
1167 5272 1381 5351 legitur
1415 5271 1473 5332 in
1507 5271 1683 5332 editis
1714 5281 1768 5331 et
1800 5273 1856 5332 in
1891 5289 2047 5332 non-

407 5347 582 5408 nullis
610 5365 758 5432 _mss_.
791 5350 1166 5432 ἐπιθυμίαεεθά
1195 5347 1482 5432 légiturin
1505 5352 1710 5431 πιτυοτί
1728 5362 1890 5430 parte
1904 5371 2046 5415 mss.

407 5429 696 5514 ’emﬁupifu.
737 5429 914 5514 Paulo
949 5444 1077 5514 post
1103 5429 1549 5514 mssfplerique
1581 5429 1790 5493 Omnes
1821 5436 1868 5491 οἱ
1892 5433 2049 5488 ἀλλά-

405 5531 563 5576 τριοι.
602 5507 778 5568 Deest
808 5507 1090 5573 articulus
1118 5512 1178 5574 in
1202 5507 1455 5576 excusis.

491 5589 610 5667 (85)
641 5587 833 5650 Editio
860 5588 1034 5651 Basil.
1074 5602 1132 5652 et
1152 5612 1251 5656 sex
1280 5615 1400 5656 mss
1449 5596 1533 5656 sic
1560 5594 1780 5656 habent
1817 5615 1828 5656 :
1866 5594 2049 5661 ἐπειδὴ

404 5678 611 5740 πρῶτον
643 5673 693 5726 αἱ
728 5673 941 5728 κύουσαι
974 5672 1423 5748 συλλαμϐάνουσι,
1484 5676 1793 5732 τελευταῖον
1828 5675 1882 5730 δὲ
1922 5674 2048 5731 ὡδί-

405 5773 598 5833 νουσιν,
624 5752 747 5809 εἶτα
777 5750 1065 5833 τίκτουσιν.
1117 5755 1317 5817 Editio
1349 5755 1538 5818 Paris.
1577 5765 1634 5816 et
1655 5756 1806 5833 Reg.
1841 5755 2054 5817 tertius

401 5837 464 5894 ut
492 5831 553 5892 in
577 5831 928 5896 textanfra
949 5833 1093 5898 editi
1119 5843 1179 5898 et
1206 5835 1377 5916 Regii
1407 5836 1632 5919 primus
1651 5845 1714 5902 et
1743 5831 1946 5901 sextus
1968 5837 2048 5914 μὴ

2217 5192 2341 5274 (86)
2369 5191 2468 5255 Sic
2490 5193 2732 5256 codices
2750 5202 2978 5274 septem
3015 5191 3578 5274 EditioParisiensisf
3598 5189 3785 5274 ἐγκαύ-

2132 5269 2250 5337 σπιςζ
2279 5269 2589 5337 Censetvir
2611 5269 2834 5351 linguae
2851 5275 3071 5338 Graecae
3091 5269 3792 5336 scientissimusCombe-

2135 5354 2299 5415 tisius
2326 5356 2592 5432 ἐγκυήσας
2617 5354 2712 5417 hic
2734 5355 3050 5432 legendum
3085 5373 3240 5417 esse.
3268 5354 3388 5417 Sed
3421 5354 3560 5434 ejus
3580 5355 3791 5434 conje-

2131 5443 2357 5496 cturam
2379 5455 2493 5497 non
2522 5436 3156 5517 sequimur,nonquod
3180 5433 3649 5517 displiceat,imo
3671 5433 3780 5513 pla-

2132 5523 2228 5576 cet
2253 5516 2529 5598 maxime,
2547 5515 2655 5578 se’d
2685 5517 2843 5598 quod
2870 5515 3091 5598 nullius
3117 5535 3227 5598 ms.
3255 5515 3614 5598 auctoritate
3639 5517 3792 5575 inni-

2135 5603 2307 5678 tatur.
2340 5597 2656 5678 Aliquanto
2693 5596 2823 5678 post
2855 5597 3035 5678 editio
3066 5597 3256 5678 Paris.
3294 5599 3405 5661 υἳὸς
3459 5596 3660 5652 ἐκείνου
3690 5597 3742 5678 ᾧ,
3774 5615 3787 5654 :

2136 5676 2239 5737 sed
2275 5695 2416 5739 mss.
2453 5676 2666 5758 omnes
2689 5676 2802 5743 υἱὸς
2823 5687 2889 5753 ᾧ,
2915 5677 3103 5758 bene.
3141 5676 3411 5740 Subinde
3442 5679 3591 5754 Reg.
3657 5676 3785 5758 pri-

2138 5773 2270 5818 mus
2295 5766 2353 5818 et
2383 5757 2554 5822 Colb.
2589 5758 2880 5840 septimus
2908 5757 3159 5819 διαϐόλου
3188 5759 3498 5837 γεγένηται,
