4098 6370
314 311 431 377 257
1437 309 1761 381 HOMILIA
1804 315 1831 376 Ι
1873 311 1952 376 IN
1998 315 2367 379 PSALMUM
2416 318 2581 382 XIV.
3580 324 3701 391 258

311 451 463 517 δόλος
498 450 552 507 ἒν
583 457 650 527 τῇ
696 455 875 529 Γραφῇ
928 446 1291 518 διαϐέϐληται.
1348 450 1785 529 Ἐ’ξολοθρεύσαι,
1852 476 1960 532 φη-

2055 451 2136 511 lus
2168 454 2233 513 in
2264 453 2445 515 corde
2490 454 2933 531 fabricantium
2981 457 3144 520 mala
3168 459 3221 523 7.
3256 461 3442 522 Porro
3498 463 3693 542 quod-

314 545 387 621 σῖ,
439 543 617 609 Κύριος
672 540 845 597 πάντα
902 540 965 594 τὰ
1034 540 1195 618 χείλη
1249 543 1313 597 τὰ
1369 541 1541 598 δόλια·
1617 544 1727 613 καὶ,
1794 543 1960 607 Δόλος

2055 560 2282 629 cunque
2314 542 2538 603 bonum
2574 545 2713 605 mali
2738 544 3083 622 permistioe
3106 548 3243 609 dolo
3276 540 3582 629 inquinari
3610 551 3696 611 di-

310 635 367 688 ὶδ
424 628 605 706 καρδίᾳ
692 629 1110 703 τεκταινομένων
1186 628 1268 709 (8)
1327 632 1486 689 κακά.
1583 638 1689 688 Πᾶν
1763 632 1816 687 δὲ
1902 635 1960 689 τὸ

2055 630 2223 691 citur.
2260 628 2358 692 Sic
2392 630 2592 692 vinum
2617 633 2754 694 dolo
2785 635 3067 710 inﬁeitur,
3098 655 3232 697 cum
3262 638 3316 699 ei
3347 628 3487 719 quid
3520 640 3693 719 pejus

312 734 554 798 κρεῖττον
639 717 692 774 ἐν
779 724 843 794 τῇ
926 725 1015 773 τοῦ
1101 720 1340 797 χείρονος
1408 720 1640 797 ἐπιμιξίᾳ
1688 722 1959 778 οολοῠσοαι

2055 719 2429 799 admiscetur,
2464 722 2554 782 vel
2585 740 2716 782 cum
2778 741 2926 803 aqua
2982 725 3093 804 ipsi
3151 717 3687 802 aifunditurfitetn

314 809 546 886 λέγεται,
606 810 679 869 ὡς
732 812 878 869 οἶνος
929 806 1169 864 δολοῦται
1221 817 1298 884 τῷ
1375 813 1592 890 χείρονα
1642 812 1784 885 αὒτῷ
1854 834 1959 868 πα-

2055 826 2255 868 aurum
2282 809 2416 870 dolo
2444 810 2695 871 afﬁcitur
2717 819 2839 872 tum
2866 832 3001 872 cum
3024 826 3271 893 argento
3305 826 3363 877 et
3410 818 3512 879 aeri
3544 836 3690 879 con-

315 901 652 976 ραμίγνυσθαι
731 896 839 973 (9),
899 898 933 965 ἢ
986 899 1047 953 τὸ
1107 896 1241 975 ὕδωρ
1324 902 1466 973 αὐτῷ
1523 901 1958 979 παρακίρνασοαι·

2055 896 2311 975 iungitur
2338 919 2350 960 :
2378 897 2456 957 ita
2480 908 2535 959 et
2558 899 2824 962 veritatis
2842 902 2977 962 dolo
3009 902 3471 984 deturpartur,si
3495 906 3691 969 verbis

312 989 398 1042 καὶ
470 988 669 1066 χρυσὸς
735 985 977 1045 δολοὺται
1032 986 1086 1041 ἐν
1145 993 1211 1063 τῇ
1259 991 1388 1053 πρὸς
1443 988 1665 1069 ἄργυρον
1708 993 1792 1047 καὶ
1826 990 1960 1070 χαλ-

2055 987 2265 1048 sanctis
2289 996 2721 1051 connectentur
2751 990 3159 1073 blasphemiae.

312 1076 405 1131 κὸν
438 1076 711 1148 κοινωνίᾳ,
745 1075 881 1132 οὕτω
924 1077 1014 1131 καὶ
1058 1074 1279 1143 ἀλήθεια
1332 1076 1601 1154 δολοῠται,
1635 1093 1755 1145 τοῖς
1786 1082 1958 1158 ἁγίοις

312 1164 491 1243 λόγοις
539 1172 643 1221 τῶν
700 1163 1112 1245 δυσφημοτέρων
1156 1166 1637 1242 παραπλακέντων.

390 1254 450 1314 4.
485 1252 612 1312 Οὐδὲ
675 1254 893 1320 ἐποίησε
953 1262 1029 1327 τῷ
1082 1254 1311 1322 πλησίον
1370 1260 1527 1316 αὐτοῦ
1584 1261 1770 1321 κακόν.
1835 1262 1960 1318 Τίνα

313 1344 452 1423 λέγει
509 1345 601 1399 τὸν
652 1343 879 1409 πλησίον
929 1347 955 1400 ὁ
1008 1345 1189 1424 λόγος,
1242 1345 1406 1403 οὐδεὶς
1473 1347 1794 1427 ἀμφιϐάλλει
1852 1356 1958 1406 τῶν

311 1434 646 1491 ἀκουσάντων
705 1441 800 1490 τοῦ
861 1434 1182 1513 Εὗαγγελίου
1239 1439 1370 1515 πρὸς
1440 1441 1532 1495 τὸν
1586 1441 1953 1517 ἒρωτήσαντα’

2055 1450 2172 1492 rum
2209 1435 2309 1513 qui
2341 1436 2660 1496 audierunt
2701 1435 3108 1517 Evangelium,
3143 1441 3395 1519 quodam
3431 1442 3691 1505 interro-

313 1526 411 1582 Καὶ
469 1524 545 1581 τίς
590 1523 701 1578 ἐστί
741 1546 843 1597 μου
894 1523 1171 1599 πλησίονς
1231 1520 1294 1605 ᾯ
1349 1528 1375 1581 ὁ
1439 1529 1623 1605 Κύριος
1678 1528 1802 1585 εἶπε
1860 1531 1958 1597 τὴν

2055 1524 2335 1597 gantezEt
2360 1529 2495 1602 quis
2517 1532 2605 1587 est
2635 1542 2802 1587 meus
2822 1529 3187 1605 proximitas
3206 1534 3233 1589 ?
3265 1530 3369 1591 Cui
3406 1532 3694 1592 Dominus

308 1612 620 1688 παραϐολὴν
675 1621 765 1669 τοῦ
835 1612 941 1668 ἀπὸ
1013 1612 1361 1693 Ἰερουσαλὴμ
1416 1616 1821 1681 καταϐαίνοντος
1882 1621 1955 1683 εὶς

2055 1612 2187 1672 iixit
2240 1614 2580 1692 parabolam
2630 1614 2812 1689 illius,
2849 1616 2948 1696 qui
2999 1616 3075 1677 ab
3120 1617 3452 1680 Jerusalem
3499 1621 3559 1682 in
3588 1622 3689 1685 Je-

309 1700 541 1781 Ἰεριχώ’
632 1702 690 1757 ὃν
743 1704 828 1758 καὶ
912 1702 1185 1780 ἡρῶτησε³
1261 1705 1346 1765 Τίς
1427 1707 1627 1761 τούτων
1674 1704 1823 1763 δοκεῖ
1872 1730 1955 1763 σοι

2055 1702 2212 1762 richo
2247 1704 2654 1765 descendebat
2691 1724 2704 1763 :
2742 1723 2922 1784 quem
2977 1715 3034 1766 et
3084 1709 3501 1786 interrogavit:
3541 1710 3695 1787 Quis

310 1791 583 1868 γεγονέναι
640 1791 888 1870 πλησίονς
963 1789 1229 1856 Κάκεῖνος
1289 1793 1627 1872 ἀπεκρίνατο,
1678 1796 1737 1851 ’Θ
1791 1798 1955 1864 ποιή-

2055 1809 2255 1851 eorum
2288 1799 2526 1855 videtur
2561 1793 2668 1855 tibi
2692 1796 3027 1872 proximus
3053 1795 3277 1873 fuisse?
3312 1801 3390 1857 At
3433 1798 3534 1860 ille
3565 1819 3690 1860 res—

308 1902 403 1943 σας
462 1882 521 1935 τὸ
574 1880 720 1941 ἕλεος
788 1881 909 1954 μετ’
979 1882 1159 1944 αὖτοῦ,
1223 1880 1452 1947 Ἐδίδαξε
1514 1886 1613 1961 γὰρ
1687 1883 1771 1939 διά
1828 1887 1956 1942 τού-

2055 1881 2282 1957 pondit:
2324 1882 2445 1956 Qui
2465 1886 2611 1959 fecit
2634 1884 3107 1945 misericordiam
3128 1887 3190 1945 in
3216 1885 3447 1946 illumll.
3484 1888 3695 1949 Docuit

305 1989 409 2023 των
454 1970 626 2025 πάντα
688 1968 959 2047 ἄνθρωπον
1017 1972 1267 2048 ἡγεῖσθαι
1341 1970 1591 2036 πλησίον.
1649 1974 1955 2052 Δυσκατόρ-

2055 1968 2201 2031 anim
2236 1970 2327 2030 his
2362 1971 2565 2033 verbis
2587 1971 2893 2033 hominem
2920 1990 3159 2033 omnem
3206 1975 3527 2052 putandum
3562 1995 3694 2039 esse

303 2060 470 2113 Θωτον
501 2056 556 2112 δὲ
587 2058 676 2113 καὶ
717 2068 896 2134 τοῦτο,
946 2060 1032 2115 καὶ
1078 2058 1285 2127 πολλῆς
1333 2057 1582 2135 δεόμενον
1623 2060 1953 2139 ἐπιμελείας,

2055 2059 2396 2135 proximum.
2459 2059 2581 2121 Hoc
2637 2069 2835 2121 autem
2890 2063 3202 2123 observato
3254 2063 3492 2127 ditﬁcile
3548 2077 3689 2145 est,

306 2148 442 2221 μήτε
498 2154 671 2223 μικρῷ
726 2170 879 2226 τινι,
946 2150 1085 2222 μήτε
1147 2151 1347 2223 μείζονι
1427 2149 1820 2208 καταϐλάπτειν
1867 2155 1956 2209 τὸν

2055 2148 2408 2228 multamqua
2440 2149 2691 2229 requirit
2719 2149 3115 2226 diligentiam,
3174 2170 3370 2228 neque
3396 2156 3454 2214 in
3490 2173 3691 2237 parva,

304 2235 555 2302 πλησίονο
622 2238 698 2309 μὴ
760 2238 812 2292 ἐν
871 2240 1068 2313 ῥήματι
1103 2238 1228 2317 (10)
1277 2238 1499 2315 βλάψαι·
1547 2242 1623 2314 μὴ
1649 2242 1957 2317 ἀποστερῆ-

2055 2254 2238 2314 neque
2281 2238 2339 2297 in
2395 2256 2606 2316 magna
2637 2256 2702 2298 re
2737 2240 3008 2318 proximo
3041 2258 3258 2301 nocere
3292 2259 3306 2299 :
3344 2262 3463 2303 non
3508 2235 3692 2306 verbo

306 2327 391 2381 σαί
464 2348 515 2382 τι
588 2332 692 2381 τῶν
744 2328 1111 2394 καθηκόντωνο
1161 2329 1236 2403 μὴ
1288 2329 1611 2404 βουληθῆναι
1669 2331 1811 2404 αὒτῷ
1854 2355 1955 2389 πο-

2055 2325 2367 2398 )tfendere,
2403 2345 2521 2388 non
2568 2345 2705 2388 eum
2768 2327 2940 2389 bonis
2997 2330 3118 2390 suis
3165 2329 3448 2409 spoliare,
3485 2333 3541 2393 ei
3573 2352 3692 2393 non

305 2418 487 2493 νηρὸν’
577 2417 653 2490 μὴ
710 2418 963 2493 βυσκανίᾳ
1030 2419 1332 2496 χρήσασθαι
1412 2421 1542 2496 πρὸς
1617 2421 1707 2481 τὰς
1758 2423 1951 2499 εὐπρα-

2055 2413 2193 2473 nale
2225 2432 2469 2493 cupere,
2509 2435 2625 2476 non
2658 2416 2805 2476 lastis
2837 2434 2906 2477 ac
2952 2421 3256 2497 prosperis
3312 2422 3563 2497 proximi
3591 2440 3693 2483 re-

303 2508 421 2581 γίας
486 2507 594 2563 τῶν
668 2506 858 2571 πέλας,
948 2509 1046 2565 Καὶ
1113 2505 1411 2583 ὀνειδισμὸν
1474 2510 1567 2565 οὐκ
1621 2507 1807 2565 ἔλαϐεν
1867 2511 1951 2566 ἐπὶ

2055 2520 2149 2561 Jus
2180 2502 2973 2583 invidereEtopprobrium
3005 2525 3128 2568 non
3149 2515 3378 2587 accepit
3402 2510 3697 2573 adversus

305 2596 424 2659 τοὺς
500 2596 723 2674 ἔγγιστα
790 2598 970 2656 αὐτοῦ.
1033 2594 1351 2676 Ἀμφίϐολος
1415 2599 1443 2665 ἡ
1498 2596 1658 2662 λέξις·
1729 2599 1949 2676 πότερον

2055 2593 2350 2654 )roximos
2369 2592 2841 2671 suos.Ambigua
2872 2595 3055 2655 dictio
3095 2604 3412 2676 est,utrum
3443 2599 3573 2679 ipse
3598 2601 3694 2661 ni-

305 2688 457 2750 αὸτὸς
513 2684 630 2751 ἄξια
674 2694 767 2742 τοῦ
819 2685 1156 2757 ὄνειδίζεσθαι
1218 2688 1360 2765 παρὰ
1413 2692 1520 2742 τῶν
1578 2686 1796 2764 ἔγγιστα
1860 2690 1953 2745 οὐκ

2055 2679 2119 2739 Ill
2142 2681 2368 2755 fecerit,
2414 2680 2570 2761 quod
2634 2681 2746 2742 sibi
2803 2683 3015 2743 merito
3046 2686 3393 2763 exprobrari
3435 2698 3634 2766 posset
3663 2707 3699 2750 a

304 2774 547 2855 ἐποίησε,
598 2776 686 2831 καὶ
740 2773 825 2831 διὰ
882 2782 1038 2831 τοῦτο
1090 2778 1182 2833 οὒκ
1240 2774 1394 2831 ἔλαϐε
1424 2776 1547 2854 παρ’
1596 2780 1768 2835 αὖτῶν
1806 2778 1951 2833 ὀνει-

2055 2770 2330 2845 ποχὶηιο,
2363 2771 2436 2831 ob
2488 2770 2669 2850 idque
2718 2772 3105 2851 opprobrium
3140 2774 3212 2834 ab
3249 2792 3319 2835 eo
3374 2795 3490 2837 non
3521 2796 3697 2839 acce-

306 2861 516 2944 δισμὸν,
550 2865 585 2933 ἢ
631 2863 812 2921 οὒδένα
869 2866 975 2922 τῶν
1006 2862 1225 2944 ἔγγιστα
1283 2867 1439 2930 αὐτὸς
1489 2863 1745 2944 ὠνείδισε,
1774 2874 1878 2923 τῶν
1909 2869 1960 2923 ἐν

2055 2860 2223 2936 perit;
2258 2878 2331 2918 an
2374 2858 2693 2939 opprobrio
2729 2860 2957 2920 nullum
3015 2862 3421 2940 proximorum
3474 2868 3693 2928 affece-

2047 2948 2147 3027 rit,
2182 2949 2278 3028 qui
2324 2954 2382 3008 in
2434 2949 2695 3010 humana
2736 2947 2951 3009 delicta
2987 2951 3249 3030 prolapsi
3282 2954 3528 3029 sint,aut
3563 2974 3698 3017 cum

2084 1255 2137 1313 4.
2151 1254 2273 1317 Nec
2296 1258 2435 1334 fecit
2455 1259 2743 1335 ρι’οωὶωο
2763 1275 2872 1320 suo
2890 1259 3339 1333 malum.Quem
3358 1266 3690 1342 proximum

2053 1345 2229 1401 l07“
2270 1345 2476 1407 isthaec
2510 1347 2811 1407 sententia
2833 1348 3316 1428 designet,nemo
3334 1352 3563 1417 dubitat
3586 1373 3691 1416 eo-

304 2953 656 3032 ἆνθρωπίνοις
713 2956 1009 3031 πταίσμασι
1062 2955 1387 3033 γενομένων,
1456 2956 1492 3021 ἢ
1559 2955 1611 3011 ὲν
1670 2958 1962 3032 πηρώμασι

306 3058 685 3119 σωματικοῖς,
743 3044 780 3112 ἢ
828 3042 1010 3107 ἄλλοις
1089 3045 1223 3100 τισὶν
1272 3044 1600 3123 ὑστερήμασι
1650 3045 1743 3111 τῆς
1826 3068 1960 3125 σαρ-

2055 3039 2331 3099 mutilatis
2368 3038 2633 3117 corporis
2666 3038 2953 3118 partibus,
3006 3049 3106 3099 aut
3166 3040 3298 3102 aliis
3344 3042 3697 3122 quibusdam

305 3135 400 3197 κὸς
449 3134 860 3211 εὕρισκομένων.
923 3132 1057 3191 Οὔτε
1101 3134 1200 3212 γὰρ
1249 3135 1340 3189 τὸν
1391 3133 1763 3211 ἁμαρτάνοντα
1814 3137 1960 3191 ὀνει-

2055 3133 2250 3188 carnis
2274 3126 2611 3188 defectibus
2635 3127 2856 3188 fuerint
2884 3127 3268 3207 deprehensi.
3293 3130 3497 3213 Neque
3538 3134 3699 3195 enim

307 3193 518 3279 δισ-τέ-ἕονι
569 3193 705 3278 κατὰ
748 3225 809 3281 τὸ
848 3193 1253 3302 ἠγεγραμμένὸψ
1320 3193 1439 3289 Μὴ.
1478 3193 1691 3292 ὀνείδιζε
1752 3222 1956 3301 ἂνθρω-

2055 3217 2097 3277 is
2128 3218 2225 3295 qui
2262 3227 2463 3295 peccat
2494 3219 2725 3298 probris
2775 3193 3157 3280 insectandus
3200 3229 3310 3295 est,
3372 3193 3456 3281 ulti
3501 3224 3700 3303 scrip-

306 3334 409 3369 πον
464 3312 863 3392 ἀποστρέφοντα
922 3312 1026 3369 ἀπὸ
1086 3312 1367 3391 ἁμαρτίας.
1443 3310 1572 3368 Οὐδὲ
1622 3313 1720 3389 γὰρ
1785 3312 1956 3390 ’ἐγνω-

2055 3317 2166 3367 ium
2198 3318 2287 3367 est
2336 3326 2347 3369 :
2396 3310 2483 3369 Ne
2521 3308 2899 3387 improperes
2944 3307 3184 3369 homini
3232 3314 3527 3373 uoertcnti
3572 3331 3635 3375 se
3662 3332 3700 3376 ιι

308 3402 406 3478 μέν
465 3423 595 3459 ποτε
686 3400 771 3459 ἐπ’
849 3401 1078 3481 ὠφελείᾳ
1157 3408 1262 3457 τῶν
1321 3398 1787 3474 πλημμελούντων
1867 3404 1958 3457 τόν

2055 3405 2281 3472 peccato
2307 3394 2377 3459 '9.
2409 3394 2609 3476 Neque
2654 3397 2814 3458 enim
2862 3398 3135 3458 novimus
3188 3417 3447 3479 unquam
3482 3402 3555 3462 ad
3584 3403 3693 3463 de-

308 3489 606 3567 όνειδισμὸν
663 3490 1124 3567 παρειλημμένον,
1182 3496 1274 3545 τοῦ
1333 3486 1658 3550 Ἀποστόλου
1734 3490 1787 3544 ἐν
1831 3503 1954 3553 ταῖς

307 3582 438 3658 πρὸς
496 3583 587 3636 τὸν
646 3582 833 3637 ἑαυτοῦ
878 3580 1123 3655 μαθητὴν
1172 3578 1425 3653 Τιμόθεον
1473 3578 1764 3647 ὑποθήκαις
1796 3578 1953 3657 ἔλεγ-

310 3691 413 3748 χον
469 3670 567 3745 μὲν
610 3672 696 3726 καὶ
751 3668 1085 3748 παράκλησιν
1136 3670 1221 3723 καὶ
1278 3667 1583 3741 ἐπιτίμησιν
1630 3666 1952 3745 ἕπιτρέψαν-

307 3778 417 3831 τος,
456 3756 686 3835 οὗδαμοῦ
735 3756 790 3814 δὲ
822 3760 910 3815 τὸν
967 3755 1286 3832 ὀνειδισμὸν,
1322 3759 1394 3821 ὡς
1454 3755 1716 3835 ἐναντίον⁷
1773 3779 1953 3834 παρα-

308 3844 589 3911 λαϐόντος,
638 3848 736 3905 Καὶ
779 3845 946 3903 ἔοικεν
1010 3848 1037 3903 ὀ
1088 3846 1184 3922 μὲν
1232 3844 1462 3923 ’ἐλεγχος
1493 3844 1646 3908 τέλος
1677 3844 1825 3924 ἔχειν
1857 3848 1952 3913 τὴν

308 3936 583 4014 διόρθωσ.ν
627 3942 716 3992 τοῦ
745 3936 1161 4011 ἁμαρτάνοντος,
1198 3936 1225 3991 ὁ
1255 3932 1308 3990 δὲ
1335 3932 1630 4008 ὀνειδισμὸς
1664 3934 1748 3990 ἐπὶ
1777 3934 1960 4015 ἀσχη-

2044 3484 2448 3561 linquentinm
2482 3485 2797 3546 utilitatem
2831 3485 3219 3563 opprobrium
3247 3488 3430 3549 fuisse
3462 3491 3697 3551 adhibi-

2040 3581 2184 3634 tum.
2225 3575 2373 3637 Nam
2418 3574 2742 3654 Apostolus
2788 3575 2848 3633 in
2899 3578 3025 3635 suis
3064 3574 3136 3635 ad
3186 3576 3545 3657 discipulum
3582 3578 3687 3639 Ti-

2042 3664 2349 3723 motheum
2383 3662 3327 3743 documentis,reprebensionem
3365 3667 3605 3746 quidem
3638 3678 3697 3731 et

2039 3752 2611 3825 obsecrationem,et
2634 3751 3109 3831 objurgationem
3136 3754 3429 3832 permittit
3448 3755 3521 3829 “,
3556 3776 3695 3821 nus-

2041 3860 2221 3921 quam
2247 3858 2390 3903 vero
2423 3841 2805 3923 opprobrium
2832 3841 3095 3917 admisit,
3108 3851 3380 3923 tanquam
3405 3847 3563 3925 quod
3596 3848 3693 3908 ad-

2041 3939 2408 4013 versetur,ac
2434 3932 2795 3992 contrarium
2821 3928 2997 3990 sit.Et
3043 3931 3272 3992 videtur
3299 3934 3541 4014 quidem
3576 3936 3689 3996 ob-

307 4027 511 4102 μοσύνῃ
555 4026 691 4105 (li)
748 4028 842 4082 τοῦ
897 4025 1211 4089 ἐπταικότπ
1273 4026 1535 4102 γίνεσθαι.
1587 4025 1774 4079 Πενίαν
1808 4022 1885 4103 δὲ,
1920 4025 1956 4093 ἣ

2055 4021 2295 4099 iurgatio
2354 4020 2533 4081 ﬁnem
2577 4019 2797 4080 habere
2848 4026 3180 4098 peccatoris
3226 4024 3688 4105 correctionem,

307 4114 635 4191 δυσγένειαν,
666 4113 703 4181 ἢ
735 4114 1015 4189 ἀμάθειαν,
1069 4112 1105 4181 ἢ
1164 4115 1412 4187 σώματος
1471 4111 1764 4189 ἀῤῥωστίαν
1811 4113 1957 4168 ὀνει-

309 4202 465 4275 δίζειν
505 4204 681 4268 πάντη
732 4201 949 4277 ἄλογον,
1009 4204 1096 4258 καὶ
1149 4201 1423 4280 ἂλλότριον
1483 4209 1576 4258 τοῦ
1648 4201 1947 4263 σπουδαίου.

309 4291 393 4350 "A
437 4293 537 4371 γὰρ
579 4291 675 4348 οὐκ
740 4290 801 4347 ὲκ
860 4289 1211 4369 προαιρέσεως
1262 4294 1389 4366 ἧμιν
1436 4290 1735 4366 συμϐαίνει,
1790 4301 1956 4350 ταῦτα

2043 4109 2428 4189 opprobrium
2488 4127 2625 4170 vero
2679 4110 2749 4170 ad
2806 4109 2955 4189 lapsi
2996 4108 3406 4172 confusionem
3460 4114 3686 4174 inferri.

2042 4198 2456 4280 Paupertatem
2488 4206 2822 4272 autem,aut
2851 4197 3276 4277 ignobilitatem
3305 4202 3563 4279 generis,
3594 4212 3695 4264 aut

2041 4290 2311 4369 corporis
2344 4290 2752 4351 inﬁrmitatem
2789 4288 3005 4368 probro
3030 4297 3284 4364 vertere,
3310 4308 3556 4371 prorsus
3579 4294 3692 4353 ab-

254 4412 260 4417 -
310 4382 553 4440 ἆκούσια⁸
602 4380 687 4437 ἐπὶ
736 4380 795 4436 τὲ
841 4391 959 4442 τοϊς
1016 4378 1275 4442 ἀκουσὶοις
1324 4378 1696 4454 ἒλαττώμασιν
1777 4380 1952 4439 ἐλεεῖ-

2055 4381 2286 4441 surdum
2323 4388 2413 4441 est
2451 4387 2563 4439 eta
2587 4380 2689 4439 viri
2724 4380 2893 4457 probi
2928 4378 3197 4439 moribus
3228 4378 3518 4444 alienum.
3556 4380 3698 4455 Qua;

394 4542 425 4594 7
459 4544 635 4606 Prov.
663 4555 769 4618 xu,
795 4537 899 4601 20.
982 4539 1016 4589 8
1043 4537 1189 4603 Luc.
1214 4554 1273 4613 ι,
1305 4536 1408 4601 29.
1492 4535 1525 4587 9
1553 4535 1699 4602 ibid.
1732 4539 1837 4620 36,
1867 4543 1965 4602 37.

313 4701 526 4783 legitur
548 4701 611 4762 in
636 4698 1119 4783 Begtsecundo.
1172 4695 1495 4783 Moxeditio
1524 4694 1710 4783 Paris.
1772 4698 1958 4765 ἐξολο-

313 4778 528 4863 θρέύξει.
566 4778 761 4846 Editio
792 4780 975 4863 Basil.
1008 4789 1069 4863 et
1091 4778 1355 4863 quinque
1397 4796 1544 4863 mss.
1574 4778 1959 4863 ἐξολοθρευσαι,

316 4858 374 4926 et
398 4863 480 4961 ita
501 4880 740 4961 quoque
761 4861 988 4954 editum
1018 4860 1355 4961 invenimus
1374 4859 1531 4939 apud
1570 4858 1731 4921 LXX.

394 4944 477 5020 (8)
508 4940 667 5005 Editi
699 4959 835 5003 cum
868 4940 1096 5021 majore
1132 4952 1473 5021 partemss.
1517 4941 1959 5016 τεκταινομένων.

317 5019 487 5103 Regii
520 5021 820 5084 secundus
850 5030 909 5082 et
932 5019 1176 5103 quartus
1204 5030 1263 5083 et
1290 5019 1647 5103 _Colb.unus.
1678 5039 1796 5083 una
1825 5040 1960 5103 cum

317 5100 468 5169 LXX
501 5100 1126 5178 uvmwopévoofﬂaac
1184 5102 1243 5162 in
1288 5100 1440 5163 hanc
1496 5101 1692 5161 locum
1744 5102 1967 5165 notavit

313 5184 752 5247 Combeﬁsius:
787 5181 1036 5245 Videtur
1065 5199 1192 5244 esse
1221 5182 1411 5243 Prov.
1441 5181 1969 5262 xxvr,‘24,deﬂexts

314 5265 1007 5345 paululumrvocibusmt
1040 5262 1273 5345 Basilio
1292 5279 1419 5345 non
1440 5263 1826 5345 infrequens:
1864 5262 1969 5325 sed

317 5342 366 5407 si
395 5344 741 5423 diligentius
782 5343 1241 5424 conquisivisset
1290 5342 1805 5424 illamuscripturae
1836 5363 1973 5406 sen-

321 5422 591 5497 tentiam,
628 5442 757 5485 eam
797 5422 1001 5485 iisdem
1052 5423 1248 5486 verbis
1277 5432 1334 5485 et
1380 5422 1973 5502 syllabisreperisset

320 5508 494 5570 Prov.
530 5522 633 5583 xu,
664 5504 764 5565 ΞΟ.
799 5504 1046 5585 Aqutlas
1069 5503 1575 5585 Symmachusque
1600 5513 1655 5563 et
1686 5503 1970 5566 Theodo-

314 5588 396 5649 tio
428 5586 837 5664 τεκταινὸντων.
878 5584 1121 5663 Vulgata
1152 5584 1336 5646 Dolus
1358 5586 1423 5644 in
1463 5585 1643 5647 corde
1689 5587 1971 5664 cogitan-

317 5671 476 5731 tium
507 5663 697 5727 mala.

648 5846 916 5909 PATROL.
963 5844 1078 5907 Gn.
1126 5838 1343 5907 XXIX.

2054 4539 2108 4582 ¹⁰
2128 4539 2316 4603 Eccli.
2351 4556 2474 4616 VIII,
2510 4540 2569 4603 6.
2656 4538 2703 4581 “
2738 4536 2789 4600 Il
2815 4537 2972 4603 Tim.
3001 4556 3080 4615 ιν,
3114 4540 3195 4616 2;
3233 4542 3253 4603 l
3288 4540 3442 4604 Tim.
3475 4560 3553 4615 Iv,
3594 4542 3694 4607 13.

2128 4703 2206 4780 (9)
2237 4705 2388 4781 Reg.
2439 4708 2685 4784 quartus
2713 4701 2785 4764 ὠς
2810 4700 2846 4784 ’ὅ
2876 4703 3023 4763 οἶνος
3068 4698 3309 4784 δολοῦται
3357 4709 3435 4784 τῷ
3492 4706 3693 4784 χείρονι

2048 4777 2205 4841 αὐτὸν
2240 4777 2657 4862 παραμ.“Βθςίὶ
2686 4777 2900 4841 tertius
2921 4786 2980 4862 et
3008 4788 3253 4862 quartus
3283 4777 3694 4862 babent'ao'rﬁ;

2050 4882 2156 4945 pro
2186 4858 2396 4942 ἀγίοίςς
2422 4862 2537 4924 Alii
2571 4878 2673 4921 sex
2696 4877 2838 4920 mss.
2865 4858 3153 4938 vulgatam
3186 4860 3504 4923 lectionem
3526 4870 3696 4925 tuen-

2049 4952 2170 5007 tur.

2125 5024 2250 5104 (10;
2284 5022 2451 5087 Colb.
2503 5028 2749 5104 quartus
2803 5020 3024 5104 ῥήμασι.
3077 5016 3235 5083 Infra
3283 5019 3476 5104 editio
3499 5022 3689 5085 Paris.

2125 5042 2250 5104 (1U)
2284 5042 2451 5087 UOID.
2543 5042 2749 5085 uartus
2803 5042 3024 5096 ρημασι.
3077 5042 3235 5083 “lira
3283 5042 3467 5083 euulo
3499 5042 3689 5085 l’arls.

2048 5123 2184 5166 cum
2207 5123 2326 5165 uno
2356 5114 2456 5167 aut
2485 5042 2682 5191 intero-
2704 5118 2815 5162 ms.
2829 5100 3081 5191 ’πηρῴσει
3112 5109 3419 5191 σωματικῇ.
3453 5102 3519 5166 Al
3551 5121 3694 5185 sep-

2052 5195 2170 5247 tem
2203 5203 2345 5248 mss.
2377 5203 2511 5248 cum
2543 5181 2805 5247 editione
2827 5179 3299 5260 ΒᾶείΙ.πηρώματι
3332 5179 3690 5259 σωματικοῖς.

2055 5266 2235 5328 Paulo
2274 5276 2403 5346 post
2450 5269 2599 5344 Reg.
2634 5262 2839 5323 tertius
2873 5270 2929 5322 et
2984 5270 3231 5340 quartus
3260 5281 3397 5324 cum
3426 5266 3697 5328 editione

2052 5347 2672 5437 Basll.‘é1:r_tctzpétpovta.

2137 5430 2184 5505 (1
2206 5428 2259 5506 l)
2297 5422 2544 5490 Codices
2575 5433 2705 5506 octo
2736 5423 3119 5506 ἀεσχτεμοσύκῃ,
3157 5422 3301 5506 Editi
3336 5443 3469 5486 cum
3524 5426 3666 5506 Colb

2056 5500 2309 5584 septimo
2364 5509 2615 5586 αἶσχύνῃ.
2676 5500 3029 5586 lnfra__l{eg.
3072 5500 3372 5586 secundus
3417 5515 3475 5567 et
3524 5505 3690 5566 Colb.

2055 5582 2255 5649 seittus
2305 5582 2694 5666 ἀποτυχόντας.
2750 5582 2868 5643 Alli
2931 5603 3067 5644 mss.
3125 5590 3185 5646 et
3234 5585 3376 5646 editi
3424 5588 3695 5662 &t0,;05v-

2054 5690 2170 5731 τας.

3226 5840 3262 5902 9
