4138 6380
397 345 509 411 261

1516 345 1847 411 HOMILIA
1890 347 1919 409 Ι
1960 343 2041 411 ΙΝ
2088 342 2473 413 PSALMUM.
2520 348 2682 417 XIV.

3656 362 3775 428 262

395 483 893 561 μεταμεληθήσεται
948 482 1062 564 Οὒχ
1120 480 1201 540 ὅτι
1258 485 1388 540 Θεὸν
1450 483 1523 545 είς
1596 483 1881 560 μαρτυρίαν
1935 486 2039 538 τῶν

2125 489 2182 577 et
2213 484 2744 577 statui‘eustodire
2771 486 3007 562 iudicia
3056 489 3311 568 iustitiae
3363 490 3571 569 tua“;
3602 495 3770 577 item,

394 574 733 650 λαλουμένων
820 574 1296 648 πιστοποιούμενον
1353 576 1513 632 αὐτοῦ
1594 574 1693 638 τὴν
1769 571 2043 652 ἀφιϐολίαν

394 665 723 742 παρήγαγεν,
797 661 913 718 ἀλλ’
976 664 1055 719 ὃτι
1102 661 1379 741 ἀτρέπτοις
1437 662 1526 719 καὶ
1579 660 1852 731 ἀκινήτοις
1910 660 2038 741 δόγ-

394 775 524 828 μασι
580 753 677 819 τὴν
725 752 820 819 τῆς
866 751 1183 829 ἐπαγγελίας
1247 749 1403 831 χάριν
1455 756 1532 824 τῷ
1588 748 1750 806 Δαϐιδ
1780 749 2037 807 ἐϐεϐαἶω-

392 864 501 901 σεν.
572 841 749 905 Οὕτως
803 844 890 898 οὗν
942 842 1029 897 καὶ
1086 840 1302 897 ἐνταῦθα
1362 839 1578 897 δυνατὸν
1640 842 1896 919 εἶρῆσθαι¹
1976 842 2036 899 Ὀ

390 931 596 1005 ὀμνύων
652 937 729 1005 τῷ
786 928 1013 997 πλησίον
1071 934 1253 989 αὒτοῠ·
1330 929 1621 1009 τουτέστι,
1699 926 2034 987 διαϐεϐαιού-

389 1041 548 1095 μενος
577 1024 654 1093 τῷ
682 1017 934 1099 πλησίον,
979 1021 1067 1076 καὶ
1120 1021 1214 1076 οὒκ
1272 1020 1494 1077 ἀθετῶν·
1549 1018 1641 1074 ’ίνα
1672 1019 1707 1086 ἦ
1753 1018 2033 1099 σύμφωνον

389 1115 464 1182 τῷ
491 1110 632 1188 παρὰ
680 1116 773 1166 τοῦ
820 1109 1004 1188 Κυρίου
1068 1107 1353 1185 εἰρημένῳ,
1415 1115 1515 1188 τῷ,
1560 1105 1749 1167 ’Ἔστω
1799 1107 1923 1187 (16)
1978 1107 2032 1164 δὲ

387 1203 534 1276 ὑμῶν
594 1205 621 1257 ὁ
671 1200 856 1279 λόγος,
915 1202 998 1257 ναὶ
1048 1203 1154 1277 ναὶ,
1188 1202 1274 1257 καί
1304 1200 1362 1257 οὒ
1392 1198 1471 1259 οὗ.
1520 1201 1639 1263 Πε,ὶ
1696 1205 1800 1257 τῶν
1852 1201 2038 1257 τοιού-

386 1313 492 1347 των
538 1291 863 1370 πραγμάτων
917 1288 1378 1367 διαϐεϐαιούμενος
1438 1290 1713 1347 κατάνευε·
1775 1292 1864 1347 καὶ
1921 1291 2038 1368 περὶ

386 1386 493 1436 τῶν
553 1382 660 1457 μὴν
716 1380 902 1459 ὄντων,
941 1378 1037 1436 κᾶν
1098 1401 1290 1446 παντες
1341 1378 1603 1455 ἅνθρωποι
1662 1378 2033 1458 παρακαλῶσι,

387 1471 465 1546 μη
497 1472 823 1546 συμπεισθῇς
881 1490 1012 1526 ποτε
1056 1471 1200 1547 παρὰ
1228 1468 1327 1536 τὴν
1378 1473 1477 1537 τῆς
1536 1468 1740 1549 φύσεώς
1783 1468 2037 1538 ἀλήθειαν

386 1557 886 1617 διαϐεϐαιώσασθαι.
956 1560 1029 1617 Οὐ
1116 1559 1303 1638 γέγονε
1362 1559 1421 1614 τὸ
1502 1564 1742 1637 πρᾶγμα,
1818 1556 2036 1637 ἄρνησις

387 1648 829 1709 ἐπαγολουθείτω,
924 1647 1103 1727 γέγονε
1179 1649 1239 1703 τὸ
1324 1653 1565 1727 πρᾶγμα,
1657 1647 2035 1725 συγκατάθεσίς

385 1734 761 1793 διαϐεϐαιούτω
789 1736 842 1815 (4
859 1740 941 1809 7),
991 1738 1162 1815 Χωρὶς
1207 1738 1305 1802 τῆς
1338 1738 1469 1814 πρὸς
1523 1735 1699 1815 ἕτερον
1734 1736 2034 1803 ἐπιπλοκῆς

2125 570 2378 632 Iuravit
2412 572 2741 636 Dominus:
2775 584 2837 638 et
2864 594 2987 638 non
3039 580 3351 658 paenitebit
3380 598 3517 642 eum
3538 581 3611 645 ‘9.
3639 570 3771 645 Non

2124 660 2280 739 quod
2318 660 2503 723 Deum
2565 663 2636 723 ad
2685 664 2979 726 dictorum
3042 668 3445 731 testimonium
3494 673 3770 734 introdu-

2121 749 2298 824 xerit,
2336 751 3248 843 [01"velutiduhitationem
3292 758 3403 838 ipsi
3454 762 3770 843 ademptu-

2118 856 2275 932 rum,
2302 840 2405 932 sed
2430 840 2585 920 quod
2608 841 2765 932 Deus
2786 842 3160 908 inconcussis
3183 840 3771 932 immutabilibusque

2119 926 2376 991 decretis
2400 931 2811 1009 promissionis
2840 932 3088 1011 gratiam
3124 935 3328 996 Davidi
3352 926 3767 1004 conﬁrmavit.

2117 1019 2302 1096 Igitur
2338 1019 2469 1081 ﬁeri
2506 1028 2721 1099 potest,
2759 1030 2822 1083 ut
2843 1022 2939 1084 hic
2977 1023 3159 1084 etiam
3204 1024 3277 1085 ad
3303 1025 3583 1089 eumdem
3629 1047 3763 1092 mo-

2117 1107 2257 1167 dum
2311 1108 2531 1170 dictum
2586 1110 2859 1187 sitzQui
2903 1112 3085 1191 jurat
3130 1116 3420 1193 proximo
3461 1133 3593 1191 suo;
3653 1119 3768 1181 hoc

2124 1205 2235 1276 est,
2265 1198 2372 1288 _q_ui
2396 1217 2513 1288 non
2545 1201 2859 1261 conﬁrmat
2890 1201 3187 1281 proximo,
3241 1209 3301 1265 et
3346 1223 3464 1265 non
3519 1205 3765 1288 decipit;

2125 1303 2239 1365 quo
2262 1285 2320 1346 id
2354 1287 2546 1349 verbis
2574 1289 2811 1351 Domini
2842 1297 3151 1352 conveniat
3181 1312 3194 1352 :
3234 1292 3335 1355 Sit
3377 1301 3589 1357 autem
3634 1285 3764 1357 ser-

2121 1392 2216 1435 mo
2247 1383 2438 1438 oester
2471 1400 2483 1435 :
2519 1378 2634 1440 Est
2675 1380 2785 1455 esi;
2817 1379 2977 1453 Non,
3031 1399 3153 1443 non
3181 1380 3257 1446 ⁸ο.
3310 1383 3432 1447 Res
3474 1384 3769 1463 ejusmodi

2122 1475 2259 1524 natu
2311 1474 2367 1526 et
2424 1484 2674 1529 ascensu
2737 1476 2835 1529 tuo
2880 1468 3168 1531 conﬁrma
3216 1488 3231 1533 :
3282 1488 3414 1551 quae
3460 1489 3595 1533 vero
3650 1493 3769 1535 non

2120 1552 2200 1614 ita
2241 1572 2306 1616 se
2347 1555 2592 1637 habent,
2643 1557 2912 1637 quamvis
2956 1576 3166 1621 omnes
3216 1559 3493 1622 homines
3539 1560 3767 1624 adhor-

2120 1651 2412 1719 tarentur,
2475 1655 2533 1707 et
2591 1646 3003 1727 obsecrarent;
3067 1666 3142 1709 ne
3196 1649 3496 1711 inducaris
3545 1659 3610 1712 ut
3650 1671 3769 1714 un-

2119 1751 2293 1812 quam
2319 1743 2529 1813 praater
2558 1736 2823 1797 veritatis
2842 1743 3110 1797 naturam
3144 1736 3428 1799 afﬁrmes.
3459 1736 3589 1799 Non
3615 1740 3769 1802 facta

385 1827 548 1892 αὒτὴν
605 1826 720 1882 καθ’
779 1827 973 1892 ἑαυτὴν
1030 1832 1197 1903 πειρῶ
1250 1825 1350 1892 τὴν
1422 1824 1671 1895 ἀλήθειαν
1744 1832 2029 1903 παριστᾷν,

2125 1833 2209 1883 est
2241 1841 2357 1897 res,
2393 1824 2628 1901 negatio
2668 1833 2991 1906 sequatur:
3038 1825 3190 1887 facta
3223 1835 3313 1887 est
3337 1844 3457 1907 res,
3500 1828 3769 1890 ﬁrmetur

386 1914 574 1990 ψιλαῖς
638 1926 761 1977 ταῖς
804 1912 1207 1970 διαϐεϐαιώσεσι
1257 1914 1622 1993 κεχρημένος.
1683 1912 1747 1971 Ὀ
1806 1914 2031 1977 ἄπιστος

382 2001 561 2082 ἒχέτω
610 2003 708 2070 τὴν
763 2001 969 2079 βλάϐην
1003 2008 1101 2070 τῆς
1162 2002 1428 2065 ἀπιστίας.
1483 2004 1715 2082 Αἰσχρὸν
1767 2003 1860 2082 γὰρ
1889 2025 2031 2060 παν-

382 2092 550 2158 τελῶς
607 2093 692 2148 καὶ
749 2091 973 2158 ἆυόητον
1034 2092 1219 2149 ἑαυτοῦ
1284 2105 1607 2171 κατηγορεῖν
1672 2094 1745 2155 ὡς
1824 2091 2032 2157 ἀναξίου

384 2182 634 2254 πίστεως,
680 2183 767 2237 καὶ
815 2183 909 2247 τὴν
967 2181 1028 2238 ἐκ
1085 2188 1191 2237 τῶν
1248 2180 1416 2260 ὅρκων
1490 2180 1781 2261 ἀσφάλειαν
1844 2181 2030 2262 ἐπιφε-

387 2274 584 2348 ρεσθαι.
649 2271 756 2326 Εἰσὶ
809 2268 865 2325 δέ
922 2292 1059 2334 τινες
1118 2270 1287 2349 λόγοι,
1370 2271 1622 2345 σχήματα
1703 2270 1801 2346 μὲν
1862 2269 2036 2349 ὅρκων

386 2360 633 2439 ἔχοντες,
688 2362 791 2439 ούχ
838 2358 982 2433 ὅρκοι
1042 2357 1096 2414 δὲ
1170 2360 1341 2434 ὄντες,
1401 2358 1539 2416 ἀλλὰ
1595 2359 1846 2437 θεραπεία
1904 2361 2035 2437 πρὸς

384 2452 503 2515 τοὺς
555 2450 866 2514 ἀκούοντας.
945 2449 1072 2511 ’δὶςὸ
1112 2447 1307 2527 Ἰωσὴφ
1352 2450 1442 2505 τὸν
1487 2449 1770 2527 Αἰγύπτιον
1806 2450 2033 2506 οἰκειού-

386 2562 568 2617 μενος,
622 2543 687 2606 νὴ
738 2539 836 2606 τὴν
890 2538 1089 2616 ὑγίειαν
1147 2538 1322 2613 ὤμνυε
1368 2538 1588 2617 Φαραώ,
1656 2540 1753 2596 Καὶ
1801 2541 1828 2594 ὁ
1863 2537 2034 2595 Ἀπόι-

388 2630 577 2694 στολος
629 2630 725 2697 τὴν
806 2631 934 2708 πρὸς
1027 2630 1325 2707 Κορινθίους
1382 2628 1596 2706 ἀγάπην
1648 2628 1835 2688 ἑαυτοῦ
1890 2651 2032 2706 παρ-

385 2722 567 2795 ιστῶν,
631 2718 756 2797 ἔφη·
817 2722 897 2787 Νὴ
952 2718 1047 2786 τὴν
1105 2718 1361 2797 ὑμετέραν
1440 2718 1731 2797 καύχησιν,
1797 2718 1865 2786 ἣν
1919 2718 2036 2799 ἔχω

382 2810 437 2865 ἐν
492 2816 702 2888 Χριστῷ
751 2805 929 2875 Ἰησοῦ
983 2816 1060 2883 τῷ
1123 2810 1292 2886 Κυρίῳ
1342 2809 1519 2883 ἡμῶν.
1594 2812 1666 2865 0-3
1733 2809 1834 2886 γὰρ
1891 2831 2034 2887 παρ-

387 2901 584 2970 ήκουσι
624 2903 723 2965 τῆς
783 2896 1135 2975 εὖαγγελικῆς
1179 2895 1563 2961 διδασκαλίαςὸ
1595 2898 1656 2952 τὸ
1703 2896 2034 2975 Εύαγγέλιον

2117 1927 2424 1974 assensus.
2454 1914 2727 1994 Studeto,
2779 1916 2927 1976 citra
2988 1913 3167 1975 ullam
3218 1933 3352 1975 cum
3395 1916 3511 1977 alia
3556 1935 3623 1977 re
3649 1917 3758 1978 im-

2120 2000 2521 2083 plicationem,
2572 2006 2757 2082 ipsam
2810 2022 2917 2083 per
2958 2022 3023 2065 se
3052 2006 3359 2066 veritatem
3406 2006 3765 2086 exprimere,

2117 2088 2378 2170 simplici
2429 2108 2497 2151 ac
2554 2091 2713 2151 nuda
2763 2091 3158 2155 afﬁrmatione
3190 2112 3353 2154 usus.
3412 2094 3768 2157 lncredulus

2115 2177 2553 2240 incredulitatis
2577 2180 2859 2241 damnum
2892 2181 3173 2261 perferat.
3212 2181 3414 2262 Turpe
3446 2183 3606 2244 enim
3630 2204 3765 2246 om-

2122 2267 2262 2330 nino
2318 2277 2376 2331 et
2428 2269 2669 2331 stultum
2723 2277 2815 2332 est
2860 2270 3122 2350 seipsum
3179 2280 3240 2332 ut
3291 2272 3408 2333 ﬁde
3455 2273 3765 2349 indignum

2118 2376 2419 2432 accusare,
2475 2376 2544 2419 ac
2592 2360 3079 2437 juramentorum
3131 2360 3509 2423 seeuritatem
3542 2362 3601 2427 in
3637 2380 3767 2424 me-

2120 2446 2281 2507 dium
2339 2447 2630 2524 proferre.
2692 2446 2843 2509 Sunt
2889 2458 3087 2509 autem
3142 2467 3452 2511 sermones
3500 2449 3766 2531 quidam,

2120 2536 2221 2615 qui
2255 2535 2517 2615 speciem
2554 2536 2796 2616 quidem
2813 2538 3296 2617 juramentorum
3324 2555 3445 2618 prae
3462 2557 3527 2601 se
3548 2540 3766 2616 ferunt,

2121 2642 2231 2684 nec
2284 2633 2479 2685 tamen
2523 2625 2865 2703 juramenta
2920 2634 3081 2698 sunt,
3138 2626 3245 2686 sed
3298 2627 3569 2703 quedam
3626 2646 3768 2707 erga

2118 2713 2426 2775 auditores
2475 2713 2873 2775 observantia.
2921 2714 3019 2776 Sic
3056 2712 3279 2795 Joseph
3326 2723 3389 2776 ut
3416 2716 3633 2795 Aigytii
3679 2717 3767 2778 si-

2120 2802 2177 2863 bi
2266 2803 2512 2879 gratiam
2580 2803 2976 2889 conciliaret,
3032 2806 3247 2882 juravit
3299 2822 3405 2883 per
3442 2804 3767 2868 Pharaonis

2114 2892 2427 2953 sanitatem
2450 2891 2523 2955 εί.
2559 2890 2704 2953 Item
2736 2892 3060 2973 Apostolus
3102 2910 3270 2954 suam
3318 2893 3380 2954 in
3425 2896 3768 2957 Corinthios

384 2987 826 3067 πεπιστευμένος,
901 2986 1041 3043 ἀλλὰ
1117 2985 1276 3065 λόγον
1356 2985 1510 3062 ψιλόν
1541 2984 1597 3041 ἐν
1627 2986 1873 3064 σχήματι
1904 3008 2033 3065 παρ-

2125 2981 2457 3043 charitatem
2514 2982 2961 3056 commendans,
3017 2983 3098 3043 ait
3135 3001 3149 3040 :
3180 2984 3295 3045 Per
3337 2983 3767 3062 gloriationem

384 3076 575 3135 έδωκεν
611 3076 731 3157 (18)
764 3076 947 3154 ὅρκου,
1002 3077 1100 3145 τὴν
1156 3074 1242 3133 ἐπ’
1300 3079 1481 3141 αὐτοῖς
1532 3074 1803 3154 καύχησιν
1835 3076 1909 3139 ὡς
1940 3082 2033 3131 τοῦ

2125 3078 2377 3133 vestram
2408 3088 2592 3151 quam
2621 3070 2807 3133 habeo
2840 3072 2905 3133 in
2938 3071 3181 3134 Christo
3199 3071 3340 3134 Jesu
3369 3072 3619 3136 Domino
3648 3091 3765 3136 no-

387 3167 583 3232 παντὸς
634 3168 775 3241 αὐτῷ
818 3164 961 3232 ἀξίαν
1020 3169 1180 3223 οὖσαν
1240 3162 1325 3222 διὰ
1377 3166 1469 3221 τοῦ
1546 3164 1786 3223 τοιούτου
1834 3166 2032 3244 τρόπου

2125 3169 2238 3223 ςινο
2260 3159 2335 3220 ’9.
2371 3161 2503 3223 Non
2532 3159 2691 3221 enim
2713 3159 3119 3239 evangelicum
3148 3160 3482 3225 doctrinam
3512 3164 3770 3243 neglexit

384 3255 609 3320 δεικνύς.
1820 3334 1825 3337 _
2120 3252 2195 3329 is,
2244 3254 2335 3313 cui
2389 3249 2802 3312 concreditum
2857 3258 2949 3310 est
2988 3250 3378 3328 Evangelium
3428 3272 3442 3315 :
3482 3252 3588 3314 sed
3617 3253 3769 3313 sim-

388 3345 523 3427 plici
554 3362 829 3407 sermone
852 3350 909 3405 in
935 3342 1259 3424 juramenti
1295 3341 1534 3404 modum
1568 3360 1875 3424 expresso,
1911 3341 2354 3424 gloriationem,
2383 3357 2559 3420 quam
2591 3338 2654 3400 in
2686 3339 2833 3418 ipsis
2877 3337 3157 3421 habebat,
3184 3344 3469 3421 tauquam
3502 3348 3767 3403 omnium

386 3434 499 3498 sibi
533 3433 1025 3517 pretiosissimam
1056 3433 1170 3494 hoc
1203 3431 1384 3494 modo
1416 3432 1684 3497 exhibet.

467 3516 545 3586 6.7
580 3530 668 3599 Τῷ
712 3524 936 3581 αἰτοῦντί
982 3544 1040 3579 σε
1092 3521 1201 3585 δός·
1287 3525 1376 3579 καὶ
1436 3524 1542 3579 ὰπὸ
1624 3530 1716 3579 τοῦ
1784 3520 2027 3586 θέλοντος

2196 3521 2257 3582 6.
2292 3517 2408 3593 Qui
2433 3517 2587 3595 petit
2615 3538 2653 3579 a
2684 3524 2762 3593 te,
2797 3516 2875 3578 da
2898 3519 2978 3597 ei,
3001 3525 3055 3579 et
3084 3518 3307 3581 volenti
3340 3522 3619 3582 mutuari
3631 3540 3668 3582 a
3691 3528 3770 3602 te,

399 3614 730 3671 δανείσασθαι
800 3615 877 3689 μὴ
930 3613 1278 3691 ἆποστραφῆς
1328 3609 1477 3691 (10).
1526 3609 1649 3669 Ἐπὶ
1699 3614 1762 3668 τὸ
1832 3632 2032 3668 κοινω-

2125 3625 2192 3670 ne
2235 3607 2539 3670 avertam
2556 3604 2632 3670 ³³.
2660 3606 2749 3667 Ad
2782 3606 3413 3684 communicationem,
3449 3616 3508 3669 et
3536 3609 3608 3670 ad
3635 3628 3772 3670 mu-

392 3705 559 3778 νικὸν,
594 3704 682 3759 καὶ
711 3699 1066 3783 φιλάλληλον,
1119 3700 1205 3757 καί
1263 3707 1330 3778 τῇ
1389 3702 1536 3781 φύσει
1582 3701 1830 3758 οἰκεῖονὸ
1873 3698 2033 3777 λόγος

2125 3706 2277 3758 tuam
2311 3697 2684 3770 charitatem,
2737 3704 2795 3756 et
2835 3696 2909 3757 nd
2958 3695 3015 3757 id
3048 3695 3207 3776 quod
3242 3704 3469 3758 natura:
3509 3714 3771 3760 consen-

386 3794 528 3869 ἡμᾶς
586 3792 958 3873 προκαλεῖται.
998 3789 1275 3848 Πολιτικὸν
1328 3791 1426 3869 γὰρ
1478 3790 1613 3861 ζῶον
1670 3791 1758 3846 καὶ
1808 3809 2037 3867 συναγε-

389 3881 637 3940 λαστικὸν
692 3885 719 3939 ὁ
764 3882 1058 3961 ἄνθρωπος·
1124 3880 1218 3941 Ἔν
1262 3878 1418 3957 δὲτῇ
1472 3885 1628 3956 κοινῇ
1677 3876 1921 3950 πολιτείᾳ
1948 3878 2039 3933 καὶ

388 3980 458 4051 τῇ
505 3971 625 4050 μετ’
694 3970 947 4042 ἀλλήλων
1004 3970 1315 4050 ἀναστροφῇ
1363 3967 1656 4048 ἀναγϐαϊον
1688 3970 1749 4025 τὸ
1807 3966 2040 4043 εὐμετά-

391 4062 543 4120 δοτον
608 4062 681 4125 εἰς
734 4060 1095 4140 ἕπανόρθωσιν
1195 4060 1288 4118 τοῦ
1349 4057 1615 4124 ἐνδέοντος
1861 4061 1949 4131 Τῷ
1992 4058 2044 4113 αἱ

391 4150 563 4207 τοῦντί
610 4170 669 4204 σε
713 4146 826 4212 δός.
883 4147 1135 4206 Βούλεταί
1193 4171 1252 4205 σε
1303 4148 1388 4205 διὰ
1445 4149 1543 4225 μὲν
1577 4148 1678 4215 τὴν
1709 4146 1928 4225 ἀγάπην
1987 4146 2042 4203 ἐν

393 4237 657 4305 ἁπλότητι
706 4237 981 4313 ἀνειμένον
1039 4238 1185 4295 εἷναι
1245 4239 1375 4315 πρὸς
1432 4238 1553 4302 τοὺς
1604 4238 1898 4316 αἰτοῦνταη
1944 4234 2044 4292 λοο

2118 3794 2360 3848 taneum
2385 3792 2442 3847 et
2476 3786 2781 3865 preprium
2826 3792 2937 3855 est,
2973 3786 3099 3846 haec
3140 3784 3321 3846 verba
3350 3804 3459 3847 nos
3489 3785 3766 3850 invitant.

2122 3878 2318 3941 Homo
2366 3875 2525 3935 enim
2579 3883 2668 3935 est
2723 3874 2940 3935 animal
2982 3874 3174 3949 civile,
3220 3882 3283 3936 et
3330 3874 3637 3939 sociabile.
3705 3878 3771 3937 In

2125 3963 2286 4026 civili
2354 3972 2551 4025 autem
2609 3972 2666 4025 et
2725 3967 3027 4025 communi
3082 3963 3217 4025 vitae
3264 3963 3556 4039 instituto,
3608 3971 3667 4026 et
3713 3966 3774 4027 in

2126 4062 2332 4114 mutua
2370 4052 2825 4127 consuetudine,
2875 4051 3207 4114 liberalitas
3239 4050 3313 4111 ad
3340 4051 3771 4114 snblevandum

2125 4142 2367 4223 inopem
2402 4148 2740 4204 necessaria
2784 4150 2899 4203 est.
2939 4140 3185 4204 Potenti
3215 4158 3254 4203 α
3282 4147 3361 4220 te,
3392 4140 3490 4203 da.
3525 4140 3667 4205 Vult
3711 4152 3776 4205 ut

2129 4230 2206 4294 ob
2255 4233 2603 4295 charitatem
2661 4229 2903 4311 quidem
2951 4230 3013 4291 in
3061 4228 3448 4310 simplicitate
3506 4229 3774 4311 praebeas

393 4334 573 4410 γισμῷ
603 4325 656 4383 δὲ
689 4326 847 4386 πάλιν
888 4325 1168 4406 διακρίνειν
1224 4327 1447 4384 ἑκάστου
1500 4328 1601 4395 τὴν
1670 4328 1857 4406 χρείαν
1928 4331 2034 4382 τῶν

2125 4332 2177 4385 te
2208 4340 2349 4401 erga
2393 4328 2664 4402 petentes
2718 4319 2954 4384 facilem
2983 4368 2999 4395 ,
3059 4328 3116 4381 et
3162 4337 3196 4381 e
3254 4320 3604 4396 contrario,
3668 4337 3773 4382 ra-

476 4495 531 4542 ¹⁸
558 4495 717 4561 Psal.
792 4511 994 4575 cxvnt,
1052 4494 1197 4559 106.
1282 4492 1514 4559 ﬂ'Psal.
1575 4507 1696 4576 cn,
1749 4492 1810 4557 4.
1899 4490 1955 4537 ³ο
1996 4491 2039 4557 Il

2125 4492 2203 4557 th.
2257 4506 2315 4566 ν,
2378 4490 2477 4552 37.
2563 4490 2612 4532 ³⁸
2637 4490 2789 4554 Gen.
2843 4505 2991 4570 ml,
3051 4489 3145 4551 15.
3230 4486 3500 4557 εἰεἰίὶον.
3546 4507 3639 4573 xv,
3672 4488 3772 4553 31.

394 4578 451 4623 ³³
475 4578 681 4643 Matth.
714 4597 772 4660 v,
816 4576 920 4643 42.

477 4740 612 4820 (16)
643 4741 781 4805 MSS.
820 4748 942 4802 tres
995 4738 1278 4820 σύμφωνον
1330 4734 1583 4820 ἐδ-παρα
1624 4742 1716 4820 τοῦ
1747 4734 2052 4820 Κυρίου-εξ-

400 4814 654 4899 ρημὲνον·
713 4821 928 4879 "Bono.
987 4814 1418 4899 Particulaaat
1466 4814 1744 4896 adjicitur
1782 4814 1845 4878 in
1876 4815 2052 4899 editis

400 4895 538 4963 ante
567 4903 627 4960 οὒ
656 4901 734 4958 οὔ·
768 4901 873 4964 sed
904 4900 1075 4964 deest
1097 4900 1156 4962 in
1188 4895 1394 4960 multis
1439 4895 1582 4958 mss.
1640 4913 1811 4978 teque
1867 4915 1935 4959 ac
1988 4896 2051 4959 in

406 4988 563 5044 textu
605 4999 795 5044 sacro.

488 5061 612 5143 (l7)
645 5061 840 5143 Editio
892 5059 1081 5143 Paris,
1110 5057 1541 5143 _6ta626qtodzm.
1590 5056 1707 5121 Sed
1749 5075 1893 5143 mss.
1925 5057 2051 5143 fere

401 5138 613 5205 omnes
639 5141 954 5221 βεϐαιούτω.
997 5139 1227 5221 Ibidem
1259 5139 1525 5221 quinqui)
1561 5156 1706 5201 mss.
1740 5140 1910 5221 αὐτὴν
1930 5138 2048 5198 κατ’

402 5225 590 5293 αὐτὴν.
640 5218 776 5286 Mox
834 5225 983 5302 Reg.
1035 5220 1246 5282 tertius
1278 5218 1457 5302 habet
1485 5218 1663 5302 λιταῖς
1698 5237 1804 5302 pro
1831 5219 2046 5302 ψιλαῖς,

400 5304 559 5365 Infra
589 5323 731 5365 mss.
790 5310 913 5364 tres
932 5298 1158 5381 ’ἀγάπην
1210 5304 1369 5360 αὐτοῦ
1412 5298 1647 5362 Ibidem
1698 5298 1847 5361 editi
1904 5302 2049 5377 ἡμε-

404 5384 582 5459 τέραν.
624 5384 697 5446 At
730 5400 872 5446 mss.
906 5399 1024 5444 una
1046 5399 1180 5444 cum
1206 5388 1367 5443 textu
1399 5396 1573 5440 sacro
1605 5381 1885 5459 ὑμετέραν.

490 5407 582 5446 αν.
624 5404 697 5446 At
730 5404 872 5446 mss.
906 5404 1024 5444 una
1046 5404 1180 5444 cum
1206 5404 1367 5443 texw
1399 5404 1573 5440 sacro
1605 5404 1764 5457 υμετε
1802 5404 1885 5437 αν.

490 5462 615 5543 (18)
646 5462 813 5527 Multi
844 5481 989 5543 mss.
1019 5461 1340 5542 παρέδωκεν.
1379 5462 1508 5521 Mox
1534 5404 1807 5523 nonnulli
1844 5461 2049 5523 ms.én’

403 5542 607 5609 αὐτοῖς.
643 5543 763 5605 Alii
785 5542 869 5600 ἐπ’
902 5543 1097 5602 αὐτῶν.

490 5624 617 5705 (19)
650 5622 866 5705 Totum
898 5622 1066 5698 iilud,
1090 5630 1186 5705 ,Τῴ
1219 5621 1445 5679 αἰτοῦντί
1474 5640 1531 5677 σε
1563 5618 1673 5705 δός·
1710 5623 1810 5705 καὶΔ
1834 5623 2051 5705 ἀπὸτοῦ

403 5700 649 5767 θελοντος
681 5703 1007 5761 δανείσασθαι
1041 5704 1117 5779 μὴ
1146 5705 1540 5783 ἀποστραφῇς,
1569 5700 1739 5783 deest
1794 5701 1854 5762 in
1921 5701 2054 5765 edi-

403 5790 570 5856 tione
600 5784 819 5861 Paris.,
855 5800 964 5866 pro
994 5801 1109 5864 quo
1141 5783 1288 5845 veba
1322 5781 1451 5859 illa,
1496 5781 1559 5840 τὸ
1597 5782 1844 5862 ἀργύριον
1900 5788 2057 5841 αὐτου

2133 4736 2226 4793 οὒκ
2253 4733 2446 4792 ἔδωκεν
2478 4734 2565 4791 ἐπὶ
2610 4733 2775 4814 τόκῳ,
2836 4748 3149 4814 perperam
3200 4731 3431 4814 fuerant
3478 4745 3538 4794 et
3577 4731 3779 4814 inepte

2134 4813 2795 4888 substituta.Quomodo
2813 4811 3083 4893 autemid
3101 4811 3775 4893 contigerit,nescimus.

2133 4896 2288 4959 Nam
2322 4914 2539 4959 novem
2568 4892 2755 4974 nostri
2786 4910 2930 4955 mss.
2967 4890 3187 4954 habent
3216 4891 3325 4974 ita,
3357 4890 3432 4974 ut
3452 4891 3774 4974 edidimus;

2134 4976 2249 5068 nisi
2279 4978 2437 5068 quod
2467 4976 2528 5068 in
2575 4972 2845 5068 quinque
2882 4989 3029 5068 mss.
3084 4989 3189 5052 pro
3238 4970 3325 5037 δός
3357 4972 3585 5051 legatur
3611 4970 3776 5033 δίδου.

2134 5056 2268 5121 Μοι
2294 5052 2441 5136 Reg.
2475 5052 2686 5118 tertius
2714 5052 3121 5136 προσὶιαλεϊται.

2214 5137 2344 5219 (20)
2380 5130 2579 5200 Εὰἱιίο
2604 5130 2810 5219 nostra
2837 5131 3024 5219 Paris.
3048 5130 3467 5219 tot3_kv8e_iovroc,
3496 5132 3592 5219 .ού
3621 5131 3782 5214 (lege

2134 5219 2180 5295 ὁ)
2212 5211 2433 5293 μὲνὀὗν
2468 5219 2660 5297 Κύριος
2692 5217 2923 5297 ἐναργῶς
2968 5216 3105 5297 ἡμῖν
3147 5211 3419 5297 διετάξατο
3446 5211 3647 5297 λέγωνί
3696 5211 3782 5287 Ἰῖῷ

2134 5292 2362 5357 αἰτοῦντί
2391 5319 2449 5354 σε
2484 5292 2594 5363 ὅσς’
2633 5298 2719 5353 καὶ
2768 5292 2873 5351 ἆπὸ
2902 5301 2993 5350 τοῦ
3023 5292 3266 5359 θέλοντος
3313 5292 3646 5352 δανείσασθαι
3699 5297 3778 5368 μὴ

2134 5380 2501 5459 ἀποστραφῇς.
2526 5376 2729 5459 ,Editio
2750 5374 2944 5459 _Basil.
2996 5381 3247 5459 etnmss:
3279 5382 3350 5459 ut_
3381 5379 3779 5459 in‘context‘u.

2132 5461 2292 5538 Lege
2309 5453 2980 5522 PraifationemJbidem
3010 5453 3204 5538 editio,
3218 5455 3681 5538 Ρᾶτί5.-βούλεται

2139 5531 2259 5601 νοῖι
2290 5539 2342 5595 δέ
2372 5539 2545 5601 abest
2580 5544 2641 5601 et
2671 5555 2704 5597 a
2749 5545 2963 5599 mss.et
3002 5535 3075 5596 ab
3108 5534 3373 5596 editione
3405 5534 3590 5595 Basil.
3625 5531 3785 5593 Infra

2132 5619 2315 5682 editio
2344 5619 2530 5680 Paris.
2566 5615 3056 5679 BuxotvxtEditio
3083 5613 3524 5696 Basil.perinde
3553 5620 3614 5673 ut
3633 5629 3780 5674 mss.

2139 5699 2437 5781 διακρίνειν.
