  <div class='ocr_page' id='page_1' title='image "/cluster/home/n/w/nwhite01/storage/ocr_20150623/29:no.1/coo.31924054873108/547.png"; bbox 0 0 4138 6402; ppageno 0'>
   <div class='ocr_carea' id='block_1_1' title="bbox 380 367 494 432">
    <p class='ocr_par' dir='ltr' id='par_1_1' title="bbox 380 367 494 432">
     <span class='ocr_line' id='line_1_1' title="bbox 380 367 494 432; baseline 0 -1"><span class='ocrx_word' id='word_1_1' title='bbox 380 367 494 432; x_wconf 81' lang='grc'><strong>2⁵11</strong></span> 
     </span>
    </p>
   </div>
   <div class='ocr_carea' id='block_1_2' title="bbox 382 583 2031 665">
    <p class='ocr_par' dir='ltr' id='par_1_2' title="bbox 382 583 2031 665">
     <span class='ocr_line' id='line_1_2' title="bbox 382 583 2031 665; baseline -0.003 -15"><span class='ocrx_word' id='word_1_2' title='bbox 382 588 431 651; x_wconf 92' lang='lat' dir='ltr'>si</span> <span class='ocrx_word' id='word_1_3' title='bbox 463 591 622 647; x_wconf 92' lang='lat' dir='ltr'>intus</span> <span class='ocrx_word' id='word_1_4' title='bbox 651 594 708 647; x_wconf 93' lang='lat' dir='ltr'>te</span> <span class='ocrx_word' id='word_1_5' title='bbox 732 585 1143 665; x_wconf 89' lang='lat' dir='ltr'>absconderis,</span> <span class='ocrx_word' id='word_1_6' title='bbox 1175 593 1313 645; x_wconf 84' lang='lat' dir='ltr'>ante</span> <span class='ocrx_word' id='word_1_7' title='bbox 1342 584 1584 645; x_wconf 93' lang='lat' dir='ltr'>domum</span> <span class='ocrx_word' id='word_1_8' title='bbox 1620 590 1756 662; x_wconf 90' lang='lat' dir='ltr'>stat,</span> <span class='ocrx_word' id='word_1_9' title='bbox 1784 592 1841 643; x_wconf 92' lang='lat' dir='ltr'>et</span> <span class='ocrx_word' id='word_1_10' title='bbox 1871 583 2031 645; x_wconf 86' lang='lat' dir='ltr'>fores</span> 
     </span>
    </p>
   </div>
   <div class='ocr_carea' id='block_1_3' title="bbox 384 672 2028 758">
    <p class='ocr_par' dir='ltr' id='par_1_3' title="bbox 384 672 2028 758">
     <span class='ocr_line' id='line_1_3' title="bbox 384 672 2028 758; baseline -0.003 -20"><span class='ocrx_word' id='word_1_11' title='bbox 384 677 594 758; x_wconf 91' lang='lat' dir='ltr'>pulsat.</span> <span class='ocrx_word' id='word_1_12' title='bbox 626 680 922 736; x_wconf 74' lang='lat' dir='ltr'>Pmsente</span> <span class='ocrx_word' id='word_1_13' title='bbox 954 692 1162 748; x_wconf 82' lang='lat' dir='ltr'>uxore,</span> <span class='ocrx_word' id='word_1_14' title='bbox 1209 673 1390 735; x_wconf 81' lang='lat' dir='ltr'>afficit</span> <span class='ocrx_word' id='word_1_15' title='bbox 1449 682 1504 732; x_wconf 93' lang='lat' dir='ltr'>te</span> <span class='ocrx_word' id='word_1_16' title='bbox 1539 672 1792 749; x_wconf 90' lang='lat' dir='ltr'>pudore,</span> <span class='ocrx_word' id='word_1_17' title='bbox 1828 692 2028 733; x_wconf 85' lang='lat' dir='ltr'>coram</span> 
     </span>
    </p>
   </div>
   <div class='ocr_carea' id='block_1_4' title="bbox 382 760 2031 844">
    <p class='ocr_par' dir='ltr' id='par_1_4' title="bbox 382 760 2031 844">
     <span class='ocr_line' id='line_1_4' title="bbox 382 760 2031 844; baseline -0.005 -14"><span class='ocrx_word' id='word_1_18' title='bbox 382 766 592 831; x_wconf 83' lang='lat' dir='ltr'>amicis</span> <span class='ocrx_word' id='word_1_19' title='bbox 620 762 1318 844; x_wconf 90' lang='lat' dir='ltr'>imponitcontumeliam</span> <span class='ocrx_word' id='word_1_20' title='bbox 1349 780 1363 824; x_wconf 92' lang='lat'><em>:</em></span> <span class='ocrx_word' id='word_1_21' title='bbox 1398 762 1461 823; x_wconf 92' lang='lat' dir='ltr'>in</span> <span class='ocrx_word' id='word_1_22' title='bbox 1496 761 1621 821; x_wconf 87' lang='lat' dir='ltr'>foro</span> <span class='ocrx_word' id='word_1_23' title='bbox 1649 760 1852 822; x_wconf 86' lang='lat' dir='ltr'>fauces</span> <span class='ocrx_word' id='word_1_24' title='bbox 1882 781 2031 823; x_wconf 93' lang='lat' dir='ltr'>con-</span> 
     </span>
    </p>
   </div>
   <div class='ocr_carea' id='block_1_5' title="bbox 386 850 2027 934">
    <p class='ocr_par' dir='ltr' id='par_1_5' title="bbox 386 850 2027 934">
     <span class='ocr_line' id='line_1_5' title="bbox 386 850 2027 934; baseline -0.005 -15"><span class='ocrx_word' id='word_1_25' title='bbox 386 854 644 934; x_wconf 85' lang='lat' dir='ltr'>stringit:</span> <span class='ocrx_word' id='word_1_26' title='bbox 673 856 861 914; x_wconf 90' lang='lat' dir='ltr'>malus</span> <span class='ocrx_word' id='word_1_27' title='bbox 882 853 1016 915; x_wconf 89' lang='lat' dir='ltr'>festi</span> <span class='ocrx_word' id='word_1_28' title='bbox 1047 852 1168 914; x_wconf 89' lang='lat' dir='ltr'>diei</span> <span class='ocrx_word' id='word_1_29' title='bbox 1192 869 1500 913; x_wconf 87' lang='lat' dir='ltr'>occursus:</span> <span class='ocrx_word' id='word_1_30' title='bbox 1531 850 1711 911; x_wconf 87' lang='lat' dir='ltr'>vitam</span> <span class='ocrx_word' id='word_1_31' title='bbox 1746 851 1853 911; x_wconf 93' lang='lat' dir='ltr'>tibi</span> <span class='ocrx_word' id='word_1_32' title='bbox 1887 850 2027 912; x_wconf 84' lang='lat' dir='ltr'>red-</span> 
     </span>
    </p>
   </div>
   <div class='ocr_carea' id='block_1_6' title="bbox 384 941 2026 1024">
    <p class='ocr_par' dir='ltr' id='par_1_6' title="bbox 384 941 2026 1024">
     <span class='ocr_line' id='line_1_6' title="bbox 384 941 2026 1024; baseline -0.003 -17"><span class='ocrx_word' id='word_1_33' title='bbox 384 947 471 1009; x_wconf 93' lang='lat' dir='ltr'>dit</span> <span class='ocrx_word' id='word_1_34' title='bbox 500 944 890 1024; x_wconf 89' lang='lat' dir='ltr'>injucundam</span> <span class='ocrx_word' id='word_1_35' title='bbox 914 951 972 1003; x_wconf 91' lang='lat' dir='ltr'>et</span> <span class='ocrx_word' id='word_1_36' title='bbox 989 942 1543 1003; x_wconf 86' lang='lat' dir='ltr'>intolerabilem.At</span> <span class='ocrx_word' id='word_1_37' title='bbox 1568 941 2026 1021; x_wconf 88' lang='lat' dir='ltr'>magna,inquit,</span> 
     </span>
    </p>
   </div>
   <div class='ocr_carea' id='block_1_7' title="bbox 387 1029 2027 1109">
    <p class='ocr_par' dir='ltr' id='par_1_7' title="bbox 387 1029 2027 1109">
     <span class='ocr_line' id='line_1_7' title="bbox 387 1029 2027 1109; baseline -0.002 -13"><span class='ocrx_word' id='word_1_38' title='bbox 387 1043 476 1098; x_wconf 90' lang='lat' dir='ltr'>est</span> <span class='ocrx_word' id='word_1_39' title='bbox 506 1032 972 1107; x_wconf 89' lang='lat' dir='ltr'>necessitas,nec</span> <span class='ocrx_word' id='word_1_40' title='bbox 993 1030 1106 1092; x_wconf 91' lang='lat' dir='ltr'>alia</span> <span class='ocrx_word' id='word_1_41' title='bbox 1137 1040 1229 1092; x_wconf 91' lang='lat' dir='ltr'>est</span> <span class='ocrx_word' id='word_1_42' title='bbox 1262 1029 1540 1109; x_wconf 65' lang='lat' dir='ltr'>parandae</span> <span class='ocrx_word' id='word_1_43' title='bbox 1557 1031 1827 1109; x_wconf 65' lang='lat' dir='ltr'>pecuniae</span> <span class='ocrx_word' id='word_1_44' title='bbox 1851 1030 2027 1093; x_wconf 82' lang='lat' dir='ltr'>ratio.</span> 
     </span>
    </p>
   </div>
   <div class='ocr_carea' id='block_1_8' title="bbox 386 1117 2033 1203">
    <p class='ocr_par' dir='ltr' id='par_1_8' title="bbox 386 1117 2033 1203">
     <span class='ocr_line' id='line_1_8' title="bbox 386 1117 2033 1203; baseline -0.004 -17"><span class='ocrx_word' id='word_1_45' title='bbox 386 1128 549 1202; x_wconf 87' lang='lat' dir='ltr'>Quae,</span> <span class='ocrx_word' id='word_1_46' title='bbox 576 1121 1029 1203; x_wconf 54' lang='lat' dir='ltr'>quaesonitilitas</span> <span class='ocrx_word' id='word_1_47' title='bbox 1051 1138 1125 1183; x_wconf 86' lang='lat' dir='ltr'>ex</span> <span class='ocrx_word' id='word_1_48' title='bbox 1147 1120 1438 1184; x_wconf 85' lang='lat' dir='ltr'>hodierna</span> <span class='ocrx_word' id='word_1_49' title='bbox 1462 1118 1783 1180; x_wconf 85' lang='lat' dir='ltr'>dilatione?</span> <span class='ocrx_word' id='word_1_50' title='bbox 1806 1117 2033 1181; x_wconf 77' lang='lat' dir='ltr'>Rursus</span> 
     </span>
    </p>
   </div>
   <div class='ocr_carea' id='block_1_9' title="bbox 386 1207 2029 1290">
    <p class='ocr_par' dir='ltr' id='par_1_9' title="bbox 386 1207 2029 1290">
     <span class='ocr_line' id='line_1_9' title="bbox 386 1207 2029 1290; baseline -0.007 -11"><span class='ocrx_word' id='word_1_51' title='bbox 386 1215 549 1279; x_wconf 92' lang='lat' dir='ltr'>enim</span> <span class='ocrx_word' id='word_1_52' title='bbox 581 1208 781 1272; x_wconf 85' lang='lat' dir='ltr'>veniet</span> <span class='ocrx_word' id='word_1_53' title='bbox 810 1210 884 1271; x_wconf 91' lang='lat' dir='ltr'>ad</span> <span class='ocrx_word' id='word_1_54' title='bbox 916 1220 975 1273; x_wconf 91' lang='lat' dir='ltr'>te</span> <span class='ocrx_word' id='word_1_55' title='bbox 1000 1219 1320 1290; x_wconf 79' lang='lat' dir='ltr'>paupertas</span> <span class='ocrx_word' id='word_1_56' title='bbox 1347 1217 1628 1286; x_wconf 87' lang='lat' dir='ltr'>tanquam</span> <span class='ocrx_word' id='word_1_57' title='bbox 1664 1207 1855 1269; x_wconf 92' lang='lat' dir='ltr'>bonus</span> <span class='ocrx_word' id='word_1_58' title='bbox 1886 1226 2029 1269; x_wconf 87' lang='lat' dir='ltr'>cur-</span> 
     </span>
    </p>
   </div>
   <div class='ocr_carea' id='block_1_10' title="bbox 386 1298 2028 1375">
    <p class='ocr_par' dir='ltr' id='par_1_10' title="bbox 386 1298 2028 1375">
     <span class='ocr_line' id='line_1_10' title="bbox 386 1298 2028 1375; baseline -0.006 -8"><span class='ocrx_word' id='word_1_59' title='bbox 386 1323 488 1367; x_wconf 84' lang='lat' dir='ltr'>sor</span> <span class='ocrx_word' id='word_1_60' title='bbox 515 1302 591 1375; x_wconf 65' lang='lat'>35,</span> <span class='ocrx_word' id='word_1_61' title='bbox 626 1309 684 1362; x_wconf 89' lang='lat' dir='ltr'>et</span> <span class='ocrx_word' id='word_1_62' title='bbox 712 1299 919 1362; x_wconf 89' lang='lat' dir='ltr'>eadem</span> <span class='ocrx_word' id='word_1_63' title='bbox 955 1299 1279 1361; x_wconf 86' lang='lat' dir='ltr'>necessitas</span> <span class='ocrx_word' id='word_1_64' title='bbox 1311 1317 1444 1359; x_wconf 89' lang='lat' dir='ltr'>cum</span> <span class='ocrx_word' id='word_1_65' title='bbox 1477 1298 1784 1359; x_wconf 89' lang='lat' dir='ltr'>auctuario</span> <span class='ocrx_word' id='word_1_66' title='bbox 1817 1298 2028 1359; x_wconf 88' lang='lat' dir='ltr'>aderit.</span> 
     </span>
    </p>
   </div>
   <div class='ocr_carea' id='block_1_11' title="bbox 1745 353 2426 423">
    <p class='ocr_par' dir='ltr' id='par_1_11' title="bbox 1745 353 2426 423">
     <span class='ocr_line' id='line_1_11' title="bbox 1745 353 2426 423; baseline -0.006 0"><span class='ocrx_word' id='word_1_67' title='bbox 1745 363 1804 423; x_wconf 83' lang='lat' dir='ltr'>S.</span> <span class='ocrx_word' id='word_1_68' title='bbox 1852 361 1948 421; x_wconf 84' lang='lat' dir='ltr'><strong>BA</strong></span> <span class='ocrx_word' id='word_1_69' title='bbox 1959 356 2137 421; x_wconf 89' lang='lat' dir='ltr'>SlLII</span> <span class='ocrx_word' id='word_1_70' title='bbox 2179 353 2426 421; x_wconf 79' lang='lat' dir='ltr'><strong>MAGNI</strong></span> 
     </span>
    </p>
   </div>
   <div class='ocr_carea' id='block_1_12' title="bbox 381 493 2037 577">
    <p class='ocr_par' dir='ltr' id='par_1_12' title="bbox 381 493 2022 577">
     <span class='ocr_line' id='line_1_12' title="bbox 381 493 2022 577; baseline -0.004 -16"><span class='ocrx_word' id='word_1_71' title='bbox 381 500 513 562; x_wconf 92' lang='lat' dir='ltr'>culo</span> <span class='ocrx_word' id='word_1_72' title='bbox 538 500 589 559; x_wconf 90' lang='lat' dir='ltr'>si</span> <span class='ocrx_word' id='word_1_73' title='bbox 619 496 1029 577; x_wconf 87' lang='lat' dir='ltr'>progrederis,</span> <span class='ocrx_word' id='word_1_74' title='bbox 1094 496 1273 557; x_wconf 89' lang='lat' dir='ltr'>trahit</span> <span class='ocrx_word' id='word_1_75' title='bbox 1321 502 1379 557; x_wconf 90' lang='lat' dir='ltr'>te</span> <span class='ocrx_word' id='word_1_76' title='bbox 1409 497 1480 556; x_wconf 85' lang='lat' dir='ltr'>ad</span> <span class='ocrx_word' id='word_1_77' title='bbox 1513 511 1598 570; x_wconf 88' lang='lat' dir='ltr'>se,</span> <span class='ocrx_word' id='word_1_78' title='bbox 1636 501 1695 554; x_wconf 91' lang='lat' dir='ltr'>et</span> <span class='ocrx_word' id='word_1_79' title='bbox 1724 493 1971 555; x_wconf 85' lang='lat' dir='ltr'>adducit</span> <span class='ocrx_word' id='word_1_80' title='bbox 2007 514 2022 568; x_wconf 90' lang='lat'><strong>;</strong></span> 
     </span>
    </p>
   </div>
   <div class='ocr_carea' id='block_1_13' title="bbox 2129 493 2574 577">
    <p class='ocr_par' dir='ltr' id='par_1_13' title="bbox 2129 493 2574 571">
     <span class='ocr_line' id='line_1_13' title="bbox 2129 493 2574 571; baseline 0.002 -21"><span class='ocrx_word' id='word_1_81' title='bbox 2129 493 2574 571; x_wconf 72' lang='grc' dir='ltr'>πολυπραγμονεῖ.</span> 
     </span>
    </p>
   </div>
   <div class='ocr_carea' id='block_1_14' title="bbox 3652 360 3771 424">
    <p class='ocr_par' dir='ltr' id='par_1_14' title="bbox 3652 360 3771 424">
     <span class='ocr_line' id='line_1_14' title="bbox 3652 360 3771 424; baseline 0 -1"><span class='ocrx_word' id='word_1_82' title='bbox 3652 360 3771 424; x_wconf 80' lang='lat'><strong>272</strong></span> 
     </span>
    </p>
   </div>
   <div class='ocr_carea' id='block_1_15' title="bbox 2659 490 3768 574">
    <p class='ocr_par' dir='ltr' id='par_1_15' title="bbox 2659 490 3768 574">
     <span class='ocr_line' id='line_1_15' title="bbox 2659 490 3768 574; baseline 0.003 -23"><span class='ocrx_word' id='word_1_83' title='bbox 2659 490 2785 551; x_wconf 79' lang='grc' dir='ltr'>Ἐὰν</span> <span class='ocrx_word' id='word_1_84' title='bbox 2868 496 3069 574; x_wconf 80' lang='grc' dir='ltr'>προίῇς</span> <span class='ocrx_word' id='word_1_85' title='bbox 3126 517 3219 551; x_wconf 90' lang='grc' dir='ltr'>του</span> <span class='ocrx_word' id='word_1_86' title='bbox 3270 496 3561 571; x_wconf 74' lang='grc' dir='ltr'>δωματίου,</span> <span class='ocrx_word' id='word_1_87' title='bbox 3623 497 3768 554; x_wconf 77' lang='grc' dir='ltr'>ἕλκει</span> 
     </span>
    </p>
   </div>
   <div class='ocr_carea' id='block_1_16' title="bbox 2117 582 3767 661">
    <p class='ocr_par' dir='ltr' id='par_1_16' title="bbox 2117 582 3767 661">
     <span class='ocr_line' id='line_1_16' title="bbox 2117 582 3767 661; baseline 0.003 -22"><span class='ocrx_word' id='word_1_88' title='bbox 2117 585 2243 661; x_wconf 84' lang='grc' dir='ltr'>πρὸς</span> <span class='ocrx_word' id='word_1_89' title='bbox 2305 583 2489 638; x_wconf 74' lang='grc' dir='ltr'>ἑαυτὸν</span> <span class='ocrx_word' id='word_1_90' title='bbox 2548 582 2633 639; x_wconf 81' lang='grc' dir='ltr'>καὶ</span> <span class='ocrx_word' id='word_1_91' title='bbox 2684 584 2988 661; x_wconf 83' lang='grc' dir='ltr'>κατασύρει’</span> <span class='ocrx_word' id='word_1_92' title='bbox 3035 584 3126 640; x_wconf 81' lang='grc' dir='ltr'>ἐὰν</span> <span class='ocrx_word' id='word_1_93' title='bbox 3159 584 3305 642; x_wconf 81' lang='grc' dir='ltr'>ἔνδον</span> <span class='ocrx_word' id='word_1_94' title='bbox 3344 588 3564 643; x_wconf 84' lang='grc' dir='ltr'>σεαυτὸν</span> <span class='ocrx_word' id='word_1_95' title='bbox 3594 609 3767 644; x_wconf 73' lang='grc' dir='ltr'>κατασ-</span> 
     </span>
    </p>
   </div>
   <div class='ocr_carea' id='block_1_17' title="bbox 2114 673 3766 754">
    <p class='ocr_par' dir='ltr' id='par_1_17' title="bbox 2114 673 3766 754">
     <span class='ocr_line' id='line_1_17' title="bbox 2114 673 3766 754; baseline 0.002 -26"><span class='ocrx_word' id='word_1_96' title='bbox 2114 675 2343 751; x_wconf 68' lang='grc' dir='ltr'>κρύψῃς,</span> <span class='ocrx_word' id='word_1_97' title='bbox 2403 673 2665 750; x_wconf 73' lang='grc' dir='ltr'>ἒφέστηκε</span> <span class='ocrx_word' id='word_1_98' title='bbox 2708 674 2775 748; x_wconf 77' lang='grc' dir='ltr'>τῇ</span> <span class='ocrx_word' id='word_1_99' title='bbox 2834 675 2993 754; x_wconf 74' lang='grc' dir='ltr'>οίκίᾳ,</span> <span class='ocrx_word' id='word_1_100' title='bbox 3068 679 3153 730; x_wconf 86' lang='grc' dir='ltr'>καὶ</span> <span class='ocrx_word' id='word_1_101' title='bbox 3203 678 3603 752; x_wconf 71' lang='grc' dir='ltr'>θυροκρουστεῖ.</span> <span class='ocrx_word' id='word_1_102' title='bbox 3637 675 3766 734; x_wconf 84' lang='grc' dir='ltr'>Ἐπὶ</span> 
     </span>
    </p>
   </div>
   <div class='ocr_carea' id='block_1_18' title="bbox 2114 760 3763 843">
    <p class='ocr_par' dir='ltr' id='par_1_18' title="bbox 2114 760 3763 843">
     <span class='ocr_line' id='line_1_18' title="bbox 2114 760 3763 843; baseline 0.003 -26"><span class='ocrx_word' id='word_1_103' title='bbox 2114 766 2352 838; x_wconf 72' lang='grc' dir='ltr'>γαμετῆς</span> <span class='ocrx_word' id='word_1_104' title='bbox 2404 760 2773 841; x_wconf 66' lang='grc' dir='ltr'>καταισχύνει,</span> <span class='ocrx_word' id='word_1_105' title='bbox 2831 762 2913 818; x_wconf 83' lang='grc' dir='ltr'>ἐπὶ</span> <span class='ocrx_word' id='word_1_106' title='bbox 2945 764 3110 842; x_wconf 80' lang='grc' dir='ltr'>φίλων</span> <span class='ocrx_word' id='word_1_107' title='bbox 3172 763 3487 843; x_wconf 69' lang='grc' dir='ltr'>καθυϐρίζει,</span> <span class='ocrx_word' id='word_1_108' title='bbox 3522 765 3576 821; x_wconf 81' lang='grc' dir='ltr'>ἐν</span> <span class='ocrx_word' id='word_1_109' title='bbox 3634 780 3763 829; x_wconf 89' lang='grc' dir='ltr'>ταῖς</span> 
     </span>
    </p>
   </div>
   <div class='ocr_carea' id='block_1_19' title="bbox 2114 851 3773 930">
    <p class='ocr_par' dir='ltr' id='par_1_19' title="bbox 2114 851 3773 930">
     <span class='ocr_line' id='line_1_19' title="bbox 2114 851 3773 930; baseline 0.001 -25"><span class='ocrx_word' id='word_1_110' title='bbox 2114 851 2339 927; x_wconf 75' lang='grc' dir='ltr'>ἀγοραῖς</span> <span class='ocrx_word' id='word_1_111' title='bbox 2399 851 2579 930; x_wconf 81' lang='grc' dir='ltr'>ἄγχει·</span> <span class='ocrx_word' id='word_1_112' title='bbox 2658 853 2823 907; x_wconf 80' lang='grc' dir='ltr'>κακὸν</span> <span class='ocrx_word' id='word_1_113' title='bbox 2900 854 3210 927; x_wconf 77' lang='grc' dir='ltr'>συνάντημα</span> <span class='ocrx_word' id='word_1_114' title='bbox 3272 855 3485 930; x_wconf 83' lang='grc' dir='ltr'>ἑορτῆς⁸</span> <span class='ocrx_word' id='word_1_115' title='bbox 3546 851 3773 911; x_wconf 78' lang='grc' dir='ltr'>ἀϐίωτόν</span> 
     </span>
    </p>
   </div>
   <div class='ocr_carea' id='block_1_20' title="bbox 2118 938 3774 1022">
    <p class='ocr_par' dir='ltr' id='par_1_20' title="bbox 2118 938 3774 1022">
     <span class='ocr_line' id='line_1_20' title="bbox 2118 938 3774 1022; baseline 0.002 -28"><span class='ocrx_word' id='word_1_116' title='bbox 2118 962 2197 995; x_wconf 86' lang='grc' dir='ltr'>σοι</span> <span class='ocrx_word' id='word_1_117' title='bbox 2255 938 2365 1009; x_wconf 73' lang='grc'>(40)</span> <span class='ocrx_word' id='word_1_118' title='bbox 2429 941 2817 1009; x_wconf 67' lang='grc' dir='ltr'>κατασκευάζει</span> <span class='ocrx_word' id='word_1_119' title='bbox 2871 943 2962 996; x_wconf 83' lang='grc' dir='ltr'>τὸν</span> <span class='ocrx_word' id='word_1_120' title='bbox 3009 942 3145 1017; x_wconf 83' lang='grc' dir='ltr'>βίον.</span> <span class='ocrx_word' id='word_1_121' title='bbox 3182 940 3352 998; x_wconf 80' lang='grc' dir='ltr'>Ἀλλὰ</span> <span class='ocrx_word' id='word_1_122' title='bbox 3393 943 3631 1021; x_wconf 67' lang='grc' dir='ltr'>μεγάλην</span> <span class='ocrx_word' id='word_1_123' title='bbox 3667 968 3774 1022; x_wconf 74' lang='grc' dir='ltr'>φη-</span> 
     </span>
    </p>
   </div>
   <div class='ocr_carea' id='block_1_21' title="bbox 2118 1028 3765 1111">
    <p class='ocr_par' dir='ltr' id='par_1_21' title="bbox 2118 1028 3765 1111">
     <span class='ocr_line' id='line_1_21' title="bbox 2118 1028 3765 1111; baseline 0.006 -28"><span class='ocrx_word' id='word_1_124' title='bbox 2118 1031 2219 1102; x_wconf 78' lang='grc' dir='ltr'>σὶν,</span> <span class='ocrx_word' id='word_1_125' title='bbox 2277 1031 2310 1097; x_wconf 83' lang='grc' dir='ltr'>ἡ</span> <span class='ocrx_word' id='word_1_126' title='bbox 2373 1028 2604 1107; x_wconf 71' lang='grc' dir='ltr'>ἀνάγκη,</span> <span class='ocrx_word' id='word_1_127' title='bbox 2654 1030 2740 1086; x_wconf 85' lang='grc' dir='ltr'>καὶ</span> <span class='ocrx_word' id='word_1_128' title='bbox 2798 1028 2963 1095; x_wconf 70' lang='grc' dir='ltr'>οὒδεὶς</span> <span class='ocrx_word' id='word_1_129' title='bbox 3022 1032 3185 1108; x_wconf 84' lang='grc' dir='ltr'>πόρος</span> <span class='ocrx_word' id='word_1_130' title='bbox 3219 1033 3521 1111; x_wconf 74' lang='grc' dir='ltr'>χρημάτων</span> <span class='ocrx_word' id='word_1_131' title='bbox 3552 1032 3765 1110; x_wconf 79' lang='grc' dir='ltr'>ἕτερος.</span> 
     </span>
    </p>
   </div>
   <div class='ocr_carea' id='block_1_22' title="bbox 2116 1119 3772 1204">
    <p class='ocr_par' dir='ltr' id='par_1_22' title="bbox 2116 1119 3772 1204">
     <span class='ocr_line' id='line_1_22' title="bbox 2116 1119 3772 1204; baseline 0.002 -29"><span class='ocrx_word' id='word_1_132' title='bbox 2116 1120 2175 1175; x_wconf 91' lang='grc' dir='ltr'>Τί</span> <span class='ocrx_word' id='word_1_133' title='bbox 2219 1119 2306 1175; x_wconf 77' lang='grc' dir='ltr'>οὖν</span> <span class='ocrx_word' id='word_1_134' title='bbox 2377 1120 2437 1175; x_wconf 86' lang='grc' dir='ltr'>τὸ</span> <span class='ocrx_word' id='word_1_135' title='bbox 2497 1119 2687 1197; x_wconf 77' lang='grc' dir='ltr'>ὄφελος</span> <span class='ocrx_word' id='word_1_136' title='bbox 2747 1119 2807 1176; x_wconf 80' lang='grc' dir='ltr'>ἐκ</span> <span class='ocrx_word' id='word_1_137' title='bbox 2854 1128 2947 1176; x_wconf 76' lang='grc' dir='ltr'>τοῦ</span> <span class='ocrx_word' id='word_1_138' title='bbox 2994 1122 3092 1188; x_wconf 82' lang='grc' dir='ltr'>τὴν</span> <span class='ocrx_word' id='word_1_139' title='bbox 3154 1122 3387 1199; x_wconf 74' lang='grc' dir='ltr'>σήμερον</span> <span class='ocrx_word' id='word_1_140' title='bbox 3413 1122 3772 1204; x_wconf 65' lang='grc' dir='ltr'>ὑπερθέσθαις</span> 
     </span>
    </p>
   </div>
   <div class='ocr_carea' id='block_1_23' title="bbox 2120 1206 3772 1293">
    <p class='ocr_par' dir='ltr' id='par_1_23' title="bbox 2120 1206 3772 1293">
     <span class='ocr_line' id='line_1_23' title="bbox 2120 1206 3772 1293; baseline 0.003 -30"><span class='ocrx_word' id='word_1_141' title='bbox 2120 1206 2284 1263; x_wconf 79' lang='grc' dir='ltr'>Πάλιν</span> <span class='ocrx_word' id='word_1_142' title='bbox 2357 1209 2455 1286; x_wconf 83' lang='grc' dir='ltr'>γὰρ</span> <span class='ocrx_word' id='word_1_143' title='bbox 2491 1207 2602 1276; x_wconf 74' lang='grc' dir='ltr'>ἣξει</span> <span class='ocrx_word' id='word_1_144' title='bbox 2661 1231 2743 1266; x_wconf 90' lang='grc' dir='ltr'>σοι</span> <span class='ocrx_word' id='word_1_145' title='bbox 2814 1211 2848 1276; x_wconf 83' lang='grc' dir='ltr'>ἡ</span> <span class='ocrx_word' id='word_1_146' title='bbox 2882 1211 3033 1265; x_wconf 82' lang='grc' dir='ltr'>πενία</span> <span class='ocrx_word' id='word_1_147' title='bbox 3065 1210 3244 1289; x_wconf 81' lang='grc' dir='ltr'>ὥσπερ</span> <span class='ocrx_word' id='word_1_148' title='bbox 3291 1211 3488 1289; x_wconf 79' lang='grc' dir='ltr'>ἀγαθὸς</span> <span class='ocrx_word' id='word_1_149' title='bbox 3521 1210 3772 1293; x_wconf 60' lang='grc' dir='ltr'>δρομεὺς,</span> 
     </span>
    </p>
   </div>
   <div class='ocr_carea' id='block_1_24' title="bbox 2118 1297 3769 1379">
    <p class='ocr_par' dir='ltr' id='par_1_24' title="bbox 2118 1297 3769 1379">
     <span class='ocr_line' id='line_1_24' title="bbox 2118 1297 3769 1379; baseline 0.005 -29"><span class='ocrx_word' id='word_1_150' title='bbox 2118 1298 2205 1352; x_wconf 87' lang='grc' dir='ltr'>καὶ</span> <span class='ocrx_word' id='word_1_151' title='bbox 2248 1300 2281 1365; x_wconf 78' lang='grc' dir='ltr'>ἡ</span> <span class='ocrx_word' id='word_1_152' title='bbox 2312 1297 2445 1365; x_wconf 68' lang='grc' dir='ltr'>αὕτη</span> <span class='ocrx_word' id='word_1_153' title='bbox 2478 1298 2684 1376; x_wconf 61' lang='grc' dir='ltr'>ἀνάγκη</span> <span class='ocrx_word' id='word_1_154' title='bbox 2732 1300 2866 1373; x_wconf 79' lang='grc' dir='ltr'>μετὰ</span> <span class='ocrx_word' id='word_1_155' title='bbox 2899 1302 3209 1377; x_wconf 74' lang='grc' dir='ltr'>προσθήγης</span> <span class='ocrx_word' id='word_1_156' title='bbox 3242 1301 3524 1379; x_wconf 79' lang='grc' dir='ltr'>παρέσται.</span> <span class='ocrx_word' id='word_1_157' title='bbox 3561 1304 3632 1359; x_wconf 84' lang='grc' dir='ltr'>Τὸ</span> <span class='ocrx_word' id='word_1_158' title='bbox 3666 1304 3769 1379; x_wconf 83' lang='grc' dir='ltr'>γὰρ</span> 
     </span>
    </p>
   </div>
   <div class='ocr_carea' id='block_1_25' title="bbox 386 1385 2037 1467">
    <p class='ocr_par' dir='ltr' id='par_1_25' title="bbox 386 1387 2037 1462">
     <span class='ocr_line' id='line_1_25' title="bbox 386 1387 2037 1462; baseline -0.004 -7"><span class='ocrx_word' id='word_1_159' title='bbox 386 1396 603 1455; x_wconf 77' lang='lat' dir='ltr'>Fumus</span> <span class='ocrx_word' id='word_1_160' title='bbox 635 1391 791 1451; x_wconf 85' lang='lat' dir='ltr'>enim</span> <span class='ocrx_word' id='word_1_161' title='bbox 826 1410 945 1451; x_wconf 94' lang='lat' dir='ltr'>non</span> <span class='ocrx_word' id='word_1_162' title='bbox 979 1390 1219 1450; x_wconf 90' lang='lat' dir='ltr'>omnino</span> <span class='ocrx_word' id='word_1_163' title='bbox 1257 1388 1490 1462; x_wconf 85' lang='lat' dir='ltr'>liberat,</span> <span class='ocrx_word' id='word_1_164' title='bbox 1545 1387 1648 1449; x_wconf 90' lang='lat' dir='ltr'>sed</span> <span class='ocrx_word' id='word_1_165' title='bbox 1683 1388 1916 1448; x_wconf 89' lang='lat' dir='ltr'>consilii</span> <span class='ocrx_word' id='word_1_166' title='bbox 1979 1396 2037 1449; x_wconf 92' lang='lat' dir='ltr'>et</span> 
     </span>
    </p>
   </div>
   <div class='ocr_carea' id='block_1_26' title="bbox 2129 1385 3775 1467">
    <p class='ocr_par' dir='ltr' id='par_1_26' title="bbox 2129 1385 3775 1467">
     <span class='ocr_line' id='line_1_26' title="bbox 2129 1385 3775 1467; baseline 0.004 -26"><span class='ocrx_word' id='word_1_167' title='bbox 2129 1385 2271 1451; x_wconf 74' lang='grc' dir='ltr'>δάνος</span> <span class='ocrx_word' id='word_1_168' title='bbox 2321 1387 2417 1444; x_wconf 70' lang='grc' dir='ltr'>οὒκ</span> <span class='ocrx_word' id='word_1_169' title='bbox 2470 1387 2791 1464; x_wconf 76' lang='grc' dir='ltr'>ἀπαλλαγὴν</span> <span class='ocrx_word' id='word_1_170' title='bbox 2823 1388 3087 1461; x_wconf 74' lang='grc' dir='ltr'>παντελῆ,</span> <span class='ocrx_word' id='word_1_171' title='bbox 3123 1388 3261 1447; x_wconf 75' lang='grc' dir='ltr'>ἀλλὰ</span> <span class='ocrx_word' id='word_1_172' title='bbox 3319 1392 3511 1467; x_wconf 79' lang='grc' dir='ltr'>μικρὰν</span> <span class='ocrx_word' id='word_1_173' title='bbox 3574 1389 3775 1448; x_wconf 74' lang='grc' dir='ltr'>ἀναϐοη</span> 
     </span>
    </p>
   </div>
   <div class='ocr_carea' id='block_1_27' title="bbox 391 1476 2037 1560">
    <p class='ocr_par' dir='ltr' id='par_1_27' title="bbox 391 1477 2036 1560">
     <span class='ocr_line' id='line_1_27' title="bbox 391 1477 2036 1560; baseline -0.003 -16"><span class='ocrx_word' id='word_1_174' title='bbox 391 1481 609 1544; x_wconf 86' lang='lat' dir='ltr'>mentis</span> <span class='ocrx_word' id='word_1_175' title='bbox 642 1480 901 1560; x_wconf 79' lang='lat' dir='ltr'>inepiam</span> <span class='ocrx_word' id='word_1_176' title='bbox 932 1478 1230 1557; x_wconf 87' lang='lat' dir='ltr'>tantisper</span> <span class='ocrx_word' id='word_1_177' title='bbox 1252 1478 1464 1538; x_wconf 87' lang='lat' dir='ltr'>tardat.</span> <span class='ocrx_word' id='word_1_178' title='bbox 1501 1480 1809 1540; x_wconf 87' lang='lat' dir='ltr'>Patiamur</span> <span class='ocrx_word' id='word_1_179' title='bbox 1858 1477 2036 1539; x_wconf 88' lang='lat' dir='ltr'>hodie</span> 
     </span>
    </p>
   </div>
   <div class='ocr_carea' id='block_1_28' title="bbox 2129 1476 3773 1560">
    <p class='ocr_par' dir='ltr' id='par_1_28' title="bbox 2129 1478 3773 1560">
     <span class='ocr_line' id='line_1_28' title="bbox 2129 1478 3773 1560; baseline 0.004 -29"><span class='ocrx_word' id='word_1_180' title='bbox 2129 1478 2219 1545; x_wconf 79' lang='grc' dir='ltr'>λὴν</span> <span class='ocrx_word' id='word_1_181' title='bbox 2275 1478 2375 1545; x_wconf 74' lang='grc' dir='ltr'>τῆς</span> <span class='ocrx_word' id='word_1_182' title='bbox 2420 1478 2729 1557; x_wconf 79' lang='grc' dir='ltr'>ἀμηχανίας</span> <span class='ocrx_word' id='word_1_183' title='bbox 2774 1480 3069 1559; x_wconf 79' lang='grc' dir='ltr'>παρέχεται</span> <span class='ocrx_word' id='word_1_184' title='bbox 3132 1482 3373 1560; x_wconf 77' lang='grc' dir='ltr'>Σήμερον</span> <span class='ocrx_word' id='word_1_185' title='bbox 3414 1481 3668 1554; x_wconf 75' lang='grc' dir='ltr'>πάθωμεν</span> <span class='ocrx_word' id='word_1_186' title='bbox 3704 1483 3773 1537; x_wconf 81' lang='grc' dir='ltr'>τὰ</span> 
     </span>
    </p>
   </div>
   <div class='ocr_carea' id='block_1_29' title="bbox 392 1565 2037 1648">
    <p class='ocr_par' dir='ltr' id='par_1_29' title="bbox 392 1568 2034 1647">
     <span class='ocr_line' id='line_1_29' title="bbox 392 1568 2034 1647; baseline -0.004 -14"><span class='ocrx_word' id='word_1_187' title='bbox 392 1569 668 1633; x_wconf 85' lang='lat' dir='ltr'>duritiem</span> <span class='ocrx_word' id='word_1_188' title='bbox 704 1568 1092 1647; x_wconf 86' lang='lat' dir='ltr'>paupertatis,</span> <span class='ocrx_word' id='word_1_189' title='bbox 1119 1576 1175 1627; x_wconf 90' lang='lat' dir='ltr'>et</span> <span class='ocrx_word' id='word_1_190' title='bbox 1201 1585 1275 1627; x_wconf 92' lang='lat' dir='ltr'>ue</span> <span class='ocrx_word' id='word_1_191' title='bbox 1308 1585 1437 1628; x_wconf 89' lang='lat' dir='ltr'>eam</span> <span class='ocrx_word' id='word_1_192' title='bbox 1473 1570 1533 1626; x_wconf 91' lang='lat' dir='ltr'>in</span> <span class='ocrx_word' id='word_1_193' title='bbox 1569 1568 1704 1627; x_wconf 76' lang='grc'>110</span> <span class='ocrx_word' id='word_1_194' title='bbox 1736 1576 2034 1646; x_wconf 86' lang='lat' dir='ltr'>posterum</span> 
     </span>
    </p>
   </div>
   <div class='ocr_carea' id='block_1_30' title="bbox 2129 1565 3777 1648">
    <p class='ocr_par' dir='ltr' id='par_1_30' title="bbox 2129 1565 3777 1648">
     <span class='ocr_line' id='line_1_30' title="bbox 2129 1565 3777 1648; baseline 0.003 -27"><span class='ocrx_word' id='word_1_195' title='bbox 2129 1566 2181 1621; x_wconf 70' lang='grc' dir='ltr'>ἐκ</span> <span class='ocrx_word' id='word_1_196' title='bbox 2226 1572 2320 1633; x_wconf 77' lang='grc' dir='ltr'>τῆς</span> <span class='ocrx_word' id='word_1_197' title='bbox 2372 1565 2570 1631; x_wconf 66' lang='grc' dir='ltr'>ἐνδείας</span> <span class='ocrx_word' id='word_1_198' title='bbox 2628 1566 2883 1648; x_wconf 71' lang='grc' dir='ltr'>δυσχερῆ,</span> <span class='ocrx_word' id='word_1_199' title='bbox 2922 1571 3009 1624; x_wconf 87' lang='grc' dir='ltr'>καὶ</span> <span class='ocrx_word' id='word_1_200' title='bbox 3041 1573 3117 1644; x_wconf 69' lang='grc' dir='ltr'>μὴ</span> <span class='ocrx_word' id='word_1_201' title='bbox 3149 1569 3524 1643; x_wconf 74' lang='grc' dir='ltr'>ἀποτιθώμεθα</span> <span class='ocrx_word' id='word_1_202' title='bbox 3550 1570 3667 1641; x_wconf 78' lang='grc'><strong>(41)</strong></span> <span class='ocrx_word' id='word_1_203' title='bbox 3703 1573 3777 1634; x_wconf 84' lang='grc' dir='ltr'>εἰς</span> 
     </span>
    </p>
   </div>
   <div class='ocr_carea' id='block_1_31' title="bbox 392 1655 2037 1738">
    <p class='ocr_par' dir='ltr' id='par_1_31' title="bbox 392 1656 2037 1738">
     <span class='ocr_line' id='line_1_31' title="bbox 392 1656 2037 1738; baseline -0.004 -15"><span class='ocrx_word' id='word_1_204' title='bbox 392 1660 549 1723; x_wconf 90' lang='lat' dir='ltr'>diem</span> <span class='ocrx_word' id='word_1_205' title='bbox 585 1658 1027 1738; x_wconf 88' lang='lat' dir='ltr'>protrahamus.</span> <span class='ocrx_word' id='word_1_206' title='bbox 1064 1656 1295 1717; x_wconf 86' lang='lat' dir='ltr'>Etenim</span> <span class='ocrx_word' id='word_1_207' title='bbox 1350 1657 1395 1715; x_wconf 92' lang='lat' dir='ltr'>si</span> <span class='ocrx_word' id='word_1_208' title='bbox 1448 1665 1755 1733; x_wconf 85' lang='lat' dir='ltr'>argentum</span> <span class='ocrx_word' id='word_1_209' title='bbox 1811 1656 2037 1717; x_wconf 76' lang='lat' dir='ltr'>faenore</span> 
     </span>
    </p>
   </div>
   <div class='ocr_carea' id='block_1_32' title="bbox 2129 1655 3770 1738">
    <p class='ocr_par' dir='ltr' id='par_1_32' title="bbox 2129 1655 3770 1736">
     <span class='ocr_line' id='line_1_32' title="bbox 2129 1655 3770 1736; baseline 0.004 -25"><span class='ocrx_word' id='word_1_210' title='bbox 2129 1657 2218 1723; x_wconf 74' lang='grc' dir='ltr'>νὴν</span> <span class='ocrx_word' id='word_1_211' title='bbox 2250 1656 2449 1734; x_wconf 73' lang='grc' dir='ltr'>αὔριον,</span> <span class='ocrx_word' id='word_1_212' title='bbox 2517 1658 2603 1724; x_wconf 78' lang='grc' dir='ltr'>Μὴ</span> <span class='ocrx_word' id='word_1_213' title='bbox 2654 1655 3028 1733; x_wconf 70' lang='grc' dir='ltr'>δανεισάμενος</span> <span class='ocrx_word' id='word_1_214' title='bbox 3088 1660 3183 1731; x_wconf 68' lang='grc' dir='ltr'>μὲν</span> <span class='ocrx_word' id='word_1_215' title='bbox 3245 1662 3442 1733; x_wconf 80' lang='grc' dir='ltr'>ὁμοίως</span> <span class='ocrx_word' id='word_1_216' title='bbox 3473 1659 3567 1736; x_wconf 78' lang='grc' dir='ltr'>ἔσῃ</span> <span class='ocrx_word' id='word_1_217' title='bbox 3598 1662 3770 1727; x_wconf 76' lang='grc' dir='ltr'>πένης</span> 
     </span>
    </p>
   </div>
   <div class='ocr_carea' id='block_1_33' title="bbox 393 1745 2037 1828">
    <p class='ocr_par' dir='ltr' id='par_1_33' title="bbox 393 1745 2011 1825">
     <span class='ocr_line' id='line_1_33' title="bbox 393 1745 2011 1825; baseline -0.005 -13"><span class='ocrx_word' id='word_1_218' title='bbox 393 1769 513 1812; x_wconf 92' lang='lat' dir='ltr'>non</span> <span class='ocrx_word' id='word_1_219' title='bbox 544 1748 751 1817; x_wconf 89' lang='lat' dir='ltr'>sumis,</span> <span class='ocrx_word' id='word_1_220' title='bbox 782 1746 961 1807; x_wconf 87' lang='lat' dir='ltr'>hodle</span> <span class='ocrx_word' id='word_1_221' title='bbox 995 1754 1053 1807; x_wconf 94' lang='lat' dir='ltr'>et</span> <span class='ocrx_word' id='word_1_222' title='bbox 1084 1754 1289 1823; x_wconf 86' lang='lat' dir='ltr'>postea</span> <span class='ocrx_word' id='word_1_223' title='bbox 1318 1745 1498 1805; x_wconf 87' lang='lat' dir='ltr'>simili</span> <span class='ocrx_word' id='word_1_224' title='bbox 1536 1746 1713 1805; x_wconf 91' lang='lat' dir='ltr'>modo</span> <span class='ocrx_word' id='word_1_225' title='bbox 1748 1745 1867 1806; x_wconf 88' lang='lat' dir='ltr'>eris</span> <span class='ocrx_word' id='word_1_226' title='bbox 1900 1764 2011 1825; x_wconf 91' lang='lat' dir='ltr'>pau</span> 
     </span>
    </p>
   </div>
   <div class='ocr_carea' id='block_1_34' title="bbox 2129 1745 3779 1828">
    <p class='ocr_par' dir='ltr' id='par_1_34' title="bbox 2129 1746 3779 1828">
     <span class='ocr_line' id='line_1_34' title="bbox 2129 1746 3779 1828; baseline 0.004 -28"><span class='ocrx_word' id='word_1_227' title='bbox 2129 1746 2212 1801; x_wconf 85' lang='grc' dir='ltr'>καὶ</span> <span class='ocrx_word' id='word_1_228' title='bbox 2312 1748 2544 1824; x_wconf 80' lang='grc' dir='ltr'>σήμερον</span> <span class='ocrx_word' id='word_1_229' title='bbox 2628 1748 2717 1803; x_wconf 81' lang='grc' dir='ltr'>καὶ</span> <span class='ocrx_word' id='word_1_230' title='bbox 2774 1750 2905 1825; x_wconf 83' lang='grc' dir='ltr'>πρὸς</span> <span class='ocrx_word' id='word_1_231' title='bbox 2964 1748 3023 1804; x_wconf 82' lang='grc' dir='ltr'>τὸ</span> <span class='ocrx_word' id='word_1_232' title='bbox 3097 1747 3315 1828; x_wconf 78' lang='grc' dir='ltr'>ἐφεξῆς·</span> <span class='ocrx_word' id='word_1_233' title='bbox 3406 1749 3779 1825; x_wconf 72' lang='grc' dir='ltr'>δανεισάμενος</span> 
     </span>
    </p>
   </div>
   <div class='ocr_carea' id='block_1_35' title="bbox 392 1833 2037 1921">
    <p class='ocr_par' dir='ltr' id='par_1_35' title="bbox 392 1834 2037 1921">
     <span class='ocr_line' id='line_1_35' title="bbox 392 1834 2037 1921; baseline -0.003 -21"><span class='ocrx_word' id='word_1_234' title='bbox 392 1858 498 1921; x_wconf 91' lang='lat' dir='ltr'>per</span> <span class='ocrx_word' id='word_1_235' title='bbox 534 1855 547 1900; x_wconf 91' lang='lat'>:</span> <span class='ocrx_word' id='word_1_236' title='bbox 585 1838 631 1897; x_wconf 94' lang='lat' dir='ltr'>si</span> <span class='ocrx_word' id='word_1_237' title='bbox 665 1854 801 1897; x_wconf 89' lang='lat' dir='ltr'>vero</span> <span class='ocrx_word' id='word_1_238' title='bbox 834 1835 1043 1915; x_wconf 89' lang='lat' dir='ltr'>sumis,</span> <span class='ocrx_word' id='word_1_239' title='bbox 1068 1834 1293 1896; x_wconf 73' lang='lat' dir='ltr'>fmuore</span> <span class='ocrx_word' id='word_1_240' title='bbox 1329 1839 1738 1913; x_wconf 87' lang='lat' dir='ltr'>paupertatem</span> <span class='ocrx_word' id='word_1_241' title='bbox 1765 1844 2037 1912; x_wconf 86' lang='lat' dir='ltr'>augente,</span> 
     </span>
    </p>
   </div>
   <div class='ocr_carea' id='block_1_36' title="bbox 2129 1833 3781 1921">
    <p class='ocr_par' dir='ltr' id='par_1_36' title="bbox 2129 1833 3781 1918">
     <span class='ocr_line' id='line_1_36' title="bbox 2129 1833 3781 1918; baseline 0.004 -29"><span class='ocrx_word' id='word_1_242' title='bbox 2129 1833 2181 1889; x_wconf 76' lang='grc' dir='ltr'>δὲ</span> <span class='ocrx_word' id='word_1_243' title='bbox 2241 1836 2621 1914; x_wconf 70' lang='grc' dir='ltr'>γαλεπώτερον</span> <span class='ocrx_word' id='word_1_244' title='bbox 2648 1836 3062 1918; x_wconf 71' lang='grc' dir='ltr'>ἐκτρυχωθήσῃ,</span> <span class='ocrx_word' id='word_1_245' title='bbox 3096 1848 3190 1897; x_wconf 83' lang='grc' dir='ltr'>τοῦ</span> <span class='ocrx_word' id='word_1_246' title='bbox 3264 1842 3421 1897; x_wconf 85' lang='grc' dir='ltr'>τόκου</span> <span class='ocrx_word' id='word_1_247' title='bbox 3456 1840 3553 1905; x_wconf 74' lang='grc' dir='ltr'>τὴν</span> <span class='ocrx_word' id='word_1_248' title='bbox 3600 1840 3781 1895; x_wconf 89' lang='grc' dir='ltr'>πενίαν</span> 
     </span>
    </p>
   </div>
   <div class='ocr_carea' id='block_1_37' title="bbox 391 1922 2037 2005">
    <p class='ocr_par' dir='ltr' id='par_1_37' title="bbox 391 1922 2037 2003">
     <span class='ocr_line' id='line_1_37' title="bbox 391 1922 2037 2003; baseline -0.005 -11"><span class='ocrx_word' id='word_1_249' title='bbox 391 1926 667 1992; x_wconf 88' lang='lat' dir='ltr'>acerbius</span> <span class='ocrx_word' id='word_1_250' title='bbox 697 1922 1188 1986; x_wconf 85' lang='lat' dir='ltr'>vexabere.Nunc</span> <span class='ocrx_word' id='word_1_251' title='bbox 1220 1923 1465 2003; x_wconf 88' lang='lat' dir='ltr'>quidem</span> <span class='ocrx_word' id='word_1_252' title='bbox 1501 1923 1698 1985; x_wconf 86' lang='lat' dir='ltr'>nullus</span> <span class='ocrx_word' id='word_1_253' title='bbox 1730 1924 1836 1984; x_wconf 87' lang='lat' dir='ltr'>tibi</span> <span class='ocrx_word' id='word_1_254' title='bbox 1874 1925 2037 1985; x_wconf 87' lang='lat' dir='ltr'>vertit</span> 
     </span>
    </p>
   </div>
   <div class='ocr_carea' id='block_1_38' title="bbox 2129 1922 3780 2005">
    <p class='ocr_par' dir='ltr' id='par_1_38' title="bbox 2130 1925 3780 2005">
     <span class='ocr_line' id='line_1_38' title="bbox 2130 1925 3780 2005; baseline 0.001 -25"><span class='ocrx_word' id='word_1_255' title='bbox 2130 1927 2650 2002; x_wconf 78' lang='grc' dir='ltr'>προσεπιτείναντος.</span> <span class='ocrx_word' id='word_1_256' title='bbox 2722 1929 2815 1985; x_wconf 79' lang='grc' dir='ltr'>Καὶ</span> <span class='ocrx_word' id='word_1_257' title='bbox 2862 1930 2949 1983; x_wconf 77' lang='grc' dir='ltr'>νῦν</span> <span class='ocrx_word' id='word_1_258' title='bbox 3035 1928 3134 2004; x_wconf 76' lang='grc' dir='ltr'>μὲν</span> <span class='ocrx_word' id='word_1_259' title='bbox 3186 1925 3348 1993; x_wconf 73' lang='grc' dir='ltr'>οὐδεὶς</span> <span class='ocrx_word' id='word_1_260' title='bbox 3407 1928 3629 2005; x_wconf 82' lang='grc' dir='ltr'>ἐγκαλεῖ</span> <span class='ocrx_word' id='word_1_261' title='bbox 3697 1950 3780 1983; x_wconf 90' lang='grc' dir='ltr'>σοι</span> 
     </span>
    </p>
   </div>
   <div class='ocr_carea' id='block_1_39' title="bbox 392 2011 2037 2099">
    <p class='ocr_par' dir='ltr' id='par_1_39' title="bbox 392 2011 2037 2099">
     <span class='ocr_line' id='line_1_39' title="bbox 392 2011 2037 2099; baseline -0.005 -18"><span class='ocrx_word' id='word_1_262' title='bbox 392 2016 612 2099; x_wconf 88' lang='lat' dir='ltr'>probro</span> <span class='ocrx_word' id='word_1_263' title='bbox 659 2021 1063 2095; x_wconf 88' lang='lat' dir='ltr'>paupertatem</span> <span class='ocrx_word' id='word_1_264' title='bbox 1100 2032 1116 2089; x_wconf 88' lang='lat'><strong>;</strong></span> <span class='ocrx_word' id='word_1_265' title='bbox 1152 2011 1449 2093; x_wconf 91' lang='lat' dir='ltr'>siquidem</span> <span class='ocrx_word' id='word_1_266' title='bbox 1510 2014 1731 2073; x_wconf 91' lang='lat' dir='ltr'>malum</span> <span class='ocrx_word' id='word_1_267' title='bbox 1767 2021 1857 2074; x_wconf 93' lang='lat' dir='ltr'>est</span> <span class='ocrx_word' id='word_1_268' title='bbox 1889 2012 2037 2074; x_wconf 92' lang='lat' dir='ltr'>haud</span> 
     </span>
    </p>
   </div>
   <div class='ocr_carea' id='block_1_40' title="bbox 2129 2011 3779 2099">
    <p class='ocr_par' dir='ltr' id='par_1_40' title="bbox 2132 2015 3779 2095">
     <span class='ocr_line' id='line_1_40' title="bbox 2132 2015 3779 2095; baseline 0.002 -25"><span class='ocrx_word' id='word_1_269' title='bbox 2132 2015 2488 2093; x_wconf 82' lang='grc' dir='ltr'>πτωχεύοντι“</span> <span class='ocrx_word' id='word_1_270' title='bbox 2566 2016 2811 2073; x_wconf 68' lang='grc' dir='ltr'>ἀκούσιον</span> <span class='ocrx_word' id='word_1_271' title='bbox 2874 2018 2967 2095; x_wconf 81' lang='grc' dir='ltr'>γάρ</span> <span class='ocrx_word' id='word_1_272' title='bbox 3020 2019 3079 2073; x_wconf 85' lang='grc' dir='ltr'>τὸ</span> <span class='ocrx_word' id='word_1_273' title='bbox 3142 2018 3326 2073; x_wconf 86' lang='grc' dir='ltr'>κακόν·</span> <span class='ocrx_word' id='word_1_274' title='bbox 3364 2016 3455 2073; x_wconf 76' lang='grc' dir='ltr'>ἐάν</span> <span class='ocrx_word' id='word_1_275' title='bbox 3486 2015 3539 2073; x_wconf 77' lang='grc' dir='ltr'>δὲ</span> <span class='ocrx_word' id='word_1_276' title='bbox 3599 2018 3779 2079; x_wconf 80' lang='grc' dir='ltr'>τόκοις</span> 
     </span>
    </p>
   </div>
   <div class='ocr_carea' id='block_1_41' title="bbox 391 2101 2045 2182">
    <p class='ocr_par' dir='ltr' id='par_1_41' title="bbox 391 2101 2045 2182">
     <span class='ocr_line' id='line_1_41' title="bbox 391 2101 2045 2182; baseline -0.004 -12"><span class='ocrx_word' id='word_1_277' title='bbox 391 2107 791 2171; x_wconf 85' lang='lat' dir='ltr'>voluntarium</span> <span class='ocrx_word' id='word_1_278' title='bbox 828 2122 843 2166; x_wconf 90' lang='lat'>:</span> <span class='ocrx_word' id='word_1_279' title='bbox 880 2104 930 2164; x_wconf 92' lang='lat' dir='ltr'>si</span> <span class='ocrx_word' id='word_1_280' title='bbox 966 2121 1105 2165; x_wconf 91' lang='lat' dir='ltr'>vero</span> <span class='ocrx_word' id='word_1_281' title='bbox 1134 2103 1346 2166; x_wconf 80' lang='lat' dir='ltr'>faenori</span> <span class='ocrx_word' id='word_1_282' title='bbox 1378 2101 1564 2163; x_wconf 86' lang='lat' dir='ltr'>fueris</span> <span class='ocrx_word' id='word_1_283' title='bbox 1597 2101 1914 2182; x_wconf 78' lang='lat' dir='ltr'>obnoxius,</span> <span class='ocrx_word' id='word_1_284' title='bbox 1945 2122 2045 2164; x_wconf 87' lang='lat' dir='ltr'>ne-</span> 
     </span>
    </p>
   </div>
   <div class='ocr_carea' id='block_1_42' title="bbox 394 2191 1721 2274">
    <p class='ocr_par' dir='ltr' id='par_1_42' title="bbox 394 2191 1721 2274">
     <span class='ocr_line' id='line_1_42' title="bbox 394 2191 1721 2274; baseline -0.005 -13"><span class='ocrx_word' id='word_1_285' title='bbox 394 2218 492 2261; x_wconf 88' lang='lat' dir='ltr'>mo</span> <span class='ocrx_word' id='word_1_286' title='bbox 524 2197 644 2257; x_wconf 89' lang='lat' dir='ltr'>erit</span> <span class='ocrx_word' id='word_1_287' title='bbox 674 2194 774 2274; x_wconf 93' lang='lat' dir='ltr'>qui</span> <span class='ocrx_word' id='word_1_288' title='bbox 812 2202 870 2255; x_wconf 86' lang='lat' dir='ltr'>te</span> <span class='ocrx_word' id='word_1_289' title='bbox 902 2193 1161 2254; x_wconf 67' lang='lat' dir='ltr'>stultitiae</span> <span class='ocrx_word' id='word_1_290' title='bbox 1190 2209 1307 2255; x_wconf 90' lang='lat' dir='ltr'>non</span> <span class='ocrx_word' id='word_1_291' title='bbox 1333 2191 1721 2255; x_wconf 85' lang='lat' dir='ltr'>condemnet.</span> 
     </span>
    </p>
   </div>
   <div class='ocr_carea' id='block_1_43' title="bbox 479 2281 2047 2365">
    <p class='ocr_par' dir='ltr' id='par_1_43' title="bbox 479 2281 2047 2365">
     <span class='ocr_line' id='line_1_43' title="bbox 479 2281 2047 2365; baseline -0.004 -16"><span class='ocrx_word' id='word_1_292' title='bbox 479 2286 535 2351; x_wconf 89' lang='lat'>3.</span> <span class='ocrx_word' id='word_1_293' title='bbox 562 2284 764 2365; x_wconf 81' lang='lat' dir='ltr'>Itaque</span> <span class='ocrx_word' id='word_1_294' title='bbox 795 2301 871 2344; x_wconf 91' lang='lat' dir='ltr'>ne</span> <span class='ocrx_word' id='word_1_295' title='bbox 902 2290 1104 2343; x_wconf 90' lang='lat' dir='ltr'>nostra</span> <span class='ocrx_word' id='word_1_296' title='bbox 1126 2281 1374 2343; x_wconf 87' lang='lat' dir='ltr'>stultitia</span> <span class='ocrx_word' id='word_1_297' title='bbox 1407 2282 1575 2342; x_wconf 92' lang='lat' dir='ltr'>malis</span> <span class='ocrx_word' id='word_1_298' title='bbox 1601 2296 1817 2361; x_wconf 67' lang='lat' dir='ltr'>praeter</span> <span class='ocrx_word' id='word_1_299' title='bbox 1843 2283 2047 2343; x_wconf 89' lang='lat' dir='ltr'>volun-</span> 
     </span>
    </p>
   </div>
   <div class='ocr_carea' id='block_1_44' title="bbox 396 2370 2044 2451">
    <p class='ocr_par' dir='ltr' id='par_1_44' title="bbox 396 2370 2044 2451">
     <span class='ocr_line' id='line_1_44' title="bbox 396 2370 2044 2451; baseline -0.005 -10"><span class='ocrx_word' id='word_1_300' title='bbox 396 2386 575 2442; x_wconf 84' lang='lat' dir='ltr'>tatem</span> <span class='ocrx_word' id='word_1_301' title='bbox 608 2371 1089 2451; x_wconf 80' lang='lat' dir='ltr'>contingentibus</span> <span class='ocrx_word' id='word_1_302' title='bbox 1143 2371 1325 2432; x_wconf 88' lang='lat' dir='ltr'>etiam</span> <span class='ocrx_word' id='word_1_303' title='bbox 1380 2370 1598 2431; x_wconf 90' lang='lat' dir='ltr'>malum</span> <span class='ocrx_word' id='word_1_304' title='bbox 1653 2372 2044 2433; x_wconf 85' lang='lat' dir='ltr'>voluntarium</span> 
     </span>
    </p>
   </div>
   <div class='ocr_carea' id='block_1_45' title="bbox 397 2459 2051 2540">
    <p class='ocr_par' dir='ltr' id='par_1_45' title="bbox 397 2459 2051 2540">
     <span class='ocr_line' id='line_1_45' title="bbox 397 2459 2051 2540; baseline -0.005 -9"><span class='ocrx_word' id='word_1_305' title='bbox 397 2480 798 2531; x_wconf 87' lang='lat' dir='ltr'>accersamus.</span> <span class='ocrx_word' id='word_1_306' title='bbox 832 2461 1006 2523; x_wconf 90' lang='lat' dir='ltr'>Stulti</span> <span class='ocrx_word' id='word_1_307' title='bbox 1028 2468 1118 2520; x_wconf 87' lang='lat' dir='ltr'>est</span> <span class='ocrx_word' id='word_1_308' title='bbox 1149 2459 1334 2520; x_wconf 87' lang='lat' dir='ltr'>animi</span> <span class='ocrx_word' id='word_1_309' title='bbox 1375 2478 1438 2520; x_wconf 94' lang='lat' dir='ltr'>se</span> <span class='ocrx_word' id='word_1_310' title='bbox 1471 2478 1575 2539; x_wconf 90' lang='lat' dir='ltr'>pro</span> <span class='ocrx_word' id='word_1_311' title='bbox 1607 2480 1784 2540; x_wconf 92' lang='lat' dir='ltr'>opum</span> <span class='ocrx_word' id='word_1_312' title='bbox 1820 2462 2051 2523; x_wconf 86' lang='lat' dir='ltr'>ratione</span> 
     </span>
    </p>
   </div>
   <div class='ocr_carea' id='block_1_46' title="bbox 399 2550 2046 2631">
    <p class='ocr_par' dir='ltr' id='par_1_46' title="bbox 399 2550 2046 2631">
     <span class='ocr_line' id='line_1_46' title="bbox 399 2550 2046 2631; baseline -0.004 -12"><span class='ocrx_word' id='word_1_313' title='bbox 399 2575 515 2619; x_wconf 92' lang='lat' dir='ltr'>non</span> <span class='ocrx_word' id='word_1_314' title='bbox 545 2550 1035 2631; x_wconf 88' lang='lat' dir='ltr'>componere,sed</span> <span class='ocrx_word' id='word_1_315' title='bbox 1072 2550 1315 2610; x_wconf 90' lang='lat' dir='ltr'>incertae</span> <span class='ocrx_word' id='word_1_316' title='bbox 1344 2550 1468 2628; x_wconf 89' lang='lat' dir='ltr'>spei</span> <span class='ocrx_word' id='word_1_317' title='bbox 1529 2568 1594 2611; x_wconf 88' lang='lat' dir='ltr'>se</span> <span class='ocrx_word' id='word_1_318' title='bbox 1643 2552 2046 2630; x_wconf 78' lang='lat' dir='ltr'>committere,</span> 
     </span>
    </p>
   </div>
   <div class='ocr_carea' id='block_1_47' title="bbox 398 2637 2044 2720">
    <p class='ocr_par' dir='ltr' id='par_1_47' title="bbox 398 2637 2044 2720">
     <span class='ocr_line' id='line_1_47' title="bbox 398 2637 2044 2720; baseline -0.007 -10"><span class='ocrx_word' id='word_1_319' title='bbox 398 2666 467 2710; x_wconf 88' lang='lat' dir='ltr'>ac</span> <span class='ocrx_word' id='word_1_320' title='bbox 499 2640 875 2705; x_wconf 90' lang='lat' dir='ltr'>manifestum</span> <span class='ocrx_word' id='word_1_321' title='bbox 909 2647 965 2700; x_wconf 92' lang='lat' dir='ltr'>et</span> <span class='ocrx_word' id='word_1_322' title='bbox 995 2639 1237 2699; x_wconf 84' lang='lat' dir='ltr'>evidens</span> <span class='ocrx_word' id='word_1_323' title='bbox 1270 2637 1700 2701; x_wconf 86' lang='lat' dir='ltr'>detrimentum</span> <span class='ocrx_word' id='word_1_324' title='bbox 1764 2641 2044 2720; x_wconf 83' lang='lat' dir='ltr'>experiri.</span> 
     </span>
    </p>
   </div>
   <div class='ocr_carea' id='block_1_48' title="bbox 396 2728 2055 2813">
    <p class='ocr_par' dir='ltr' id='par_1_48' title="bbox 396 2728 2055 2813">
     <span class='ocr_line' id='line_1_48' title="bbox 396 2728 2055 2813; baseline -0.005 -13"><span class='ocrx_word' id='word_1_325' title='bbox 396 2738 525 2800; x_wconf 75' lang='lat' dir='ltr'>lam</span> <span class='ocrx_word' id='word_1_326' title='bbox 558 2731 865 2813; x_wconf 86' lang='lat' dir='ltr'>perpende</span> <span class='ocrx_word' id='word_1_327' title='bbox 894 2730 1053 2791; x_wconf 91' lang='lat' dir='ltr'>unde</span> <span class='ocrx_word' id='word_1_328' title='bbox 1105 2728 1187 2790; x_wconf 88' lang='lat' dir='ltr'>sis</span> <span class='ocrx_word' id='word_1_329' title='bbox 1242 2728 1573 2790; x_wconf 87' lang='lat' dir='ltr'>soluturus.</span> <span class='ocrx_word' id='word_1_330' title='bbox 1629 2732 1783 2792; x_wconf 87' lang='lat' dir='ltr'>Num</span> <span class='ocrx_word' id='word_1_331' title='bbox 1842 2748 1912 2791; x_wconf 84' lang='lat' dir='ltr'>ex</span> <span class='ocrx_word' id='word_1_332' title='bbox 1979 2731 2055 2791; x_wconf 93' lang='lat' dir='ltr'>iis</span> 
     </span>
    </p>
   </div>
   <div class='ocr_carea' id='block_1_49' title="bbox 2131 2105 3779 2185">
    <p class='ocr_par' dir='ltr' id='par_1_49' title="bbox 2131 2105 3779 2185">
     <span class='ocr_line' id='line_1_49' title="bbox 2131 2105 3779 2185; baseline 0.002 -26"><span class='ocrx_word' id='word_1_333' title='bbox 2131 2105 2408 2169; x_wconf 73' lang='grc' dir='ltr'>ὖπεύθυνος</span> <span class='ocrx_word' id='word_1_334' title='bbox 2463 2111 2552 2185; x_wconf 72' lang='grc' dir='ltr'>ᾖς,</span> <span class='ocrx_word' id='word_1_335' title='bbox 2608 2108 2703 2163; x_wconf 63' lang='grc' dir='ltr'>οὒκ</span> <span class='ocrx_word' id='word_1_336' title='bbox 2746 2105 2887 2162; x_wconf 79' lang='grc' dir='ltr'>ἔστιν</span> <span class='ocrx_word' id='word_1_337' title='bbox 2946 2108 3090 2171; x_wconf 88' lang='grc' dir='ltr'>ὃστις</span> <span class='ocrx_word' id='word_1_338' title='bbox 3115 2107 3172 2162; x_wconf 71' lang='grc' dir='ltr'>οὔ</span> <span class='ocrx_word' id='word_1_339' title='bbox 3224 2106 3493 2183; x_wconf 75' lang='grc' dir='ltr'>μέμψεταί</span> <span class='ocrx_word' id='word_1_340' title='bbox 3553 2129 3648 2162; x_wconf 83' lang='grc' dir='ltr'>σου</span> <span class='ocrx_word' id='word_1_341' title='bbox 3708 2108 3779 2182; x_wconf 70' lang='grc' dir='ltr'>τῇ</span> 
     </span>
    </p>
   </div>
   <div class='ocr_carea' id='block_1_50' title="bbox 2135 2192 2377 2266">
    <p class='ocr_par' dir='ltr' id='par_1_50' title="bbox 2135 2192 2377 2266">
     <span class='ocr_line' id='line_1_50' title="bbox 2135 2192 2377 2266; baseline 0.004 -19"><span class='ocrx_word' id='word_1_342' title='bbox 2135 2192 2377 2266; x_wconf 72' lang='grc' dir='ltr'>ἀϐουλίᾳ,</span> 
     </span>
    </p>
   </div>
   <div class='ocr_carea' id='block_1_51' title="bbox 2215 2281 3792 2364">
    <p class='ocr_par' dir='ltr' id='par_1_51' title="bbox 2215 2281 3792 2364">
     <span class='ocr_line' id='line_1_51' title="bbox 2215 2281 3792 2364; baseline 0.001 -23"><span class='ocrx_word' id='word_1_343' title='bbox 2215 2281 2271 2345; x_wconf 84' lang='grc'>3.</span> <span class='ocrx_word' id='word_1_344' title='bbox 2304 2286 2389 2351; x_wconf 75' lang='grc' dir='ltr'>Μὴ</span> <span class='ocrx_word' id='word_1_345' title='bbox 2420 2288 2507 2341; x_wconf 75' lang='grc' dir='ltr'>οὖν</span> <span class='ocrx_word' id='word_1_346' title='bbox 2536 2286 2668 2364; x_wconf 84' lang='grc' dir='ltr'>πρὸς</span> <span class='ocrx_word' id='word_1_347' title='bbox 2698 2298 2816 2348; x_wconf 88' lang='grc' dir='ltr'>τοῖς</span> <span class='ocrx_word' id='word_1_348' title='bbox 2862 2286 3133 2349; x_wconf 83' lang='grc' dir='ltr'>ἀκουσίοις</span> <span class='ocrx_word' id='word_1_349' title='bbox 3177 2297 3369 2351; x_wconf 77' lang='grc' dir='ltr'>κακοῖς</span> <span class='ocrx_word' id='word_1_350' title='bbox 3414 2284 3493 2341; x_wconf 78' lang='grc' dir='ltr'>ἔτι</span> <span class='ocrx_word' id='word_1_351' title='bbox 3553 2287 3640 2341; x_wconf 85' lang='grc' dir='ltr'>καὶ</span> <span class='ocrx_word' id='word_1_352' title='bbox 3700 2287 3792 2342; x_wconf 69' lang='grc' dir='ltr'>αὒ-</span> 
     </span>
    </p>
   </div>
   <div class='ocr_carea' id='block_1_52' title="bbox 2131 2373 3789 2449">
    <p class='ocr_par' dir='ltr' id='par_1_52' title="bbox 2131 2373 3789 2449">
     <span class='ocr_line' id='line_1_52' title="bbox 2131 2373 3789 2449; baseline 0.001 -20"><span class='ocrx_word' id='word_1_353' title='bbox 2131 2374 2366 2448; x_wconf 86' lang='grc' dir='ltr'>θαίρετον</span> <span class='ocrx_word' id='word_1_354' title='bbox 2417 2376 2581 2430; x_wconf 79' lang='grc' dir='ltr'>κακον</span> <span class='ocrx_word' id='word_1_355' title='bbox 2640 2374 2701 2430; x_wconf 84' lang='grc' dir='ltr'>ἐκ</span> <span class='ocrx_word' id='word_1_356' title='bbox 2745 2381 2840 2442; x_wconf 75' lang='grc' dir='ltr'>τῆς</span> <span class='ocrx_word' id='word_1_357' title='bbox 2869 2375 3131 2449; x_wconf 74' lang='grc' dir='ltr'>ἡμετέρας</span> <span class='ocrx_word' id='word_1_358' title='bbox 3189 2375 3368 2437; x_wconf 84' lang='grc' dir='ltr'>ἀνοίας</span> <span class='ocrx_word' id='word_1_359' title='bbox 3402 2373 3789 2448; x_wconf 78' lang='grc' dir='ltr'>ἐπισπασώμε-</span> 
     </span>
    </p>
   </div>
   <div class='ocr_carea' id='block_1_53' title="bbox 2134 2461 3792 2544">
    <p class='ocr_par' dir='ltr' id='par_1_53' title="bbox 2134 2461 3792 2544">
     <span class='ocr_line' id='line_1_53' title="bbox 2134 2461 3792 2544; baseline 0 -25"><span class='ocrx_word' id='word_1_360' title='bbox 2134 2466 2197 2519; x_wconf 88' lang='grc' dir='ltr'>θα</span> <span class='ocrx_word' id='word_1_361' title='bbox 2426 2465 2633 2531; x_wconf 83' lang='grc' dir='ltr'>Νηπίας</span> <span class='ocrx_word' id='word_1_362' title='bbox 2688 2467 2877 2544; x_wconf 77' lang='grc' dir='ltr'>φρενὸς</span> <span class='ocrx_word' id='word_1_363' title='bbox 2929 2464 3007 2538; x_wconf 65' lang='grc' dir='ltr'>μὴ</span> <span class='ocrx_word' id='word_1_364' title='bbox 3030 2468 3092 2520; x_wconf 75' lang='grc' dir='ltr'>ὶκ</span> <span class='ocrx_word' id='word_1_365' title='bbox 3123 2468 3227 2519; x_wconf 77' lang='grc' dir='ltr'>τών</span> <span class='ocrx_word' id='word_1_366' title='bbox 3286 2468 3565 2543; x_wconf 84' lang='grc' dir='ltr'>παρόντων</span> <span class='ocrx_word' id='word_1_367' title='bbox 3606 2465 3792 2521; x_wconf 77' lang='grc' dir='ltr'>ἑαυτὸν</span> 
     </span>
    </p>
   </div>
   <div class='ocr_carea' id='block_1_54' title="bbox 2136 2551 3788 2633">
    <p class='ocr_par' dir='ltr' id='par_1_54' title="bbox 2136 2551 3788 2633">
     <span class='ocr_line' id='line_1_54' title="bbox 2136 2551 3788 2633; baseline 0.002 -26"><span class='ocrx_word' id='word_1_368' title='bbox 2136 2551 2523 2630; x_wconf 69' lang='grc' dir='ltr'>περιστέλλειν,</span> <span class='ocrx_word' id='word_1_369' title='bbox 2569 2552 2691 2610; x_wconf 75' lang='grc' dir='ltr'>ἀλλ’</span> <span class='ocrx_word' id='word_1_370' title='bbox 2740 2552 2959 2624; x_wconf 78' lang='grc' dir='ltr'>ἀδήλοις</span> <span class='ocrx_word' id='word_1_371' title='bbox 2987 2552 3192 2611; x_wconf 65' lang='grc' dir='ltr'>ἐλπίσιν</span> <span class='ocrx_word' id='word_1_372' title='bbox 3256 2553 3615 2633; x_wconf 72' lang='grc' dir='ltr'>ἐπιτρέψαντα</span> <span class='ocrx_word' id='word_1_373' title='bbox 3678 2577 3788 2633; x_wconf 66' lang='grc' dir='ltr'>φα-</span> 
     </span>
    </p>
   </div>
   <div class='ocr_carea' id='block_1_55' title="bbox 2136 2640 3790 2721">
    <p class='ocr_par' dir='ltr' id='par_1_55' title="bbox 2136 2640 3790 2721">
     <span class='ocr_line' id='line_1_55' title="bbox 2136 2640 3790 2721; baseline 0.002 -27"><span class='ocrx_word' id='word_1_374' title='bbox 2136 2648 2285 2717; x_wconf 80' lang='grc' dir='ltr'>νερᾶς</span> <span class='ocrx_word' id='word_1_375' title='bbox 2343 2640 2550 2717; x_wconf 70' lang='grc' dir='ltr'>βλάϐης</span> <span class='ocrx_word' id='word_1_376' title='bbox 2608 2645 2695 2700; x_wconf 89' lang='grc' dir='ltr'>καὶ</span> <span class='ocrx_word' id='word_1_377' title='bbox 2774 2642 3150 2721; x_wconf 76' lang='grc' dir='ltr'>ὰναντιῤῥήτου</span> <span class='ocrx_word' id='word_1_378' title='bbox 3212 2642 3580 2718; x_wconf 71' lang='grc' dir='ltr'>κατα-τολμᾷν,</span> <span class='ocrx_word' id='word_1_379' title='bbox 3634 2642 3790 2709; x_wconf 79' lang='grc' dir='ltr'>’Ἤδη</span> 
     </span>
    </p>
   </div>
   <div class='ocr_carea' id='block_1_56' title="bbox 2135 2729 3782 2811">
    <p class='ocr_par' dir='ltr' id='par_1_56' title="bbox 2135 2729 3782 2811">
     <span class='ocr_line' id='line_1_56' title="bbox 2135 2729 3782 2811; baseline 0.001 -26"><span class='ocrx_word' id='word_1_380' title='bbox 2135 2730 2412 2805; x_wconf 85' lang='grc' dir='ltr'>βούλευσαι</span> <span class='ocrx_word' id='word_1_381' title='bbox 2457 2730 2615 2788; x_wconf 78' lang='grc' dir='ltr'>πόθεν</span> <span class='ocrx_word' id='word_1_382' title='bbox 2665 2731 2783 2811; x_wconf 76' lang='grc'>(43)</span> <span class='ocrx_word' id='word_1_383' title='bbox 2824 2732 3118 2795; x_wconf 80' lang='grc' dir='ltr'>ἀποτίσεις,</span> <span class='ocrx_word' id='word_1_384' title='bbox 3175 2729 3295 2811; x_wconf 75' lang='grc' dir='ltr'>Ἀφ’</span> <span class='ocrx_word' id='word_1_385' title='bbox 3331 2740 3403 2787; x_wconf 82' lang='grc' dir='ltr'>ὦν</span> <span class='ocrx_word' id='word_1_386' title='bbox 3434 2729 3729 2804; x_wconf 72' lang='grc' dir='ltr'>λαμϐάνεις</span> <span class='ocrx_word' id='word_1_387' title='bbox 3768 2748 3782 2805; x_wconf 86' lang='grc'><strong>;</strong></span> 
     </span>
    </p>
   </div>
   <div class='ocr_carea' id='block_1_57' title="bbox 400 2817 2037 2907">
    <p class='ocr_par' dir='ltr' id='par_1_57' title="bbox 400 2817 2037 2907">
     <span class='ocr_line' id='line_1_57' title="bbox 400 2817 2037 2907; baseline -0.005 -20"><span class='ocrx_word' id='word_1_388' title='bbox 400 2823 667 2907; x_wconf 88' lang='lat' dir='ltr'>pecuniis</span> <span class='ocrx_word' id='word_1_389' title='bbox 697 2838 843 2900; x_wconf 90' lang='lat' dir='ltr'>quas</span> <span class='ocrx_word' id='word_1_390' title='bbox 864 2819 1133 2907; x_wconf 85' lang='lat' dir='ltr'>accipis?</span> <span class='ocrx_word' id='word_1_391' title='bbox 1164 2817 1278 2907; x_wconf 69' lang='lat' dir='ltr'>Sed</span> <span class='ocrx_word' id='word_1_392' title='bbox 1314 2819 1404 2879; x_wconf 89' lang='lat' dir='ltr'>hae</span> <span class='ocrx_word' id='word_1_393' title='bbox 1429 2828 1485 2879; x_wconf 92' lang='lat' dir='ltr'>et</span> <span class='ocrx_word' id='word_1_394' title='bbox 1518 2820 1587 2880; x_wconf 90' lang='lat' dir='ltr'>ad</span> <span class='ocrx_word' id='word_1_395' title='bbox 1619 2819 2037 2882; x_wconf 81' lang='lat' dir='ltr'>necessitatetr</span> 
     </span>
    </p>
   </div>
   <div class='ocr_carea' id='block_1_58' title="bbox 2129 2817 3784 2907">
    <p class='ocr_par' dir='ltr' id='par_1_58' title="bbox 2136 2817 3784 2901">
     <span class='ocr_line' id='line_1_58' title="bbox 2136 2817 3784 2901; baseline 0 -27"><span class='ocrx_word' id='word_1_396' title='bbox 2136 2817 2286 2874; x_wconf 79' lang='grc' dir='ltr'>Ἀλλ’</span> <span class='ocrx_word' id='word_1_397' title='bbox 2345 2823 2439 2877; x_wconf 76' lang='grc' dir='ltr'>οὒκ</span> <span class='ocrx_word' id='word_1_398' title='bbox 2469 2819 2678 2897; x_wconf 78' lang='grc' dir='ltr'>ἐξαρκεῖ</span> <span class='ocrx_word' id='word_1_399' title='bbox 2708 2820 2954 2896; x_wconf 76' lang='grc' dir='ltr'>καὶπρὸς</span> <span class='ocrx_word' id='word_1_400' title='bbox 2999 2821 3098 2887; x_wconf 65' lang='grc' dir='ltr'>τὴν</span> <span class='ocrx_word' id='word_1_401' title='bbox 3141 2820 3327 2901; x_wconf 77' lang='grc' dir='ltr'>χρείαν</span> <span class='ocrx_word' id='word_1_402' title='bbox 3384 2822 3468 2875; x_wconf 84' lang='grc' dir='ltr'>καὶ</span> <span class='ocrx_word' id='word_1_403' title='bbox 3504 2822 3632 2896; x_wconf 78' lang='grc' dir='ltr'>πρὸς</span> <span class='ocrx_word' id='word_1_404' title='bbox 3686 2820 3784 2886; x_wconf 73' lang='grc' dir='ltr'>τὴν</span> 
     </span>
    </p>
   </div>
   <div class='ocr_carea' id='block_1_59' title="bbox 401 2906 2037 2986">
    <p class='ocr_par' dir='ltr' id='par_1_59' title="bbox 401 2906 2037 2982">
     <span class='ocr_line' id='line_1_59' title="bbox 401 2906 2037 2982; baseline -0.006 -5"><span class='ocrx_word' id='word_1_405' title='bbox 401 2906 795 2978; x_wconf 87' lang='lat' dir='ltr'>cohibendam</span> <span class='ocrx_word' id='word_1_406' title='bbox 822 2918 879 2969; x_wconf 92' lang='lat' dir='ltr'>et</span> <span class='ocrx_word' id='word_1_407' title='bbox 904 2908 973 2968; x_wconf 84' lang='lat' dir='ltr'>ad</span> <span class='ocrx_word' id='word_1_408' title='bbox 1003 2906 1361 2969; x_wconf 90' lang='lat' dir='ltr'>solutionem</span> <span class='ocrx_word' id='word_1_409' title='bbox 1390 2926 1507 2968; x_wconf 94' lang='lat' dir='ltr'>non</span> <span class='ocrx_word' id='word_1_410' title='bbox 1525 2908 1851 2970; x_wconf 82' lang='lat' dir='ltr'>sufficiunt.</span> <span class='ocrx_word' id='word_1_411' title='bbox 1882 2910 2037 2982; x_wconf 60' lang='lat' dir='ltr'>Quod</span> 
     </span>
    </p>
   </div>
   <div class='ocr_carea' id='block_1_60' title="bbox 2129 2906 3792 2986">
    <p class='ocr_par' dir='ltr' id='par_1_60' title="bbox 2138 2906 3792 2986">
     <span class='ocr_line' id='line_1_60' title="bbox 2138 2906 3792 2986; baseline 0.002 -24"><span class='ocrx_word' id='word_1_412' title='bbox 2138 2906 2356 2970; x_wconf 76' lang='grc' dir='ltr'>ἔκτισιν.</span> <span class='ocrx_word' id='word_1_413' title='bbox 2400 2908 2527 2965; x_wconf 81' lang='grc' dir='ltr'>Ἐὰν</span> <span class='ocrx_word' id='word_1_414' title='bbox 2558 2908 2610 2964; x_wconf 82' lang='grc' dir='ltr'>δὲ</span> <span class='ocrx_word' id='word_1_415' title='bbox 2645 2909 2710 2976; x_wconf 77' lang='grc' dir='ltr'>δὴ</span> <span class='ocrx_word' id='word_1_416' title='bbox 2742 2911 2829 2965; x_wconf 80' lang='grc' dir='ltr'>καὶ</span> <span class='ocrx_word' id='word_1_417' title='bbox 2858 2911 2980 2971; x_wconf 79' lang='grc' dir='ltr'>τοὺς</span> <span class='ocrx_word' id='word_1_418' title='bbox 3012 2910 3199 2973; x_wconf 83' lang='grc' dir='ltr'>τόκους</span> <span class='ocrx_word' id='word_1_419' title='bbox 3233 2909 3445 2986; x_wconf 78' lang='grc' dir='ltr'>λογίσῃ,</span> <span class='ocrx_word' id='word_1_420' title='bbox 3498 2908 3656 2965; x_wconf 84' lang='grc' dir='ltr'>πόθεν</span> <span class='ocrx_word' id='word_1_421' title='bbox 3724 2912 3792 2966; x_wconf 76' lang='grc' dir='ltr'>τὰ</span> 
     </span>
    </p>
   </div>
   <div class='ocr_carea' id='block_1_61' title="bbox 402 2995 2037 3079">
    <p class='ocr_par' dir='ltr' id='par_1_61' title="bbox 402 2995 2037 3076">
     <span class='ocr_line' id='line_1_61' title="bbox 402 2995 2037 3076; baseline -0.005 -10"><span class='ocrx_word' id='word_1_422' title='bbox 402 3008 450 3067; x_wconf 88' lang='lat' dir='ltr'>si</span> <span class='ocrx_word' id='word_1_423' title='bbox 478 3017 688 3064; x_wconf 84' lang='lat' dir='ltr'>usuras</span> <span class='ocrx_word' id='word_1_424' title='bbox 720 2999 893 3060; x_wconf 90' lang='lat' dir='ltr'>etiam</span> <span class='ocrx_word' id='word_1_425' title='bbox 916 2995 1476 3075; x_wconf 80' lang='lat' dir='ltr'>reputaveris,uude</span> <span class='ocrx_word' id='word_1_426' title='bbox 1499 3014 1688 3076; x_wconf 91' lang='lat' dir='ltr'>usque</span> <span class='ocrx_word' id='word_1_427' title='bbox 1711 2997 1858 3057; x_wconf 84' lang='lat' dir='ltr'>adeo</span> <span class='ocrx_word' id='word_1_428' title='bbox 1894 2998 2037 3058; x_wconf 92' lang='lat' dir='ltr'>mul-</span> 
     </span>
    </p>
   </div>
   <div class='ocr_carea' id='block_1_62' title="bbox 2129 2995 3793 3079">
    <p class='ocr_par' dir='ltr' id='par_1_62' title="bbox 2140 2998 3793 3079">
     <span class='ocr_line' id='line_1_62' title="bbox 2140 2998 3793 3079; baseline 0.003 -29"><span class='ocrx_word' id='word_1_429' title='bbox 2140 2998 2398 3077; x_wconf 78' lang='grc' dir='ltr'>χρήματα</span> <span class='ocrx_word' id='word_1_430' title='bbox 2426 3000 2497 3059; x_wconf 76' lang='grc' dir='ltr'>εἷς</span> <span class='ocrx_word' id='word_1_431' title='bbox 2530 3000 2777 3056; x_wconf 80' lang='grc' dir='ltr'>τοσοῦτον</span> <span class='ocrx_word' id='word_1_432' title='bbox 2815 2998 3439 3079; x_wconf 66' lang='grc' dir='ltr'>πολυπλασιασθήσεται,</span> <span class='ocrx_word' id='word_1_433' title='bbox 3503 3000 3640 3056; x_wconf 81' lang='grc' dir='ltr'>ὥστε</span> <span class='ocrx_word' id='word_1_434' title='bbox 3694 2998 3793 3070; x_wconf 77' lang='grc' dir='ltr'>ἰδίᾳ</span> 
     </span>
    </p>
   </div>
   <div class='ocr_carea' id='block_1_63' title="bbox 402 3081 2037 3173">
    <p class='ocr_par' dir='ltr' id='par_1_63' title="bbox 402 3084 2036 3173">
     <span class='ocr_line' id='line_1_63' title="bbox 402 3084 2036 3173; baseline -0.005 -18"><span class='ocrx_word' id='word_1_435' title='bbox 402 3090 832 3173; x_wconf 88' lang='lat' dir='ltr'>tiplicabuntur</span> <span class='ocrx_word' id='word_1_436' title='bbox 864 3084 1156 3164; x_wconf 70' lang='lat' dir='ltr'>pecuniae,</span> <span class='ocrx_word' id='word_1_437' title='bbox 1192 3094 1255 3144; x_wconf 91' lang='lat' dir='ltr'>ut</span> <span class='ocrx_word' id='word_1_438' title='bbox 1279 3104 1341 3146; x_wconf 68' lang='lat' dir='ltr'>ex</span> <span class='ocrx_word' id='word_1_439' title='bbox 1380 3104 1502 3145; x_wconf 88' lang='lat' dir='ltr'>una</span> <span class='ocrx_word' id='word_1_440' title='bbox 1533 3095 1694 3164; x_wconf 88' lang='lat' dir='ltr'>parte</span> <span class='ocrx_word' id='word_1_441' title='bbox 1718 3087 2036 3147; x_wconf 81' lang='lat' dir='ltr'>necessitat</span> 
     </span>
    </p>
   </div>
   <div class='ocr_carea' id='block_1_64' title="bbox 2129 3081 3789 3173">
    <p class='ocr_par' dir='ltr' id='par_1_64' title="bbox 2142 3087 3789 3168">
     <span class='ocr_line' id='line_1_64' title="bbox 2142 3087 3789 3168; baseline 0 -25"><span class='ocrx_word' id='word_1_442' title='bbox 2142 3087 2239 3162; x_wconf 80' lang='grc' dir='ltr'>μέν</span> <span class='ocrx_word' id='word_1_443' title='bbox 2311 3108 2404 3144; x_wconf 88' lang='grc' dir='ltr'>σου</span> <span class='ocrx_word' id='word_1_444' title='bbox 2475 3090 2777 3165; x_wconf 78' lang='grc' dir='ltr'>θεραπεύειν</span> <span class='ocrx_word' id='word_1_445' title='bbox 2810 3091 2906 3155; x_wconf 80' lang='grc' dir='ltr'>τὴν</span> <span class='ocrx_word' id='word_1_446' title='bbox 2969 3090 3178 3168; x_wconf 77' lang='grc' dir='ltr'>χρείαν,</span> <span class='ocrx_word' id='word_1_447' title='bbox 3218 3087 3318 3161; x_wconf 75' lang='grc' dir='ltr'>ἰδίᾳ</span> <span class='ocrx_word' id='word_1_448' title='bbox 3362 3087 3413 3143; x_wconf 72' lang='grc' dir='ltr'>δὲ</span> <span class='ocrx_word' id='word_1_449' title='bbox 3489 3089 3789 3166; x_wconf 69' lang='grc' dir='ltr'>ἐκπληροῦν</span> 
     </span>
    </p>
   </div>
   <div class='ocr_carea' id='block_1_65' title="bbox 401 3174 2037 3257">
    <p class='ocr_par' dir='ltr' id='par_1_65' title="bbox 401 3174 2033 3255">
     <span class='ocr_line' id='line_1_65' title="bbox 401 3174 2033 3255; baseline -0.005 -10"><span class='ocrx_word' id='word_1_450' title='bbox 401 3191 517 3245; x_wconf 81' lang='lat' dir='ltr'>tuae</span> <span class='ocrx_word' id='word_1_451' title='bbox 548 3177 922 3254; x_wconf 88' lang='lat' dir='ltr'>medeantur,</span> <span class='ocrx_word' id='word_1_452' title='bbox 956 3192 1025 3235; x_wconf 79' lang='lat' dir='ltr'>ex</span> <span class='ocrx_word' id='word_1_453' title='bbox 1073 3174 1263 3234; x_wconf 88' lang='lat' dir='ltr'>altera</span> <span class='ocrx_word' id='word_1_454' title='bbox 1292 3192 1431 3234; x_wconf 90' lang='lat' dir='ltr'>vero</span> <span class='ocrx_word' id='word_1_455' title='bbox 1465 3182 1687 3235; x_wconf 84' lang='lat' dir='ltr'>sortem</span> <span class='ocrx_word' id='word_1_456' title='bbox 1753 3176 2033 3255; x_wconf 81' lang='lat' dir='ltr'>expleant</span> 
     </span>
    </p>
   </div>
   <div class='ocr_carea' id='block_1_66' title="bbox 2129 3174 3787 3257">
    <p class='ocr_par' dir='ltr' id='par_1_66' title="bbox 2139 3176 3787 3257">
     <span class='ocr_line' id='line_1_66' title="bbox 2139 3176 3787 3257; baseline 0.001 -25"><span class='ocrx_word' id='word_1_457' title='bbox 2139 3179 2200 3233; x_wconf 82' lang='grc' dir='ltr'>τὸ</span> <span class='ocrx_word' id='word_1_458' title='bbox 2244 3176 2554 3257; x_wconf 62' lang='grc' dir='ltr'>κεφάλαιον⁹</span> <span class='ocrx_word' id='word_1_459' title='bbox 2616 3178 2805 3243; x_wconf 74' lang='grc' dir='ltr'>ἔξωθεν</span> <span class='ocrx_word' id='word_1_460' title='bbox 2828 3177 2882 3233; x_wconf 75' lang='grc' dir='ltr'>δὲ</span> <span class='ocrx_word' id='word_1_461' title='bbox 2913 3180 2999 3233; x_wconf 75' lang='grc' dir='ltr'>καὶ</span> <span class='ocrx_word' id='word_1_462' title='bbox 3031 3178 3217 3242; x_wconf 83' lang='grc' dir='ltr'>τόκους</span> <span class='ocrx_word' id='word_1_463' title='bbox 3251 3178 3549 3255; x_wconf 81' lang='grc' dir='ltr'>ἆπογεννᾷν</span> <span class='ocrx_word' id='word_1_464' title='bbox 3585 3195 3601 3251; x_wconf 83' lang='grc'><strong>;</strong></span> <span class='ocrx_word' id='word_1_465' title='bbox 3638 3178 3787 3235; x_wconf 83' lang='grc' dir='ltr'>Ἀλλ’</span> 
     </span>
    </p>
   </div>
   <div class='ocr_carea' id='block_1_67' title="bbox 403 3261 2037 3352">
    <p class='ocr_par' dir='ltr' id='par_1_67' title="bbox 403 3261 2037 3352">
     <span class='ocr_line' id='line_1_67' title="bbox 403 3261 2037 3352; baseline -0.003 -20"><span class='ocrx_word' id='word_1_466' title='bbox 403 3277 811 3352; x_wconf 63' lang='lat' dir='ltr'>praetereaque</span> <span class='ocrx_word' id='word_1_467' title='bbox 833 3261 1163 3324; x_wconf 85' lang='lat' dir='ltr'>forinsecus</span> <span class='ocrx_word' id='word_1_468' title='bbox 1188 3280 1398 3323; x_wconf 90' lang='lat' dir='ltr'>usuras</span> <span class='ocrx_word' id='word_1_469' title='bbox 1430 3264 1698 3343; x_wconf 86' lang='lat' dir='ltr'>gignant.</span> <span class='ocrx_word' id='word_1_470' title='bbox 1729 3268 1798 3326; x_wconf 83' lang='lat' dir='ltr'>At</span> <span class='ocrx_word' id='word_1_471' title='bbox 1825 3285 2037 3347; x_wconf 80' lang='lat' dir='ltr'>nequa-</span> 
     </span>
    </p>
   </div>
   <div class='ocr_carea' id='block_1_68' title="bbox 2129 3261 3795 3352">
    <p class='ocr_par' dir='ltr' id='par_1_68' title="bbox 2140 3264 3795 3346">
     <span class='ocr_line' id='line_1_68' title="bbox 2140 3264 3795 3346; baseline 0.001 -24"><span class='ocrx_word' id='word_1_472' title='bbox 2140 3268 2234 3323; x_wconf 70' lang='grc' dir='ltr'>οὒκ</span> <span class='ocrx_word' id='word_1_473' title='bbox 2256 3264 2306 3331; x_wconf 71' lang='grc' dir='ltr'>ἐξ</span> <span class='ocrx_word' id='word_1_474' title='bbox 2341 3266 2414 3322; x_wconf 82' lang='grc' dir='ltr'>ὧν</span> <span class='ocrx_word' id='word_1_475' title='bbox 2465 3265 2755 3342; x_wconf 81' lang='grc' dir='ltr'>λαμϐάνεις</span> <span class='ocrx_word' id='word_1_476' title='bbox 2814 3266 3107 3331; x_wconf 83' lang='grc' dir='ltr'>ἀποδώσεις</span> <span class='ocrx_word' id='word_1_477' title='bbox 3165 3271 3225 3324; x_wconf 84' lang='grc' dir='ltr'>τὸ</span> <span class='ocrx_word' id='word_1_478' title='bbox 3290 3266 3516 3327; x_wconf 84' lang='grc' dir='ltr'>δάνειον.</span> <span class='ocrx_word' id='word_1_479' title='bbox 3574 3268 3795 3346; x_wconf 84' lang='grc' dir='ltr'>Ἐτὲρω-</span> 
     </span>
    </p>
   </div>
   <div class='ocr_carea' id='block_1_69' title="bbox 404 3352 2037 3440">
    <p class='ocr_par' dir='ltr' id='par_1_69' title="bbox 404 3352 2037 3440">
     <span class='ocr_line' id='line_1_69' title="bbox 404 3352 2037 3440; baseline -0.001 -21"><span class='ocrx_word' id='word_1_480' title='bbox 404 3375 580 3440; x_wconf 88' lang='lat' dir='ltr'>quam</span> <span class='ocrx_word' id='word_1_481' title='bbox 612 3353 800 3427; x_wconf 83' lang='lat' dir='ltr'>exiis,</span> <span class='ocrx_word' id='word_1_482' title='bbox 862 3369 997 3429; x_wconf 62' lang='lat' dir='ltr'>quae</span> <span class='ocrx_word' id='word_1_483' title='bbox 1042 3352 1290 3432; x_wconf 89' lang='lat' dir='ltr'>accipis,</span> <span class='ocrx_word' id='word_1_484' title='bbox 1348 3361 1621 3414; x_wconf 90' lang='lat' dir='ltr'>mutuum</span> <span class='ocrx_word' id='word_1_485' title='bbox 1671 3355 1913 3416; x_wconf 86' lang='lat' dir='ltr'>reddes.</span> <span class='ocrx_word' id='word_1_486' title='bbox 1968 3357 2037 3417; x_wconf 84' lang='grc' dir='ltr'>Αι</span> 
     </span>
    </p>
   </div>
   <div class='ocr_carea' id='block_1_70' title="bbox 2129 3352 3797 3440">
    <p class='ocr_par' dir='ltr' id='par_1_70' title="bbox 2142 3354 3797 3437">
     <span class='ocr_line' id='line_1_70' title="bbox 2254 3354 3791 3378; baseline 0.001 -5"><span class='ocrx_word' id='word_1_487' title='bbox 2254 3354 2301 3373; x_wconf 56' lang='grc' dir='ltr'>’κν</span> <span class='ocrx_word' id='word_1_488' title='bbox 2414 3355 2428 3378; x_wconf 75' lang='lat'><strong>’</strong></span> <span class='ocrx_word' id='word_1_489' title='bbox 2733 3356 2759 3375; x_wconf 66' lang='grc' dir='ltr'><em>Ὗ</em></span> <span class='ocrx_word' id='word_1_490' title='bbox 3007 3356 3016 3372; x_wconf 80' lang='grc'>1</span> <span class='ocrx_word' id='word_1_491' title='bbox 3298 3358 3308 3371; x_wconf 81' lang='lat'><strong><em>\</em></strong></span> <span class='ocrx_word' id='word_1_492' title='bbox 3516 3356 3556 3377; x_wconf 58' lang='grc' dir='ltr'>οκ</span> <span class='ocrx_word' id='word_1_493' title='bbox 3781 3360 3791 3375; x_wconf 67' lang='grc'><strong>1</strong></span> 
     </span>
     <span class='ocr_line' id='line_1_71' title="bbox 2142 3356 3797 3437; baseline 0.001 -25"><span class='ocrx_word' id='word_1_494' title='bbox 2142 3360 2225 3412; x_wconf 84' lang='grc' dir='ltr'>θεν</span> <span class='ocrx_word' id='word_1_495' title='bbox 2249 3374 2301 3410; x_wconf 90' lang='grc' dir='ltr'>οε</span> <span class='ocrx_word' id='word_1_496' title='bbox 2348 3375 2363 3435; x_wconf 79' lang='grc'>;</span> <span class='ocrx_word' id='word_1_497' title='bbox 2436 3358 2651 3419; x_wconf 84' lang='grc' dir='ltr'>Εκείνας</span> <span class='ocrx_word' id='word_1_498' title='bbox 2704 3380 2791 3413; x_wconf 90' lang='grc' dir='ltr'>ουν</span> <span class='ocrx_word' id='word_1_499' title='bbox 2851 3356 3198 3431; x_wconf 84' lang='grc' dir='ltr'>ἀναμενωμεν</span> <span class='ocrx_word' id='word_1_500' title='bbox 3258 3380 3353 3420; x_wconf 81' lang='grc' dir='ltr'>τας</span> <span class='ocrx_word' id='word_1_501' title='bbox 3406 3358 3647 3437; x_wconf 64' lang='grc' dir='ltr'>ἐλπίδας,</span> <span class='ocrx_word' id='word_1_502' title='bbox 3714 3381 3797 3413; x_wconf 84' lang='grc' dir='ltr'>και</span> 
     </span>
    </p>
   </div>
   <div class='ocr_carea' id='block_1_71' title="bbox 401 3442 2037 3525">
    <p class='ocr_par' dir='ltr' id='par_1_71' title="bbox 401 3442 2037 3523">
     <span class='ocr_line' id='line_1_72' title="bbox 401 3442 2037 3523; baseline -0.002 -13"><span class='ocrx_word' id='word_1_503' title='bbox 401 3445 642 3511; x_wconf 90' lang='lat' dir='ltr'>aliunde</span> <span class='ocrx_word' id='word_1_504' title='bbox 672 3444 701 3490; x_wconf 72' lang='grc'><strong><em>⁸)</em></strong></span> <span class='ocrx_word' id='word_1_505' title='bbox 736 3442 868 3503; x_wconf 87' lang='lat' dir='ltr'>Illas</span> <span class='ocrx_word' id='word_1_506' title='bbox 890 3442 1071 3519; x_wconf 85' lang='lat' dir='ltr'>igitur</span> <span class='ocrx_word' id='word_1_507' title='bbox 1104 3451 1522 3521; x_wconf 85' lang='lat' dir='ltr'>exspectemus</span> <span class='ocrx_word' id='word_1_508' title='bbox 1554 3462 1714 3523; x_wconf 90' lang='lat' dir='ltr'>spes,</span> <span class='ocrx_word' id='word_1_509' title='bbox 1751 3464 1885 3522; x_wconf 92' lang='lat' dir='ltr'>nec,</span> <span class='ocrx_word' id='word_1_510' title='bbox 1923 3455 2037 3507; x_wconf 84' lang='lat' dir='ltr'>tan-</span> 
     </span>
    </p>
   </div>
   <div class='ocr_carea' id='block_1_72' title="bbox 2129 3442 3790 3525">
    <p class='ocr_par' dir='ltr' id='par_1_72' title="bbox 2143 3444 3790 3525">
     <span class='ocr_line' id='line_1_73' title="bbox 2143 3444 3790 3525; baseline 0.002 -26"><span class='ocrx_word' id='word_1_511' title='bbox 2143 3444 2219 3519; x_wconf 79' lang='grc' dir='ltr'><strong>μὴ</strong></span> <span class='ocrx_word' id='word_1_512' title='bbox 2279 3444 2537 3519; x_wconf 74' lang='grc' dir='ltr'>ἔλθωμεν,</span> <span class='ocrx_word' id='word_1_513' title='bbox 2597 3445 2776 3524; x_wconf 81' lang='grc' dir='ltr'>ὥσπερ</span> <span class='ocrx_word' id='word_1_514' title='bbox 2804 3448 2850 3501; x_wconf 74' lang='grc' dir='ltr'>υἱ</span> <span class='ocrx_word' id='word_1_515' title='bbox 2881 3446 3059 3525; x_wconf 72' lang='grc' dir='ltr'>ἰχθύες</span> <span class='ocrx_word' id='word_1_516' title='bbox 3092 3447 3179 3503; x_wconf 76' lang='grc' dir='ltr'>ἒπὶ</span> <span class='ocrx_word' id='word_1_517' title='bbox 3206 3448 3266 3502; x_wconf 83' lang='grc' dir='ltr'>τὸ</span> <span class='ocrx_word' id='word_1_518' title='bbox 3312 3446 3517 3525; x_wconf 75' lang='grc' dir='ltr'>δέλεαρ,</span> <span class='ocrx_word' id='word_1_519' title='bbox 3570 3446 3790 3524; x_wconf 63' lang='grc' dir='ltr'>’Ὠσπερ</span> 
     </span>
    </p>
   </div>
   <div class='ocr_carea' id='block_1_73' title="bbox 406 3530 2037 3619">
    <p class='ocr_par' dir='ltr' id='par_1_73' title="bbox 406 3530 2028 3619">
     <span class='ocr_line' id='line_1_74' title="bbox 406 3530 2028 3619; baseline -0.001 -21"><span class='ocrx_word' id='word_1_520' title='bbox 406 3554 583 3619; x_wconf 89' lang='lat' dir='ltr'>quam</span> <span class='ocrx_word' id='word_1_521' title='bbox 630 3533 847 3609; x_wconf 86' lang='lat' dir='ltr'>pisces,</span> <span class='ocrx_word' id='word_1_522' title='bbox 881 3531 953 3593; x_wconf 93' lang='lat' dir='ltr'>ad</span> <span class='ocrx_word' id='word_1_523' title='bbox 996 3530 1238 3591; x_wconf 90' lang='lat' dir='ltr'>illicium</span> <span class='ocrx_word' id='word_1_524' title='bbox 1288 3550 1703 3613; x_wconf 88' lang='lat' dir='ltr'>properemus.</span> <span class='ocrx_word' id='word_1_525' title='bbox 1759 3536 2028 3607; x_wconf 85' lang='lat' dir='ltr'>Quemad</span> 
     </span>
    </p>
   </div>
   <div class='ocr_carea' id='block_1_74' title="bbox 2129 3530 3787 3619">
    <p class='ocr_par' dir='ltr' id='par_1_74' title="bbox 2141 3534 3787 3615">
     <span class='ocr_line' id='line_1_75' title="bbox 2141 3534 3787 3615; baseline 0.001 -25"><span class='ocrx_word' id='word_1_526' title='bbox 2141 3536 2237 3612; x_wconf 68' lang='grc' dir='ltr'>γὰρ</span> <span class='ocrx_word' id='word_1_527' title='bbox 2270 3534 2467 3590; x_wconf 79' lang='grc' dir='ltr'>ἕκεῖνοι</span> <span class='ocrx_word' id='word_1_528' title='bbox 2500 3536 2634 3609; x_wconf 78' lang='grc' dir='ltr'>μετὰ</span> <span class='ocrx_word' id='word_1_529' title='bbox 2692 3541 2787 3601; x_wconf 73' lang='grc' dir='ltr'>τῆς</span> <span class='ocrx_word' id='word_1_530' title='bbox 2840 3541 3040 3615; x_wconf 74' lang='grc' dir='ltr'>τροφῆς</span> <span class='ocrx_word' id='word_1_531' title='bbox 3095 3537 3155 3591; x_wconf 83' lang='grc' dir='ltr'>τὸ</span> <span class='ocrx_word' id='word_1_532' title='bbox 3215 3534 3500 3615; x_wconf 74' lang='grc' dir='ltr'>ἄγκιστρον</span> <span class='ocrx_word' id='word_1_533' title='bbox 3558 3537 3787 3593; x_wconf 83' lang='grc' dir='ltr'>καταπί-</span> 
     </span>
    </p>
   </div>
   <div class='ocr_carea' id='block_1_75' title="bbox 408 3620 2037 3705">
    <p class='ocr_par' dir='ltr' id='par_1_75' title="bbox 408 3620 2003 3687">
     <span class='ocr_line' id='line_1_76' title="bbox 408 3620 2003 3687; baseline 0 0"><span class='ocrx_word' id='word_1_534' title='bbox 408 3624 647 3687; x_wconf 89' lang='lat' dir='ltr'>modum</span> <span class='ocrx_word' id='word_1_535' title='bbox 684 3620 843 3683; x_wconf 91' lang='lat' dir='ltr'>enim</span> <span class='ocrx_word' id='word_1_536' title='bbox 894 3620 978 3681; x_wconf 89' lang='lat' dir='ltr'>illi</span> <span class='ocrx_word' id='word_1_537' title='bbox 1029 3637 1147 3680; x_wconf 90' lang='lat' dir='ltr'>una</span> <span class='ocrx_word' id='word_1_538' title='bbox 1200 3640 1333 3681; x_wconf 88' lang='lat' dir='ltr'>cum</span> <span class='ocrx_word' id='word_1_539' title='bbox 1367 3641 1503 3683; x_wconf 87' lang='lat' dir='ltr'>esca</span> <span class='ocrx_word' id='word_1_540' title='bbox 1535 3624 1772 3685; x_wconf 90' lang='lat' dir='ltr'>hamum</span> <span class='ocrx_word' id='word_1_541' title='bbox 1798 3635 2003 3687; x_wconf 85' lang='lat' dir='ltr'>vorant</span> 
     </span>
    </p>
   </div>
   <div class='ocr_carea' id='block_1_76' title="bbox 2129 3620 3787 3705">
    <p class='ocr_par' dir='ltr' id='par_1_76' title="bbox 2141 3622 3787 3705">
     <span class='ocr_line' id='line_1_77' title="bbox 2141 3622 3787 3705; baseline 0.003 -28"><span class='ocrx_word' id='word_1_542' title='bbox 2141 3632 2345 3695; x_wconf 77' lang='grc' dir='ltr'>νοῦσιν,</span> <span class='ocrx_word' id='word_1_543' title='bbox 2386 3622 2523 3679; x_wconf 68' lang='grc' dir='ltr'>οὕτω</span> <span class='ocrx_word' id='word_1_544' title='bbox 2548 3626 2631 3679; x_wconf 72' lang='grc' dir='ltr'>καὶ</span> <span class='ocrx_word' id='word_1_545' title='bbox 2670 3622 2799 3702; x_wconf 83' lang='grc'>(44)</span> <span class='ocrx_word' id='word_1_546' title='bbox 2848 3626 3014 3699; x_wconf 69' lang='grc' dir='ltr'>ἡμεῖς</span> <span class='ocrx_word' id='word_1_547' title='bbox 3086 3623 3170 3680; x_wconf 77' lang='grc' dir='ltr'>διὰ</span> <span class='ocrx_word' id='word_1_548' title='bbox 3227 3626 3293 3681; x_wconf 82' lang='grc' dir='ltr'>τὰ</span> <span class='ocrx_word' id='word_1_549' title='bbox 3353 3628 3612 3705; x_wconf 76' lang='grc' dir='ltr'>χρήματα</span> <span class='ocrx_word' id='word_1_550' title='bbox 3672 3639 3787 3687; x_wconf 84' lang='grc' dir='ltr'>τοῖς</span> 
     </span>
    </p>
   </div>
   <div class='ocr_carea' id='block_1_77' title="bbox 405 3710 2037 3798">
    <p class='ocr_par' dir='ltr' id='par_1_77' title="bbox 405 3710 2037 3791">
     <span class='ocr_line' id='line_1_78' title="bbox 405 3710 2037 3791; baseline 0 -14"><span class='ocrx_word' id='word_1_551' title='bbox 405 3715 494 3778; x_wconf 87' lang='lat' dir='ltr'>sic</span> <span class='ocrx_word' id='word_1_552' title='bbox 521 3731 628 3773; x_wconf 88' lang='lat' dir='ltr'>nos</span> <span class='ocrx_word' id='word_1_553' title='bbox 659 3729 767 3791; x_wconf 91' lang='lat' dir='ltr'>per</span> <span class='ocrx_word' id='word_1_554' title='bbox 826 3710 1136 3789; x_wconf 90' lang='lat' dir='ltr'>pecuniam</span> <span class='ocrx_word' id='word_1_555' title='bbox 1183 3711 1405 3773; x_wconf 65' lang='lat' dir='ltr'>faenore</span> <span class='ocrx_word' id='word_1_556' title='bbox 1438 3713 1860 3791; x_wconf 79' lang='lat' dir='ltr'>transfigimur.</span> <span class='ocrx_word' id='word_1_557' title='bbox 1901 3714 2037 3777; x_wconf 87' lang='lat' dir='ltr'>Pau-</span> 
     </span>
    </p>
   </div>
   <div class='ocr_carea' id='block_1_78' title="bbox 2129 3710 3789 3798">
    <p class='ocr_par' dir='ltr' id='par_1_78' title="bbox 2139 3716 3789 3798">
     <span class='ocr_line' id='line_1_79' title="bbox 2139 3716 3789 3798; baseline -0.001 -23"><span class='ocrx_word' id='word_1_558' title='bbox 2139 3718 2319 3782; x_wconf 84' lang='grc' dir='ltr'>τόκοις</span> <span class='ocrx_word' id='word_1_559' title='bbox 2372 3717 2807 3795; x_wconf 86' lang='grc' dir='ltr'>περιπειρόμεθα,</span> <span class='ocrx_word' id='word_1_560' title='bbox 2843 3716 3100 3794; x_wconf 75' lang='grc' dir='ltr'>Οὖδεμίαν</span> <span class='ocrx_word' id='word_1_561' title='bbox 3132 3718 3394 3798; x_wconf 73' lang='grc' dir='ltr'>αἰσχύνην</span> <span class='ocrx_word' id='word_1_562' title='bbox 3429 3722 3485 3777; x_wconf 81' lang='grc' dir='ltr'>τὸ</span> <span class='ocrx_word' id='word_1_563' title='bbox 3545 3719 3789 3775; x_wconf 80' lang='grc' dir='ltr'>πένεσθαι</span> 
     </span>
    </p>
   </div>
   <div class='ocr_carea' id='block_1_79' title="bbox 408 3801 2037 3888">
    <p class='ocr_par' dir='ltr' id='par_1_79' title="bbox 408 3801 2037 3888">
     <span class='ocr_line' id='line_1_80' title="bbox 408 3801 2037 3888; baseline -0.001 -22"><span class='ocrx_word' id='word_1_564' title='bbox 408 3812 609 3888; x_wconf 77' lang='lat' dir='ltr'>pertas</span> <span class='ocrx_word' id='word_1_565' title='bbox 635 3801 1021 3882; x_wconf 89' lang='lat' dir='ltr'>ignominiam</span> <span class='ocrx_word' id='word_1_566' title='bbox 1058 3802 1281 3863; x_wconf 89' lang='lat' dir='ltr'>nullam</span> <span class='ocrx_word' id='word_1_567' title='bbox 1316 3803 1674 3876; x_wconf 75' lang='lat' dir='ltr'>affert.Quid</span> <span class='ocrx_word' id='word_1_568' title='bbox 1711 3825 1852 3881; x_wconf 81' lang='lat' dir='ltr'>ergo</span> <span class='ocrx_word' id='word_1_569' title='bbox 1890 3808 2037 3868; x_wconf 76' lang='lat' dir='ltr'>nobi:</span> 
     </span>
    </p>
   </div>
   <div class='ocr_carea' id='block_1_80' title="bbox 2129 3801 3792 3888">
    <p class='ocr_par' dir='ltr' id='par_1_80' title="bbox 2141 3805 3792 3888">
     <span class='ocr_line' id='line_1_81' title="bbox 2141 3805 3792 3888; baseline -0.001 -24"><span class='ocrx_word' id='word_1_570' title='bbox 2141 3805 2403 3885; x_wconf 76' lang='grc' dir='ltr'>προξενεῖ.</span> <span class='ocrx_word' id='word_1_571' title='bbox 2454 3807 2514 3865; x_wconf 88' lang='grc' dir='ltr'>Τί</span> <span class='ocrx_word' id='word_1_572' title='bbox 2557 3806 2645 3861; x_wconf 71' lang='grc' dir='ltr'>οὖν</span> <span class='ocrx_word' id='word_1_573' title='bbox 2675 3808 2739 3863; x_wconf 77' lang='grc' dir='ltr'>τὰ</span> <span class='ocrx_word' id='word_1_574' title='bbox 2784 3806 2843 3862; x_wconf 78' lang='grc' dir='ltr'>ἐκ</span> <span class='ocrx_word' id='word_1_575' title='bbox 2913 3814 3005 3865; x_wconf 81' lang='grc' dir='ltr'>τοῦ</span> <span class='ocrx_word' id='word_1_576' title='bbox 3059 3807 3286 3888; x_wconf 76' lang='grc' dir='ltr'>ὀφείλειν</span> <span class='ocrx_word' id='word_1_577' title='bbox 3346 3807 3517 3875; x_wconf 79' lang='grc' dir='ltr'>ὀνείδη</span> <span class='ocrx_word' id='word_1_578' title='bbox 3577 3809 3792 3870; x_wconf 76' lang='grc' dir='ltr'>ἑαυτοῖς</span> 
     </span>
    </p>
   </div>
   <div class='ocr_carea' id='block_1_81' title="bbox 409 3890 2037 3975">
    <p class='ocr_par' dir='ltr' id='par_1_81' title="bbox 409 3890 2037 3975">
     <span class='ocr_line' id='line_1_82' title="bbox 409 3890 2037 3975; baseline 0.001 -20"><span class='ocrx_word' id='word_1_579' title='bbox 409 3894 555 3975; x_wconf 89' lang='lat' dir='ltr'>ipsis</span> <span class='ocrx_word' id='word_1_580' title='bbox 586 3890 906 3972; x_wconf 90' lang='lat' dir='ltr'>opprobria</span> <span class='ocrx_word' id='word_1_581' title='bbox 926 3909 997 3951; x_wconf 92' lang='lat' dir='ltr'>ex</span> <span class='ocrx_word' id='word_1_582' title='bbox 1050 3908 1166 3952; x_wconf 67' lang='lat' dir='ltr'>tere</span> <span class='ocrx_word' id='word_1_583' title='bbox 1197 3891 1393 3953; x_wconf 90' lang='lat' dir='ltr'>alieno</span> <span class='ocrx_word' id='word_1_584' title='bbox 1431 3912 1708 3973; x_wconf 87' lang='lat' dir='ltr'>paramus</span> <span class='ocrx_word' id='word_1_585' title='bbox 1740 3902 1765 3958; x_wconf 87' lang='lat'><strong><em>?</em></strong></span> <span class='ocrx_word' id='word_1_586' title='bbox 1798 3894 2037 3957; x_wconf 77' lang='lat' dir='ltr'>Vulner:</span> 
     </span>
    </p>
   </div>
   <div class='ocr_carea' id='block_1_82' title="bbox 2129 3890 3786 3975">
    <p class='ocr_par' dir='ltr' id='par_1_82' title="bbox 2141 3894 3786 3975">
     <span class='ocr_line' id='line_1_83' title="bbox 2141 3894 3786 3975; baseline -0.002 -21"><span class='ocrx_word' id='word_1_587' title='bbox 2141 3896 2523 3967; x_wconf 81' lang='grc' dir='ltr'>προστιθέμεθα</span> <span class='ocrx_word' id='word_1_588' title='bbox 2557 3894 2679 3975; x_wconf 79' lang='grc'>(45)</span> <span class='ocrx_word' id='word_1_589' title='bbox 2721 3911 2736 3968; x_wconf 89' lang='grc'>;</span> <span class='ocrx_word' id='word_1_590' title='bbox 2770 3894 2947 3959; x_wconf 74' lang='grc' dir='ltr'>Οὒδεὶς</span> <span class='ocrx_word' id='word_1_591' title='bbox 3005 3899 3276 3972; x_wconf 80' lang='grc' dir='ltr'>τραύματα</span> <span class='ocrx_word' id='word_1_592' title='bbox 3320 3898 3572 3973; x_wconf 62' lang='grc' dir='ltr'>τραύματι</span> <span class='ocrx_word' id='word_1_593' title='bbox 3631 3899 3786 3973; x_wconf 87' lang='grc' dir='ltr'>θερα-</span> 
     </span>
    </p>
   </div>
   <div class='ocr_carea' id='block_1_83' title="bbox 408 3983 2037 4066">
    <p class='ocr_par' dir='ltr' id='par_1_83' title="bbox 408 3983 2007 4061">
     <span class='ocr_line' id='line_1_84' title="bbox 408 3983 2007 4061; baseline 0.003 -16"><span class='ocrx_word' id='word_1_594' title='bbox 408 3983 656 4045; x_wconf 91' lang='lat' dir='ltr'>vulnere</span> <span class='ocrx_word' id='word_1_595' title='bbox 688 3990 853 4041; x_wconf 91' lang='lat' dir='ltr'>curat</span> <span class='ocrx_word' id='word_1_596' title='bbox 883 3999 1083 4061; x_wconf 85' lang='lat' dir='ltr'>nemo,</span> <span class='ocrx_word' id='word_1_597' title='bbox 1118 3998 1313 4060; x_wconf 83' lang='lat' dir='ltr'>neque</span> <span class='ocrx_word' id='word_1_598' title='bbox 1374 3983 1590 4044; x_wconf 89' lang='lat' dir='ltr'>malum</span> <span class='ocrx_word' id='word_1_599' title='bbox 1653 3986 1805 4047; x_wconf 92' lang='lat' dir='ltr'>malo</span> <span class='ocrx_word' id='word_1_600' title='bbox 1836 3994 2007 4049; x_wconf 84' lang='lat' dir='ltr'>sanat</span> 
     </span>
    </p>
   </div>
   <div class='ocr_carea' id='block_1_84' title="bbox 2129 3983 3800 4066">
    <p class='ocr_par' dir='ltr' id='par_1_84' title="bbox 2142 3983 3800 4066">
     <span class='ocr_line' id='line_1_85' title="bbox 2142 3983 3800 4066; baseline -0.001 -23"><span class='ocrx_word' id='word_1_601' title='bbox 2142 3987 2313 4060; x_wconf 82' lang='grc' dir='ltr'>πεύει,</span> <span class='ocrx_word' id='word_1_602' title='bbox 2374 3983 2489 4039; x_wconf 65' lang='grc' dir='ltr'>οὐδὲ</span> <span class='ocrx_word' id='word_1_603' title='bbox 2548 3989 2699 4058; x_wconf 82' lang='grc' dir='ltr'>κακῴ</span> <span class='ocrx_word' id='word_1_604' title='bbox 2728 3986 2789 4040; x_wconf 84' lang='grc' dir='ltr'>τὸ</span> <span class='ocrx_word' id='word_1_605' title='bbox 2850 3988 3012 4041; x_wconf 81' lang='grc' dir='ltr'>κακὸν</span> <span class='ocrx_word' id='word_1_606' title='bbox 3064 3988 3228 4066; x_wconf 70' lang='grc' dir='ltr'>ἰᾶται,</span> <span class='ocrx_word' id='word_1_607' title='bbox 3290 3985 3404 4042; x_wconf 72' lang='grc' dir='ltr'>οὒδὲ</span> <span class='ocrx_word' id='word_1_608' title='bbox 3468 3986 3650 4041; x_wconf 86' lang='grc' dir='ltr'>πενίαν</span> <span class='ocrx_word' id='word_1_609' title='bbox 3711 3986 3800 4041; x_wconf 74' lang='grc' dir='ltr'>τό·</span> 
     </span>
    </p>
   </div>
   <div class='ocr_carea' id='block_1_85' title="bbox 414 4069 2037 4155">
    <p class='ocr_par' dir='ltr' id='par_1_85' title="bbox 414 4069 2037 4150">
     <span class='ocr_line' id='line_1_86' title="bbox 414 4069 2037 4150; baseline -0.001 -13"><span class='ocrx_word' id='word_1_610' title='bbox 414 4092 528 4137; x_wconf 88' lang='lat' dir='ltr'>nec</span> <span class='ocrx_word' id='word_1_611' title='bbox 582 4072 805 4132; x_wconf 89' lang='lat' dir='ltr'>foenore</span> <span class='ocrx_word' id='word_1_612' title='bbox 855 4069 1202 4131; x_wconf 88' lang='lat' dir='ltr'>sublevatur</span> <span class='ocrx_word' id='word_1_613' title='bbox 1261 4080 1601 4150; x_wconf 85' lang='lat' dir='ltr'>paupertas.</span> <span class='ocrx_word' id='word_1_614' title='bbox 1682 4074 1857 4136; x_wconf 89' lang='lat' dir='ltr'>Dives</span> <span class='ocrx_word' id='word_1_615' title='bbox 1916 4094 1980 4137; x_wconf 92' lang='lat' dir='ltr'>es</span> <span class='ocrx_word' id='word_1_616' title='bbox 2034 4086 2037 4098; x_wconf 91' lang='lat'>&#39;</span> 
     </span>
    </p>
   </div>
   <div class='ocr_carea' id='block_1_86' title="bbox 2129 4069 3800 4155">
    <p class='ocr_par' dir='ltr' id='par_1_86' title="bbox 2144 4073 3800 4155">
     <span class='ocr_line' id='line_1_87' title="bbox 2144 4073 3800 4155; baseline 0.002 -24"><span class='ocrx_word' id='word_1_617' title='bbox 2144 4098 2258 4139; x_wconf 89' lang='grc' dir='ltr'>κοις</span> <span class='ocrx_word' id='word_1_618' title='bbox 2318 4074 2715 4152; x_wconf 75' lang='grc' dir='ltr'>ἐπανορθοῦται.</span> <span class='ocrx_word' id='word_1_619' title='bbox 2775 4073 3030 4139; x_wconf 80' lang='grc' dir='ltr'>Πλούσιος</span> <span class='ocrx_word' id='word_1_620' title='bbox 3075 4080 3173 4148; x_wconf 71' lang='grc' dir='ltr'>εἰς</span> <span class='ocrx_word' id='word_1_621' title='bbox 3217 4076 3294 4151; x_wconf 79' lang='grc' dir='ltr'>μὴ</span> <span class='ocrx_word' id='word_1_622' title='bbox 3350 4073 3584 4147; x_wconf 71' lang='grc' dir='ltr'>δανείζου</span> <span class='ocrx_word' id='word_1_623' title='bbox 3641 4075 3800 4155; x_wconf 78' lang='grc'>(46).</span> 
     </span>
    </p>
   </div>
   <div class='ocr_carea' id='block_1_87' title="bbox 499 4246 1091 4327">
    <p class='ocr_par' dir='ltr' id='par_1_87' title="bbox 499 4246 1091 4327">
     <span class='ocr_line' id='line_1_88' title="bbox 499 4246 1091 4327; baseline -0.012 -14"><span class='ocrx_word' id='word_1_624' title='bbox 499 4254 566 4305; x_wconf 71' lang='lat'><strong>36</strong></span> <span class='ocrx_word' id='word_1_625' title='bbox 593 4253 768 4313; x_wconf 90' lang='lat' dir='ltr'>Prov.</span> <span class='ocrx_word' id='word_1_626' title='bbox 791 4263 958 4327; x_wconf 72' lang='lat' dir='ltr'>xxxv,</span> <span class='ocrx_word' id='word_1_627' title='bbox 992 4246 1091 4308; x_wconf 77' lang='lat'>34.</span> 
     </span>
    </p>
   </div>
   <div class='ocr_carea' id='block_1_88' title="bbox 420 4425 3805 4512">
    <p class='ocr_par' dir='ltr' id='par_1_88' title="bbox 420 4425 3805 4512">
     <span class='ocr_line' id='line_1_89' title="bbox 420 4425 3805 4512; baseline -0 -17"><span class='ocrx_word' id='word_1_628' title='bbox 420 4430 710 4495; x_wconf 87' lang='lat' dir='ltr'>indicant.</span> <span class='ocrx_word' id='word_1_629' title='bbox 745 4425 1061 4512; x_wconf 82' lang='lat' dir='ltr'>Aliquanto</span> <span class='ocrx_word' id='word_1_630' title='bbox 1095 4438 1225 4511; x_wconf 92' lang='lat' dir='ltr'>post</span> <span class='ocrx_word' id='word_1_631' title='bbox 1261 4431 1442 4493; x_wconf 91' lang='lat' dir='ltr'>editio</span> <span class='ocrx_word' id='word_1_632' title='bbox 1474 4435 1659 4512; x_wconf 85' lang='lat' dir='ltr'>Paris.</span> <span class='ocrx_word' id='word_1_633' title='bbox 1686 4450 1819 4492; x_wconf 83' lang='lat' dir='ltr'>cum</span> <span class='ocrx_word' id='word_1_634' title='bbox 1841 4430 2061 4511; x_wconf 89' lang='lat' dir='ltr'>aliqui-</span> <span class='ocrx_word' id='word_1_635' title='bbox 2092 4438 2126 4486; x_wconf 51' lang='grc' dir='ltr'><strong>τ</strong></span> <span class='ocrx_word' id='word_1_636' title='bbox 2149 4431 2287 4492; x_wconf 82' lang='lat' dir='ltr'>stris</span> <span class='ocrx_word' id='word_1_637' title='bbox 2318 4448 2457 4492; x_wconf 91' lang='lat' dir='ltr'>mss.</span> <span class='ocrx_word' id='word_1_638' title='bbox 2496 4431 2815 4512; x_wconf 89' lang='lat' dir='ltr'>reperitur:</span> <span class='ocrx_word' id='word_1_639' title='bbox 2846 4450 2967 4511; x_wconf 86' lang='lat' dir='ltr'>qua</span> <span class='ocrx_word' id='word_1_640' title='bbox 2999 4450 3116 4493; x_wconf 92' lang='lat' dir='ltr'>non</span> <span class='ocrx_word' id='word_1_641' title='bbox 3149 4430 3457 4512; x_wconf 86' lang='lat' dir='ltr'>observata</span> <span class='ocrx_word' id='word_1_642' title='bbox 3497 4432 3805 4512; x_wconf 91' lang='lat' dir='ltr'>interpres</span> 
     </span>
    </p>
   </div>
   <div class='ocr_carea' id='block_1_89' title="bbox 423 4507 2037 4591">
    <p class='ocr_par' dir='ltr' id='par_1_89' title="bbox 423 4507 2037 4591">
     <span class='ocr_line' id='line_1_90' title="bbox 423 4507 2037 4591; baseline -0.004 -18"><span class='ocrx_word' id='word_1_643' title='bbox 423 4512 542 4574; x_wconf 91' lang='lat' dir='ltr'>bus</span> <span class='ocrx_word' id='word_1_644' title='bbox 600 4526 744 4569; x_wconf 87' lang='lat' dir='ltr'>mss.</span> <span class='ocrx_word' id='word_1_645' title='bbox 796 4507 1053 4587; x_wconf 78' lang='grc' dir='ltr'>ἐφέστηκε</span> <span class='ocrx_word' id='word_1_646' title='bbox 1095 4507 1179 4588; x_wconf 52' lang='grc' dir='ltr'>τῇ</span> <span class='ocrx_word' id='word_1_647' title='bbox 1238 4512 1447 4591; x_wconf 59' lang='grc' dir='ltr'>αὖλαίᾳ,</span> <span class='ocrx_word' id='word_1_648' title='bbox 1503 4511 1620 4575; x_wconf 89' lang='lat' dir='ltr'>Sed</span> <span class='ocrx_word' id='word_1_649' title='bbox 1679 4512 1860 4574; x_wconf 81' lang='lat' dir='ltr'>Coisl.</span> <span class='ocrx_word' id='word_1_650' title='bbox 1929 4507 2037 4572; x_wconf 67' lang='lat' dir='ltr'>(Eun</span> 
     </span>
    </p>
   </div>
   <div class='ocr_carea' id='block_1_90' title="bbox 2129 4507 3805 4591">
    <p class='ocr_par' dir='ltr' id='par_1_90' title="bbox 2150 4507 3805 4591">
     <span class='ocr_line' id='line_1_91' title="bbox 2150 4507 3805 4591; baseline 0.001 -20"><span class='ocrx_word' id='word_1_651' title='bbox 2150 4522 2316 4574; x_wconf 90' lang='lat' dir='ltr'>vetus</span> <span class='ocrx_word' id='word_1_652' title='bbox 2360 4531 2393 4573; x_wconf 90' lang='lat' dir='ltr'>a</span> <span class='ocrx_word' id='word_1_653' title='bbox 2460 4507 2641 4573; x_wconf 77' lang='lat' dir='ltr'>sensu</span> <span class='ocrx_word' id='word_1_654' title='bbox 2712 4507 2974 4575; x_wconf 80' lang='lat' dir='ltr'>auctoris</span> <span class='ocrx_word' id='word_1_655' title='bbox 3024 4512 3201 4591; x_wconf 87' lang='lat' dir='ltr'>longe</span> <span class='ocrx_word' id='word_1_656' title='bbox 3230 4511 3553 4573; x_wconf 77' lang='lat' dir='ltr'>aberravit.</span> <span class='ocrx_word' id='word_1_657' title='bbox 3623 4507 3805 4575; x_wconf 75' lang='lat' dir='ltr'>Paulo</span> 
     </span>
    </p>
   </div>
   <div class='ocr_carea' id='block_1_91' title="bbox 424 4590 2037 4673">
    <p class='ocr_par' dir='ltr' id='par_1_91' title="bbox 424 4590 2037 4673">
     <span class='ocr_line' id='line_1_92' title="bbox 424 4590 2037 4673; baseline -0.004 -18"><span class='ocrx_word' id='word_1_658' title='bbox 424 4591 559 4673; x_wconf 90' lang='lat' dir='ltr'>aliis</span> <span class='ocrx_word' id='word_1_659' title='bbox 580 4605 687 4650; x_wconf 86' lang='lat' dir='ltr'>sex</span> <span class='ocrx_word' id='word_1_660' title='bbox 721 4605 865 4649; x_wconf 90' lang='lat' dir='ltr'>mss.</span> <span class='ocrx_word' id='word_1_661' title='bbox 892 4595 950 4648; x_wconf 94' lang='lat' dir='ltr'>et</span> <span class='ocrx_word' id='word_1_662' title='bbox 978 4609 1111 4653; x_wconf 90' lang='lat' dir='ltr'>cum</span> <span class='ocrx_word' id='word_1_663' title='bbox 1163 4590 1431 4655; x_wconf 90' lang='lat' dir='ltr'>editione</span> <span class='ocrx_word' id='word_1_664' title='bbox 1463 4594 1647 4655; x_wconf 90' lang='lat' dir='ltr'>Basil.</span> <span class='ocrx_word' id='word_1_665' title='bbox 1709 4594 1967 4671; x_wconf 71' lang='grc' dir='ltr'>ἐφέστηκε</span> <span class='ocrx_word' id='word_1_666' title='bbox 1998 4595 2037 4649; x_wconf 74' lang='grc' dir='ltr'>τε</span> 
     </span>
    </p>
   </div>
   <div class='ocr_carea' id='block_1_92' title="bbox 2129 4590 3220 4673">
    <p class='ocr_par' dir='ltr' id='par_1_92' title="bbox 2151 4590 3220 4673">
     <span class='ocr_line' id='line_1_93' title="bbox 2151 4590 3220 4673; baseline -0.001 -19"><span class='ocrx_word' id='word_1_667' title='bbox 2151 4600 2283 4673; x_wconf 84' lang='lat' dir='ltr'>post</span> <span class='ocrx_word' id='word_1_668' title='bbox 2310 4594 2455 4673; x_wconf 81' lang='lat' dir='ltr'>Reg.</span> <span class='ocrx_word' id='word_1_669' title='bbox 2482 4593 2786 4655; x_wconf 88' lang='lat' dir='ltr'>secundus</span> <span class='ocrx_word' id='word_1_670' title='bbox 2817 4593 2901 4650; x_wconf 76' lang='grc' dir='ltr'>ἐπὶ</span> <span class='ocrx_word' id='word_1_671' title='bbox 2945 4590 3220 4653; x_wconf 80' lang='grc' dir='ltr'>τοσουτον.</span> 
     </span>
    </p>
   </div>
   <div class='ocr_carea' id='block_1_93' title="bbox 425 4671 2037 4754">
    <p class='ocr_par' dir='ltr' id='par_1_93' title="bbox 425 4672 1249 4754">
     <span class='ocr_line' id='line_1_94' title="bbox 425 4672 1249 4754; baseline -0.004 -22"><span class='ocrx_word' id='word_1_672' title='bbox 425 4672 620 4754; x_wconf 31' lang='grc' dir='ltr'>οἰκία.-.</span> <span class='ocrx_word' id='word_1_673' title='bbox 666 4750 699 4754; x_wconf 89' lang='lat'><em>_</em></span> <span class='ocrx_word' id='word_1_674' title='bbox 1060 4748 1073 4754; x_wconf 81' lang='lat'>_</span> <span class='ocrx_word' id='word_1_675' title='bbox 1193 4752 1202 4754; x_wconf 82' lang='lat'><em>_</em></span> <span class='ocrx_word' id='word_1_676' title='bbox 1229 4750 1249 4754; x_wconf 35' lang='grc' dir='ltr'><strong>Δ</strong></span> 
     </span>
    </p>
   </div>
   <div class='ocr_carea' id='block_1_94' title="bbox 2129 4671 3704 4754">
    <p class='ocr_par' dir='ltr' id='par_1_94' title="bbox 2152 4671 3704 4754">
     <span class='ocr_line' id='line_1_95' title="bbox 2152 4671 3704 4754; baseline 0 -19"><span class='ocrx_word' id='word_1_677' title='bbox 2152 4671 2166 4673; x_wconf 68' lang='grc'><strong><em>“</em></strong></span> <span class='ocrx_word' id='word_1_678' title='bbox 2230 4671 2480 4754; x_wconf 49' lang='lat'>(440810</span> <span class='ocrx_word' id='word_1_679' title='bbox 2514 4675 2703 4754; x_wconf 86' lang='lat' dir='ltr'>major</span> <span class='ocrx_word' id='word_1_680' title='bbox 2734 4692 3048 4754; x_wconf 15' lang='lat' dir='ltr'>parsgmss.</span> <span class='ocrx_word' id='word_1_681' title='bbox 3079 4674 3256 4735; x_wconf 90' lang='lat' dir='ltr'>Deest</span> <span class='ocrx_word' id='word_1_682' title='bbox 3286 4675 3375 4754; x_wconf 75' lang='grc' dir='ltr'>καί</span> <span class='ocrx_word' id='word_1_683' title='bbox 3403 4672 3465 4732; x_wconf 93' lang='lat' dir='ltr'>in</span> <span class='ocrx_word' id='word_1_684' title='bbox 3502 4672 3704 4737; x_wconf 91' lang='lat' dir='ltr'>editis.</span> 
     </span>
    </p>
   </div>
   <div class='ocr_carea' id='block_1_95' title="bbox 533 4748 2037 4833">
    <p class='ocr_par' dir='ltr' id='par_1_95' title="bbox 533 4748 2017 4833">
     <span class='ocr_line' id='line_1_96' title="bbox 533 4748 2017 4833; baseline -0.001 -22"><span class='ocrx_word' id='word_1_685' title='bbox 666 4750 814 4833; x_wconf 62' lang='lat' dir='ltr'>Reg.</span> <span class='ocrx_word' id='word_1_686' title='bbox 849 4748 1153 4833; x_wconf 83' lang='lat' dir='ltr'>secundus</span> <span class='ocrx_word' id='word_1_687' title='bbox 1182 4750 1407 4809; x_wconf 72' lang='grc' dir='ltr'>ἀϐίωτόν</span> <span class='ocrx_word' id='word_1_688' title='bbox 1438 4777 1549 4814; x_wconf 90' lang='grc' dir='ltr'>σου.</span> <span class='ocrx_word' id='word_1_689' title='bbox 1872 4832 1879 4833; x_wconf 16' lang='lat'><em>7</em></span> <span class='ocrx_word' id='word_1_690' title='bbox 2012 4832 2017 4833; x_wconf 12' lang='grc' dir='ltr'>γ</span> 
     </span>
    </p>
   </div>
   <div class='ocr_carea' id='block_1_96' title="bbox 2129 4748 3803 4833">
    <p class='ocr_par' dir='ltr' id='par_1_96' title="bbox 2238 4748 3803 4833">
     <span class='ocr_line' id='line_1_97' title="bbox 2238 4748 3803 4833; baseline -0.003 -17"><span class='ocrx_word' id='word_1_691' title='bbox 2238 4748 2366 4830; x_wconf 71' lang='grc'>(45)</span> <span class='ocrx_word' id='word_1_692' title='bbox 2415 4748 2786 4815; x_wconf 57' lang='lat' dir='ltr'>Editi&#39;cuin</span> <span class='ocrx_word' id='word_1_693' title='bbox 2861 4752 3009 4833; x_wconf 82' lang='lat' dir='ltr'>Reg.</span> <span class='ocrx_word' id='word_1_694' title='bbox 3082 4752 3349 4816; x_wconf 91' lang='lat' dir='ltr'>secundo</span> <span class='ocrx_word' id='word_1_695' title='bbox 3412 4756 3803 4832; x_wconf 75' lang='grc' dir='ltr'>περιτιθέμεθα.</span> 
     </span>
    </p>
   </div>
   <div class='ocr_carea' id='block_1_97' title="bbox 534 4829 3804 4915">
    <p class='ocr_par' dir='ltr' id='par_1_97' title="bbox 534 4829 3804 4915">
     <span class='ocr_line' id='line_1_98' title="bbox 534 4829 3804 4915; baseline 0.001 -23"><span class='ocrx_word' id='word_1_696' title='bbox 534 4832 635 4915; x_wconf 65' lang='grc'>41)</span> <span class='ocrx_word' id='word_1_697' title='bbox 663 4829 761 4893; x_wconf 91' lang='lat' dir='ltr'>Sic</span> <span class='ocrx_word' id='word_1_698' title='bbox 792 4830 1058 4910; x_wconf 90' lang='lat' dir='ltr'>quinque</span> <span class='ocrx_word' id='word_1_699' title='bbox 1076 4834 1641 4915; x_wconf 42' lang='lat' dir='ltr'>mss1cumediiione</span> <span class='ocrx_word' id='word_1_700' title='bbox 1673 4832 2064 4895; x_wconf 83' lang='lat' dir='ltr'>Basil.E(litio</span> <span class='ocrx_word' id='word_1_701' title='bbox 2150 4836 2297 4913; x_wconf 80' lang='lat' dir='ltr'>Reg.</span> <span class='ocrx_word' id='word_1_702' title='bbox 2327 4833 2558 4915; x_wconf 81' lang='lat' dir='ltr'>primus</span> <span class='ocrx_word' id='word_1_703' title='bbox 2589 4829 2978 4912; x_wconf 74' lang='grc' dir='ltr'>προτιθέμεθαῖ</span> <span class='ocrx_word' id='word_1_704' title='bbox 3004 4839 3080 4898; x_wconf 85' lang='grc' dir='ltr'>Αι</span> <span class='ocrx_word' id='word_1_705' title='bbox 3112 4834 3375 4915; x_wconf 91' lang='lat' dir='ltr'>quinque</span> <span class='ocrx_word' id='word_1_706' title='bbox 3434 4829 3579 4915; x_wconf 85' lang='lat' dir='ltr'>mss.</span> <span class='ocrx_word' id='word_1_707' title='bbox 3630 4843 3691 4894; x_wconf 88' lang='lat' dir='ltr'>ut</span> <span class='ocrx_word' id='word_1_708' title='bbox 3748 4835 3804 4894; x_wconf 90' lang='lat' dir='ltr'>in</span> 
     </span>
    </p>
   </div>
   <div class='ocr_carea' id='block_1_98' title="bbox 425 4911 2037 4994">
    <p class='ocr_par' dir='ltr' id='par_1_98' title="bbox 425 4911 2037 4994">
     <span class='ocr_line' id='line_1_99' title="bbox 425 4911 2037 4994; baseline -0.003 -17"><span class='ocrx_word' id='word_1_709' title='bbox 425 4911 622 4994; x_wconf 80' lang='lat' dir='ltr'>Paris.</span> <span class='ocrx_word' id='word_1_710' title='bbox 646 4929 781 4973; x_wconf 90' lang='lat' dir='ltr'>cum</span> <span class='ocrx_word' id='word_1_711' title='bbox 835 4930 951 4971; x_wconf 92' lang='lat' dir='ltr'>uno</span> <span class='ocrx_word' id='word_1_712' title='bbox 1014 4920 1122 4994; x_wconf 80' lang='lat' dir='ltr'>aut</span> <span class='ocrx_word' id='word_1_713' title='bbox 1170 4911 1366 4994; x_wconf 18' lang='lat' dir='ltr'>altero,</span> <span class='ocrx_word' id='word_1_714' title='bbox 1405 4934 1514 4976; x_wconf 91' lang='lat' dir='ltr'>ms.</span> <span class='ocrx_word' id='word_1_715' title='bbox 1554 4916 1894 4988; x_wconf 78' lang='grc' dir='ltr'>ἀποθώμεθα.</span> <span class='ocrx_word' id='word_1_716' title='bbox 1936 4917 2037 4975; x_wconf 82' lang='lat' dir='ltr'>M0:</span> 
     </span>
    </p>
   </div>
   <div class='ocr_carea' id='block_1_99' title="bbox 2129 4911 3804 4994">
    <p class='ocr_par' dir='ltr' id='par_1_99' title="bbox 2151 4911 3804 4994">
     <span class='ocr_line' id='line_1_100' title="bbox 2151 4911 3804 4994; baseline -0.004 -19"><span class='ocrx_word' id='word_1_717' title='bbox 2151 4911 2594 4977; x_wconf 50' lang='lat' dir='ltr'>textuIIbidem</span> <span class='ocrx_word' id='word_1_718' title='bbox 2634 4911 2775 4978; x_wconf 90' lang='lat' dir='ltr'>mss.</span> <span class='ocrx_word' id='word_1_719' title='bbox 2811 4932 3021 4977; x_wconf 90' lang='lat' dir='ltr'>omnes</span> <span class='ocrx_word' id='word_1_720' title='bbox 3042 4911 3338 4994; x_wconf 64' lang='grc' dir='ltr'>τραῶματᾶ.</span> <span class='ocrx_word' id='word_1_721' title='bbox 3406 4914 3565 4976; x_wconf 86' lang='lat' dir='ltr'>Editi</span> <span class='ocrx_word' id='word_1_722' title='bbox 3636 4918 3804 4994; x_wconf 77' lang='grc' dir='ltr'>τραῦ-</span> 
     </span>
    </p>
   </div>
   <div class='ocr_carea' id='block_1_100' title="bbox 427 4991 2251 5075">
    <p class='ocr_par' dir='ltr' id='par_1_100' title="bbox 427 4991 2251 5075">
     <span class='ocr_line' id='line_1_101' title="bbox 427 4991 2251 5075; baseline -0.001 -15"><span class='ocrx_word' id='word_1_723' title='bbox 427 4993 595 5057; x_wconf 86' lang='lat' dir='ltr'>Colb.</span> <span class='ocrx_word' id='word_1_724' title='bbox 623 5000 865 5054; x_wconf 70' lang='lat' dir='ltr'>octavus</span> <span class='ocrx_word' id='word_1_725' title='bbox 894 4994 966 5075; x_wconf 74' lang='grc' dir='ltr'>εἷς</span> <span class='ocrx_word' id='word_1_726' title='bbox 1000 4994 1064 5047; x_wconf 80' lang='grc' dir='ltr'>τὸ</span> <span class='ocrx_word' id='word_1_727' title='bbox 1108 4991 1317 5073; x_wconf 76' lang='grc' dir='ltr'>ἐφεξῆς.</span> <span class='ocrx_word' id='word_1_728' title='bbox 1351 4992 1530 5055; x_wconf 91' lang='lat' dir='ltr'>Paulo</span> <span class='ocrx_word' id='word_1_729' title='bbox 1562 5003 1698 5075; x_wconf 90' lang='lat' dir='ltr'>post</span> <span class='ocrx_word' id='word_1_730' title='bbox 1732 4996 1886 5073; x_wconf 79' lang='lat' dir='ltr'>Reg.</span> <span class='ocrx_word' id='word_1_731' title='bbox 1945 5001 2066 5054; x_wconf 91' lang='lat' dir='ltr'>ter-</span> <span class='ocrx_word' id='word_1_732' title='bbox 2153 5018 2251 5071; x_wconf 88' lang='grc' dir='ltr'>μα.</span> 
     </span>
    </p>
   </div>
   <div class='ocr_carea' id='block_1_101' title="bbox 431 5072 2037 5155">
    <p class='ocr_par' dir='ltr' id='par_1_101' title="bbox 431 5072 2036 5155">
     <span class='ocr_line' id='line_1_102' title="bbox 431 5072 2036 5155; baseline -0.001 -20"><span class='ocrx_word' id='word_1_733' title='bbox 431 5076 577 5155; x_wconf 38' lang='lat' dir='ltr'>tius~</span> <span class='ocrx_word' id='word_1_734' title='bbox 610 5072 1175 5155; x_wconf 56' lang='grc' dir='ltr'>προσετκεεεκιιιε(γους’ξοςἶ</span> <span class='ocrx_word' id='word_1_735' title='bbox 1246 5075 1417 5155; x_wconf 66' lang='lat' dir='ltr'>Regii</span> <span class='ocrx_word' id='word_1_736' title='bbox 1491 5072 1699 5138; x_wconf 80' lang='lat' dir='ltr'>tertius</span> <span class='ocrx_word' id='word_1_737' title='bbox 1756 5072 1839 5136; x_wconf 9' lang='lat' dir='ltr'>et,</span> <span class='ocrx_word' id='word_1_738' title='bbox 1873 5082 2036 5136; x_wconf 88' lang='lat' dir='ltr'>sextu</span> 
     </span>
    </p>
   </div>
   <div class='ocr_carea' id='block_1_102' title="bbox 2129 5072 3798 5155">
    <p class='ocr_par' dir='ltr' id='par_1_102' title="bbox 2237 5074 3798 5155">
     <span class='ocr_line' id='line_1_103' title="bbox 2237 5074 3798 5155; baseline -0.003 -19"><span class='ocrx_word' id='word_1_739' title='bbox 2237 5075 2359 5155; x_wconf 75' lang='grc'>(46)</span> <span class='ocrx_word' id='word_1_740' title='bbox 2392 5074 2645 5155; x_wconf 76' lang='grc' dir='ltr'>Πλούσιος</span> <span class='ocrx_word' id='word_1_741' title='bbox 2679 5075 2734 5131; x_wconf 73' lang='grc' dir='ltr'>εἴ</span> <span class='ocrx_word' id='word_1_742' title='bbox 2771 5096 2785 5155; x_wconf 81' lang='grc'>;</span> <span class='ocrx_word' id='word_1_743' title='bbox 2836 5076 2913 5150; x_wconf 77' lang='grc' dir='ltr'>μὴ</span> <span class='ocrx_word' id='word_1_744' title='bbox 2972 5074 3225 5155; x_wconf 78' lang='grc' dir='ltr'>δανεὲζου.</span> <span class='ocrx_word' id='word_1_745' title='bbox 3284 5074 3637 5155; x_wconf 85' lang='lat' dir='ltr'>Legendum</span> <span class='ocrx_word' id='word_1_746' title='bbox 3663 5089 3798 5133; x_wconf 91' lang='lat' dir='ltr'>esse</span> 
     </span>
    </p>
   </div>
   <div class='ocr_carea' id='block_1_103' title="bbox 433 5150 2037 5235">
    <p class='ocr_par' dir='ltr' id='par_1_103' title="bbox 433 5150 2037 5235">
     <span class='ocr_line' id='line_1_104' title="bbox 433 5150 2037 5235; baseline 0.001 -26"><span class='ocrx_word' id='word_1_747' title='bbox 433 5150 707 5235; x_wconf 60' lang='grc' dir='ltr'>ᾆγκαλέσει</span> <span class='ocrx_word' id='word_1_748' title='bbox 780 5175 886 5210; x_wconf 85' lang='grc' dir='ltr'>σοι.</span> <span class='ocrx_word' id='word_1_749' title='bbox 951 5150 1218 5215; x_wconf 78' lang='lat' dir='ltr'>Subinde</span> <span class='ocrx_word' id='word_1_750' title='bbox 1276 5150 1422 5235; x_wconf 73' lang='lat' dir='ltr'>Rég.</span> <span class='ocrx_word' id='word_1_751' title='bbox 1485 5156 1785 5218; x_wconf 88' lang='lat' dir='ltr'>secundus</span> <span class='ocrx_word' id='word_1_752' title='bbox 1833 5164 1927 5214; x_wconf 75' lang='grc' dir='ltr'>σοῦ</span> <span class='ocrx_word' id='word_1_753' title='bbox 1974 5158 2037 5223; x_wconf 76' lang='grc' dir='ltr'>τὴ</span> 
     </span>
    </p>
   </div>
   <div class='ocr_carea' id='block_1_104' title="bbox 2129 5150 3800 5235">
    <p class='ocr_par' dir='ltr' id='par_1_104' title="bbox 2154 5150 3800 5235">
     <span class='ocr_line' id='line_1_105' title="bbox 2154 5150 3800 5235; baseline 0 -25"><span class='ocrx_word' id='word_1_754' title='bbox 2154 5150 2478 5231; x_wconf 71' lang='grc' dir='ltr'>μὴ’δάνειζε,</span> <span class='ocrx_word' id='word_1_755' title='bbox 2508 5154 2593 5216; x_wconf 82' lang='lat' dir='ltr'>Ne</span> <span class='ocrx_word' id='word_1_756' title='bbox 2612 5155 2716 5217; x_wconf 82' lang='lat' dir='ltr'>des</span> <span class='ocrx_word' id='word_1_757' title='bbox 2736 5150 2994 5235; x_wconf 68' lang='lat' dir='ltr'>faenore,</span> <span class='ocrx_word' id='word_1_758' title='bbox 3021 5154 3278 5216; x_wconf 84' lang='lat' dir='ltr'>diximus</span> <span class='ocrx_word' id='word_1_759' title='bbox 3308 5150 3519 5217; x_wconf 29' lang='lat' dir='ltr'>in&#39;not.</span> <span class='ocrx_word' id='word_1_760' title='bbox 3574 5154 3640 5214; x_wconf 87' lang='lat' dir='ltr'>ad</span> <span class='ocrx_word' id='word_1_761' title='bbox 3667 5169 3800 5235; x_wconf 81' lang='lat' dir='ltr'>ser-</span> 
     </span>
    </p>
   </div>
   <div class='ocr_carea' id='block_1_105' title="bbox 431 5232 3801 5316">
    <p class='ocr_par' dir='ltr' id='par_1_105' title="bbox 431 5232 3801 5316">
     <span class='ocr_line' id='line_1_106' title="bbox 431 5232 3801 5316; baseline 0 -26"><span class='ocrx_word' id='word_1_762' title='bbox 431 5232 732 5316; x_wconf 30' lang='grc' dir='ltr'>ἀϐουλίαντ-</span> <span class='ocrx_word' id='word_1_763' title='bbox 887 5314 897 5316; x_wconf 90' lang='lat'><strong>_</strong></span> <span class='ocrx_word' id='word_1_764' title='bbox 1372 5232 1392 5235; x_wconf 67' lang='grc'>⁷</span> <span class='ocrx_word' id='word_1_765' title='bbox 1529 5315 1532 5316; x_wconf 14' lang='grc' dir='ltr'><em>ν</em></span> <span class='ocrx_word' id='word_1_766' title='bbox 1858 5315 1861 5316; x_wconf 15' lang='grc' dir='ltr'><em>ν</em></span> <span class='ocrx_word' id='word_1_767' title='bbox 1927 5314 1962 5316; x_wconf 34' lang='grc' dir='ltr'><em>Α</em></span> <span class='ocrx_word' id='word_1_768' title='bbox 2155 5255 2393 5297; x_wconf 90' lang='lat' dir='ltr'>monem</span> <span class='ocrx_word' id='word_1_769' title='bbox 2442 5232 3072 5316; x_wconf 24' lang='lat' dir='ltr'>quintumi&#39;Symeo&#39;nis</span> <span class='ocrx_word' id='word_1_770' title='bbox 3104 5235 3441 5314; x_wconf 75' lang='lat' dir='ltr'>Logothetm</span> <span class='ocrx_word' id='word_1_771' title='bbox 3481 5252 3607 5316; x_wconf 86' lang='lat' dir='ltr'>pag.</span> <span class='ocrx_word' id='word_1_772' title='bbox 3655 5232 3801 5295; x_wconf 66' lang='lat'>495.</span> 
     </span>
    </p>
   </div>
   <div class='ocr_carea' id='block_1_106' title="bbox 511 5312 3805 5395">
    <p class='ocr_par' dir='ltr' id='par_1_106' title="bbox 511 5312 3805 5395">
     <span class='ocr_line' id='line_1_107' title="bbox 511 5312 3805 5395; baseline 0 -22"><span class='ocrx_word' id='word_1_773' title='bbox 511 5313 640 5393; x_wconf 72' lang='grc'>(42)</span> <span class='ocrx_word' id='word_1_774' title='bbox 672 5312 1122 5395; x_wconf 84' lang='lat' dir='ltr'>Sicmajorpars</span> <span class='ocrx_word' id='word_1_775' title='bbox 1140 5334 1281 5377; x_wconf 81' lang='lat' dir='ltr'>mss.</span> <span class='ocrx_word' id='word_1_776' title='bbox 1309 5335 1443 5378; x_wconf 93' lang='lat' dir='ltr'>cum</span> <span class='ocrx_word' id='word_1_777' title='bbox 1470 5314 2069 5379; x_wconf 85' lang='lat' dir='ltr'>editioneBasil.Edi-</span> <span class='ocrx_word' id='word_1_778' title='bbox 2158 5319 2383 5379; x_wconf 54' lang='lat' dir='ltr'>Manius.</span> <span class='ocrx_word' id='word_1_779' title='bbox 2409 5312 2487 5360; x_wconf 64' lang='grc' dir='ltr'>-ξ-</span> <span class='ocrx_word' id='word_1_780' title='bbox 2519 5312 2955 5377; x_wconf 86' lang='lat' dir='ltr'>LusitBasilius</span> <span class='ocrx_word' id='word_1_781' title='bbox 2980 5315 3040 5375; x_wconf 94' lang='lat' dir='ltr'>in</span> <span class='ocrx_word' id='word_1_782' title='bbox 3076 5312 3300 5395; x_wconf 86' lang='lat' dir='ltr'>duplici</span> <span class='ocrx_word' id='word_1_783' title='bbox 3330 5312 3604 5395; x_wconf 87' lang='lat' dir='ltr'>ejusdem</span> <span class='ocrx_word' id='word_1_784' title='bbox 3639 5317 3805 5373; x_wconf 89' lang='lat' dir='ltr'>vocis</span> 
     </span>
    </p>
   </div>
   <div class='ocr_carea' id='block_1_107' title="bbox 430 5393 2037 5476">
    <p class='ocr_par' dir='ltr' id='par_1_107' title="bbox 430 5393 2037 5476">
     <span class='ocr_line' id='line_1_108' title="bbox 430 5393 2037 5476; baseline -0.002 -22"><span class='ocrx_word' id='word_1_785' title='bbox 430 5395 513 5476; x_wconf 68' lang='lat' dir='ltr'>tio</span> <span class='ocrx_word' id='word_1_786' title='bbox 544 5411 678 5476; x_wconf 76' lang='lat' dir='ltr'>vero</span> <span class='ocrx_word' id='word_1_787' title='bbox 704 5393 893 5476; x_wconf 80' lang='lat' dir='ltr'>Paris.</span> <span class='ocrx_word' id='word_1_788' title='bbox 935 5393 1070 5476; x_wconf 85' lang='lat' dir='ltr'>cum</span> <span class='ocrx_word' id='word_1_789' title='bbox 1101 5396 1455 5476; x_wconf 84' lang='lat' dir='ltr'>quibusdem</span> <span class='ocrx_word' id='word_1_790' title='bbox 1490 5416 1631 5457; x_wconf 88' lang='lat' dir='ltr'>mss.</span> <span class='ocrx_word' id='word_1_791' title='bbox 1696 5398 2037 5471; x_wconf 78' lang='grc' dir='ltr'>ἐπισπώμεθα</span> 
     </span>
    </p>
   </div>
   <div class='ocr_carea' id='block_1_108' title="bbox 2129 5393 3806 5476">
    <p class='ocr_par' dir='ltr' id='par_1_108' title="bbox 2157 5393 3806 5475">
     <span class='ocr_line' id='line_1_109' title="bbox 2157 5393 3806 5475; baseline -0.004 -16"><span class='ocrx_word' id='word_1_792' title='bbox 2157 5416 2335 5459; x_wconf 89' lang='lat' dir='ltr'>sensu</span> <span class='ocrx_word' id='word_1_793' title='bbox 2362 5414 2375 5457; x_wconf 90' lang='lat'>:</span> <span class='ocrx_word' id='word_1_794' title='bbox 2402 5397 2705 5471; x_wconf 83' lang='grc' dir='ltr'>δανείζομαι</span> <span class='ocrx_word' id='word_1_795' title='bbox 2731 5396 2889 5456; x_wconf 91' lang='lat' dir='ltr'>enim</span> <span class='ocrx_word' id='word_1_796' title='bbox 2926 5416 3043 5458; x_wconf 91' lang='lat' dir='ltr'>non</span> <span class='ocrx_word' id='word_1_797' title='bbox 3078 5393 3253 5458; x_wconf 89' lang='lat' dir='ltr'>modo</span> <span class='ocrx_word' id='word_1_798' title='bbox 3273 5393 3601 5475; x_wconf 69' lang='lat' dir='ltr'>peéuniam</span> <span class='ocrx_word' id='word_1_799' title='bbox 3633 5395 3806 5472; x_wconf 82' lang='lat' dir='ltr'>dare,</span> 
     </span>
    </p>
   </div>
   <div class='ocr_carea' id='block_1_109' title="bbox 429 5473 3808 5557">
    <p class='ocr_par' dir='ltr' id='par_1_109' title="bbox 429 5473 3808 5557">
     <span class='ocr_line' id='line_1_110' title="bbox 429 5473 3808 5557; baseline -0.001 -20"><span class='ocrx_word' id='word_1_800' title='bbox 429 5473 658 5557; x_wconf 87' lang='lat' dir='ltr'>Ibidem</span> <span class='ocrx_word' id='word_1_801' title='bbox 691 5474 873 5536; x_wconf 90' lang='lat' dir='ltr'>editio</span> <span class='ocrx_word' id='word_1_802' title='bbox 897 5475 1085 5557; x_wconf 84' lang='lat' dir='ltr'>Paris.</span> <span class='ocrx_word' id='word_1_803' title='bbox 1120 5473 1311 5557; x_wconf 77' lang='grc' dir='ltr'>νηπίας</span> <span class='ocrx_word' id='word_1_804' title='bbox 1344 5479 1475 5540; x_wconf 72' lang='grc' dir='ltr'><strong>ἐστι.</strong></span> <span class='ocrx_word' id='word_1_805' title='bbox 1514 5476 1637 5541; x_wconf 87' lang='lat' dir='ltr'>Vox</span> <span class='ocrx_word' id='word_1_806' title='bbox 1664 5480 1776 5533; x_wconf 65' lang='grc' dir='ltr'>ἔστι</span> <span class='ocrx_word' id='word_1_807' title='bbox 1807 5477 1978 5537; x_wconf 85' lang='lat' dir='ltr'>deest</span> <span class='ocrx_word' id='word_1_808' title='bbox 2007 5478 2066 5537; x_wconf 89' lang='lat' dir='ltr'>in</span> <span class='ocrx_word' id='word_1_809' title='bbox 2152 5478 2256 5539; x_wconf 87' lang='lat' dir='ltr'>sed</span> <span class='ocrx_word' id='word_1_810' title='bbox 2271 5477 2446 5539; x_wconf 90' lang='lat' dir='ltr'>etiam</span> <span class='ocrx_word' id='word_1_811' title='bbox 2465 5473 3596 5557; x_wconf 54' lang='lat' dir='ltr'>acciperesubfartoresigniﬁcatquem</span> <span class='ocrx_word' id='word_1_812' title='bbox 3618 5476 3808 5535; x_wconf 90' lang='lat' dir='ltr'>lusum</span> 
     </span>
    </p>
   </div>
   <div class='ocr_carea' id='block_1_110' title="bbox 434 5555 3807 5638">
    <p class='ocr_par' dir='ltr' id='par_1_110' title="bbox 434 5555 3807 5638">
     <span class='ocr_line' id='line_1_111' title="bbox 434 5555 3807 5638; baseline -0.001 -21"><span class='ocrx_word' id='word_1_813' title='bbox 434 5555 714 5638; x_wconf 88' lang='lat' dir='ltr'>omnibus</span> <span class='ocrx_word' id='word_1_814' title='bbox 744 5574 886 5617; x_wconf 91' lang='lat' dir='ltr'>mss.</span> <span class='ocrx_word' id='word_1_815' title='bbox 913 5564 992 5638; x_wconf 86' lang='lat' dir='ltr'>_et</span> <span class='ocrx_word' id='word_1_816' title='bbox 1022 5555 1083 5638; x_wconf 88' lang='lat' dir='ltr'>in</span> <span class='ocrx_word' id='word_1_817' title='bbox 1104 5556 1363 5620; x_wconf 88' lang='lat' dir='ltr'>editione</span> <span class='ocrx_word' id='word_1_818' title='bbox 1395 5558 1573 5620; x_wconf 84' lang='lat' dir='ltr'>Basil.</span> <span class='ocrx_word' id='word_1_819' title='bbox 1620 5557 1849 5620; x_wconf 91' lang='lat' dir='ltr'>Ibidem</span> <span class='ocrx_word' id='word_1_820' title='bbox 1887 5560 2068 5613; x_wconf 74' lang='grc' dir='ltr'>ἑαυτὸν</span> <span class='ocrx_word' id='word_1_821' title='bbox 2152 5558 2360 5621; x_wconf 90' lang='lat' dir='ltr'>Latine</span> <span class='ocrx_word' id='word_1_822' title='bbox 2405 5556 2658 5638; x_wconf 82' lang='lat' dir='ltr'>reddere</span> <span class='ocrx_word' id='word_1_823' title='bbox 2689 5556 2906 5638; x_wconf 88' lang='lat' dir='ltr'>cuique</span> <span class='ocrx_word' id='word_1_824' title='bbox 2926 5559 3132 5619; x_wconf 87' lang='lat' dir='ltr'>Latine</span> <span class='ocrx_word' id='word_1_825' title='bbox 3163 5555 3375 5621; x_wconf 84' lang='lat' dir='ltr'>scienti</span> <span class='ocrx_word' id='word_1_826' title='bbox 3411 5556 3650 5638; x_wconf 84' lang='lat' dir='ltr'>obvium</span> <span class='ocrx_word' id='word_1_827' title='bbox 3694 5563 3807 5617; x_wconf 89' lang='lat' dir='ltr'>est.</span> 
     </span>
    </p>
   </div>
   <div class='ocr_carea' id='block_1_111' title="bbox 436 5635 3809 5719">
    <p class='ocr_par' dir='ltr' id='par_1_111' title="bbox 436 5635 3809 5719">
     <span class='ocr_line' id='line_1_112' title="bbox 436 5635 3809 5719; baseline 0.001 -27"><span class='ocrx_word' id='word_1_828' title='bbox 436 5637 820 5719; x_wconf 74' lang='grc' dir='ltr'>περιστέλλειν,</span> <span class='ocrx_word' id='word_1_829' title='bbox 853 5635 927 5695; x_wconf 86' lang='lat' dir='ltr'>ad</span> <span class='ocrx_word' id='word_1_830' title='bbox 961 5635 1230 5711; x_wconf 83' lang='lat' dir='ltr'>verbum,</span> <span class='ocrx_word' id='word_1_831' title='bbox 1252 5658 1362 5719; x_wconf 84' lang='lat' dir='ltr'>pro</span> <span class='ocrx_word' id='word_1_832' title='bbox 1383 5657 1562 5718; x_wconf 81' lang='lat' dir='ltr'>opum</span> <span class='ocrx_word' id='word_1_833' title='bbox 1595 5641 1836 5701; x_wconf 81' lang='lat' dir='ltr'>ratione</span> <span class='ocrx_word' id='word_1_834' title='bbox 1865 5657 1982 5699; x_wconf 84' lang='lat' dir='ltr'>non</span> <span class='ocrx_word' id='word_1_835' title='bbox 2012 5658 2073 5699; x_wconf 80' lang='lat' dir='ltr'>se</span> <span class='ocrx_word' id='word_1_836' title='bbox 2157 5638 2452 5719; x_wconf 90' lang='lat' dir='ltr'>siquidem</span> <span class='ocrx_word' id='word_1_837' title='bbox 2472 5635 2718 5719; x_wconf 84' lang='lat' dir='ltr'>verbum</span> <span class='ocrx_word' id='word_1_838' title='bbox 2739 5635 2971 5716; x_wconf 68' lang='lat' dir='ltr'>faénero</span> <span class='ocrx_word' id='word_1_839' title='bbox 2988 5640 3072 5699; x_wconf 89' lang='lat' dir='ltr'>vel</span> <span class='ocrx_word' id='word_1_840' title='bbox 3097 5641 3364 5715; x_wconf 72' lang='lat' dir='ltr'>fmueror</span> <span class='ocrx_word' id='word_1_841' title='bbox 3382 5637 3657 5719; x_wconf 87' lang='lat' dir='ltr'>eamdem</span> <span class='ocrx_word' id='word_1_842' title='bbox 3675 5654 3809 5719; x_wconf 80' lang='lat' dir='ltr'>am-</span> 
     </span>
    </p>
   </div>
   <div class='ocr_carea' id='block_1_112' title="bbox 432 5715 2037 5799">
    <p class='ocr_par' dir='ltr' id='par_1_112' title="bbox 432 5715 2037 5799">
     <span class='ocr_line' id='line_1_113' title="bbox 432 5715 2037 5799; baseline 0.001 -21"><span class='ocrx_word' id='word_1_843' title='bbox 432 5715 810 5799; x_wconf 69' lang='lat' dir='ltr'>contrahere,</span> <span class='ocrx_word' id='word_1_844' title='bbox 833 5733 957 5777; x_wconf 79' lang='lat' dir='ltr'>non</span> <span class='ocrx_word' id='word_1_845' title='bbox 984 5733 1047 5777; x_wconf 85' lang='lat' dir='ltr'>se</span> <span class='ocrx_word' id='word_1_846' title='bbox 1079 5715 1566 5799; x_wconf 44' lang='lat' dir='ltr'>coarctareIHoc</span> <span class='ocrx_word' id='word_1_847' title='bbox 1617 5726 1728 5795; x_wconf 90' lang='lat' dir='ltr'>est,</span> <span class='ocrx_word' id='word_1_848' title='bbox 1761 5720 2037 5797; x_wconf 76' lang='lat' dir='ltr'>impensa</span> 
     </span>
    </p>
   </div>
   <div class='ocr_carea' id='block_1_113' title="bbox 2129 5715 3817 5799">
    <p class='ocr_par' dir='ltr' id='par_1_113' title="bbox 2158 5715 3817 5799">
     <span class='ocr_line' id='line_1_114' title="bbox 2158 5715 3817 5799; baseline -0.002 -19"><span class='ocrx_word' id='word_1_849' title='bbox 2158 5715 2586 5799; x_wconf 79' lang='lat' dir='ltr'>biguitatemac</span> <span class='ocrx_word' id='word_1_850' title='bbox 2603 5715 2900 5794; x_wconf 79' lang='grc' dir='ltr'>δανείζομαι</span> <span class='ocrx_word' id='word_1_851' title='bbox 2938 5737 3055 5799; x_wconf 64' lang='lat' dir='ltr'>pra;</span> <span class='ocrx_word' id='word_1_852' title='bbox 3076 5738 3142 5780; x_wconf 88' lang='lat' dir='ltr'>se</span> <span class='ocrx_word' id='word_1_853' title='bbox 3163 5720 3294 5782; x_wconf 89' lang='lat' dir='ltr'>fert.</span> <span class='ocrx_word' id='word_1_854' title='bbox 3333 5716 3611 5799; x_wconf 75' lang='grc' dir='ltr'>Αὐτολεξεί</span> <span class='ocrx_word' id='word_1_855' title='bbox 3632 5715 3817 5799; x_wconf 80' lang='lat' dir='ltr'>igitur</span> 
     </span>
    </p>
   </div>
   <div class='ocr_carea' id='block_1_114' title="bbox 429 5796 3814 5879">
    <p class='ocr_par' dir='ltr' id='par_1_114' title="bbox 429 5796 3814 5879">
     <span class='ocr_line' id='line_1_115' title="bbox 429 5796 3814 5879; baseline 0 -22"><span class='ocrx_word' id='word_1_856' title='bbox 429 5797 829 5879; x_wconf 55' lang='lat' dir='ltr'>facultatibus</span> <span class='ocrx_word' id='word_1_857' title='bbox 858 5812 983 5855; x_wconf 80' lang='lat' dir='ltr'>non</span> <span class='ocrx_word' id='word_1_858' title='bbox 1004 5798 1230 5879; x_wconf 77' lang='lat' dir='ltr'>metiri.</span> <span class='ocrx_word' id='word_1_859' title='bbox 1378 5878 1385 5879; x_wconf 16' lang='grc' dir='ltr'>ί</span> <span class='ocrx_word' id='word_1_860' title='bbox 1850 5796 1859 5797; x_wconf 45' lang='grc'><strong>“</strong></span> <span class='ocrx_word' id='word_1_861' title='bbox 2158 5796 2531 5879; x_wconf 85' lang='lat' dir='ltr'>interpretari</span> <span class='ocrx_word' id='word_1_862' title='bbox 2557 5798 2815 5879; x_wconf 78' lang='lat' dir='ltr'>juvaret,</span> <span class='ocrx_word' id='word_1_863' title='bbox 2856 5796 2970 5861; x_wconf 81' lang='lat' dir='ltr'>hoc</span> <span class='ocrx_word' id='word_1_864' title='bbox 2997 5799 3195 5863; x_wconf 92' lang='lat' dir='ltr'>modo:</span> <span class='ocrx_word' id='word_1_865' title='bbox 3227 5801 3407 5879; x_wconf 67' lang='lat' dir='ltr'>Dives</span> <span class='ocrx_word' id='word_1_866' title='bbox 3424 5798 3516 5860; x_wconf 82' lang='lat' dir='ltr'>es?</span> <span class='ocrx_word' id='word_1_867' title='bbox 3546 5797 3678 5859; x_wconf 72' lang='lat' dir='ltr'>noli</span> <span class='ocrx_word' id='word_1_868' title='bbox 3700 5796 3814 5874; x_wconf 76' lang='lat' dir='ltr'>fw-</span> 
     </span>
    </p>
   </div>
   <div class='ocr_carea' id='block_1_115' title="bbox 514 5876 3810 5962">
    <p class='ocr_par' dir='ltr' id='par_1_115' title="bbox 514 5876 3810 5962">
     <span class='ocr_line' id='line_1_116' title="bbox 514 5876 3810 5962; baseline 0.001 -23"><span class='ocrx_word' id='word_1_869' title='bbox 514 5876 639 5955; x_wconf 75' lang='grc'>(43)</span> <span class='ocrx_word' id='word_1_870' title='bbox 672 5876 1074 5954; x_wconf 85' lang='lat' dir='ltr'>Interpunctio</span> <span class='ocrx_word' id='word_1_871' title='bbox 1098 5895 1216 5958; x_wconf 87' lang='lat' dir='ltr'>qua</span> <span class='ocrx_word' id='word_1_872' title='bbox 1237 5879 1351 5941; x_wconf 89' lang='lat' dir='ltr'>hoc</span> <span class='ocrx_word' id='word_1_873' title='bbox 1374 5878 1505 5940; x_wconf 89' lang='lat' dir='ltr'>loco</span> <span class='ocrx_word' id='word_1_874' title='bbox 1534 5879 1629 5943; x_wconf 84' lang='lat' dir='ltr'>usi</span> <span class='ocrx_word' id='word_1_875' title='bbox 1648 5880 1945 5961; x_wconf 87' lang='lat' dir='ltr'>sumus,in</span> <span class='ocrx_word' id='word_1_876' title='bbox 1961 5898 2070 5943; x_wconf 89' lang='lat' dir='ltr'>no-</span> <span class='ocrx_word' id='word_1_877' title='bbox 2156 5876 2379 5944; x_wconf 66' lang='lat' dir='ltr'>nerare</span> <span class='ocrx_word' id='word_1_878' title='bbox 2408 5897 2428 5955; x_wconf 90' lang='lat'><strong><em>;</em></strong></span> <span class='ocrx_word' id='word_1_879' title='bbox 2444 5896 2686 5962; x_wconf 83' lang='lat' dir='ltr'>pauper</span> <span class='ocrx_word' id='word_1_880' title='bbox 2713 5878 2809 5942; x_wconf 80' lang='lat' dir='ltr'>es?</span> <span class='ocrx_word' id='word_1_881' title='bbox 2830 5880 2959 5944; x_wconf 71' lang='lat' dir='ltr'>uoti</span> <span class='ocrx_word' id='word_1_882' title='bbox 2978 5882 3299 5961; x_wconf 73' lang='lat' dir='ltr'>fwnerari.</span> <span class='ocrx_word' id='word_1_883' title='bbox 3348 5878 3513 5943; x_wconf 85' lang='lat' dir='ltr'>Enrr.</span> <span class='ocrx_word' id='word_1_884' title='bbox 3549 5879 3810 5942; x_wconf 77' lang='lat' dir='ltr'>PATBOL.</span> 
     </span>
    </p>
   </div>
  </div>
