4138 6386
353 389 472 455 273

1465 393 1794 456 HOMILIA
1836 392 1888 454 II
1933 389 2012 457 IN
2057 387 2426 456 PSALMUM
2472 394 2635 456 XIV.

3605 398 3721 462 274

357 527 526 592 Πένης
560 527 613 583 εἶ
650 549 664 595 ;
699 527 776 600 μη
807 523 1063 596 δανείζου,
1102 528 1158 583 Εἰ
1196 528 1292 602 μὲν
1323 529 1422 606 γὰρ
1476 520 1746 607 εὑπορετς,
1775 533 1835 588 οὖ
1865 528 2003 607 χρῇ.

2100 528 2427 606 Argentum
2495 547 2576 590 ne
2635 547 2804 591 sume
2853 529 3101 594 fmnore.
3183 534 3412 610 Pauper
3479 540 3605 595 es?
3659 532 3744 597 Ne

356 623 462 687 ζεις
524 613 889 690 δανείσματος’
992 618 1034 671 εἰ
1120 614 1174 671 δὲ
1235 615 1380 672 οὗδὲδ
1444 617 1616 697 ἔχεις,
1696 619 1789 674 οὒκ
1868 619 2006 674 ἀπο-

358 707 519 769 τίσεις
576 708 636 760 τὸ
695 703 915 762 δάνειον.
984 707 1070 773 Μὴ
1142 705 1244 778 δῷς
1305 717 1529 766 σεαυτοῦ
1585 709 1676 763 τὸν
1765 709 1877 783 βίον
1937 708 2010 768 εἷς

357 792 774 868 ὑστεροϐουλίαν,
828 795 1039 866 μήποτε
1101 797 1398 872 μακαρίσῃς
1484 797 1579 860 τὰς
1633 799 1734 874 πρὸ
1776 801 1883 852 τῶν
1913 797 2009 851 τόν

359 906 465 938 κων
534 883 755 958 ἡμέρας.
793 881 900 938 Ἐνὶ
959 883 1087 961 (47)
1125 885 1296 958 τούτῳ
1327 883 1652 964 διαφέρωμεν
1706 886 1809 941 τῶν
1838 884 2009 944 πλου-

355 971 582 1028 τούντων
613 973 658 1027 οἱ
695 973 942 1044 πένητες,
1000 974 1067 1049 τῇ
1101 973 1406 1051 ἀμεριμνίᾳ.
1476 975 1570 1032 Καὶ
1631 973 2009 1053 καταγελῶμεν

357 1060 526 1116 αὗτῶν
583 1060 1006 1138 ἂγρυπνούντων,
1071 1063 1216 1118 αὐτοὶ
1317 1063 1682 1127 καθεύδοντες·

353 1150 694 1207 συνεστώτων
767 1151 847 1206 ἀεὶ
905 1153 994 1207 καὶ
1054 1153 1459 1230 φροντιζόντων,
1540 1155 1686 1212 αὐτοὶ
1755 1154 2007 1233 ἀφροντι-

352 1239 601 1304 στοῦντες
675 1242 762 1296 καὶ
831 1241 1118 1315 ἀνειμένοι.
1183 1242 1240 1299 Ὀ
1333 1243 1512 1317 μέντοι
1611 1242 1836 1322 ὀφείλων
1921 1244 2010 1299 καὶ

350 1329 516 1396 πένης
564 1329 675 1386 ἐστὶ
735 1331 822 1386 καὶ
880 1330 1298 1407 πολυμέριμνος’
1364 1332 1556 1396 ἄϋπνος
1607 1333 1833 1410 νύκτωρ,
1907 1333 2006 1387 ἀϋ-

352 1441 481 1480 πνος
557 1419 674 1492 μεθ’
736 1418 961 1497 ἡμέραν,
1031 1420 1242 1484 σύννους
1301 1421 1473 1477 πάντα
1517 1422 1607 1477 τὸν
1643 1421 1860 1500 χρόνονο
1921 1429 2006 1478 νῦν

1758 1066 1844 1119 καὶ
1905 1070 2009 1120 τῶν

356 1508 452 1583 μὲν
510 1509 605 1576 τὴν
672 1509 860 1564 ἑαυτοῦ
896 1509 1074 1567 οὐσίαν
1109 1510 1548 1586 ἁποτιμώμενος,
1582 1518 1670 1566 νῦν
1714 1509 1892 1572 δὲτὰς
1937 1512 2007 1566 οἱ·

359 1599 471 1662 κίας
518 1598 612 1660 τας
642 1597 982 1671 πολυτελεῖς,
1031 1599 1153 1663 τοὺς
1198 1600 1388 1678 ἀγροὺς
1432 1607 1536 1657 τῶν
1589 1600 1877 1674 πλουσίων,
1913 1601 2006 1662 τὰς

361 1689 586 1754 ἐσθῆτας
645 1694 751 1742 τῶν
815 1687 1271 1767 ἐντυγχανόντων,
1332 1691 1397 1745 τὰ
1438 1690 1602 1756 σκεύη
1648 1691 1751 1746 τῶν
1784 1690 2007 1746 ἑστιών-

361 1799 467 1833 των
492 1775 647 1855 (48).
685 1778 742 1834 Εἰ
778 1785 942 1834 ταῦτα
970 1779 1074 1852 ἒμὰ
1103 1778 1190 1852 ἧν,
1221 1781 1402 1858 φησὶν,
1457 1778 1783 1855 ἀπεδιδόμην
1815 1780 1971 1836 τόσου

2094 634 2263 678 sume
2295 617 2520 679 faenore
2558 625 2897 698 argentum.
2932 618 3168 682 Etenim
3232 619 3278 680 si
3335 621 3598 701 locuples
3648 642 3736 704 es,

2095 705 2243 767 nihil
2275 706 2380 768 tibi
2411 708 2638 770 foenore
2669 726 2815 787 opus
2861 716 2992 770 est:
3023 709 3072 769 si
3135 727 3270 770 vero
3323 710 3466 772 nihil
3527 711 3738 789 habes,

2095 815 2212 856 non
2241 796 2470 876 pendes
2506 815 2736 858 usuras.
2778 795 2904 858 Noli
2940 806 3096 858 tuam
3127 800 3307 877 ipsius
3361 800 3534 860 vitam
3592 821 3742 863 serae

2097 886 2455 966 paenitentiae
2507 887 2792 967 objicere,
2836 889 3150 968 nequando
3209 888 3337 949 dies
3392 890 3492 970 qui
3547 890 3740 953 fcenus

2096 990 2555 1056 praecesserunt,
2617 975 2822 1037 beatos
2881 977 3209 1041 existimes.
3246 977 3371 1040 Hoc
3432 999 3549 1041 uno
3584 979 3739 1040 divi-

2095 1063 2255 1126 tibus
2315 1082 2605 1145 pauperes
2665 1085 2772 1126 nos
2832 1075 3203 1145 praestamus,
3239 1087 3511 1129 curarum
3538 1071 3735 1130 vacui-

2094 1154 2382 1216 tate.ll|os
2403 1163 2524 1214 tum
2552 1154 3009 1234 vigil.inles,tum
3043 1156 3202 1217 curis
3233 1175 3474 1236 semper
3504 1159 3735 1220 disten-

2094 1252 2185 1304 tos
2208 1262 2276 1304 ac
2299 1243 2584 1306 sollicitos
2603 1243 2946 1305 deridemus
2972 1247 3211 1325 nos,qui
3233 1247 3737 1328 dormimus,qui-

2092 1351 2209 1410 que
2224 1333 2624 1394 sollicitudine
2652 1353 3027 1408 caremus,ac
3062 1335 3231 1396 liberi
3259 1337 3740 1400 sumus.Debitor

2096 1425 2300 1504 utique
2333 1431 2392 1484 et
2424 1442 2650 1513 pauper
2695 1432 2806 1513 est,
2844 1432 2900 1484 et
2932 1425 3093 1487 curis
3126 1425 3329 1486 multis
3382 1429 3693 1490 coniicitur
3721 1444 3734 1490 :

2093 1522 2298 1575 noctes
2322 1531 2387 1574 ac
2415 1512 2545 1574 dies
2569 1512 3089 1585 ducitinsomnes,
3118 1515 3280 1575 omni
3305 1525 3570 1595 tempore
3586 1517 3742 1595 cogi-

2095 1603 2312 1664 tatione
2347 1601 2602 1665 deﬁxus.
2639 1601 2809 1664 Nunc
2854 1605 3096 1683 quidem
3151 1603 3401 1665 aestimat
3446 1624 3542 1665 res
3573 1623 3733 1683 suas;

2092 1710 2248 1752 nunc
2271 1710 2408 1753 vero
2435 1693 2645 1753 domos
2667 1701 3071 1774 sumptuosas,
3099 1694 3342 1754 divitum
3367 1713 3560 1772 agros,
3581 1715 3738 1773 quo-

2091 1781 2375 1843 rumlibet
2395 1782 2457 1843 in
2480 1792 2872 1863 conspectum
2898 1783 3258 1845 venientium
3289 1792 3500 1855 vestes,
3532 1801 3663 1846 vasa
3682 1792 3742 1846 et

360 1869 447 1923 καὶ
511 1868 688 1944 τόσου,
749 1867 836 1921 καὶ
885 1866 1318 1942 ἀπηλλασσόμην
1349 1875 1442 1925 τοῦ
1471 1869 1653 1939 τόκου,
1708 1877 1882 1926 Ταῦτα
1912 1873 2005 1927 αὖ·-

2094 1872 2527 1950 supellectilem
2560 1890 2766 1934 eorum
2801 1893 2832 1935 a
2872 1873 3089 1954 quibus
3122 1873 3388 1935 convivio
3422 1874 3735 1955 excipitur.

357 1959 452 2013 τοῦ
502 1959 588 2012 καὶ
645 1959 848 2034 νύκτωρ
932 1956 1273 2034 ὲγκαῢέζεται
1363 1962 1430 2035 τῇ
1490 1957 1695 2038 καρδῖᾳ,
1748 1961 1837 2015 καὶ
1891 1951 2007 2034 μεθ’

365 2044 562 2123 ἡμέραν
619 2045 712 2108 τὰς
770 2045 970 2107 ἐννοίας
1023 2045 1361 2124 κατείληφεν.
1411 2048 1534 2104 Ἐὰν
1579 2049 1677 2114 τὴν
1709 2048 1864 2125 θύραν
1895 2070 2005 2103 παι·

357 2135 544 2211 τάξῃς,
600 2137 627 2191 ὁ
698 2137 985 2214 χρεώστης
1039 2137 1138 2192 ὑπὸ
1167 2137 1266 2202 τὴν
1325 2136 1536 2204 κλίνην,
1587 2137 1835 2218 Σφοδρῶς
1892 2139 2001 2194 εἰσ⁴

357 2223 548 2302 έδραμέ
576 2243 681 2286 τις·
715 2232 804 2278 τοῦ
836 2223 890 2280 δὲ
934 2224 1190 2289 ἐπάταξεν
1239 2224 1364 2305 (49)
1394 2229 1427 2294 ἡ
1480 2226 1690 2304 καρδία,
1749 2225 2006 2283 ’Υλακτεϊ

353 2317 381 2368 δ
411 2313 602 2383 κύων;
664 2314 691 2369 ὁ
734 2310 788 2368 δὲ
856 2311 1034 2390 ἰδρωτι
1095 2313 1448 2392 περιῤῥεῖται,
1497 2319 1582 2372 καὶ
1624 2317 1824 2394 ἀγωνίᾳ
1882 2339 2008 2371 συν--

358 2403 563 2482 έχεται,
621 2403 702 2458 xei
762 2416 1080 2480 περισκοπεῖ
1136 2407 1293 2459 πόθεν
1351 2404 1516 2483 φύγῃ.
1564 2404 1747 2462 ’Ὅταν
1791 2407 1825 2471 ἡ
1873 2427 2010 2481 προ-

358 2492 544 2566 θεσμία
597 2492 871 2571 προσάγῃ,
933 2497 1162 2570 μεριμνᾷ
1229 2493 1278 2548 τί
1331 2493 1604 2567 ψεύσεται’
1658 2493 1816 2550 ποίαν
1865 2492 2010 2548 πλαι-

359 2582 587 2656 σάμενος
647 2579 906 2657 πρόφασιν
989 2583 1078 2636 τὸν
1143 2579 1421 2649 δανειστὴν
1471 2580 1858 2660 διακρούσεται,
1926 2582 2009 2648 Μὴ

364 2672 524 2745 μόνον
555 2668 891 2743 λαμϐάνοντα
922 2672 1142 2726 σεαυτὸν
1205 2670 1394 2744 ἐννόει,
1428 2672 1564 2726 ἀλλὰ
1600 2673 1686 2727 καὶ
1747 2671 2005 2728 ἄπαιτού-

359 2782 543 2836 μενον.
608 2762 663 2818 Τί
735 2758 1018 2833 πολυτόκῳ
1062 2760 1227 2839 θηρίῳ
1289 2760 1417 2840 (50)
1475 2764 1693 2820 σεαυτὸν
1739 2768 2007 2838 παραζευ-

359 2851 529 2928 γνύιις
570 2869 588 2926 ;
619 2850 748 2914 Τοὺς
782 2848 1020 2926 λαγωούς
1081 2872 1212 2928 φασι
1244 2853 1334 2906 καὶ
1365 2852 1559 2908 τίκτειν
1591 2852 1723 2924 ὁμοῦ
1770 2853 1858 2907 καὶ
1886 2852 1999 2929 τρέ-

359 2963 473 3020 φειν
531 2941 619 2997 καὶ
707 2940 1130 3002 ἐπικυΐσκεσθαι,
1188 2941 1284 2997 Καὶ
1342 2954 1459 3003 τοῖς
1534 2940 1883 3020 τοκογλύφοις
1941 2942 2008 2996 τα

2092 1959 2229 2020 Haec
2257 1961 2306 2020 si
2343 1980 2474 2022 mea
2503 1971 2724 2041 essent,
2761 1962 2972 2042 inquit,
3009 1963 3153 2025 tanti
3185 1971 3243 2024 et
3275 1967 3416 2024 tanti
3444 1962 3732 2026 divende-

2092 2059 2429 2130 rem,atque
2457 2050 2749 2113 liberarer
2777 2051 3025 2116 faenore.
3060 2051 3270 2116 Isthmo
3299 2061 3357 2114 et
3377 2061 3549 2114 noctu
3569 2052 3737 2114 cordi

2091 2143 2224 2222 ejus
2255 2143 2539 2217 insident,
2577 2154 2637 2206 et
2670 2145 2926 2206 interdiu
2955 2145 3114 2206 illius
3136 2153 3428 2225 occupant
3451 2153 3735 2211 mentem.

2091 2231 2346 2295 Januam
2379 2233 2428 2293 si
2454 2233 2810 2314 pulsaveris,
2847 2234 3058 2314 irrepit
3087 2235 3194 2295 sub
3227 2235 3444 2298 lectum
3478 2234 3733 2298 debitor.

2095 2323 2393 2385 Velociter
2410 2324 2672 2386 accurrit
2702 2327 2856 2404 quis,
2885 2335 2943 2386 et
2975 2324 3133 2386 illius
3155 2343 3257 2386 cor
3271 2325 3536 2406 palpitat.
3567 2325 3742 2388 Canis

2093 2411 2312 2472 latrat?
2336 2411 2440 2473 Ille
2474 2413 2694 2473 sudore
2723 2412 2963 2492 diffluit,
2992 2425 3052 2472 et
3083 2415 3373 2475 anxietate
3396 2415 3736 2494 corripitur;

2093 2519 2334 2579 quaque
2369 2502 2458 2562 via
2488 2500 2688 2581 fugiat,
2712 2503 3029 2580 conspicit.
3064 2502 3173 2565 Ubi
3205 2503 3334 2564 dies
3367 2504 3744 2583 prmscriptus

2093 2590 2293 2664 iustat,
2329 2590 2503 2652 anxie
2539 2609 2740 2652 secum
2779 2601 3011 2670 reputat
3041 2592 3336 2672 quodnam
3367 2593 3635 2653 dicturus
3670 2593 3743 2653 sit

2094 2680 2500 2750 mendacium,
2539 2689 2598 2740 et
2626 2700 2744 2760 quo
2778 2681 3032 2741 conficto
3065 2689 3350 2762 praitextu
3379 2681 3739 2760 depulsurus

2097 2772 2224 2829 ιιι
2262 2788 2294 2829 a
2328 2787 2393 2828 se
2432 2774 2506 2830 sit
2538 2769 2921 2831 creditorem.
2955 2770 3083 2832 Non
3110 2781 3303 2832 autem
3339 2772 3531 2849 cogita
3548 2771 3737 2831 solum

2095 2869 2150 2921 te
2181 2859 2481 2939 accipere,
2506 2859 2611 2920 sed
2645 2859 2794 2940 fore,
2830 2873 2890 2921 ut
2925 2863 3102 2922 etiam
3141 2862 3194 2921 id
3229 2861 3380 2941 quod
3404 2861 3734 2939 acceperis,

2091 2967 2124 3010 a
2151 2958 2207 3010 te
2231 2949 2687 3027 exigatur.Quid
2723 2960 2777 3011 te
2804 2951 2930 3032 ipse
2955 2951 3158 3013 bestiae
3179 2950 3620 3012 fecundissimae
3640 2951 3738 3011 ad-

357 3031 613 3111 χρήματα
687 3032 819 3104 ὁμοῦ
854 3028 1146 3100 δανεὶζεται
1179 3030 1267 3086 καὶ
1297 3029 1422 3110 (51)
1457 3037 1702 3108 γεννᾶται
1734 3032 1819 3086 καὶ
1870 3031 2004 3086 ὕπο-

2094 3040 2290 3119 jungis
2315 3045 2342 3101 ?
2364 3039 2625 3120 Lepores
2660 3028 3032 3101 aiunt'simul
3053 3051 3110 3101 et
3139 3059 3369 3120 parere,
3402 3049 3460 3102 et
3483 3040 3734 3119 nutrire,

360 3121 562 3200 φύεται.
626 3121 784 3178 Οὔπω
817 3121 913 3197 γὰρ
955 3117 1110 3184 ἐδέξω
1183 3121 1255 3182 εἷς
1302 3133 1516 3200 χεῖρας,
1568 3121 1776 3176 καὶτοῦ
1807 3122 1999 3199 παρόν.

357 3232 448 3271 τος
522 3211 690 3285 μηνὸς
762 3210 1046 3285 ἀπῃτήθης
1101 3215 1199 3276 την
1231 3209 1500 3288 ἐργασίαν.
1537 3213 1633 3268 Καὶ
1662 3213 1816 3268 τοῦτο
1847 3209 2007 3266 πά)ιν

358 3297 644 3377 δανεισθὲν,
709 3298 887 3375 ἓτερον
951 3299 1114 3354 κακὸν
1201 3297 1466 3378 ἐξέθρεψε,
1514 3300 1733 3355 κάκεῖνο
1803 3299 2004 3379 ἕτερον,

355 3390 440 3444 καὶ
473 3390 533 3444 τὸ
593 3390 754 3444 κακὸν
783 3390 856 3450 εἷς
910 3387 1148 3464 ἄπειρον.
1191 3390 1289 3444 Διὰ
1339 3391 1493 3445 τοῦτο
1551 3391 1634 3444 καὶ
1682 3391 1780 3456 τῆς
1833 3411 2006 3468 προσ-

355 3479 574 3556 ηγορίας
635 3479 833 3544 ταύτης
894 3478 1116 3546 ἠξίωται
1147 3481 1208 3534 τί,
1241 3477 1384 3542 εἶδος
1437 3486 1592 3535 τοῦτο
1654 3488 1745 3551 τῆς
1808 3479 2003 3536 πλεον-

359 3568 521 3634 εξίας.
557 3572 720 3631 Τόκος
780 3570 903 3647 γὰρ,
939 3571 1013 3632 ὡς
1041 3572 1218 3643 οἶμαι,
1272 3567 1356 3626 διὰ
1413 3570 1514 3636 τὴν
1564 3569 1882 3648 πολυγονίαν
1917 3573 2010 3627 τοῦ

363 3665 527 3714 κακοῦ
586 3660 1030 3738 προσηγόρευται,
1112 3659 1271 3715 Πόθεν
1306 3660 1406 3736 γὰρ
1436 3658 1657 3716 ἄλλοθεν
1695 3681 1710 3729 ;
1748 3661 1830 3716 ’Ἢ
1863 3662 2008 3741 τάχα

362 3748 520 3811 τόκος
572 3747 783 3827 λέγεται
842 3747 925 3804 διὰ
955 3749 1048 3808 τὰς
1081 3746 1276 3812 ὠδῖνας
1305 3752 1392 3805 καὶ
1421 3747 1614 3820 λὺπας,
1672 3749 1730 3814 ἅς
1763 3749 2008 3825 ἐμποιεῖν

361 3851 482 3902 ταῖς
540 3843 748 3918 ψυχαῖς
816 3841 921 3895 τῶν
979 3838 1367 3914 δανεισαμένων
1422 3836 1548 3918 (52)
1607 3839 1856 3918 πέφυκεν,
1910 3841 2007 3904 Ὠς

359 3929 459 4008 γάρ
516 3932 550 3999 ἡ
620 3931 741 3996 ὠδὶς
826 3935 894 4006 τῇ
951 3935 1232 4007 τικτούσῃ,
1279 3929 1446 3994 οὕτως
1506 3932 1539 3998 ἡ
1593 3933 1883 4009 προθεσμία
1932 3938 2009 4006 τῷ

355 4022 609 4102 ὑπόχρεῳ
657 4023 998 4102 παρίσταται.
1064 4026 1224 4088 Τόκος
1271 4023 1356 4079 ἐπὶ
1392 4024 1558 4102 τόκῳ,
1608 4029 1853 4098 πονηρῶν
1906 4047 2006 4102 γο-

354 4111 487 4166 νέων
568 4114 802 4189 ποκηρὸν
861 4112 1107 4190 ἔκγονον,
1190 4120 1362 4171 Ταῦτα
1414 4114 1647 4192 Λεγέσθω
1699 4116 2009 4191 γεννήματα

355 4197 607 4280 ἐχιδνῶν,
669 4201 733 4256 τὰ
785 4207 892 4256 τῶν
947 4203 1117 4259 τόκων
1200 4203 1581 4277 ἀποκυήματα,
1631 4213 1736 4267 Τας
1793 4202 2005 4284 ἐχίδνας

356 4288 581 4369 λέγουσι
641 4290 734 4357 τὴν
801 4290 1030 4369 γαστέρα
1099 4296 1198 4357 τῆς
1268 4293 1470 4369 μητρὸς
1534 4291 1864 4358 διεσθιούσας
1922 4295 2006 4350 τί-

360 4383 600 4439 κτεσθαι.
664 4380 763 4438 Καὶ
834 4380 880 4434 oi
913 4380 1056 4436 τόκοι
1091 4381 1210 4443 τοὺς
1271 4379 1455 4443 οἴκους
1505 4384 1612 4437 τῶν
1689 4382 2006 4460 ὀφειλόντων

2095 3138 2154 3188 et
2177 3129 2685 3207 superfetare.Sic
2711 3131 2980 3208 pecuniae
3007 3130 3457 3194 fceneratoribus
3480 3129 3655 3191 simul
3681 3137 3740 3191 et

2093 3218 2309 3280 dantur
2327 3220 2396 3280 ad
2426 3217 2774 3300 pendendas
2799 3232 3095 3292 usuras,et
3115 3224 3524 3302 gignuntur,et
3549 3219 3736 3300 pullu-

2093 3307 2239 3368 lant.
2276 3309 2552 3370 Nondum
2589 3309 2750 3370 enim
2782 3310 2842 3370 in
2871 3329 3082 3372 manus
3111 3311 3416 3392 accepisti,
3453 3318 3510 3370 et
3542 3315 3738 3370 tamen

2095 3404 2401 3476 praesentis
2419 3398 2642 3459 mensis
2659 3399 2893 3460 lucrum
2922 3410 3399 3482 quaestumveate
3413 3407 3743 3479 exposcunt

2093 3485 2162 3547 Et
2194 3487 2320 3548 haec
2356 3489 2608 3568 pecunia
2640 3507 2851 3550 rursus
2907 3491 3134 3552 foenore
3175 3498 3482 3570 occupata,
3519 3489 3737 3550 malum

2093 3577 2344 3638 alterum
2374 3577 2539 3652 aluit,
2579 3587 2635 3639 et
2669 3577 2810 3638 illud
2837 3579 3299 3660 alterum,atque
3321 3581 3407 3639 sic
3433 3578 3648 3638 malum
3675 3586 3734 3637 in

2094 3665 2411 3727 infinitum.
2445 3665 2844 3738 Quamobrem
2874 3669 2986 3730 hoc
3017 3669 3277 3730 avaritiae
3299 3687 3485 3748 genus
3527 3685 3596 3728 eo
3625 3685 3736 3727 no-

2094 3756 2252 3816 mine
2276 3755 3140 3838 apvalatur.Etenim,opint-r,
3167 3759 3466 3833 τόκος,Ι]οο
3494 3764 3579 3818 est
3604 3771 3736 3836 par-

2097 3855 2212 3920 tus,
2245 3845 2321 3906 ob
2354 3846 2654 3925 ingentem
2707 3848 2845 3908 mali
2883 3847 3309 3909 fecunditatem
3372 3847 3734 3908 nominatur.

2093 3933 2263 3998 Unde
2291 3935 2448 3995 enim
2478 3935 2760 3999 aliunde?
2791 3939 2901 3998 Aut
2937 3937 3089 4000 forte
3118 3940 3296 4018 τύκος,
3332 3937 3446 3998 hoc
3481 3945 3568 3997 est
3595 3955 3735 4018 par-

2092 4035 2208 4097 tus,
2244 4024 2466 4086 dicitur
2492 4024 2566 4085 ob
2600 4025 2837 4088 dolores
2867 4045 2935 4088 ac
2972 4027 3292 4108 molestias,
3326 4045 3472 4107 quas
3518 4027 3736 4087 animis

2093 4133 2300 4176 eorum
2321 4114 2422 4195 qui
2448 4117 2672 4176 foenore
2695 4118 3234 4198 acccperunt,solet
3255 4114 3733 4179 creare.Utenim

2093 4205 2480 4286 puerperium
2513 4206 2814 4286 pariturae,
2837 4208 2916 4269 ita
2947 4207 3080 4268 dies
3113 4207 3339 4270 indicta
3360 4205 3618 4268 debitori
3647 4206 3734 4266 in-

2091 4305 2226 4357 stat.
2262 4295 2480 4357 anus
2510 4297 2722 4358 faenori
2769 4297 3059 4377 additum,
3096 4305 3407 4378 parentum
3441 4295 3732 4359 malorum

2092 4385 2244 4447 mala
2269 4393 2359 4446 est
2388 4385 2641 4447 soboles.
2684 4387 2753 4449 Hi
2790 4388 2888 4448 isti
2934 4406 3249 4449 usurarum
3284 4386 3434 4448 fetus
3465 4386 3740 4447 dicantur

358 4473 678 4553 ἐκφαγόντες
730 4472 1252 4550 ἀπογεννῶνται,Τὰ
1309 4472 1584 4550 σπέρματα
1645 4476 1823 4552 χρόνῳ
1872 4477 1993 4554 φύε-

2094 4494 2223 4538 esse
2257 4481 2572 4556 progenies
2593 4479 2954 4558 viperarum.
2986 4479 3163 4540 Aiunt
3195 4478 3449 4557 viperas,
3477 4477 3614 4537 dum
3640 4476 3736 4555 gi-

355 4585 464 4638 ται,
501 4566 589 4619 καὶ
650 4564 713 4618 τὰ
773 4567 883 4632 ζῶα
942 4565 1122 4642 χρόνῳ
1180 4564 1601 4640 τελεσφορεῖται
1655 4566 1680 4618 ὁ
1737 4561 1790 4617 δὲ
1849 4567 2004 4631 τόκος

436 4740 566 4822 (47)
600 4739 747 4820 Reg.
784 4740 996 4802 tertius
1024 4739 1110 4797 ἐπί
1139 4759 1246 4821 pro
1272 4742 1369 4800 ἐνὶ.
1399 4743 1524 4803 Mox
1561 4737 1728 4802 Colb.
1758 4750 2002 4820 quartus

355 4832 415 4884 et
444 4821 591 4900 Reg.
627 4831 829 4883 sextus
860 4822 1151 4896 ἀνιέμενοι.

439 4902 563 4992 (4_8)
589 4900 686 4964 Sic
707 4904 1160 4992 Reg._sextuse_t
1183 4902 1352 4992 (ξομ).
1375 4902 1667 4992 septimus
1688 4921 1821 4964 cum
1847 4901 2000 4966 Oliv.

354 4983 512 5048 Editi
539 5002 675 5044 cum
710 4984 912 5044 multis
966 5001 1107 5044 mss.
1136 4983 1661 5048 ἐσθιόντωνξΡουΙο
1696 4993 1825 5063 post
1859 5003 2002 5046 mss.

354 5084 474 5127 non
512 5067 679 5141 pauci
721 5063 960 5141 πατάξῃς
988 5066 1034 5118 ὁ.
1074 5063 1230 5126 Editi
1258 5084 1396 5126 vero
1428 5067 1634 5141 πατάξῃ
1656 5087 1758 5129 τις,

435 5145 946 5223 t49)Hunclocum
972 5147 1414 5207 emendandum
1439 5165 1570 5207 esse
1592 5145 1820 5206 censuit
1839 5145 2010 5208 Com-

359 5226 631 5306 beftsius,
695 5225 1206 5307 scribendumque
1265 5228 1495 5294 ἐπτόησε
1559 5245 1663 5305 pro
1723 5226 2002 5307 ἐπάταξεν,

358 5311 458 5367 sed
513 5305 643 5385 ejus
672 5305 1079 5367 emendationi
1109 5305 1310 5369 nullus
1342 5327 1449 5369 ms.
1490 5307 1659 5367 favet.
1705 5307 1832 5368 Mox
1863 5305 2005 5369 Col—

358 5386 586 5468 liertini
611 5387 727 5448 duo
758 5389 950 5464 ῥεῖται.
991 5386 1262 5450 Subinde
1290 5388 1433 5468 Reg.
1470 5387 1778 5449 secundus
1808 5390 2010 5462 ψεύση-

362 5490 526 5528 ται...
575 5467 971 5539 διακρούσηται,

438 5547 566 5625 (50)
600 5545 756 5608 Editi
788 5557 848 5607 et
880 5550 1066 5611 nostri
1102 5569 1246 5614 mss.
1282 5551 1608 5624 πολυπλόκῳ
1651 5549 1837 5624 θηρίῳ.
1885 5545 2002 5608 Sed

294 5625 298 5629 ’
356 5635 520 5690 recte
541 5626 835 5706 judicavit
867 5630 954 5689 vir
994 5630 1375 5693 doctissimus
1406 5635 1661 5694 Ducarius
1695 5628 2002 5706 Anglicam

361 5708 682 5771 lectionem
715 5707 997 5790 πολυτόκῳ
1026 5713 1318 5786 aptiorem
1352 5730 1506 5785 esse,
1542 5711 1838 5790 longeque
1868 5706 2007 5768 huic

362 5790 490 5851 loco
507 5788 1132 5872 accommodatiorem.
1157 5792 1240 5854 lta
1259 5793 1419 5853 enim
1442 5788 1758 5872 legendum
1791 5807 1925 5872 esse
1951 5796 2009 5872 et

2091 4574 2658 4646 gnuntur,ventrem
2682 4569 2892 4630 matris
2915 4567 3454 4631 corroderezfmnus
3477 4585 3736 4646 quoque,

2090 4744 2270 4806 latum
2297 4763 2411 4805 non
2438 4746 2691 4808 obscure
2713 4746 3053 4808 ostendunt.
3079 4743 3199 4806 Nec
3223 4744 3398 4804 aliter
3420 4742 3633 4820 legisse
3659 4742 3726 4800 vi-

2088 4825 2626 4906 deturrinterpres,
2656 4827 2755 4906 qui
2786 4825 3030 4888 verterit
3056 4847 3068 4888 :
3114 4825 3375 4902 fecunda
3399 4825 3608 4906 bestia.

2175 4905 2300 4986 (51)
2334 4901 2488 4968 Edlll
2522 4916 2579 4968 et
2615 4901 2779 4966 militi
2815 4924 2956 4967 mss.
2983 4901 3321 4986 τὰγργζματα
3353 4907 3485 4975 ὁμο-5
3516 4901 3736 4986 δανείζε-

2091 4981 2318 5066 ταιηκαῖ,
2352 4996 2466 5049 etc.
2493 4987 2609 5049 Sed
2630 4986 2896 5066 ἱΙΙὲΙ,ὁμοῦ
2916 4981 3222 5056 δανείζεται,
3254 4983 3471 5066 d‘esgnt
3495 4981 3736 5043 omnino

2023 5087 2025 5090 ‘
2094 5066 2151 5127 in
2178 5065 2324 5144 Reg.
2359 5068 2554 5129 tertio.
2594 5062 2996 5147 lteperiuntur
3025 5066 3262 5147 quidem
3283 5063 3341 5123 in
3371 5062 3514 5147 Reg.
3534 5069 3736 5147 sexto,

2095 5147 2199 5208 sed
2233 5143 2498 5208 secunda
2548 5143 2725 5210 manu
2776 5143 3073 5208 duntaxat.
3116 5146 3415 5222 Leguntur
3445 5143 3649 5205 itidem
3677 5144 3739 5205 in

2090 5229 2236 5304 Reg.
2264 5228 2549 5300 secundo,
2574 5229 2677 5290 sed
2709 5229 2881 5290 variis
2912 5228 3145 5308 punctis
3184 5235 3381 5308 notata
3410 5235 3546 5308 sunt
3575 5247 3589 5291 ;
3624 5242 3739 5308 qua

2093 5317 2442 5387 punctorum
2459 5311 2788 5386 adjectione
2804 5305 3740 5384 iudicavitlibrarins,quisquisis

2091 5401 2203 5466 θεῖ,
2234 5406 2334 5449 eas
2357 5407 2529 5450 voces
2548 5390 2832 5451 delendas
2865 5408 3016 5450 esse.
3055 5390 3250 5462 Quare
3275 5388 3322 5447 si
3347 5387 3479 5464 quis
3498 5387 3601 5446 has
3636 5403 3727 5445 ex-

2088 5487 2351 5548 pungere
2374 5471 2653 5549 velit,per
2673 5489 2780 5529 nos
2815 5471 2976 5540 licet,
3002 5488 3192 5548 eoque
3217 5467 3584 5549 magisqqu
3613 5466 3737 5524 haec

2086 5546 2264 5610 verba
2281 5552 2351 5610 ad
2373 5546 2931 5629 sententimintegrit
2944 5546 3260 5611 atemhibil
3281 5550 3476 5609 facere
3490 5546 3734 5606 videan-

2091 5639 2204 5692 tur.

2170 5709 2285 5780 l5?)
2323 5711 2487 5774 COlb.
2518 5719 2765 5792 quartus
2796 5718 3004 5792 ψυχαῖς
3036 5718 3140 5766 τῶν
3171 5706 3573 5792 δανειζομένων.

2094 5791 2238 5868 Reg.
2278 5783 2579 5854 secundus
2607 5783 3219 5872 ὕπόχρεῘ-μκαθίσταται.
3255 5784 3519 5849 Subinde
3567 5783 3733 5845 multi

348 5870 476 5948 ipsa
510 5888 708 5934 usurae
731 5869 986 5952 notio,et
1009 5874 1351 5954 exemplum
1377 5867 1599 5956 leporis
1623 5889 1658 5934 a
1687 5869 1911 5935 Basilio
1929 5867 2012 5930 al-
2094 5867 2240 5932 mss.
2267 5873 2505 5953 ἔγγονον.
