4138 6404
413 345 534 413 279

1751 349 1813 412 S.
1860 348 2143 414 BASILII
2185 350 2437 416 MAGNI

3670 356 3792 423 280

412 496 471 567 et
499 488 653 550 bene
682 487 919 568 utrique
942 484 1279 547 consultum
1303 485 1504 548 fuerit.
1531 483 1662 548 Tibi
1693 486 1854 548 enim
1888 493 2052 550 certo

2144 487 2220 561 μὴ
2249 488 2489 568 βαρύνων
2550 492 2676 550 αὐτὸ
2732 503 2854 554 ταῖς
2916 490 3268 569 προσθήκαις,
3329 490 3418 548 καὶ
3466 493 3787 573 ἀμφοτέροις

415 577 746 641 servabitur
781 577 877 639 :ei
910 594 1072 649 vero,
1107 576 1204 656 qui
1234 576 1556 657 acceperit,
1585 576 1820 638 lucrum
1853 596 1923 639 ex
1945 595 2056 639 usu

410 667 853 741 accedet.Quod
883 666 932 728 si
957 663 1427 728 additamentum
1457 665 1634 728 etiam
1663 667 1949 744 requiris,
1984 667 2058 730 iis

413 776 543 839 quae
573 758 888 839 pendenda
909 769 1048 818 sunt
1075 754 1748 833 a’Domino,contentus
1769 757 2059 839 esto.Ipse

413 848 706 928 persolvet
737 866 843 929 pro
869 849 1229 928 pauperibus
1277 865 1509 909 usuras.
1562 845 1658 908 Ab
1688 866 1759 909 eo
1792 849 1892 929 qui
1923 865 2062 911 vere

412 936 705 1017 benignus
733 937 1282 1019 est,benignitatem
1306 937 1761 1018 exspectaQuaa
1782 940 1943 1000 enim
1965 957 2059 999 ac-

407 1027 557 1108 cipis
588 1047 622 1088 a
656 1045 939 1109 paupere,
963 1044 1031 1092 ea
1063 1046 1302 1090 omnem
1329 1027 1782 1089 inhumanitatis
1814 1028 2055 1091 modum

406 1124 708 1197 superant.
734 1115 904 1178 Facis
932 1125 1224 1194 quaestum
1259 1136 1328 1179 ex
1355 1114 1817 1186 calamitatibus,
1854 1135 1927 1180 ex
1963 1118 2054 1179 la-

407 1205 626 1286 crymis
654 1205 885 1284 colligis
911 1216 1245 1287 argentum,
1277 1206 1503 1268 nudum
1524 1206 1882 1286 strangulas,
1916 1226 2053 1270 ver-

407 1293 586 1358 beras
613 1297 949 1358 tamelicum
980 1319 993 1356 :
1020 1316 1312 1378 nusquam
1335 1295 1746 1357 misericordia
1779 1316 1791 1357 :
1826 1312 2054 1377 cogna-

407 1385 586 1446 tionis
617 1386 768 1465 ejus,
802 1405 933 1467 quaa
962 1406 1097 1449 cum
1131 1387 1399 1449 divexato
1459 1384 1738 1456 habetur,
1778 1386 2054 1466 cogitatio

404 1472 571 1537 nulla
592 1475 854 1539 animum
872 1477 1032 1538 subit
1060 1495 1075 1539 :
1102 1477 1222 1537 imo
1247 1494 1379 1557 quae
1408 1474 1549 1537 inde
1576 1475 1932 1556 proveniunt
1954 1475 2053 1537 lu-

407 1581 506 1626 cra
518 1563 779 1627 humana
791 1565 1340 1647 appellas.Vaa,quae
1356 1566 1838 1627 dicuntamarum
1854 1565 2050 1641 dulce,

406 1660 466 1715 et
484 1654 660 1717 dulce
679 1673 946 1719 amarum
978 1657 1294 1737 38,quique
1319 1656 1812 1718 inhumanitatem
1835 1656 2052 1717 huma-

405 1743 646 1806 nitatem
671 1755 898 1808 vocaut.
935 1745 1139 1828 Neque
1187 1765 1325 1808 vero
1361 1753 1661 1826 proposita
1706 1743 2056 1809 aSamsone

2143 575 2241 641 ἕξει
2275 577 2476 642 καλῶς.
2512 581 2603 637 Σοὶ
2657 580 2753 656 μὲν
2810 581 2911 659 γὰρ
2952 580 3167 659 ὑπάρξει
3216 582 3279 637 τὸ
3325 584 3385 638 ἐκ
3416 582 3513 652 τῆς
3545 583 3788 663 φυλακῆς

2141 665 2375 745 ἀσφαλές
2413 685 2423 696 ·
2463 676 2539 742 τῷ
2580 668 2637 726 δὲ
2680 668 2895 726 λαϐόντι
2945 672 3005 726 τὸ
3062 669 3122 725 ἐκ
3172 671 3270 737 τῆς
3304 672 3552 750 χρήσεως
3578 671 3786 754 κέρδος.

2148 758 2202 814 Εἰ
2233 755 2289 813 δὲ
2342 761 2428 815 καὶ
2486 762 2795 837 προσθήκην
2822 763 3125 840 επιζητεϊς,
3185 759 3466 839 ἀρκέσθητι
3497 777 3613 827 τοϊς
3646 765 3790 843 παρὰ

2142 845 2235 901 τοῦ
2290 849 2495 922 Κυρίου.
2550 849 2716 912 ,ὠτὸς
2789 849 2921 926 ὑπὲρ
2979 855 3086 905 τῶν
3171 848 3416 917 πενήτων
3466 854 3559 909 τὸν
3617 852 3787 911 πλεο-

2143 937 2342 1010 νασμόν
2425 938 2691 1002 ἀποτίσει,
2768 938 2915 1016 Παρὰ
3000 945 3094 995 τοῦ
3179 941 3344 1006 ὄντως
3414 941 3788 1023 φιλανθρώπου

2141 1025 2367 1100 ἀνάμενε
2427 1028 2492 1083 τὰ
2551 1026 2920 1106 φιλάνθρωπα.
2974 1026 3054 1085 "A
3109 1030 3209 1108 γὰρ
3254 1028 3567 1106 λαμϐάνεις,
3630 1040 3789 1089 ταῦτα

2140 1116 2544 1192 μισανθρωπίας
2605 1114 2852 1192 οὐδεμίαν
2911 1116 3210 1194 ὑπερϐολὴν
3296 1119 3576 1178 ἀπολείπει
3639 1121 3784 1201 (64).

2143 1201 2278 1261 Ἀπὸ
2326 1207 2607 1286 συμφορῶν
2666 1203 2978 1284 κερδαίνεις,
3032 1208 3138 1263 ἀπὸ
3197 1206 3433 1288 δακρύων
3490 1210 3781 1288 ἀργυρολο-

2140 1307 2284 1374 γεϊς,
2330 1296 2420 1351 τὸν
2476 1297 2677 1374 γυμνὸν
2721 1295 2936 1376 ἄγχεις,
2987 1299 3078 1353 τὸν
3139 1297 3477 1373 λιμώττοντα
3517 1300 3732 1365 τύπτεις
3766 1314 3782 1332 ⁸

2138 1383 2285 1447 ἔλεος
2345 1384 2578 1460 οὗδαμοῦ
2610 1403 2624 1419 ⁶
2687 1386 2861 1443 ἔννοια
2912 1392 3014 1454 τῆς
3072 1392 3374 1466 συγγενείας
3419 1396 3510 1446 τοῦ
3540 1388 3789 1470 πάσχον·

2139 1496 2227 1540 τος
2271 1473 2484 1550 οὗδεμία
2521 1494 2534 1507 ’
2611 1477 2697 1532 καὶ
2777 1477 2838 1533 τὰ
2912 1476 3147 1534 ἐντεῦθεν
3225 1477 3384 1556 κέρδη
3441 1478 3785 1557 φιλάνθρωπα

2139 1564 2436 1636 ὀνομάζεις,
2474 1566 2600 1623 Οὒαὶ
2632 1568 2677 1622 οἱ
2707 1564 2957 1645 λέγοντες
3012 1568 3071 1623 τὸ
3118 1568 3306 1640 πικρὸν
3354 1566 3542 1648 γλυκὺ,
3584 1572 3674 1626 καὶ
3724 1572 3785 1626 τὸ

2136 1651 2300 1733 γλυκὺ
2329 1655 2516 1733 πικρὸν
2539 1654 2686 1731 (65),
2727 1658 2815 1713 καὶ
2843 1658 2890 1713 οἱ
2921 1657 3020 1725 τὴν
3053 1657 3446 1734 μισανθρωπίαν
3479 1657 3780 1738 φιλανθρω-

2137 1744 2259 1800 πίαν
2289 1746 2789 1822 προσαγορεύοντες,
2825 1745 2953 1803 Οὔδέ
3011 1748 3076 1803 τὰ
3106 1754 3197 1804 τοῦ
3228 1748 3467 1822 Σαμψὼν
3499 1749 3784 1825 αἰνίγματα

404 1832 869 1898 bombibonibus
895 1839 1410 1918 mnigmata,erant
1440 1835 1823 1915 ejusmodi:A
1855 1852 2052 1898 come-

2144 1832 2351 1888 τόιαὺτα
2409 1837 2498 1905 ἦν,
2560 1833 2593 1891 ὁὶ
2662 1834 2987 1912 προεϐάλετο
3049 1850 3167 1893 τοῖς
3227 1838 3526 1911 συμπόταις
3554 1857 3573 1875 θ
3644 1838 3782 1896 Ἀπὸ

403 1922 582 1988 dente
603 1926 1006 2005 eccivz‘tcibus,
1040 1939 1094 1991 et
1121 1946 1154 1990 α
1188 1929 1337 2007 forti
1367 1929 1531 1989 ewiz‘t
1563 1925 1740 1987 dulce
1767 1924 1863 1983 39:
1896 1933 1953 1987 et
1977 1923 2050 1987 ab

2144 1921 2393 1988 ἐσθίοντες
2452 1923 2635 1991 ἐξῆλθε
2708 1926 2929 2003 βρῶσις,
3017 1926 3106 1981 καὶ
3160 1925 3267 1981 ἀπὸ
3323 1927 3544 2005 ἰσχυροῦ
3601 1925 3786 1993 ἐξῆλθε

403 2013 773 2079 inhumnano
793 2019 1131 2082 humanitas
1147 2016 1530 2098 prodiit.Non
1541 2013 1717 2093 coltig
1727 2018 1917 2077 untde
1927 2016 2052 2095 spi-

2144 2009 2301 2087 γλυκύ
2335 2028 2347 2039 ·
2412 2013 2498 2067 καὶ
2558 2012 2665 2069 ἀπὸ
2729 2012 3103 2090 μισανθρώπου
3161 2011 3345 2079 ἐξῆλθε
3389 2012 3781 2092 φιλανθρωπία.

400 2106 500 2166 nis
518 2121 888 2189 uvas,qu
906 2108 982 2171 de
1002 2107 1247 2173 tributis
1266 2107 1419 2185 ﬁcus
1441 2105 1527 2176 40,
1563 2121 1757 2183 neque
1774 2121 1808 2164 a
1825 2102 2051 2165 faenore

2144 2103 2197 2156 0"
2355 2098 2445 2157 λλ’
2753 2102 2765 2119 ’
2825 2103 2837 2121 ‘
2955 2102 2993 2133 ἰ
3124 2103 3149 2113 “
3490 2103 3544 2137 ἰ
3694 2103 3711 2136 ³
3759 2103 3775 2121 ‘

2184 2126 2208 2157 η)
2291 2121 2352 2155 συ
2426 2120 2632 2177 εγουσιν
2744 2123 2848 2158 απτ,
2947 2105 3186 2157 ακανθων
3277 2101 3570 2177 σταφυλας,
3663 2100 3784 2158 ωδε

402 2188 851 2276 benignitatem.
903 2198 1119 2262 Omnis
1170 2196 1330 2258 enim
1391 2192 1574 2255 arbor
1607 2192 1869 2254 marcida
1918 2193 2049 2255 fru-

2144 2188 2239 2245 Ξιπὸ
2286 2189 2544 2267 τριϐόλων
2601 2198 2754 2264 σῦκα,
2816 2189 2934 2249 οὒδὲ
2985 2191 3089 2247 ἀπὸ
3137 2191 3311 2248 τόκων
3357 2192 3780 2271 φιλανθρωπίαν,

399 2274 535 2351 ctus
553 2274 749 2349 malos
789 2286 951 2349 facit.
1008 2285 1258 2359 Quidam
1294 2290 1435 2345 sunt
1463 2282 1949 2365 centesimatores
1993 2292 2052 2345 et

2144 2284 2243 2334 Πᾶν
2299 2281 2398 2358 γὰρ
2447 2278 2650 2360 δένδρον
2708 2282 2908 2357 σαπρὸν
2987 2282 3221 2358 καρποὺς
3280 2282 3548 2359 πονηροὺς
3606 2294 3778 2341 ποιεῖ.

399 2372 839 2439 decimatores:
868 2381 1108 2437 nomina
1136 2375 1227 2437 vel
1258 2372 1467 2436 auditu
1499 2372 1798 2433 horrenda
1827 2391 1841 2448 ;
1873 2392 2048 2435 men-

2144 2369 2577 2450 Ἐκατοστολὸγοι
2608 2373 2694 2427 καὶ
2750 2369 2946 2440 δεκατη
2981 2372 3133 2451 λόγοι
3191 2373 3330 2436 τινὲς
3396 2371 3522 2453 (66)
3581 2374 3781 2451 φρικτὰ

400 2462 548 2524 strui
580 2462 668 2527 illi
700 2465 1078 2546 repetitores,
1107 2465 1266 2527 velut
1296 2463 1357 2525 hi
1388 2464 1692 2525 daemones
1723 2463 1826 2543 qui
1852 2465 2046 2525 comi-

2144 2463 2221 2518 ιαί
2254 2463 2570 2531 ἐικουσθῆναι
2621 2465 2858 2539 ὀνόματα
2895 2481 2908 2494 ⁸
2964 2477 3211 2540 μηνιαϊοι
3245 2465 3564 2544 ἀπαιτηταὶ,
3599 2464 3782 2543 ὥσπερ

399 2551 557 2614 tialis
584 2554 772 2617 morbi
827 2565 1103 2618 auctores
1133 2562 1293 2628 sunt,
1344 2553 1417 2615 ad
1453 2553 1608 2614 lunae
1655 2553 1932 2632 periodos
1986 2554 2046 2616 in

2144 2553 2179 2608 ul
2211 2554 2302 2615 τὰς
2345 2552 2636 2629 ἐπιληψίας
2687 2562 2962 2617 ποιοῦντες
3010 2553 3279 2629 δαίμονες,
3344 2556 3480 2611 κατὰ
3526 2555 3622 2618 τὰς
3675 2576 3776 2612 πε-

400 2660 692 2724 pauperes
720 2645 1028 2707 invadunt.
1064 2644 1232 2719 Quod
1292 2645 1492 2719 datur,
1528 2642 1584 2704 id
1622 2642 1863 2724 utrique
1896 2644 2050 2706 male

2144 2640 2333 2707 κάδους
2393 2665 2490 2709 της
2576 2642 2806 2713 σελήνης
2874 2643 3226 2719 ἐπιτιθέμενοι
3312 2646 3436 2709 τοῖς
3499 2657 3775 2725 πτωχοῖς.

398 2732 580 2809 cedit,
612 2742 672 2798 et
701 2735 888 2809 danti,
927 2747 985 2798 et
1007 2735 1366 2816 accipienti:
1402 2733 1541 2796 huic
1565 2732 1812 2811 quidem
1842 2732 1903 2794 in
1937 2751 2045 2813 pe-

2144 2735 2345 2813 [Ιονηρὰ
2402 2732 2545 2796 δόσις
2571 2734 2826 2812 ἐκατέρῳ,
2858 2738 2946 2792 καὶ
2974 2742 3050 2808 τῷ
3103 2731 3318 2809 διδόντι,
3355 2736 3443 2791 καὶ
3493 2735 3570 2808 τῷ
3628 2735 3778 2810 λαμο

398 2824 722 2905 cunias,illi
746 2845 882 2888 vero
907 2827 966 2888 in
997 2824 1187 2906 ipsam
1222 2824 1479 2886 animam
1511 2823 1800 2884 damnum
1837 2822 2045 2886 infert.

2144 2822 2341 2881 ῗάνοντι
2380 2839 2393 2854 ⁶
2441 2830 2517 2897 τῷ
2579 2825 2676 2895 μὲν
2734 2825 2808 2889 εἰς
2839 2827 3121 2905 χρήματα,
3158 2831 3234 2898 τῷ
3262 2822 3317 2880 δὲ
3370 2826 3443 2888 εἰς
3478 2824 3645 2892 αὗτὴν
3674 2825 3778 2892 τὴν

395 2914 694 2992 Agricola,
720 2915 885 2996 spica
905 2922 1171 2995 accepta,
1221 2932 1429 2976 semen
1460 2931 1669 2974 rursus
1700 2911 1812 2972 sub
1843 2912 2047 2973 radice

2144 2914 2314 2993 φυχὴν
2364 2915 2591 2992 φέρουσα
2642 2914 2740 2980 τὴν
2769 2916 2962 2989 ζημίαν
3024 2914 3085 2971 Ὀ
3113 2915 3374 2992 γεωργὸς,
3426 2915 3517 2972 τὸν
3573 2915 3779 2995 στάχυν

395 3020 515 3064 non
540 3013 873 3067 scrutatur:
900 3014 958 3066 tu
980 3023 1120 3066 vero
1147 3010 1204 3064 et
1232 3003 1462 3065 fructus
1488 3000 1696 3074 habes,
1732 3008 1792 3062 et
1823 3008 2044 3061 sortem

2144 3003 2332 3078 λαϐὼν,
2391 3004 2453 3059 τὸ
2483 3003 2695 3079 σπέρμα
2726 3004 2883 3062 πάλιν
2913 3006 3016 3061 ὑπὸ
3060 3006 3159 3073 τὴν
3209 3006 3349 3082 ῥίζαν
3398 3004 3493 3061 οὐκ
3545 3004 3726 3081 ἐρευνᾷ
3758 3021 3772 3036 ⁸

395 3110 516 3153 non
544 3092 1101 3174 relinquis.Plantas
1117 3096 1250 3154 sine
1266 3100 1445 3171 terra;
1483 3090 1617 3151 sine
1638 3096 1874 3151 satione
1910 3108 2044 3150 me-

2144 3094 2192 3148 τὺ
2250 3091 2303 3149 δὲ
2349 3095 2438 3150 καὶ
2495 3094 2614 3150 τοὺς
2667 3096 2900 3173 καρποὺς
2972 3095 3147 3175 ἓχεις,
3198 3096 3286 3152 καὶ
3342 3099 3437 3154 οὒκ
3492 3095 3776 3176 ἅφίστασαι

393 3181 502 3257 tis.
532 3179 640 3251 Cui
669 3200 984 3261 congeras,
1007 3182 1305 3243 incertum
1339 3179 1577 3252 est.Qui
1608 3178 1683 3241 ob
1715 3196 1926 3240 usuras
1956 3179 2046 3241 la-

2144 3184 2237 3239 εῶν
2296 3182 2596 3263 Ἀρχαίων.
2658 3181 2834 3242 ’Ἄνευ
2881 3189 2983 3264 γῆς
3041 3186 3280 3265 φυτεύεις
3317 3201 3329 3215 ·
3396 3184 3516 3242 ἄνευ
3576 3191 3777 3263 σπορᾶς

393 3277 881 3350 crymatur,certo
911 3271 1254 3350 agnoscitur
1283 3287 1296 3328 ε
1333 3269 1436 3351 qui
1459 3286 1603 3330 vero
1640 3286 1847 3330 earum
1877 3270 2047 3349 copia

2144 3276 2366 3351 ὶερίζεις.
2428 3272 2700 3344 ”Λδηλον,
2762 3275 2859 3331 τίνι
2934 3275 3203 3353 συνάγεις.
3264 3275 3327 3333 Ὀ
3385 3276 3485 3350 μὲν
3540 3273 3777 3354 δακρύων

391 3357 682 3420 fruiturus
706 3369 816 3433 est,
844 3379 961 3421 non
992 3369 1180 3423 certo.
1216 3361 1364 3422 Nam
1399 3359 1697 3421 incertum
1731 3367 1821 3420 est
1848 3368 2041 3421 utrum

2144 3365 2212 3419 ἐπὶ
2255 3363 2375 3429 τοῖς
2436 3363 2612 3427 τόκοις
2676 3364 2942 3444 πρόδηλος
2981 3381 2994 3395 ⁸
3045 3370 3072 3422 ὸ
3128 3363 3182 3421 δὲ
3235 3362 3524 3421 ἀπολαύειν
3557 3364 3772 3440 μέλλων

392 3466 513 3510 non
544 3447 626 3509 sis
654 3449 787 3511 aliis
817 3449 1154 3513 divitiarum
1192 3466 1363 3512 usum
1399 3448 1815 3522 relicturus,et
1846 3458 2044 3512 tamen

2144 3458 2223 3520 τῆς
2255 3453 2361 3509 ἀπὸ
2392 3454 2588 3510 τούτων
2620 3456 2925 3533 περιουσίας
2956 3452 3272 3534 ἀμφίϐολος.
3311 3451 3563 3521 ’Ἄδηλον
3593 3455 3694 3532 γὰρ
3727 3457 3771 3511 εί

392 3536 501 3598 tibi
529 3538 657 3620 ipse
714 3540 931 3602 malum
962 3539 1280 3621 iniquitate
1316 3537 1597 3603 ascivisti.
1637 3538 1842 3620 Neque
1864 3539 2046 3617 igitur

2144 3544 2205 3610 νὴ
2237 3543 2433 3623 ἑτέροις
2461 3545 2561 3611 τὴν
2611 3543 2696 3601 ἐπὶ
2721 3552 2797 3619 τῴ
2825 3544 3041 3617 πλούτῳ
3068 3545 3231 3625 χάριν
3257 3543 3387 3624 (67)
3423 3545 3674 3623 ἀφήσεις,
3713 3547 3775 3601 τὸ

391 3627 681 3692 volentem
702 3636 982 3692 mutuum
1006 3629 1622 3709 accipere,averseris
1642 3627 1689 3671 ⁴¹
1705 3647 1925 3710 ,neque
1949 3649 2046 3710 pe-

2144 3636 2190 3690 ὲκ
2230 3639 2326 3700 τῆς
2380 3631 2583 3696 ἀδικίας
2628 3635 2791 3690 κακὸν
2851 3642 3056 3708 σεαυτῷ
3096 3635 3436 3713 θησαυρίσας,
3491 3634 3642 3705 Μήτε
3684 3634 3777 3691 οὖν

392 3721 624 3780 cuniam
653 3726 810 3782 tuam
839 3720 1069 3783 foenore
1113 3718 1525 3798 occupaveris.
1558 3717 1645 3781 Ex
1668 3717 1866 3782 Veteri
1896 3728 1954 3781 et
1976 3738 2046 3782 ex

2144 3725 2218 3780 τὸν
2322 3721 2542 3780 θέλοντα
2641 3723 2975 3781 δανείσασθαι
3036 3724 3445 3804 ’ἀποστραφῇς,
3533 3726 3621 3781 καὶ
3676 3727 3777 3780 ντὸ

387 3808 552 3870 Novo
582 3808 968 3873 Testamento
1000 3810 1422 3873 conducibilia
1452 3808 1888 3883 edoctus,bona
1908 3828 2042 3870 cum

2144 3814 2373 3891 ὶργύριόν
2431 3834 2525 3868 σου
2584 3814 2660 3888 μὴ
2720 3811 2822 3888 δῷς
2875 3814 2960 3870 ἐπὶ
3013 3813 3178 3886 τόκῳ,
3241 3812 3356 3885 ἵνα,
3420 3812 3480 3869 ἐκ
3537 3813 3777 3878 Παλαιᾶς

390 3916 495 3978 spe
516 3899 589 3961 ad
622 3900 944 3963 Dominum
979 3899 1523 3974 habeas,bonorum
1552 3918 1801 3979 operum
1838 3918 2047 3961 usuras

2144 3905 2216 3958 ιαὶ
2281 3901 2415 3964 Νέας
2483 3902 2755 3971 Διαθήκης
2817 3903 2884 3959 τὰ
2937 3901 3270 3980 συμφέροντα
3313 3898 3603 3981 διδαχθεὶς,
3656 3900 3777 3979 μετ’

390 3988 514 4052 illic
535 3998 908 4070 recepturus:
937 3991 999 4053 in
1019 3991 1254 4055 Christo
1276 3992 1416 4054 Jesu
1440 3989 1692 4052 Domino
1711 3986 2044 4059 nostro,cui

2144 3992 2331 4064 ἱγαθῆς
2376 3993 2475 4056 τῆς
2534 3988 2741 4053 ἐλπίδος
2807 3992 2938 4067 πρὸς
2988 3992 3079 4047 τὸν
3140 3991 3327 4069 Κύριον
3386 3991 3576 4072 ἀπίῃς,
3653 3993 3774 4051 ἐκεῖ

393 4077 579 4157 gloria
599 4088 657 4142 et
686 4079 1006 4161 imperium
1056 4080 1118 4141 in
1144 4079 1361 4143 saecula
1388 4081 1774 4143 saeculorum.
1809 4082 2038 4144 Amen.

2144 4082 2245 4144 τοὶς
2300 4078 2488 4144 τόκους
2546 4085 2652 4134 τῶν
2703 4080 2914 4159 ἀγαθῶν
2976 4080 3144 4159 ἔργων
3192 4080 3637 4165 ἀποληψόμενος,
3713 4083 3771 4142 ἐν

394 4176 606 4248 Χριστῷ
630 4169 805 4239 Ἰησοῦ
834 4177 910 4246 τῷ
943 4170 1113 4249 Κυρίῳ
1137 4172 1314 4245 ἡμῶν,
1347 4177 1392 4245 ᾦ
1415 4173 1448 4238 ἠ
1481 4169 1602 4237 δόξα
1635 4192 1721 4229 και
1749 4170 1812 4226 τό
1848 4170 2038 4249 κράτος
2070 4174 2145 4238 εἰς
2178 4170 2299 4232 τοὺς
2333 4169 2527 4232 αἰῶνας
2558 4174 2664 4225 τῶν
2696 4170 2923 4229 αἰώνων.
2958 4168 3153 4246 Ἀμήν.

830 4395 904 4458 ΙΝ
948 4396 1309 4463 PSALMUM
1350 4398 1609 4463 XXVIII.

562 4481 841 4548 Psalmus
869 4488 1069 4549 David
1097 4491 1164 4551 in
1187 4492 1359 4553 exitu
1391 4509 1430 4552 ιι
1464 4488 1883 4553 tabernaculo.

483 4581 537 4634 t.
572 4575 844 4638 Psalmus
901 4577 1218 4642 vicesimus
1278 4589 1520 4645 octavus
1565 4580 1748 4644 habet
1803 4578 2042 4661 quidem
2069 4612 2111 4663 ο

394 4671 620 4743 partem
652 4665 1061 4749 inscriptionis
1093 4688 1498 4744 communem;
1544 4670 1823 4735 Psalmus
1853 4669 2041 4744 enim,

393 4752 607 4835 inquit,
640 4756 864 4820 Davidi
902 4757 1124 4822 :babet
1149 4778 1285 4823 vero
1338 4768 1398 4824 et
1426 4760 1652 4842 aliquid
1688 4760 1993 4843 praprium
2027 4780 2043 4836 ;

2554 4404 2661 4456 ΕΙΣ
2706 4407 2835 4457 TON
2884 4397 2998 4457 KH'
3049 4404 3363 4463 ΨΑΛΜΟΝ.

2366 4484 2605 4562 Ψαλμὸς
2636 4494 2711 4562 τῷ
2745 4484 2903 4543 Δαϐἰδ
2942 4485 3134 4554 ἑξοδίου
3163 4489 3365 4556 σκηνῆς
3397 4488 3555 4570 (68).

2220 4581 2274 4640 1.
2339 4573 2397 4635 Ὀ
2450 4578 2690 4654 εἰκοστός
2747 4575 2931 4656 ὄγδοος
2988 4576 3202 4654 ψαλμὸ>
3262 4576 3381 4657 ἔχει
3425 4579 3523 4652 μὲν
3569 4579 3655 4633 καὶ
3716 4578 3777 4633 τὸ

2128 4668 2304 4726 κοινὸν
2362 4671 2462 4734 τῆς
2513 4665 2812 4747 ἐπιγραφῆς
2855 4687 2867 4700 ⁸
2927 4665 3159 4742 Ψαλμὸς
3189 4667 3314 4745 γὰρ,
3362 4668 3517 4745 φησὶ,
3551 4673 3629 4741 τῷ
3663 4675 3775 4722 Δαο

2126 4756 2208 4815 ϐίδ
2241 4775 2254 4788 ’
2289 4755 2409 4837 ἔχει
2460 4755 2515 4812 δέ
2556 4778 2606 4812 τι
2642 4758 2728 4813 καὶ
2780 4756 2970 4827 ἰδιάζον
3008 4770 3023 4786 ⁹
3087 4755 3396 4833 πρόσκειται
3454 4756 3581 4835 γὰρ,
3639 4755 3770 4822 Ἐξ-

475 4870 529 4915 33
558 4870 695 4938 lsai.
730 4892 787 4955 ν,
821 4875 921 4941 20.
1007 4874 1062 4920 39
1090 4876 1289 4943 Judic.
1321 4897 1441 4954 xw,
1481 4879 1577 4943 14.
1662 4877 1718 4923 ⁴⁰
1748 4877 1952 4940 Matth.
1977 4892 2052 4939 vn

2153 4874 2215 4938 6.
2300 4871 2350 4918 ⁴¹
2394 4874 2598 4938 Matth.
2629 4890 2691 4955 v,
2720 4872 2822 4937 42.

474 4997 605 5082 (64)
639 4996 789 5082 Reg.
816 4998 1402 5082 lerilugitzjcﬂstnet.
1433 5003 1640 5065 Statim
1665 5001 1835 5065 Colb.
1871 5018 2049 5082 quar-

396 5085 491 5180 tus
526 5078 727 5145 πένητα
757 5078 974 5161 ὂίγχεις.
1012 5078 1242 5142 ibidem
1295 5082 1453 5145 idem
1486 5084 1671 5145 codex
1702 5078 1907 5162 πνίγειξ
1943 5099 2049 5162 pro

394 5178 611 5219 τυπτεις
624 5208 637 5221 ,

482 5236 606 5316 (65)
640 5236 767 5323 Illa,
796 5242 883 5295 καὶ
913 5242 973 5297 τὸ
1002 5241 1175 5319 γλυκύ
1204 5245 1417 5323 πικρόν,
1451 5243 1786 5306 addidimus
1818 5260 1889 5303 ex
1920 5242 2048 5304 Re-

395 5315 507 5394 giis
537 5317 804 5400 secundo
835 5331 894 5380 et
924 5315 1110 5383 sexto.
1147 5315 1471 5400 infraReg.
1495 5324 1794 5387 secundus
1814 5324 1920 5379 ἀπὸ
1953 5344 2043 5397 μιι-

396 5399 744 5485 σανορωῖτίαςι
783 5402 910 5463 Nec
927 5401 1129 5485 _a_liter
1157 5403 1372 5483 legitur
1415 5399 1473 5466 in
1510 5404 1653 5485 Reg.
1692 5413 1882 5475 sexto,
1935 5400 2040 5462 sed

397 5476 661 5559 secunda
688 5497 887 5543 manu.
924 5481 1082 5543 Editi
1120 5476 1258 5546 vero
1292 5493 1351 5547 et
1370 5485 1469 5547 alii
1495 5476 1773 5549 sexvmss.
1808 5486 1913 5541 ἀπὸ
1944 5506 2040 5559 μι-

396 5558 730 5635 σανθρώπου.

483 5638 606 5719 (66)
643 5637 743 5727 S_ic
774 5640 954 5702 editio
988 5639 1142 5705 Basil
1178 5664 1377 5727 ,quam
1411 5648 1767 5727 scripturam
1799 5641 2043 5727 exhibet

400 5737 639 5811 quoque
666 5722 1474 5811 Regsextu‘stnonk'quidem
1507 5722 1698 5807 prima
1728 5722 2044 5799 manu,sed

399 5803 644 5882 antiqua
675 5809 899 5866 tamen.
953 5803 1157 5869 Editio
1192 5803 1382 5871 Paris.
1436 5803 1554 5870 non
1587 5826 1759 5872 secus
1806 5825 1875 5871 ac
1899 5822 2041 5867 mss.

2135 4995 2303 5058 multi
2334 4995 2701 5074 δεκατολόγοι.
2734 4993 2849 5056 Alii
2872 4993 2989 5055 duo
3024 5011 3166 5076 mss,
3203 4992 3604 5076 δεκαστολόγοι.
3638 5000 3772 5060 Mox

2132 5080 2281 5155 Reg.
2320 5076 2544 5156 primus
2565 5078 2657 5140 τὰς
2679 5075 2987 5152 ἐπιλήψεις.
3025 5073 3293 5139 Subinde
3324 5073 3773 5156 Regsecuudus

2131 5159 2429 5223 ἐπιθέμενοι
2463 5169 2715 5236 πτωχοῖς
2728 5202 2740 5214 .

2209 5239 2332 5318 (67)
2354 5236 2452 5318 Sic
2473 5234 2605 5298 octo
2633 5253 2917 5318 mss.cum
2938 5234 3199 5301 editione
3217 5235 3604 5318 Basil.Editio
3626 5252 3770 5318 vero

2128 5316 2319 5382 Paris.
2357 5316 2571 5391 πλούτῳ
2600 5319 2796 5397 χάραν.
2852 5317 2981 5379 Mox
3045 5336 3185 5378 mss.
3218 5335 3347 5397 non
3366 5317 3542 5397 pauci
3570 5317 3648 5374 'lv’
3679 5322 3761 5381 ὲκ,

2126 5400 2334 5463 Statim
2365 5398 2550 5480 editio
2587 5398 2770 5460 Paris.
2821 5399 3150 5480 συμφέροντά
3190 5421 3293 5456 σοι.
3334 5397 3457 5460 Vox
3490 5422 3573 5457 σοι
3602 5397 3771 5461 abest

2126 5482 2198 5543 ab
2233 5478 2512 5542 omnibus
2545 5497 2687 5542 mss.

2211 5560 2348 5642 (68),
2371 5558 2499 5642 illa,
2526 5561 2761 5642 llfafubq
2784 5565 2869 5642 τῷΔ
2892 5557 3050 5642 ααᾶδ
3067 5559 3264 5642 ἒξοδίου
3295 5563 3525 5641 σκηνῆς,
3562 5560 3771 5641 legun-

2127 5638 2229 5705 tur
2253 5638 2494 5722 quidem
2523 5640 2581 5722 i_n
2614 5638 2971 5722 Colbertinis
3012 5640 3277 5722 secundo
3316 5644 3378 5705 et
3425 5638 3689 5722 septimo
3712 5649 3772 5702 et

2112 5725 2190 5786 -in
2223 5718 2492 5784 editione
2523 5719 2843 5784 Parisiensi
2878 5738 2892 5784 :
2925 5721 3032 5783 sed
3068 5723 3128 5785 in
3158 5720 3290 5785 aliis
3321 5730 3453 5785 octo
3476 5718 3600 5784 mss
3658 5718 3768 5781 de-

2130 5810 2288 5867 sunt.
