4138 6382
309 345 418 414 281

1381 337 1706 403 HOMILIA
1749 338 1833 402 IN
1878 332 2242 401 PSALMUM
2288 335 2569 401 XXVIII.

3569 343 3699 407 ‘28?

311 487 448 545 οδίου
495 483 720 552 σκηνῆς.
775 481 833 540 Τί
875 479 929 535 δὲ
990 482 1141 535 τοῦτο
1194 477 1360 551 seu;
1439 479 1734 548 Νοήσωμεν
1795 477 1842 532 τί
1883 476 1944 530 τὸ

2031 491 2163 534 nam
2189 473 2452 546 additur,
2483 473 2560 533 In
2581 473 2752 534 exitu
2775 490 2813 531 α
2850 469 3268 534 tabernaculo.
3305 475 3460 547 Quid
3487 488 3688 542 autem

311 577 529 643 ἐξόδιον.
590 575 674 629 καὶ
718 572 793 631 τίς
933 572 1129 639 σκηνὴ,
1183 568 1275 623 Γίνα
1320 568 1373 623 ἐν
1426 575 1501 635 τῷ
1530 566 1827 641 βουλήματι
1859 572 1950 622 τοῦ

313 666 526 743 ψαλμοῦ
558 662 857 735 δυνηθῶμεν
912 659 1172 736 γενέσθαι,
1232 659 1365 732 Πρὸς
1420 657 1516 730 μὲν
1549 655 1637 712 οὖν
1668 657 1764 722 τὴν
1796 658 1948 710 ἱστο-

313 758 424 835 ρίαν
455 754 586 818 δόξει
644 765 758 810 τοῖς
818 753 1008 828 ἱερεῦσι
1068 750 1155 804 καὶ
1213 760 1328 811 τοῖς
1362 747 1610 808 Λευίταις
1666 745 1947 825 ἂφεμένοις

312 833 402 903 τοῦ
457 844 605 920 ἔργιυ
639 840 758 915 (69)
801 842 862 896 τὸ
923 836 1274 915 παράγγελμα
1329 834 1554 891 δίδοσθαι
1599 834 1778 905 τοῦτο,
1811 833 1946 890 ὥστε

310 937 610 1009 μεμνῆσθαι
666 937 771 988 τῶν
833 927 1153 1008 ὀφειλόντων
1207 931 1390 987 αὺτοῖς
1452 925 1947 998 παρασκευασθῆναι

309 1026 439 1102 πρὸς
471 1022 567 1088 τὴν
612 1020 878 1098 λατρείαν,
917 1014 1242 1082 Ἐξοὸεύουσι
1300 1015 1399 1092 γὰρ
1453 1015 1558 1071 ἀπὸ
1616 1020 1712 1081 τῆς
1747 1020 1947 1081 σκηνῆς

308 1114 394 1169 καὶ
423 1112 614 1177 ἐξιοῦσι
639 1109 826 1165 λοιπὸν
862 1111 888 1163 ὁ
941 1107 1100 1184 λόγος
1131 1104 1533 1181 διαμαρτύρεται
1567 1103 1716 1159 ὂίτινα
1762 1104 1946 1163 αὐτοὺς

308 1203 691 1275 ἐτοιμάσαντας
750 1198 1008 1278 προσῆκε,
1053 1196 1166 1251 τίνα
1217 1193 1443 1273 ἔχοντες
1492 1192 1622 1272 (70)
1678 1194 1803 1264 πρὸς
1849 1195 1947 1260 τὴν

904 1286 1010 1360 ὅτι,
1071 1284 1210 1346 υἱοὺς
1263 1290 1472 1361 κριῶν·
1523 1281 1625 1355 ὅτι,
1679 1281 1831 1347 δόξαν
1862 1284 1947 1339 καὶ

1388 1371 1462 1428 ὅτι
1478 1421 1493 1451 ,
1526 1370 1757 1448 οὐδαμοῦ
1788 1372 1950 1428 ἀλλα-

309 1292 431 1360 ἑξῆς
492 1290 794 1356 ἀπαντῆσαι
829 1304 842 1317 ⁶

307 1383 471 1457 τιμήν
501 1398 515 1412 ⁸
553 1379 656 1458 ὅτι,
691 1376 840 1442 δόξαν
872 1377 1092 1443 ὀνόματι
1124 1376 1282 1431 αὐτοῦ
1319 1391 1330 1402 '

309 1480 414 1552 χοῦ
444 1468 776 1547 λατρεύεινῆ
829 1466 882 1521 ἐν
943 1471 1010 1541 τῇ
1069 1463 1205 1540 αὒλῇ
1260 1471 1350 1520 τοῦ
1411 1464 1594 1540 Κυρίου
1654 1465 1741 1518 καὶ
1771 1465 1827 1518 ἓν
1871 1471 1947 1537 τῷ

306 1551 456 1634 τόπῳ
509 1569 603 1616 τοῦ
657 1558 984 1635 ἀγιάσματος
1044 1559 1303 1632 προσῆκε.
1372 1555 1504 1631 Πρὸς
1537 1551 1590 1607 δὲ
1620 1553 1709 1608 τὸν
1741 1552 1943 1619 ἡμέτε-

305 1673 394 1727 ρον
453 1656 570 1706 ,οὖν
603 1650 691 1704 τὸν
735 1647 800 1701 τὰ
841 1643 1022 1720 ὑψηλὰ
1069 1647 1384 1720 θῖωροῦντα,
1448 1645 1531 1698 καὶ
1575 1641 1659 1697 διὰ
1717 1647 1812 1707 τῆς
1847 1664 1946 1715 με·

304 1739 597 1818 γαλόφυοῦς
654 1737 739 1793 καὶ
812 1735 1115 1812 πρεπούσης
1181 1740 1248 1809 τῇ
1293 1735 1404 1804 θείᾳ
1468 1738 1646 1811 Γραφῇ
1716 1731 1944 1796 διανοίας

2035 563 2144 623 hoc
2166 569 2283 624 est?
2306 561 2770 624 Consideremus
2790 560 2924 640 quis
2941 560 3020 621 sit
3036 559 3138 621 ille
3168 562 3380 638 exitus,
3416 575 3475 626 et
3491 569 3686 645 quod-

2034 670 2169 711 nam
2218 653 2290 712 sit
2323 651 2469 712 illud
2507 650 2958 711 tabernaculum
2992 657 3054 710 ut
3099 651 3312 711 Psalmi
3344 653 3686 734 intelligen-

2036 741 2174 802 tiam
2205 744 2232 800 Ι
2257 741 2342 800 Μ
2372 740 2610 820 assequi
2642 739 2968 800 valeamus.
3000 737 3166 811 Quod
3217 739 3400 819 igitur
3431 746 3690 823 pertinet

2034 831 2102 890 ad
2132 830 2527 903 historiam,id
2562 828 2844 910 praecepti
2859 828 3160 890 videbitur
3189 833 3602 897 sacerdotibus
3628 845 3688 899 et

2035 921 2228 982 levitis
2254 939 2437 1001 opere
2457 920 2674 980 funetis
2697 919 2897 978 datum
2923 928 3148 998 esse,ut
3171 938 3376 980 eorum
3403 941 3539 999 quae
3561 943 3593 985 a
3619 945 3686 988 se

2031 1010 2105 1071 ad
2140 1009 2539 1072 ministerium
2564 1006 2885 1090 praeparari
2915 1005 3156 1088 debent,
3189 1009 3678 1078 reminiscantur.

2033 1099 2402 1162 Exeuntibus
2427 1099 2585 1160 enim
2619 1117 2652 1159 e
2684 1095 3409 1178 labernaculo,Scriptura
3428 1119 3562 1162 mox
3581 1103 3684 1163 de-

2031 1189 2239 1270 clarat,
2275 1209 2405 1271 quae
2435 1190 2596 1270 ipsos
2639 1205 2880 1268 parasse
2913 1205 3018 1267 par
3047 1188 3147 1262 sit,
3183 1197 3393 1269 etquae
3415 1200 3685 1272 oporteat

2031 1278 2278 1353 habere,
2314 1289 2374 1341 ut
2403 1280 2475 1340 ad
2509 1285 2862 1358 sequentem
2886 1276 3047 1337 diem
3101 1279 3481 1357 conveniant,
3510 1283 3684 1344 nimi-

2034 1387 2164 1430 rum
2197 1369 2352 1430 ﬁlios
2381 1370 2661 1441 arietum,
2693 1368 2968 1446 gloriam,
3002 1368 3316 1443 honorem,
3344 1377 3402 1430 et
3431 1371 3681 1448 gloriam

2033 1458 2428 1539 nominiejus;
2456 1460 2621 1532 item,
2662 1476 2962 1538 nusquam
2999 1456 3138 1518 alibi
3165 1457 3278 1519 nisi
3307 1459 3368 1518 in
3402 1461 3539 1522 aula
3569 1462 3683 1525 Do-

2035 1549 2178 1609 mini
2193 1548 2731 1610 etsauctitatisloco
2747 1550 2969 1608 cultum
2985 1547 3679 1623 exhiberidebere.Quod

2031 1657 2169 1699 vero
2199 1638 2274 1700 ad
2303 1639 2420 1700 vim
2457 1635 2827 1715 intelligendi
2859 1644 3119 1697 nostram
3145 1640 3684 1719 spectat,sublimia

2030 1738 2263 1790 contem
2274 1729 2745 1808 plantem,atque
2768 1728 3078 1806 magniﬁca
3095 1728 3361 1806 quaedam
3382 1748 3449 1790 ac
3464 1731 3681 1793 divinas

306 1831 594 1885 οἰκειουντα
651 1829 786 1900 ἡμῖν
844 1825 932 1879 τὸν
994 1823 1178 1898 νόμον,
1229 1821 1409 1878 ἐκεῖνα
1439 1823 1572 1889 ἡμῖν
1605 1822 1888 1877 ὑποπίπτει
1926 1838 1938 1851 ⁸

2031 1815 2352 1898 Scriptura;
2381 1817 2760 1879 convenienti
2816 1816 3220 1895 intelligentia
3281 1818 3474 1898 legem
3510 1821 3682 1882 nobis

303 1921 414 1972 εὐτε
445 1918 590 1995 κριὸς
619 1917 678 1970 τὸ
711 1913 858 1991 ἅῤῥεν
907 1913 958 1967 ἐν
1007 1925 1126 1972 τοῖς
1182 1913 1468 1988 προῖἷάτοις
1532 1925 1756 1989 νοεῖται,
1827 1909 1943 1967 οὔτε

303 2005 476 2072 σκηνὴ
506 2008 564 2060 τὸ
613 2005 672 2059 ἐκ
726 2008 822 2070 τῆς
873 2003 1085 2081 ἀψύχου
1129 2003 1325 2067 ταύτης
1382 1999 1514 2067 ὅλης
1548 2001 1940 2078 συμπηγνύμε-

301 2118 390 2153 νον
444 2095 673 2169 οἴκημα,
739 2093 856 2149 οὔτε
918 2090 1089 2156 ἔξοδος
1147 2090 1350 2158 σκηνῆς
1422 2093 1453 2158 ἡ
1513 2091 1618 2146 ἀπὸ
1672 2097 1766 2146 τοῦ
1821 2098 1945 2147 ναοῦ

299 2185 669 2263 ἀναχώρησις,
716 2181 852 2236 ἀλλὰ
897 2181 1069 2246 σκηνὴ
1127 2181 1223 2254 μὲν
1275 2181 1414 2254 ἡμῖν
1458 2182 1518 2234 τὸ
1564 2186 1718 2254 σῶμα
1766 2182 1939 2252 τοῦτο,

298 2277 371 2336 ὡς
430 2277 457 2328 ὁ
516 2271 840 2333 Ἀπόατολος
887 2271 1030 2343 ἡμᾶς
1090 2267 1282 2334 ἐδίδαξε
1342 2269 1538 2349 λέγων,
1588 2269 1671 2325 ὅτι
1708 2273 1766 2327 Οἱ
1797 2269 1944 2334 ὄντες

299 2363 351 2417 ἐν
400 2368 473 2434 τῷ
532 2361 712 2426 σκήνει
773 2364 1092 2432 στενάζομεν
1129 2377 1142 2391 ⁸
1211 2361 1298 2414 καὶ
1357 2359 1516 2414 πάλιν
1576 2362 1602 2415 ὁ
1685 2358 1896 2433 ψαλμός
1932 2377 1946 2392 ’

298 2453 385 2517 καὶ
430 2447 618 2522 μάστιξ
678 2449 773 2506 οὒκ
845 2449 1019 2526 έγγιεῖ
1073 2454 1150 2520 τῷ
1225 2447 1539 2521 σκηνώμλτί
1617 2469 1734 2509 σου,
1820 2447 1942 2513 ἘΞ-

299 2539 439 2598 όδιον
482 2537 536 2595 δὲ
583 2544 787 2605 σκηνῆς
817 2540 850 2605 ἡ
909 2537 1014 2593 ἀπὸ
1064 2544 1153 2593 τοῦ
1207 2538 1320 2612 βίου
1351 2539 1536 2593 τούτου
1569 2537 1940 2616 ἀναχώρησις,

298 2632 428 2706 πρὸς
483 2630 549 2697 ἢν
600 2629 1087 2707 παρασκευάζεσθαι
1158 2630 1296 2701 ἡμᾶς
1349 2629 1376 2682 ὁ
1427 2627 1587 2704 λόγος
1649 2635 1939 2706 παρεγγυᾷ,

297 2719 418 2776 τάδε
447 2722 563 2775 τινὰ
621 2721 709 2774 καὶ
761 2715 882 2774 τάδε
916 2718 1228 2792 κομίζοντας
1285 2720 1362 2791 τῷ
1397 2718 1566 2793 Κυρίῳ
1599 2733 1610 2746 '
1666 2717 1881 2794 ἐπείπερ
1911 2719 1946 2784 ὴ

295 2809 514 2865 ἐνταῦθα
569 2807 784 2886 ἐργασία
817 2805 1032 2886 ἀφόόιόν
1065 2807 1175 2862 ἐστι
1209 2808 1342 2884 πρὸς
1404 2807 1462 2861 τὸ
1506 2805 1739 2879 μέλλων.
1778 2808 1875 2863 Καὶ
1919 2809 1947 2862 ὀ

295 2899 514 2957 ἐνταῦθα
564 2897 648 2952 διὰ
701 2903 805 2952 τῶν
864 2897 1074 2974 ἀγαθῶν
1127 2895 1294 2973 ἔργων
1322 2895 1439 2970 (71)
1482 2893 1632 2960 δόξαν
1667 2895 1837 2974 φέρων
1862 2893 1949 2951 καὶ

295 2989 459 3062 τιμὴν
487 2994 562 3061 τῷ
617 2988 810 3065 Κυρίῳ,
856 2988 1006 3047 οὗτος
1051 2982 1202 3049 δόξαν
1247 2987 1417 3056 ἑαυτῷ
1444 2985 1532 3040 καὶ
1592 2985 1762 3058 τιμὴν
1813 2986 1949 3040 κατὰ

296 3078 392 3145 τὴν
446 3075 648 3133 δικαίαν
704 3083 796 3132 τοῦ
851 3077 1033 3154 κριτοῦ
1075 3074 1428 3130 ἀνταποδόσιν
1470 3075 1792 3154 Θησαυρίζει,
1859 3072 1948 3130 Ἐν

2029 1907 2378 1969 familiarem
2435 1908 2812 1988 reddentem,
2861 1907 2959 1968 illa
3011 1907 3180 1968 nobis
3225 1919 3567 1981 occurrunt,
3615 1921 3680 1971 ut

2028 2015 2228 2072 neque
2244 1998 2399 2058 aries
2420 2015 2542 2058 mas
2567 1997 2718 2059 inter
2738 2014 2876 2058 oves
2901 1997 3455 2076 accipiatur,neque
3477 2000 3680 2062 taber-

2028 2086 2306 2147 naculum
2334 2085 2654 2147 aediﬁcium
2670 2103 2745 2146 ex
2763 2086 2872 2147 hac
2893 2086 3216 2146 inanimata
3251 2089 3496 2148 materia
3519 2109 3680 2151 com-

2032 2184 2291 2257 pactum,
2327 2194 2522 2255 neque
2569 2177 2762 2236 exitus
2817 2193 2851 2235 a
2889 2174 3268 2236 tabernaculo
3302 2175 3604 2240 discessus
3649 2198 3682 2242 a

2029 2265 2302 2345 templo:
2352 2265 2457 2326 sed
2512 2267 2622 2328 hoc
2684 2273 2950 2327 nostrum
2987 2282 3204 2344 corpus
3235 2265 3682 2331 tabernaculum

2030 2354 2202 2415 nobis
2235 2366 2324 2416 est
2360 2374 2373 2418 :
2411 2367 2474 2417 ut
2511 2373 2618 2415 nos
2641 2353 2842 2416 docuit
2885 2354 3230 2434 Apostolus,
3264 2356 3512 2420 dicens:
3559 2358 3684 2434 Qui

2026 2462 2241 2505 sumus
2267 2447 2333 2505 in
2355 2443 2462 2505 hoc
2483 2444 2874 2506 tabernaculo
2893 2443 3266 2522 ingemiscim
3276 2462 3344 2506 us
3357 2444 3432 2510 ω.
3466 2446 3535 2508 Et
3563 2448 3682 2510 ite-

2031 2551 2161 2594 rum
2199 2533 2463 2612 psalmus
2497 2552 2510 2596 :
2547 2533 2630 2594 Et
2661 2531 2980 2613 ﬂagellum
3012 2551 3130 2595 non
3176 2538 3684 2616 appropinquabil

2030 2621 2536 2684 tabernaeuloluo
2566 2621 2640 2681 ‘3.
2674 2623 2877 2682 Exitus
2938 2631 3134 2682 autem
3188 2641 3223 2682 a
3273 2624 3680 2708 tabernaculo,

2031 2711 2334 2773 discessus
2367 2712 2438 2773 ab
2483 2712 2593 2772 hac
2640 2713 2752 2772 vita
2783 2721 2894 2784 est,
2930 2714 3004 2770 ad
3039 2729 3215 2786 quem
3250 2714 3340 2774 bas
3371 2733 3546 2776 voces
3572 2736 3682 2778 nos

2035 2802 2355 2882 praeparari
2398 2801 2616 2882 jubent
2665 2801 2766 2873 ita,
2803 2809 2864 2861 ut
2913 2811 2973 2862 et
3025 2801 3173 2876 haec,
3209 2811 3266 2862 et
3294 2803 3396 2864 illa
3425 2804 3679 2868 Domino

2031 2891 2354 2952 aﬁ‘eramus
2391 2909 2405 2956 :
2440 2891 2736 2971 siquidem
2770 2909 2902 2970 quae
2931 2909 3088 2950 nunc
3119 2897 3676 2974 aguntur,viaticum

2031 2981 2103 3041 ad
2123 2981 2376 3043 futurum
2401 2985 2573 3043 vitam
2615 2981 2860 3042 sunt.Et
2882 2980 2982 3059 qui
3007 2981 3104 3042 hic
3135 2980 3384 3056 gloriam
3403 2994 3460 3045 et
3485 2985 3677 3047 hono-

2030 3087 2158 3130 rem
2175 3070 2429 3133 Domino
2455 3089 2562 3150 per
2574 3069 2732 3130 bona
2745 3087 2930 3149 opera
2949 3069 3199 3143 atl‘ert,is
3219 3070 3333 3132 sibi
3356 3073 3604 3150 gloriam
3621 3085 3681 3138 et

298 3165 522 3229 πολλοῖς
578 3165 760 3241 μέντοι
805 3167 912 3221 τῶν
970 3165 1304 3243 ἀντιγράφων
1359 3163 1942 3242 προσκείμενον-εὕρο-

2031 3159 2317 3221 honorem
2342 3177 2416 3222 ex
2437 3161 2604 3239 juxta
2611 3159 2838 3239 judicis
2857 3160 3350 3223 remuneratione
3378 3166 3674 3242 congerit.

301 3278 396 3331 μεν
428 3257 511 3329 τὸ,
567 3256 855 3332 Ἐνέγκατε
911 3261 987 3328 τῷ
1046 3255 1240 3332 Κυρίῳ,
1293 3255 1390 3310 υἱοὶ
1439 3262 1588 3314 Θεοῦ.
1647 3255 1744 3310 Καὶ
1794 3255 1941 3310 ἐπεί-

2031 3250 2092 3311 In
2128 3249 2328 3310 multis
2357 3258 2553 3311 autem
2582 3248 3028 3330 exemplaribus
3053 3250 3319 3312 additum
3341 3255 3680 3333 reperimus

300 3366 398 3423 περ
449 3347 506 3401 οὐ
550 3346 749 3407 παντὸς
809 3342 974 3422 δῶρον
1033 3342 1414 3420 εὐπρόσδεκτον
1475 3349 1550 3416 τῷ
1622 3349 1758 3416 Θεῷ,
1808 3342 1944 3399 ἀλλὰ

2031 3338 2176 3402 illud
2217 3359 2231 3401 :
2265 3339 2495 3417 A/ferte
2530 3338 2813 3418 Domino,
2835 3337 2951 3418 ﬁlii
2982 3338 3117 3402 Dei.
3154 3339 3227 3400 Et
3254 3343 3534 3420 quoniam
3558 3364 3678 3408 non

298 3441 391 3492 τοῦ
463 3435 566 3491 ἀπὸ
622 3433 834 3512 καρδίας
906 3433 1265 3510 προσάγοντος
1340 3435 1567 3510 καθαρᾶς
1603 3447 1616 3461 ·
1697 3433 1768 3489 0-3
1844 3434 1944 3512 γὰρ

2031 3429 2292 3507 cujusvis
2322 3430 2545 3491 donum
2579 3427 2701 3490 Deo
2732 3436 3039 3508 acceptum
3075 3437 3184 3504 est,
3235 3431 3342 3492 sed
3386 3434 3538 3512 ejus,
3573 3437 3678 3514 qui

297 3524 452 3602 ἁγναὶ
511 3523 662 3603 (72),
714 3524 896 3604 φησὶν,
958 3523 1114 3603 εὐχαὶ
1142 3523 1246 3578 ἀπὸ
1277 3521 1616 3598 μισθώμειτος
1676 3521 1884 3602 ἑταίρας
1922 3538 1936 3552 ⁶

2031 3518 2175 3580 illud
2209 3519 2389 3579 corde
2423 3536 2571 3598 puro
2596 3519 2767 3580 aﬂ‘ert
2792 3539 2804 3580 :
2833 3516 2969 3578 Non
2991 3519 3564 3602 enim,inquit,pura
3580 3543 3679 3587 υο-

298 3615 384 3670 καὶ
415 3613 572 3670 πάλιν
628 3612 906 3693 Ἱερεμίας,
966 3616 1053 3680 Μὴ
1105 3613 1285 3691 εὐχαὶ,
1331 3613 1483 3691 φησὶ,
1516 3613 1606 3668 καὶ
1638 3611 1761 3690 κρέα
1814 3612 1942 3691 ἅγια

2031 3614 2088 3671 ta
2110 3609 2181 3670 de
2210 3609 2476 3669 mercede
2505 3607 2844 3670 meretricis
2874 3604 2963 3683 “;
2999 3616 3060 3668 et
3099 3625 3305 3670 rursus
3334 3611 3623 3676 Jeremias
3658 3637 3674 3678 :

298 3703 547 3784 ἀφελοῦσί
602 3726 696 3760 σου
772 3704 867 3764 τὰς
952 3703 1164 3776 κακίας,
1242 3701 1277 3764 ἢ
1333 3701 1540 3766 τούτοις
1601 3701 1695 3779 ἔσῃ
1769 3706 1940 3759 καθα-

2031 3697 2321 3778 Nunquid
2346 3707 2504 3778 eota,
2537 3696 2755 3778 inquit,
2811 3703 2868 3757 et
2898 3713 3118 3758 carnes
3146 3705 3368 3762 sanctae
3399 3705 3677 3779 auferent

300 3793 387 3866 ρός
423 3814 439 3875 ς
485 3793 664 3874 διόπερ
695 3796 722 3851 ὀ
780 3794 992 3870 ψαλμὸς
1049 3793 1303 3873 πρότερον
1332 3794 1476 3867 ἡμᾶς
1510 3791 1757 3868 βούλεται
1801 3792 1942 3855 υἱοὺς

2031 3787 2297 3849 malitias
2328 3793 2603 3868 tuas,aut
2627 3795 2872 3868 propter
2897 3789 3016 3848 ista
3037 3804 3234 3867 purus
3251 3790 3373 3852 eris
3398 3789 3453 3834 4⁵
3476 3800 3502 3856 ?
3533 3793 3671 3858 ideo

301 3886 440 3940 εἶναι
474 3892 626 3958 Θεοῦ,
662 3885 787 3942 εἶτα
819 3885 938 3940 τότε
969 3884 1206 3955 ἀπαντᾷν
1237 3883 1323 3939 ἐπὶ
1366 3884 1426 3938 τὸ
1463 3883 1832 3958 προσκομίζειν
1877 3884 1945 3942 τὰ

2031 3879 2294 3958 psalmus
2325 3878 2446 3938 vult
2477 3893 2587 3937 nos
2622 3876 2787 3956 prius
2806 3875 2959 3936 ﬁlios
2979 3875 3083 3936 Dei
3113 3895 3247 3939 esse
3272 3900 3286 3941 :
3313 3879 3529 3943 deinde
3554 3893 3676 3946 tan-

300 3969 439 4050 δῶρα
470 3981 546 4048 τῷ
576 3974 713 4049 Θεῷ,
746 3975 833 4030 καὶ
864 3981 1026 4030 ταῦτα
1053 3975 1112 4030 οὒ
1153 3973 1220 4029 τὰ
1248 3972 1504 4053 τυχόντα,
1551 3971 1671 4027 ἀλλ’
1695 3972 1793 4028 οἶα
1844 3972 1944 4029 αὒ-

2031 3967 2166 4058 dem
2186 3967 2258 4030 ad
2280 3964 2721 4058 aﬁ‘erendaDeo
2741 3965 2898 4058 dona
2914 3967 3224 4058 accedere,
3238 3986 3348 4030 nec
3366 3972 3673 4058 quaelibet,

300 4065 389 4126 τὸς
435 4061 724 4129 διετάξατο,
761 4065 1022 4143 Πρότερον
1052 4063 1192 4137 εἰπὲ,
1224 4065 1420 4144 Πάτερ,
1453 4062 1578 4120 εἶτα
1608 4061 1835 4129 α’ίτητον
1883 4063 1945 4119 τὰ

2031 4057 2136 4118 sed
2159 4076 2289 4138 quae
2310 4056 2435 4137 ipse
2455 4054 3085 4144 praescripserit.Prius
3106 4055 3428 4136 dic,Pater,
3456 4054 3677 4128 deinde

301 4151 514 4234 ἑφεξῆς.
555 4153 854 4229 Δοκίμασον
886 4150 941 4208 δὲ
973 4155 1190 4210 σεαυτὸν
1224 4152 1285 4209 ἐκ
1315 4143 1556 4210 ποταποῦ
1604 4154 1717 4229 βίου
1759 4153 1942 4224 ἀπήνε-

2032 4157 2166 4228 pete
2191 4166 2322 4228 qua;
2351 4153 2698 4226 sequuntur.
2726 4143 3011 4225 Expende
3043 4153 3242 4208 autem
3268 4155 3324 4209 te
3347 4149 3575 4229 ipsum,
3610 4173 3684 4218 ex

301 4265 471 4311 τηκας
509 4259 522 4273 ⁸
583 4243 626 4298 εἰ
676 4241 818 4304 ἄυιος
870 4245 924 4298 εἴ
976 4243 1106 4298 Θεὸν
1164 4243 1255 4298 τὸν
1311 4242 1461 4319 ἅγιον
1494 4242 1694 4321 πατέρα
1723 4252 1945 4301 σεαυτοῦ

2031 4237 2191 4319 quali
2209 4237 2323 4299 vita
2345 4235 2698 4326 accedas,an
2713 4235 2929 4326 dignus
2943 4235 3026 4296 sis
3039 4237 3138 4316 qui
3162 4243 3431 4302 sanctum
3460 4240 3674 4326 Deum,

301 4334 602 4411 ὀνομάζειν,
639 4331 721 4388 Δι’
754 4332 1013 4409 ἀγιασμοῦ
1066 4329 1206 4386 ἐστιν
1251 4332 1388 4406 ἡμῖν
1419 4333 1452 4398 ἡ
1497 4333 1626 4407 πρὸς
1670 4334 1761 4389 τὸν
1793 4333 1945 4412 ἅγιον

2031 4334 2257 4408 patrem
2292 4335 2455 4387 tuum
2485 4325 2771 4414 appelles.
2805 4323 2907 4386 Est
2940 4326 3112 4387 nobis
3155 4346 3290 4389 cum
3323 4338 3527 4396 sancto
3566 4323 3673 4414 per

302 4424 582 4488 οἰκείωσις,
640 4423 695 4479 Εἰ
753 4420 932 4498 βούλει
990 4420 1070 4476 ἀεὶ
1296 4422 1405 4482 υίὸς
1455 4427 1548 4478 τοῦ
1590 4423 1742 4500 ἁγίου
1772 4423 1942 4504 εἶναι,

2031 4417 2480 4480 sanctimoniam
2514 4413 2926 4491 necessitudo,
2951 4414 3464 4502 familiaritasque.
3495 4413 3674 4488 Si’vis

302 4512 565 4593 ἁγιασμός
642 4533 699 4568 σε
756 4509 1073 4572 υἱοθετείτω.
1151 4507 1440 4588 Ἐνέγκατε
1501 4510 1588 4566 οῦν
1639 4513 1715 4584 τῷ
1777 4515 1945 4591 Κυρίῳ

2031 4525 2268 4588 semper
2299 4507 2456 4567 filius
2481 4505 2672 4566 sancti
2695 4523 2852 4582 esse,
2877 4507 3160 4569 sanctitas
3186 4517 3242 4571 te
3272 4511 3387 4572 sibi
3412 4531 3521 4593 pro
3553 4515 3674 4578 ﬁlio

303 4607 408 4683 οὐχ
465 4605 512 4659 οἱ
555 4602 835 4682 τυχόντες,
883 4597 996 4656 οὐδὲ
1041 4599 1088 4655 οἱ
1133 4597 1193 4654 ἐκ
1220 4604 1326 4655 τῶν
1357 4599 1654 4678 τυχόντων,
1688 4598 1807 4656 ἀλλ’
1842 4602 1945 4658 υἱοὶ

2031 4594 2730 4677 adoptet.Atferteitaque
2753 4593 3007 4657 Domino
3030 4615 3148 4659 non
3168 4599 3436 4684 quilibet,
3476 4623 3674 4683 neque

303 4700 393 4749 τοῦ
439 4699 590 4751 Θεοῦ.
657 4689 874 4770 Μεγάλα
933 4688 1118 4765 μέλλει
1177 4688 1460 4760 ἐωιζητεϊν
1521 4689 1585 4746 τὰ
1643 4687 1827 4768 δῶρα·
1862 4688 1945 4747 διὰ

2031 4706 2101 4750 ex
2128 4684 2491 4769 quibuslibet
2508 4685 2915 4766 prognati,sed
2934 4685 3038 4746 ﬁli!
3055 4687 3183 4748 Dei.
3196 4687 3566 4760 Quaesiturus
3582 4705 3674 4758 est

301 4790 454 4841 τοῦτο
504 4780 768 4861 μεγάλους
829 4778 1102 4858 ἐκλέγεται
1145 4779 1266 4842 τοὺς
1339 4777 1754 4859 προσφέροντας,
1817 4779 1945 4838 ’Ἱνα

2031 4776 2190 4838 dona
2221 4794 2453 4856 magna;
2479 4775 2614 4836 ideo
2636 4792 2885 4853 magnos
2904 4773 3062 4836 viros
3086 4776 3252 4854 eligit
3269 4779 3369 4858 qui
3391 4781 3669 4848 offerant.

301 4873 401 4951 γάρ
455 4894 548 4928 σου
610 4871 686 4948 μὴ
742 4869 870 4948 ῥίψῃ
921 4870 1096 4950 χαμαὶ
1138 4869 1259 4935 τοὺς
1324 4867 1634 4947 λογισμοὺς,
1693 4869 1832 4946 μηδέ
1881 4893 1939 4929 σε

2031 4865 2261 4928 Etenim
2288 4884 2364 4927 ne
2392 4875 2526 4926 tuas
2558 4863 2948 4942 cogitationes
2971 4863 3133 4924 humi
3160 4866 3577 4946 dejiciat,neve
3608 4876 3670 4938 in

302 4963 503 5042 ποιήσῃ
561 4963 706 5038 κριὸν
748 4961 810 5016 τὸ
869 4957 1064 5036 ἄλογον
1119 4965 1274 5016 τοῦτο
1316 4959 1606 5037 τετράπουν
1665 4961 1752 5016 καὶ
1793 4960 1940 5037 βλη..

2031 4973 2202 5018 causa
2228 4954 2326 5031 sit,
2371 4973 2480 5018 cur
2515 4953 2765 5016 arietem
2799 4954 3036 5016 brutum
3069 4954 3212 5016 illud
3243 4958 3580 5043 quadrupes
3612 4975 3673 5027 et

302 5054 530 5130 χητικὸν
576 5057 710 5122 ζῶον
761 5049 1060 5129 ἐπιζητεῖν,
1119 5049 1190 5111 ὡς
1245 5049 1304 5104 ἐκ
1375 5053 1472 5116 τῆς
1525 5049 1710 5105 τούτου
1759 5053 1936 5118 θυσίας

2031 5048 2230 5111 balans
2257 5043 2478 5107 animal
2508 5043 2803 5126 inquiras,
2841 5051 3117 5125 tanquam
3144 5046 3254 5109 hac
3282 5047 3399 5111 ista
3427 5051 3671 5118 victima

375 5181 430 5225 ⁸³
457 5183 508 5246 II
543 5183 679 5248 Cor.
701 5199 763 5265 ν,
797 5190 854 5245 4.
943 5180 997 5226 ιθ
1026 5181 1188 5244 Psal.
1219 5199 1313 5260 xc,
1351 5180 1439 5248 10,
1528 5179 1586 5226 ⁴⁴
1615 5185 1786 5249 Prov.
1820 5205 1939 5264 x1x,

2031 5189 2065 5251 ι,
2151 5181 2448 5246 “Jerem.
2475 5199 2558 5261 x1,
2593 5182 2693 5244 i5.

383 5318 665 5412 (69l‘Toiq
700 5322 890 5396 ἱερεῦσι
951 5320 1040 5376 καὶ
1095 5333 1214 5383 τοϊς
1250 5321 1497 5412 Λευίταις
1532 5320 1816 5400 ἀφεμένοις
1854 5331 1942 5381 τοῦ

2060 5403 2074 5412 _
2110 5323 2234 5403 (72)
2267 5321 2401 5412 Duo
2430 5321 2530 5382 illa
2577 5339 2711 5412 quae
2763 5321 2860 5412 bic
2888 5322 3271 5412 proferuntur
3301 5330 3664 5412 testimonia,

298 5398 475 5477 ἔργου,
511 5399 714 5482 Verte,
745 5400 1156 5482 sacerdotibus
1213 5406 1272 5463 et
1326 5399 1522 5463 levilis
1564 5398 1711 5479 Opus
1740 5403 1936 5481 negli-
2024 5398 2272 5466 alterum
2299 5422 2331 5465 e
2361 5398 2977 5482 Proverbiis,alterum
3004 5406 3398 5482 eJeremia,in
3421 5414 3544 5474 suis
3567 5398 3670 5475 no:

294 5483 502 5572 genter
521 5479 902 5572 audentibus.
936 5480 1176 5572 Mxluiv.
1260 5569 1270 5572 _
1454 5569 1464 5572 _
1583 5561 1608 5572 η
2025 5485 2098 5547 tis
2113 5484 2376 5572 illustrat
2423 5479 2866 5572 _Duc_2eu3{_Mohx
2893 5484 3076 5572 aliqui
3111 5507 3261 5572 mss,
3288 5479 3374 5572 ἐπὶ
3403 5501 3480 5568 τῷ
3504 5517 3660 5572 προσ.

377 5557 502 5645 (Ἰθ)
527 5555 862 5645 Eolbertini
891 5563 1192 5645 secundus
1219 5569 1276 5622 et
1298 5569 1543 5642 quartus
1566 5561 1610 5645 ⁸ἷὶ
1640 5586 1758 5620 τινα
1783 5563 1937 5644 ἔχωμ

2105 5567 2223 5645 (73)
2265 5563 2384 5645 Vox
2416 5567 2496 5620 ὰεί
2527 5564 2695 5624 deest
2719 5562 2779 5623 in
2807 5555 3218 5644 Colbquarto.
3242 5570 3400 5633 Infra
3421 5555 3665 5636 dolber-é

294 5662 424 5722 raq.
449 5636 608 5722 Ιῃίιξο
636 5638 802 5700 Colb.
838 5643 1142 5704 secundus
1170 5636 1389 5718 θεωρίας
1423 5661 1528 5722 pro
1559 5636 1875 5722 διανοίαςξί

2031 5636 2130 5706 lini
2161 5636 2464 5707 secundus
2488 5651 2548 5704 et
2579 5652 2828 5719 quartus
2849 5653 2909 5706 et
2937 5636 3036 5706 alii
3063 5648 3179 5710 duo
3222 5668 3367 5714 mss.
3401 5655 3660 5709 ἱλεοῦτθαι

378 5718 502 5808 (71)
543 5719 638 5783 Sic
697 5724 934 5808 septem
982 5740 1125 5808 mss.
1183 5723 1338 5785 Editi
1387 5718 1525 5784 vero
1569 5740 1706 5785 cum
1737 5721 1938 5802 Regiis
2019 5728 2111 5782 τὸν
2147 5729 2355 5804 Κύριον.
2395 5723 2514 5786 Sed
2555 5718 2658 5785 alii
2689 5742 2788 5785 sex
2837 5743 2978 5790 mss.
3011 5744 3178 5808 aeque
3207 5747 3276 5791 ac
3307 5732 3450 5793 editi
3481 5732 3662 5789 usus-

295 5800 490 5888 primo
519 5808 581 5865 et
608 5806 818 5882 quarto
847 5800 1026 5860 καλῶν
1057 5803 1249 5883 ἔργων.
1834 5800 1850 5802 ”

2031 5810 2136 5864 ’θαι
2168 5800 2258 5865 τὸν
2289 5808 2444 5868 Θεόν.
