  <div class='ocr_page' id='page_1' title='image "/cluster/home/n/w/nwhite01/storage/ocr_20150623/29:no.1/coo.31924054873108/556.png"; bbox 0 0 4138 6378; ppageno 0'>
   <div class='ocr_carea' id='block_1_1' title="bbox 278 358 399 425">
    <p class='ocr_par' dir='ltr' id='par_1_1' title="bbox 278 358 399 425">
     <span class='ocr_line' id='line_1_1' title="bbox 278 358 399 425; baseline -0.017 -1"><span class='ocrx_word' id='word_1_1' title='bbox 278 358 399 425; x_wconf 80' lang='grc'><strong>289</strong></span> 
     </span>
    </p>
   </div>
   <div class='ocr_carea' id='block_1_2' title="bbox 1384 347 2562 427">
    <p class='ocr_par' dir='ltr' id='par_1_2' title="bbox 1384 347 2562 427">
     <span class='ocr_line' id='line_1_2' title="bbox 1384 347 2562 427; baseline -0.008 -8"><span class='ocrx_word' id='word_1_2' title='bbox 1384 348 1706 419; x_wconf 83' lang='lat' dir='ltr'><strong>HOMILIA</strong></span> <span class='ocrx_word' id='word_1_3' title='bbox 1752 347 1832 427; x_wconf 84' lang='grc' dir='ltr'><strong>ΙΝ</strong></span> <span class='ocrx_word' id='word_1_4' title='bbox 1876 350 2238 415; x_wconf 79' lang='lat' dir='ltr'><strong>PSALMUM</strong></span> <span class='ocrx_word' id='word_1_5' title='bbox 2282 348 2562 415; x_wconf 83' lang='lat' dir='ltr'><strong>XXVIII.</strong></span> 
     </span>
    </p>
   </div>
   <div class='ocr_carea' id='block_1_3' title="bbox 3544 350 3665 415">
    <p class='ocr_par' dir='ltr' id='par_1_3' title="bbox 3544 350 3665 415">
     <span class='ocr_line' id='line_1_3' title="bbox 3544 350 3665 415; baseline 0 0"><span class='ocrx_word' id='word_1_6' title='bbox 3544 350 3665 415; x_wconf 76' lang='lat'><strong>290</strong></span> 
     </span>
    </p>
   </div>
   <div class='ocr_carea' id='block_1_4' title="bbox 278 482 1915 573">
    <p class='ocr_par' dir='ltr' id='par_1_4' title="bbox 278 490 1915 573">
     <span class='ocr_line' id='line_1_4' title="bbox 278 490 1915 573; baseline -0.005 -20"><span class='ocrx_word' id='word_1_7' title='bbox 278 499 351 553; x_wconf 78' lang='grc' dir='ltr'>Οὒ</span> <span class='ocrx_word' id='word_1_8' title='bbox 408 494 805 573; x_wconf 74' lang='grc' dir='ltr'>κληρονομήσει</span> <span class='ocrx_word' id='word_1_9' title='bbox 899 514 957 548; x_wconf 80' lang='grc' dir='ltr'><strong>σε</strong></span> <span class='ocrx_word' id='word_1_10' title='bbox 1011 491 1185 555; x_wconf 80' lang='grc' dir='ltr'>οὗτος·</span> <span class='ocrx_word' id='word_1_11' title='bbox 1244 494 1330 548; x_wconf 77' lang='grc' dir='ltr'><strong>καὶ</strong></span> <span class='ocrx_word' id='word_1_12' title='bbox 1387 492 1473 548; x_wconf 77' lang='grc' dir='ltr'>ἐπὶ</span> <span class='ocrx_word' id='word_1_13' title='bbox 1527 497 1765 547; x_wconf 71' lang='grc' dir='ltr'>Μωυσεῖ·</span> <span class='ocrx_word' id='word_1_14' title='bbox 1832 490 1915 547; x_wconf 74' lang='grc' dir='ltr'><strong>Κα</strong></span> 
     </span>
    </p>
   </div>
   <div class='ocr_carea' id='block_1_5' title="bbox 2001 482 3659 573">
    <p class='ocr_par' dir='ltr' id='par_1_5' title="bbox 2008 482 3659 573">
     <span class='ocr_line' id='line_1_5' title="bbox 2008 482 3659 573; baseline 0.001 -27"><span class='ocrx_word' id='word_1_15' title='bbox 2008 488 2174 564; x_wconf 79' lang='lat' dir='ltr'><strong>facta</strong></span> <span class='ocrx_word' id='word_1_16' title='bbox 2197 494 2282 546; x_wconf 83' lang='lat' dir='ltr'><strong>est</strong></span> <span class='ocrx_word' id='word_1_17' title='bbox 2300 482 2679 548; x_wconf 76' lang='lat' dir='ltr'><strong>dicenszNon</strong></span> <span class='ocrx_word' id='word_1_18' title='bbox 2702 482 3090 573; x_wconf 60' lang='lat' dir='ltr'><strong>Meditabit</strong></span> <span class='ocrx_word' id='word_1_19' title='bbox 3111 491 3168 547; x_wconf 82' lang='lat' dir='ltr'><strong>te</strong></span> <span class='ocrx_word' id='word_1_20' title='bbox 3189 485 3299 547; x_wconf 82' lang='lat' dir='ltr'><strong>iste</strong></span> <span class='ocrx_word' id='word_1_21' title='bbox 3318 482 3391 545; x_wconf 76' lang='grc' dir='ltr'><strong>⁵ο.</strong></span> <span class='ocrx_word' id='word_1_22' title='bbox 3417 486 3563 548; x_wconf 92' lang='lat' dir='ltr'><strong>ltem</strong></span> <span class='ocrx_word' id='word_1_23' title='bbox 3597 488 3659 549; x_wconf 90' lang='lat' dir='ltr'><strong>in</strong></span> 
     </span>
    </p>
   </div>
   <div class='ocr_carea' id='block_1_6' title="bbox 277 578 1921 661">
    <p class='ocr_par' dir='ltr' id='par_1_6' title="bbox 277 578 1921 661">
     <span class='ocr_line' id='line_1_6' title="bbox 277 578 1921 661; baseline -0.004 -19"><span class='ocrx_word' id='word_1_24' title='bbox 277 592 381 649; x_wconf 88' lang='grc' dir='ltr'>πᾶς</span> <span class='ocrx_word' id='word_1_25' title='bbox 435 586 463 641; x_wconf 88' lang='lat'><strong>6</strong></span> <span class='ocrx_word' id='word_1_26' title='bbox 521 583 648 647; x_wconf 83' lang='grc' dir='ltr'>λαὸς</span> <span class='ocrx_word' id='word_1_27' title='bbox 708 582 845 655; x_wconf 77' lang='grc' dir='ltr'>ἑώρα</span> <span class='ocrx_word' id='word_1_28' title='bbox 904 582 1002 649; x_wconf 64' lang='grc' dir='ltr'><strong>τὴν</strong></span> <span class='ocrx_word' id='word_1_29' title='bbox 1080 582 1259 661; x_wconf 84' lang='grc' dir='ltr'>φωνὴν</span> <span class='ocrx_word' id='word_1_30' title='bbox 1316 584 1403 638; x_wconf 82' lang='grc' dir='ltr'><strong>καὶ</strong></span> <span class='ocrx_word' id='word_1_31' title='bbox 1462 582 1556 645; x_wconf 78' lang='grc' dir='ltr'>τὰς</span> <span class='ocrx_word' id='word_1_32' title='bbox 1614 578 1921 654; x_wconf 72' lang='grc' dir='ltr'>λαμπάδας·</span> 
     </span>
    </p>
   </div>
   <div class='ocr_carea' id='block_1_7' title="bbox 277 669 1923 750">
    <p class='ocr_par' dir='ltr' id='par_1_7' title="bbox 277 669 1923 750">
     <span class='ocr_line' id='line_1_7' title="bbox 277 669 1923 750; baseline -0.004 -19"><span class='ocrx_word' id='word_1_33' title='bbox 277 677 363 731; x_wconf 87' lang='grc' dir='ltr'><strong>καὶ</strong></span> <span class='ocrx_word' id='word_1_34' title='bbox 421 675 561 750; x_wconf 77' lang='grc' dir='ltr'>παρὰ</span> <span class='ocrx_word' id='word_1_35' title='bbox 610 680 684 743; x_wconf 82' lang='grc' dir='ltr'>τῷ</span> <span class='ocrx_word' id='word_1_36' title='bbox 738 672 941 744; x_wconf 62' lang='grc' dir='ltr'>Ἡσαΐᾳ</span> <span class='ocrx_word' id='word_1_37' title='bbox 995 670 1178 727; x_wconf 80' lang='grc' dir='ltr'>πάλιν⁹</span> <span class='ocrx_word' id='word_1_38' title='bbox 1249 671 1412 737; x_wconf 89' lang='grc' dir='ltr'>Φωνὴ</span> <span class='ocrx_word' id='word_1_39' title='bbox 1444 669 1713 748; x_wconf 80' lang='grc' dir='ltr'>λέγοντος⁹</span> <span class='ocrx_word' id='word_1_40' title='bbox 1778 670 1923 736; x_wconf 82' lang='grc' dir='ltr'>Βόη-</span> 
     </span>
    </p>
   </div>
   <div class='ocr_carea' id='block_1_8' title="bbox 277 757 1923 839">
    <p class='ocr_par' dir='ltr' id='par_1_8' title="bbox 277 757 1923 839">
     <span class='ocr_line' id='line_1_8' title="bbox 277 757 1923 839; baseline -0.005 -19"><span class='ocrx_word' id='word_1_41' title='bbox 277 786 393 823; x_wconf 87' lang='grc' dir='ltr'>σον.</span> <span class='ocrx_word' id='word_1_42' title='bbox 458 760 519 818; x_wconf 85' lang='grc' dir='ltr'>Ἠ</span> <span class='ocrx_word' id='word_1_43' title='bbox 565 762 664 837; x_wconf 75' lang='grc' dir='ltr'>μὲν</span> <span class='ocrx_word' id='word_1_44' title='bbox 708 764 796 816; x_wconf 69' lang='grc' dir='ltr'><strong>οὖν</strong></span> <span class='ocrx_word' id='word_1_45' title='bbox 830 759 951 837; x_wconf 74' lang='grc' dir='ltr'>παρ’</span> <span class='ocrx_word' id='word_1_46' title='bbox 997 762 1133 835; x_wconf 75' lang='grc' dir='ltr'>ἡμῖν</span> <span class='ocrx_word' id='word_1_47' title='bbox 1161 761 1311 839; x_wconf 84' lang='grc' dir='ltr'>φωνὴ</span> <span class='ocrx_word' id='word_1_48' title='bbox 1344 761 1377 827; x_wconf 75' lang='grc' dir='ltr'>ἦ</span> <span class='ocrx_word' id='word_1_49' title='bbox 1427 761 1529 839; x_wconf 79' lang='grc' dir='ltr'>ἀὴρ</span> <span class='ocrx_word' id='word_1_50' title='bbox 1564 759 1674 816; x_wconf 81' lang='grc' dir='ltr'>ἐστι</span> <span class='ocrx_word' id='word_1_51' title='bbox 1706 757 1923 824; x_wconf 85' lang='grc' dir='ltr'>πεπλη-</span> 
     </span>
    </p>
   </div>
   <div class='ocr_carea' id='block_1_9' title="bbox 278 847 1924 930">
    <p class='ocr_par' dir='ltr' id='par_1_9' title="bbox 278 847 1924 930">
     <span class='ocr_line' id='line_1_9' title="bbox 278 847 1924 930; baseline -0.004 -22"><span class='ocrx_word' id='word_1_52' title='bbox 278 854 495 930; x_wconf 82' lang='grc' dir='ltr'>γμένος,</span> <span class='ocrx_word' id='word_1_53' title='bbox 532 850 565 918; x_wconf 76' lang='grc' dir='ltr'>ἧ</span> <span class='ocrx_word' id='word_1_54' title='bbox 622 865 683 906; x_wconf 84' lang='grc' dir='ltr'><strong>το</strong></span> <span class='ocrx_word' id='word_1_55' title='bbox 725 851 1005 928; x_wconf 85' lang='grc' dir='ltr'>γινόμενον</span> <span class='ocrx_word' id='word_1_56' title='bbox 1067 848 1210 913; x_wconf 78' lang='grc' dir='ltr'>εἶδος</span> <span class='ocrx_word' id='word_1_57' title='bbox 1244 855 1355 928; x_wconf 76' lang='grc' dir='ltr'>περὶ</span> <span class='ocrx_word' id='word_1_58' title='bbox 1385 852 1474 907; x_wconf 81' lang='grc' dir='ltr'>τὸν</span> <span class='ocrx_word' id='word_1_59' title='bbox 1536 850 1683 928; x_wconf 80' lang='grc' dir='ltr'>ἆέρα,</span> <span class='ocrx_word' id='word_1_60' title='bbox 1733 849 1864 926; x_wconf 83' lang='grc' dir='ltr'>πρὸς</span> <span class='ocrx_word' id='word_1_61' title='bbox 1897 847 1924 902; x_wconf 80' lang='grc' dir='ltr'>ὅ</span> 
     </span>
    </p>
   </div>
   <div class='ocr_carea' id='block_1_10' title="bbox 282 939 1925 1020">
    <p class='ocr_par' dir='ltr' id='par_1_10' title="bbox 282 939 1925 1020">
     <span class='ocr_line' id='line_1_10' title="bbox 282 939 1925 1020; baseline -0.001 -25"><span class='ocrx_word' id='word_1_62' title='bbox 282 942 406 1020; x_wconf 73' lang='grc'><strong>(91)</strong></span> <span class='ocrx_word' id='word_1_63' title='bbox 438 939 682 1017; x_wconf 83' lang='grc' dir='ltr'>βούλεται</span> <span class='ocrx_word' id='word_1_64' title='bbox 714 948 908 997; x_wconf 79' lang='grc' dir='ltr'>τυπούν</span> <span class='ocrx_word' id='word_1_65' title='bbox 936 943 962 996; x_wconf 89' lang='lat'><strong>6</strong></span> <span class='ocrx_word' id='word_1_66' title='bbox 1013 940 1290 1019; x_wconf 61' lang='grc' dir='ltr'>ἐκφωνῶν,</span> <span class='ocrx_word' id='word_1_67' title='bbox 1324 940 1383 999; x_wconf 85' lang='grc' dir='ltr'>Τί</span> <span class='ocrx_word' id='word_1_68' title='bbox 1413 942 1499 997; x_wconf 79' lang='grc' dir='ltr'><strong>οὖν</strong></span> <span class='ocrx_word' id='word_1_69' title='bbox 1528 941 1562 1008; x_wconf 86' lang='grc' dir='ltr'><strong>ὴ</strong></span> <span class='ocrx_word' id='word_1_70' title='bbox 1625 939 1774 1018; x_wconf 88' lang='grc' dir='ltr'>φωνὴ</span> <span class='ocrx_word' id='word_1_71' title='bbox 1832 945 1925 995; x_wconf 79' lang='grc' dir='ltr'><strong>τοὺ</strong></span> 
     </span>
    </p>
   </div>
   <div class='ocr_carea' id='block_1_11' title="bbox 280 1027 1925 1109">
    <p class='ocr_par' dir='ltr' id='par_1_11' title="bbox 280 1027 1925 1109">
     <span class='ocr_line' id='line_1_11' title="bbox 280 1027 1925 1109; baseline -0.004 -21"><span class='ocrx_word' id='word_1_72' title='bbox 280 1038 463 1109; x_wconf 80' lang='grc' dir='ltr'>Κυρίου</span> <span class='ocrx_word' id='word_1_73' title='bbox 496 1051 509 1103; x_wconf 88' lang='lat'><strong>;</strong></span> <span class='ocrx_word' id='word_1_74' title='bbox 572 1030 793 1101; x_wconf 87' lang='grc' dir='ltr'>πότερον</span> <span class='ocrx_word' id='word_1_75' title='bbox 846 1028 1034 1107; x_wconf 82' lang='grc' dir='ltr'>πληγὴ</span> <span class='ocrx_word' id='word_1_76' title='bbox 1070 1032 1184 1108; x_wconf 82' lang='grc' dir='ltr'>περὶ</span> <span class='ocrx_word' id='word_1_77' title='bbox 1216 1032 1305 1085; x_wconf 79' lang='grc' dir='ltr'>τὸν</span> <span class='ocrx_word' id='word_1_78' title='bbox 1336 1030 1461 1109; x_wconf 75' lang='grc' dir='ltr'>ἀέρα</span> <span class='ocrx_word' id='word_1_79' title='bbox 1493 1043 1671 1085; x_wconf 71' lang='grc' dir='ltr'>νοοῖτο</span> <span class='ocrx_word' id='word_1_80' title='bbox 1705 1048 1721 1108; x_wconf 70' lang='grc' dir='ltr'>ς</span> <span class='ocrx_word' id='word_1_81' title='bbox 1758 1027 1792 1095; x_wconf 76' lang='grc' dir='ltr'><strong>ἤ</strong></span> <span class='ocrx_word' id='word_1_82' title='bbox 1824 1028 1925 1106; x_wconf 81' lang='grc' dir='ltr'><strong>ἀὴρ</strong></span> 
     </span>
    </p>
   </div>
   <div class='ocr_carea' id='block_1_12' title="bbox 274 1115 1925 1199">
    <p class='ocr_par' dir='ltr' id='par_1_12' title="bbox 274 1115 1925 1199">
     <span class='ocr_line' id='line_1_12' title="bbox 274 1115 1925 1199; baseline -0.002 -24"><span class='ocrx_word' id='word_1_83' title='bbox 274 1118 655 1197; x_wconf 79' lang='grc' dir='ltr'><strong>πεπληγμένος</strong></span> <span class='ocrx_word' id='word_1_84' title='bbox 683 1120 891 1199; x_wconf 75' lang='grc' dir='ltr'>φθάνων</span> <span class='ocrx_word' id='word_1_85' title='bbox 957 1121 1117 1199; x_wconf 73' lang='grc' dir='ltr'>μέχρι</span> <span class='ocrx_word' id='word_1_86' title='bbox 1171 1122 1268 1186; x_wconf 74' lang='grc' dir='ltr'>τῆς</span> <span class='ocrx_word' id='word_1_87' title='bbox 1321 1121 1489 1188; x_wconf 78' lang='grc' dir='ltr'>ἀκοῆς</span> <span class='ocrx_word' id='word_1_88' title='bbox 1548 1127 1639 1175; x_wconf 81' lang='grc' dir='ltr'><strong>τοῦ</strong></span> <span class='ocrx_word' id='word_1_89' title='bbox 1682 1119 1810 1196; x_wconf 75' lang='grc' dir='ltr'>πρὸς</span> <span class='ocrx_word' id='word_1_90' title='bbox 1869 1115 1925 1173; x_wconf 75' lang='grc' dir='ltr'>ὄν</span> 
     </span>
    </p>
   </div>
   <div class='ocr_carea' id='block_1_13' title="bbox 276 1206 1919 1289">
    <p class='ocr_par' dir='ltr' id='par_1_13' title="bbox 276 1206 1919 1289">
     <span class='ocr_line' id='line_1_13' title="bbox 276 1206 1919 1289; baseline -0.001 -25"><span class='ocrx_word' id='word_1_91' title='bbox 276 1211 473 1287; x_wconf 83' lang='grc' dir='ltr'>γίνεται</span> <span class='ocrx_word' id='word_1_92' title='bbox 504 1212 538 1277; x_wconf 74' lang='grc' dir='ltr'>ἡ</span> <span class='ocrx_word' id='word_1_93' title='bbox 596 1211 746 1288; x_wconf 82' lang='grc' dir='ltr'>φωνή</span> <span class='ocrx_word' id='word_1_94' title='bbox 786 1207 909 1283; x_wconf 67' lang='grc' dir='ltr'><strong>ς”Η</strong></span> <span class='ocrx_word' id='word_1_95' title='bbox 945 1209 1211 1288; x_wconf 69' lang='grc' dir='ltr'>οὐδέτερον</span> <span class='ocrx_word' id='word_1_96' title='bbox 1243 1211 1465 1289; x_wconf 88' lang='grc' dir='ltr'>τούτων,</span> <span class='ocrx_word' id='word_1_97' title='bbox 1504 1206 1624 1265; x_wconf 83' lang='grc' dir='ltr'>ἀλλ’</span> <span class='ocrx_word' id='word_1_98' title='bbox 1674 1210 1919 1287; x_wconf 77' lang='grc' dir='ltr'>ἑτερογε-</span> 
     </span>
    </p>
   </div>
   <div class='ocr_carea' id='block_1_14' title="bbox 274 1299 1924 1377">
    <p class='ocr_par' dir='ltr' id='par_1_14' title="bbox 274 1299 1924 1377">
     <span class='ocr_line' id='line_1_14' title="bbox 274 1299 1924 1377; baseline -0.001 -22"><span class='ocrx_word' id='word_1_99' title='bbox 274 1301 368 1367; x_wconf 52' lang='lat' dir='ltr'><strong>vi:</strong></span> <span class='ocrx_word' id='word_1_100' title='bbox 403 1300 478 1360; x_wconf 82' lang='grc' dir='ltr'><strong>τίς</strong></span> <span class='ocrx_word' id='word_1_101' title='bbox 528 1302 673 1356; x_wconf 61' lang='grc' dir='ltr'>ἔστιν</span> <span class='ocrx_word' id='word_1_102' title='bbox 719 1300 877 1372; x_wconf 80' lang='grc' dir='ltr'>αὕτη,</span> <span class='ocrx_word' id='word_1_103' title='bbox 942 1299 1395 1377; x_wconf 68' lang='grc' dir='ltr'>φαντασιουμὲνου</span> <span class='ocrx_word' id='word_1_104' title='bbox 1452 1322 1544 1356; x_wconf 90' lang='grc' dir='ltr'><strong>του</strong></span> <span class='ocrx_word' id='word_1_105' title='bbox 1600 1301 1924 1376; x_wconf 76' lang='grc' dir='ltr'>ἡγεμονικοῦ</span> 
     </span>
    </p>
   </div>
   <div class='ocr_carea' id='block_1_15' title="bbox 271 1386 1923 1466">
    <p class='ocr_par' dir='ltr' id='par_1_15' title="bbox 271 1386 1923 1466">
     <span class='ocr_line' id='line_1_15' title="bbox 271 1386 1923 1466; baseline -0.002 -22"><span class='ocrx_word' id='word_1_106' title='bbox 271 1388 376 1444; x_wconf 74' lang='grc' dir='ltr'>τῶν</span> <span class='ocrx_word' id='word_1_107' title='bbox 437 1389 725 1455; x_wconf 77' lang='grc' dir='ltr'>ἀνθρώπων</span> <span class='ocrx_word' id='word_1_108' title='bbox 781 1388 867 1451; x_wconf 56' lang='grc' dir='ltr'>οὖς</span> <span class='ocrx_word' id='word_1_109' title='bbox 936 1386 994 1443; x_wconf 70' lang='grc' dir='ltr'>ἄν</span> <span class='ocrx_word' id='word_1_110' title='bbox 1050 1389 1258 1445; x_wconf 81' lang='grc' dir='ltr'>ἀκούειν</span> <span class='ocrx_word' id='word_1_111' title='bbox 1318 1389 1574 1466; x_wconf 83' lang='grc' dir='ltr'>βούληται</span> <span class='ocrx_word' id='word_1_112' title='bbox 1625 1392 1723 1455; x_wconf 77' lang='grc' dir='ltr'>τῆς</span> <span class='ocrx_word' id='word_1_113' title='bbox 1794 1387 1923 1451; x_wconf 83' lang='grc' dir='ltr'>ἰδίας</span> 
     </span>
    </p>
   </div>
   <div class='ocr_carea' id='block_1_16' title="bbox 272 1476 1921 1558">
    <p class='ocr_par' dir='ltr' id='par_1_16' title="bbox 272 1476 1921 1558">
     <span class='ocr_line' id='line_1_16' title="bbox 272 1476 1921 1558; baseline 0 -27"><span class='ocrx_word' id='word_1_114' title='bbox 272 1481 498 1558; x_wconf 81' lang='grc' dir='ltr'>φωνῆςὸ</span> <span class='ocrx_word' id='word_1_115' title='bbox 536 1476 856 1542; x_wconf 75' lang='grc' dir='ltr'>Θεός·ὥστε</span> <span class='ocrx_word' id='word_1_116' title='bbox 912 1476 1195 1555; x_wconf 64' lang='grc' dir='ltr'>ἀναλογίαν</span> <span class='ocrx_word' id='word_1_117' title='bbox 1255 1477 1403 1558; x_wconf 78' lang='grc' dir='ltr'>ἔχειν</span> <span class='ocrx_word' id='word_1_118' title='bbox 1474 1478 1573 1544; x_wconf 81' lang='grc' dir='ltr'><strong>τὴν</strong></span> <span class='ocrx_word' id='word_1_119' title='bbox 1632 1476 1921 1557; x_wconf 74' lang='grc' dir='ltr'>φαντασίαν</span> 
     </span>
    </p>
   </div>
   <div class='ocr_carea' id='block_1_17' title="bbox 267 1564 1913 1645">
    <p class='ocr_par' dir='ltr' id='par_1_17' title="bbox 267 1564 1913 1645">
     <span class='ocr_line' id='line_1_17' title="bbox 267 1564 1913 1645; baseline -0.002 -22"><span class='ocrx_word' id='word_1_120' title='bbox 267 1568 466 1634; x_wconf 81' lang='grc' dir='ltr'>ταύτην</span> <span class='ocrx_word' id='word_1_121' title='bbox 496 1569 623 1639; x_wconf 69' lang='grc' dir='ltr'>πρὸς</span> <span class='ocrx_word' id='word_1_122' title='bbox 669 1568 765 1633; x_wconf 76' lang='grc' dir='ltr'><strong>τὴν</strong></span> <span class='ocrx_word' id='word_1_123' title='bbox 798 1567 851 1621; x_wconf 83' lang='grc' dir='ltr'>ἐν</span> <span class='ocrx_word' id='word_1_124' title='bbox 885 1581 1001 1629; x_wconf 68' lang='grc' dir='ltr'>τοῖς</span> <span class='ocrx_word' id='word_1_125' title='bbox 1064 1567 1282 1645; x_wconf 78' lang='grc' dir='ltr'>ὀνείροις</span> <span class='ocrx_word' id='word_1_126' title='bbox 1317 1568 1603 1645; x_wconf 82' lang='grc' dir='ltr'>γινομένην</span> <span class='ocrx_word' id='word_1_127' title='bbox 1636 1564 1913 1628; x_wconf 83' lang='grc' dir='ltr'>πολλάκις.</span> 
     </span>
    </p>
   </div>
   <div class='ocr_carea' id='block_1_18' title="bbox 2013 572 3657 658">
    <p class='ocr_par' dir='ltr' id='par_1_18' title="bbox 2013 572 3657 658">
     <span class='ocr_line' id='line_1_18' title="bbox 2013 572 3657 658; baseline 0.002 -23"><span class='ocrx_word' id='word_1_128' title='bbox 2013 574 2319 655; x_wconf 79' lang='lat' dir='ltr'><strong>Moyse:Et</strong></span> <span class='ocrx_word' id='word_1_129' title='bbox 2350 576 2547 635; x_wconf 83' lang='lat' dir='ltr'><strong>omnis</strong></span> <span class='ocrx_word' id='word_1_130' title='bbox 2564 572 2823 655; x_wconf 84' lang='lat' dir='ltr'><strong>populus</strong></span> <span class='ocrx_word' id='word_1_131' title='bbox 2854 572 3099 635; x_wconf 74' lang='lat' dir='ltr'><strong>videbat</strong></span> <span class='ocrx_word' id='word_1_132' title='bbox 3123 590 3323 637; x_wconf 76' lang='lat' dir='ltr'><strong>vocent</strong></span> <span class='ocrx_word' id='word_1_133' title='bbox 3341 583 3398 638; x_wconf 86' lang='lat' dir='ltr'><strong>et</strong></span> <span class='ocrx_word' id='word_1_134' title='bbox 3410 574 3657 658; x_wconf 72' lang='lat' dir='ltr'><strong>iampe-</strong></span> 
     </span>
    </p>
   </div>
   <div class='ocr_carea' id='block_1_19' title="bbox 2009 661 3653 745">
    <p class='ocr_par' dir='ltr' id='par_1_19' title="bbox 2009 661 3653 745">
     <span class='ocr_line' id='line_1_19' title="bbox 2009 661 3653 745; baseline 0.002 -18"><span class='ocrx_word' id='word_1_135' title='bbox 2009 663 2262 726; x_wconf 73' lang='grc' dir='ltr'>άθεδοΕι</span> <span class='ocrx_word' id='word_1_136' title='bbox 2277 661 2646 744; x_wconf 84' lang='lat' dir='ltr'><strong>apudlsaiam</strong></span> <span class='ocrx_word' id='word_1_137' title='bbox 2668 680 2900 725; x_wconf 85' lang='lat' dir='ltr'><strong>rursus:</strong></span> <span class='ocrx_word' id='word_1_138' title='bbox 2930 663 3058 724; x_wconf 69' lang='lat' dir='ltr'><strong>Vox</strong></span> <span class='ocrx_word' id='word_1_139' title='bbox 3070 661 3653 745; x_wconf 68' lang='lat' dir='ltr'><strong>dicentis,Clama“.</strong></span> 
     </span>
    </p>
   </div>
   <div class='ocr_carea' id='block_1_20' title="bbox 2009 751 3657 835">
    <p class='ocr_par' dir='ltr' id='par_1_20' title="bbox 2009 751 3657 835">
     <span class='ocr_line' id='line_1_20' title="bbox 2009 751 3657 835; baseline 0.001 -19"><span class='ocrx_word' id='word_1_140' title='bbox 2009 754 2134 816; x_wconf 87' lang='lat' dir='ltr'><strong>Vox</strong></span> <span class='ocrx_word' id='word_1_141' title='bbox 2157 753 2398 835; x_wconf 84' lang='lat' dir='ltr'><strong>quidem</strong></span> <span class='ocrx_word' id='word_1_142' title='bbox 2437 760 2526 813; x_wconf 89' lang='lat' dir='ltr'><strong>est</strong></span> <span class='ocrx_word' id='word_1_143' title='bbox 2566 751 2724 832; x_wconf 83' lang='lat' dir='ltr'><strong>apud</strong></span> <span class='ocrx_word' id='word_1_144' title='bbox 2757 769 2866 812; x_wconf 90' lang='lat' dir='ltr'><strong>nos</strong></span> <span class='ocrx_word' id='word_1_145' title='bbox 2895 759 2996 813; x_wconf 90' lang='lat' dir='ltr'><strong>aut</strong></span> <span class='ocrx_word' id='word_1_146' title='bbox 3020 768 3125 813; x_wconf 91' lang='lat' dir='ltr'><strong>aer</strong></span> <span class='ocrx_word' id='word_1_147' title='bbox 3155 770 3501 833; x_wconf 90' lang='lat' dir='ltr'><strong>percussus,</strong></span> <span class='ocrx_word' id='word_1_148' title='bbox 3556 764 3657 818; x_wconf 86' lang='lat' dir='ltr'><strong>aut</strong></span> 
     </span>
    </p>
   </div>
   <div class='ocr_carea' id='block_1_21' title="bbox 2009 840 3648 926">
    <p class='ocr_par' dir='ltr' id='par_1_21' title="bbox 2009 840 3648 926">
     <span class='ocr_line' id='line_1_21' title="bbox 2009 840 3648 926; baseline 0.001 -22"><span class='ocrx_word' id='word_1_149' title='bbox 2009 846 2239 925; x_wconf 83' lang='lat' dir='ltr'><strong>species</strong></span> <span class='ocrx_word' id='word_1_150' title='bbox 2286 842 2553 925; x_wconf 68' lang='lat' dir='ltr'><strong>quaadam</strong></span> <span class='ocrx_word' id='word_1_151' title='bbox 2576 840 2639 902; x_wconf 94' lang='lat' dir='ltr'><strong>in</strong></span> <span class='ocrx_word' id='word_1_152' title='bbox 2663 857 2804 904; x_wconf 89' lang='lat' dir='ltr'><strong>aere</strong></span> <span class='ocrx_word' id='word_1_153' title='bbox 2827 840 3146 922; x_wconf 89' lang='lat' dir='ltr'><strong>impressa,</strong></span> <span class='ocrx_word' id='word_1_154' title='bbox 3183 860 3356 920; x_wconf 87' lang='lat' dir='ltr'><strong>quam</strong></span> <span class='ocrx_word' id='word_1_155' title='bbox 3375 844 3480 922; x_wconf 88' lang='lat' dir='ltr'><strong>qui</strong></span> <span class='ocrx_word' id='word_1_156' title='bbox 3501 861 3648 926; x_wconf 87' lang='lat' dir='ltr'><strong>pro-</strong></span> 
     </span>
    </p>
   </div>
   <div class='ocr_carea' id='block_1_22' title="bbox 2008 930 3656 1014">
    <p class='ocr_par' dir='ltr' id='par_1_22' title="bbox 2008 930 3656 1014">
     <span class='ocr_line' id='line_1_22' title="bbox 2008 930 3656 1014; baseline 0.001 -19"><span class='ocrx_word' id='word_1_157' title='bbox 2008 932 2608 1014; x_wconf 86' lang='lat' dir='ltr'><strong>nuntiat,exprimere</strong></span> <span class='ocrx_word' id='word_1_158' title='bbox 2624 930 2930 1005; x_wconf 87' lang='lat' dir='ltr'><strong>vult.Quid</strong></span> <span class='ocrx_word' id='word_1_159' title='bbox 2950 930 3127 1011; x_wconf 89' lang='lat' dir='ltr'><strong>igitur</strong></span> <span class='ocrx_word' id='word_1_160' title='bbox 3147 940 3235 995; x_wconf 89' lang='lat' dir='ltr'><strong>est</strong></span> <span class='ocrx_word' id='word_1_161' title='bbox 3254 952 3361 996; x_wconf 91' lang='lat' dir='ltr'><strong>vox</strong></span> <span class='ocrx_word' id='word_1_162' title='bbox 3386 935 3656 997; x_wconf 81' lang='lat' dir='ltr'><strong>Domini?</strong></span> 
     </span>
    </p>
   </div>
   <div class='ocr_carea' id='block_1_23' title="bbox 2008 1020 3653 1105">
    <p class='ocr_par' dir='ltr' id='par_1_23' title="bbox 2008 1020 3653 1105">
     <span class='ocr_line' id='line_1_23' title="bbox 2008 1020 3653 1105; baseline 0.002 -20"><span class='ocrx_word' id='word_1_163' title='bbox 2008 1023 2391 1104; x_wconf 88' lang='lat' dir='ltr'><strong>percussione</strong></span> <span class='ocrx_word' id='word_1_164' title='bbox 2405 1022 2464 1083; x_wconf 88' lang='lat' dir='ltr'><strong>in</strong></span> <span class='ocrx_word' id='word_1_165' title='bbox 2486 1039 2627 1085; x_wconf 91' lang='lat' dir='ltr'><strong>aere</strong></span> <span class='ocrx_word' id='word_1_166' title='bbox 2646 1020 3182 1100; x_wconf 82' lang='lat' dir='ltr'><strong>intelligidebet,an</strong></span> <span class='ocrx_word' id='word_1_167' title='bbox 3196 1040 3299 1085; x_wconf 90' lang='lat' dir='ltr'><strong>aer</strong></span> <span class='ocrx_word' id='word_1_168' title='bbox 3315 1042 3653 1105; x_wconf 85' lang='lat' dir='ltr'><strong>percussus,</strong></span> 
     </span>
    </p>
   </div>
   <div class='ocr_carea' id='block_1_24' title="bbox 2006 1110 3656 1194">
    <p class='ocr_par' dir='ltr' id='par_1_24' title="bbox 2006 1110 3656 1194">
     <span class='ocr_line' id='line_1_24' title="bbox 2006 1110 3656 1194; baseline 0.002 -21"><span class='ocrx_word' id='word_1_169' title='bbox 2006 1114 2077 1173; x_wconf 86' lang='lat' dir='ltr'><strong>ad</strong></span> <span class='ocrx_word' id='word_1_170' title='bbox 2106 1131 2279 1174; x_wconf 86' lang='lat' dir='ltr'><strong>aures</strong></span> <span class='ocrx_word' id='word_1_171' title='bbox 2305 1130 2493 1193; x_wconf 90' lang='lat' dir='ltr'><strong>usque</strong></span> <span class='ocrx_word' id='word_1_172' title='bbox 2532 1110 2886 1192; x_wconf 84' lang='lat' dir='ltr'><strong>perveniens</strong></span> <span class='ocrx_word' id='word_1_173' title='bbox 2918 1111 3072 1191; x_wconf 83' lang='lat' dir='ltr'><strong>ejus,</strong></span> <span class='ocrx_word' id='word_1_174' title='bbox 3105 1111 3177 1172; x_wconf 87' lang='lat' dir='ltr'><strong>ad</strong></span> <span class='ocrx_word' id='word_1_175' title='bbox 3208 1131 3387 1194; x_wconf 83' lang='lat' dir='ltr'><strong>quem</strong></span> <span class='ocrx_word' id='word_1_176' title='bbox 3412 1114 3478 1176; x_wconf 83' lang='lat' dir='ltr'><strong>ﬁt</strong></span> <span class='ocrx_word' id='word_1_177' title='bbox 3504 1119 3656 1178; x_wconf 80' lang='lat' dir='ltr'><strong>vox?</strong></span> 
     </span>
    </p>
   </div>
   <div class='ocr_carea' id='block_1_25' title="bbox 2010 1198 3651 1282">
    <p class='ocr_par' dir='ltr' id='par_1_25' title="bbox 2010 1198 3651 1282">
     <span class='ocr_line' id='line_1_25' title="bbox 2010 1198 3651 1282; baseline 0.001 -17"><span class='ocrx_word' id='word_1_178' title='bbox 2010 1201 2213 1265; x_wconf 80' lang='lat' dir='ltr'>Utrum</span> <span class='ocrx_word' id='word_1_179' title='bbox 2246 1210 2519 1263; x_wconf 87' lang='lat' dir='ltr'><strong>neutrum</strong></span> <span class='ocrx_word' id='word_1_180' title='bbox 2558 1202 2793 1276; x_wconf 89' lang='lat' dir='ltr'><strong>borum,</strong></span> <span class='ocrx_word' id='word_1_181' title='bbox 2855 1199 2961 1261; x_wconf 90' lang='lat' dir='ltr'><strong>sed</strong></span> <span class='ocrx_word' id='word_1_182' title='bbox 2986 1198 3230 1263; x_wconf 76' lang='lat' dir='ltr'><strong>alterius</strong></span> <span class='ocrx_word' id='word_1_183' title='bbox 3258 1204 3497 1282; x_wconf 81' lang='lat' dir='ltr'>generis</span> <span class='ocrx_word' id='word_1_184' title='bbox 3524 1205 3651 1266; x_wconf 69' lang='lat' dir='ltr'><strong>haec</strong></span> 
     </span>
    </p>
   </div>
   <div class='ocr_carea' id='block_1_26' title="bbox 2007 1290 3653 1373">
    <p class='ocr_par' dir='ltr' id='par_1_26' title="bbox 2007 1290 3653 1373">
     <span class='ocr_line' id='line_1_26' title="bbox 2007 1290 3653 1373; baseline 0.002 -21"><span class='ocrx_word' id='word_1_185' title='bbox 2007 1311 2113 1353; x_wconf 86' lang='lat' dir='ltr'><strong>vox</strong></span> <span class='ocrx_word' id='word_1_186' title='bbox 2138 1305 2247 1372; x_wconf 88' lang='lat' dir='ltr'><strong>est,</strong></span> <span class='ocrx_word' id='word_1_187' title='bbox 2266 1310 2398 1369; x_wconf 71' lang='lat' dir='ltr'><strong>qum</strong></span> <span class='ocrx_word' id='word_1_188' title='bbox 2420 1293 2478 1353; x_wconf 93' lang='lat' dir='ltr'><strong>in</strong></span> <span class='ocrx_word' id='word_1_189' title='bbox 2498 1299 2698 1352; x_wconf 90' lang='lat' dir='ltr'><strong>mente</strong></span> <span class='ocrx_word' id='word_1_190' title='bbox 2722 1290 3012 1352; x_wconf 89' lang='lat' dir='ltr'><strong>horumce</strong></span> <span class='ocrx_word' id='word_1_191' title='bbox 3033 1290 3343 1354; x_wconf 88' lang='lat' dir='ltr'><strong>hominum</strong></span> <span class='ocrx_word' id='word_1_192' title='bbox 3362 1312 3515 1373; x_wconf 89' lang='lat' dir='ltr'><strong>quos</strong></span> <span class='ocrx_word' id='word_1_193' title='bbox 3529 1293 3653 1355; x_wconf 88' lang='lat' dir='ltr'><strong>vult</strong></span> 
     </span>
    </p>
   </div>
   <div class='ocr_carea' id='block_1_27' title="bbox 2008 1378 3654 1464">
    <p class='ocr_par' dir='ltr' id='par_1_27' title="bbox 2008 1378 3654 1464">
     <span class='ocr_line' id='line_1_27' title="bbox 2008 1378 3654 1464; baseline -0.001 -18"><span class='ocrx_word' id='word_1_194' title='bbox 2008 1385 2166 1446; x_wconf 89' lang='lat' dir='ltr'><strong>Deus</strong></span> <span class='ocrx_word' id='word_1_195' title='bbox 2196 1400 2361 1442; x_wconf 91' lang='lat' dir='ltr'><strong>suam</strong></span> <span class='ocrx_word' id='word_1_196' title='bbox 2397 1399 2595 1442; x_wconf 86' lang='lat' dir='ltr'><strong>vocem</strong></span> <span class='ocrx_word' id='word_1_197' title='bbox 2629 1378 2857 1449; x_wconf 83' lang='lat' dir='ltr'><strong>audire.</strong></span> <span class='ocrx_word' id='word_1_198' title='bbox 2887 1378 3654 1464; x_wconf 80' lang='lat' dir='ltr'><strong>recipiatur.consignetur—</strong></span> 
     </span>
    </p>
   </div>
   <div class='ocr_carea' id='block_1_28' title="bbox 2007 1470 3651 1553">
    <p class='ocr_par' dir='ltr' id='par_1_28' title="bbox 2007 1470 3651 1553">
     <span class='ocr_line' id='line_1_28' title="bbox 2007 1470 3651 1553; baseline 0.001 -20"><span class='ocrx_word' id='word_1_199' title='bbox 2007 1472 2233 1550; x_wconf 85' lang='lat' dir='ltr'><strong>que,ita</strong></span> <span class='ocrx_word' id='word_1_200' title='bbox 2263 1480 2325 1531; x_wconf 89' lang='lat' dir='ltr'><strong>ut</strong></span> <span class='ocrx_word' id='word_1_201' title='bbox 2385 1471 2509 1531; x_wconf 62' lang='lat' dir='ltr'><strong>haec</strong></span> <span class='ocrx_word' id='word_1_202' title='bbox 2561 1470 2870 1549; x_wconf 77' lang='lat' dir='ltr'><strong>phantasia</strong></span> <span class='ocrx_word' id='word_1_203' title='bbox 2898 1486 3032 1530; x_wconf 91' lang='lat' dir='ltr'><strong>cum</strong></span> <span class='ocrx_word' id='word_1_204' title='bbox 3062 1486 3133 1529; x_wconf 90' lang='lat' dir='ltr'><strong>ea</strong></span> <span class='ocrx_word' id='word_1_205' title='bbox 3156 1487 3290 1550; x_wconf 65' lang='lat' dir='ltr'><strong>quas</strong></span> <span class='ocrx_word' id='word_1_206' title='bbox 3322 1472 3550 1553; x_wconf 63' lang='lat' dir='ltr'><strong>sapius</strong></span> <span class='ocrx_word' id='word_1_207' title='bbox 3588 1472 3651 1534; x_wconf 90' lang='lat' dir='ltr'><strong>in</strong></span> 
     </span>
    </p>
   </div>
   <div class='ocr_carea' id='block_1_29' title="bbox 2004 1557 3653 1639">
    <p class='ocr_par' dir='ltr' id='par_1_29' title="bbox 2004 1557 3653 1639">
     <span class='ocr_line' id='line_1_29' title="bbox 2004 1557 3653 1639; baseline 0.003 -20"><span class='ocrx_word' id='word_1_208' title='bbox 2004 1561 2230 1620; x_wconf 85' lang='lat' dir='ltr'><strong>somnis</strong></span> <span class='ocrx_word' id='word_1_209' title='bbox 2246 1560 2331 1635; x_wconf 85' lang='lat' dir='ltr'><strong>lit,</strong></span> <span class='ocrx_word' id='word_1_210' title='bbox 2351 1557 2994 1639; x_wconf 84' lang='lat' dir='ltr'><strong>habeatcoguationem</strong></span> <span class='ocrx_word' id='word_1_211' title='bbox 3028 1566 3205 1639; x_wconf 83' lang='lat' dir='ltr'><strong>atque</strong></span> <span class='ocrx_word' id='word_1_212' title='bbox 3236 1560 3653 1625; x_wconf 86' lang='lat' dir='ltr'><strong>convenienti-</strong></span> 
     </span>
    </p>
   </div>
   <div class='ocr_carea' id='block_1_30' title="bbox 271 1642 3651 1734">
    <p class='ocr_par' dir='ltr' id='par_1_30' title="bbox 271 1642 3651 1734">
     <span class='ocr_line' id='line_1_30' title="bbox 271 1642 3651 1734; baseline 0.001 -23"><span class='ocrx_word' id='word_1_213' title='bbox 271 1654 490 1734; x_wconf 62' lang='grc' dir='ltr'>’Ὥσπερ</span> <span class='ocrx_word' id='word_1_214' title='bbox 522 1657 646 1734; x_wconf 77' lang='grc' dir='ltr'>γὰρ,</span> <span class='ocrx_word' id='word_1_215' title='bbox 699 1656 758 1711; x_wconf 85' lang='grc' dir='ltr'><strong>οὑ</strong></span> <span class='ocrx_word' id='word_1_216' title='bbox 790 1642 1182 1732; x_wconf 64' lang='grc' dir='ltr'>πληττομένου</span> <span class='ocrx_word' id='word_1_217' title='bbox 1218 1642 1518 1733; x_wconf 65' lang='grc' dir='ltr'>τοῡᾶέρος,</span> <span class='ocrx_word' id='word_1_218' title='bbox 1578 1653 1917 1731; x_wconf 75' lang='grc' dir='ltr'>λαμϐάνομέν</span> <span class='ocrx_word' id='word_1_219' title='bbox 2003 1642 3116 1723; x_wconf 67' lang='grc' dir='ltr'>διηῖριιοιηειάηιοόιιιηθηὶιῐιοιιθιόηοη</span> <span class='ocrx_word' id='word_1_220' title='bbox 3133 1666 3651 1733; x_wconf 75' lang='lat' dir='ltr'><strong>percussa,quam-</strong></span> 
     </span>
    </p>
   </div>
   <div class='ocr_carea' id='block_1_31' title="bbox 268 1737 1915 1845">
    <p class='ocr_par' dir='ltr' id='par_1_31' title="bbox 268 1744 1915 1827">
     <span class='ocr_line' id='line_1_31' title="bbox 268 1744 1915 1827; baseline -0.003 -25"><span class='ocrx_word' id='word_1_221' title='bbox 268 1768 387 1802; x_wconf 74' lang='grc' dir='ltr'>τινα</span> <span class='ocrx_word' id='word_1_222' title='bbox 448 1745 503 1800; x_wconf 80' lang='grc' dir='ltr'>ἐν</span> <span class='ocrx_word' id='word_1_223' title='bbox 554 1758 677 1808; x_wconf 70' lang='grc' dir='ltr'>ταῖς</span> <span class='ocrx_word' id='word_1_224' title='bbox 728 1745 846 1801; x_wconf 79' lang='grc' dir='ltr'>καθ’</span> <span class='ocrx_word' id='word_1_225' title='bbox 904 1744 1064 1802; x_wconf 74' lang='grc' dir='ltr'>ὕπνον</span> <span class='ocrx_word' id='word_1_226' title='bbox 1115 1745 1237 1825; x_wconf 61' lang='grc'><strong>(99)</strong></span> <span class='ocrx_word' id='word_1_227' title='bbox 1306 1748 1614 1827; x_wconf 77' lang='grc' dir='ltr'>φαντασίαις</span> <span class='ocrx_word' id='word_1_228' title='bbox 1665 1744 1915 1822; x_wconf 79' lang='grc' dir='ltr'>ῥημάτων</span> 
     </span>
    </p>
   </div>
   <div class='ocr_carea' id='block_1_32' title="bbox 2001 1737 3647 1845">
    <p class='ocr_par' dir='ltr' id='par_1_32' title="bbox 2004 1737 3647 1820">
     <span class='ocr_line' id='line_1_32' title="bbox 2004 1737 3647 1820; baseline 0.003 -21"><span class='ocrx_word' id='word_1_229' title='bbox 2004 1739 2137 1800; x_wconf 90' lang='lat' dir='ltr'><strong>dam</strong></span> <span class='ocrx_word' id='word_1_230' title='bbox 2156 1738 2469 1801; x_wconf 87' lang='lat' dir='ltr'><strong>verborum</strong></span> <span class='ocrx_word' id='word_1_231' title='bbox 2489 1747 2547 1800; x_wconf 91' lang='lat' dir='ltr'><strong>et</strong></span> <span class='ocrx_word' id='word_1_232' title='bbox 2560 1755 2845 1800; x_wconf 90' lang='lat' dir='ltr'><strong>sonorum</strong></span> <span class='ocrx_word' id='word_1_233' title='bbox 2869 1737 3219 1799; x_wconf 77' lang='lat' dir='ltr'><strong>memoriam</strong></span> <span class='ocrx_word' id='word_1_234' title='bbox 3242 1738 3306 1800; x_wconf 91' lang='lat' dir='ltr'><strong>in</strong></span> <span class='ocrx_word' id='word_1_235' title='bbox 3325 1739 3647 1820; x_wconf 86' lang='lat' dir='ltr'><strong>phantasiis</strong></span> 
     </span>
    </p>
   </div>
   <div class='ocr_carea' id='block_1_33' title="bbox 266 1828 1915 1912">
    <p class='ocr_par' dir='ltr' id='par_1_33' title="bbox 266 1831 1915 1912">
     <span class='ocr_line' id='line_1_33' title="bbox 266 1831 1915 1912; baseline -0.002 -22"><span class='ocrx_word' id='word_1_236' title='bbox 266 1841 424 1890; x_wconf 84' lang='grc' dir='ltr'>τινῶν</span> <span class='ocrx_word' id='word_1_237' title='bbox 495 1836 581 1890; x_wconf 74' lang='grc' dir='ltr'><strong>καὶ</strong></span> <span class='ocrx_word' id='word_1_238' title='bbox 629 1837 872 1912; x_wconf 81' lang='grc' dir='ltr'>φθόγγων</span> <span class='ocrx_word' id='word_1_239' title='bbox 930 1837 1173 1909; x_wconf 76' lang='grc' dir='ltr'>μνήμην,</span> <span class='ocrx_word' id='word_1_240' title='bbox 1207 1835 1266 1891; x_wconf 78' lang='grc' dir='ltr'><strong>οὑ</strong></span> <span class='ocrx_word' id='word_1_241' title='bbox 1298 1834 1381 1890; x_wconf 81' lang='grc' dir='ltr'><strong>διὰ</strong></span> <span class='ocrx_word' id='word_1_242' title='bbox 1410 1841 1508 1901; x_wconf 81' lang='grc' dir='ltr'><strong>τῆς</strong></span> <span class='ocrx_word' id='word_1_243' title='bbox 1540 1836 1708 1902; x_wconf 78' lang='grc' dir='ltr'>ἀκοῆς</span> <span class='ocrx_word' id='word_1_244' title='bbox 1761 1831 1915 1897; x_wconf 76' lang='grc' dir='ltr'>δεξά-</span> 
     </span>
    </p>
   </div>
   <div class='ocr_carea' id='block_1_34' title="bbox 2001 1828 3646 1912">
    <p class='ocr_par' dir='ltr' id='par_1_34' title="bbox 2002 1828 3646 1909">
     <span class='ocr_line' id='line_1_34' title="bbox 2002 1828 3646 1909; baseline 0.003 -20"><span class='ocrx_word' id='word_1_245' title='bbox 2002 1847 2110 1909; x_wconf 90' lang='lat' dir='ltr'><strong>per</strong></span> <span class='ocrx_word' id='word_1_246' title='bbox 2126 1847 2403 1890; x_wconf 87' lang='lat' dir='ltr'><strong>somnum</strong></span> <span class='ocrx_word' id='word_1_247' title='bbox 2423 1828 3119 1908; x_wconf 86' lang='lat' dir='ltr'><strong>accipimus,quanquam</strong></span> <span class='ocrx_word' id='word_1_248' title='bbox 3139 1846 3247 1890; x_wconf 89' lang='lat' dir='ltr'><strong>vox</strong></span> <span class='ocrx_word' id='word_1_249' title='bbox 3262 1830 3646 1909; x_wconf 80' lang='lat' dir='ltr'><strong>persuditum</strong></span> 
     </span>
    </p>
   </div>
   <div class='ocr_carea' id='block_1_35' title="bbox 265 1915 1915 2002">
    <p class='ocr_par' dir='ltr' id='par_1_35' title="bbox 265 1921 1913 2001">
     <span class='ocr_line' id='line_1_35' title="bbox 265 1921 1913 2001; baseline 0.001 -26"><span class='ocrx_word' id='word_1_250' title='bbox 265 1944 413 1997; x_wconf 78' lang='grc' dir='ltr'>μενοι</span> <span class='ocrx_word' id='word_1_251' title='bbox 443 1923 541 1989; x_wconf 89' lang='grc' dir='ltr'><strong>τὴν</strong></span> <span class='ocrx_word' id='word_1_252' title='bbox 598 1923 800 2001; x_wconf 81' lang='grc' dir='ltr'>φωνὴν,</span> <span class='ocrx_word' id='word_1_253' title='bbox 836 1921 957 1978; x_wconf 78' lang='grc' dir='ltr'>ἀλλ’</span> <span class='ocrx_word' id='word_1_254' title='bbox 1016 1924 1176 1991; x_wconf 72' lang='grc' dir='ltr'>αὑτῆς</span> <span class='ocrx_word' id='word_1_255' title='bbox 1209 1928 1306 1992; x_wconf 71' lang='grc' dir='ltr'>τῆς</span> <span class='ocrx_word' id='word_1_256' title='bbox 1339 1922 1552 2001; x_wconf 77' lang='grc' dir='ltr'>καρδίας</span> <span class='ocrx_word' id='word_1_257' title='bbox 1613 1926 1767 1995; x_wconf 75' lang='grc' dir='ltr'>ἡμῶν</span> <span class='ocrx_word' id='word_1_258' title='bbox 1818 1943 1913 1977; x_wconf 67' lang='grc' dir='ltr'>τυ-</span> 
     </span>
    </p>
   </div>
   <div class='ocr_carea' id='block_1_36' title="bbox 2001 1915 3647 2002">
    <p class='ocr_par' dir='ltr' id='par_1_36' title="bbox 2002 1915 3647 2002">
     <span class='ocr_line' id='line_1_36' title="bbox 2002 1915 3647 2002; baseline 0.004 -25"><span class='ocrx_word' id='word_1_259' title='bbox 2002 1936 2119 1979; x_wconf 91' lang='lat' dir='ltr'><strong>non</strong></span> <span class='ocrx_word' id='word_1_260' title='bbox 2136 1918 2437 1997; x_wconf 80' lang='lat' dir='ltr'><strong>recipitur,</strong></span> <span class='ocrx_word' id='word_1_261' title='bbox 2457 1917 2560 1979; x_wconf 91' lang='lat' dir='ltr'><strong>sed</strong></span> <span class='ocrx_word' id='word_1_262' title='bbox 2587 1916 2648 1978; x_wconf 92' lang='lat' dir='ltr'><strong>in</strong></span> <span class='ocrx_word' id='word_1_263' title='bbox 2669 1916 2799 1996; x_wconf 92' lang='lat' dir='ltr'><strong>ipso</strong></span> <span class='ocrx_word' id='word_1_264' title='bbox 2822 1915 3005 1978; x_wconf 89' lang='lat' dir='ltr'><strong>corde</strong></span> <span class='ocrx_word' id='word_1_265' title='bbox 3030 1922 3232 1978; x_wconf 90' lang='lat' dir='ltr'><strong>nostro</strong></span> <span class='ocrx_word' id='word_1_266' title='bbox 3255 1917 3647 2002; x_wconf 75' lang='lat' dir='ltr'><strong>imprimitur;</strong></span> 
     </span>
    </p>
   </div>
   <div class='ocr_carea' id='block_1_37' title="bbox 264 2004 1915 2092">
    <p class='ocr_par' dir='ltr' id='par_1_37' title="bbox 264 2012 1914 2092">
     <span class='ocr_line' id='line_1_37' title="bbox 264 2012 1914 2092; baseline 0.001 -24"><span class='ocrx_word' id='word_1_267' title='bbox 264 2014 552 2078; x_wconf 76' lang='grc' dir='ltr'>πωθείσης⁹</span> <span class='ocrx_word' id='word_1_268' title='bbox 588 2012 837 2079; x_wconf 80' lang='grc' dir='ltr'>τοιαύτην</span> <span class='ocrx_word' id='word_1_269' title='bbox 871 2014 987 2068; x_wconf 76' lang='grc' dir='ltr'>τινὰ</span> <span class='ocrx_word' id='word_1_270' title='bbox 1035 2016 1147 2092; x_wconf 85' lang='grc' dir='ltr'><strong>χρὴ</strong></span> <span class='ocrx_word' id='word_1_271' title='bbox 1188 2014 1417 2089; x_wconf 82' lang='grc' dir='ltr'>νομίζειν</span> <span class='ocrx_word' id='word_1_272' title='bbox 1467 2015 1549 2069; x_wconf 81' lang='grc' dir='ltr'><strong>καὶ</strong></span> <span class='ocrx_word' id='word_1_273' title='bbox 1598 2013 1698 2080; x_wconf 83' lang='grc' dir='ltr'><strong>τὴν</strong></span> <span class='ocrx_word' id='word_1_274' title='bbox 1774 2012 1914 2090; x_wconf 78' lang='grc' dir='ltr'>παρὰ</span> 
     </span>
    </p>
   </div>
   <div class='ocr_carea' id='block_1_38' title="bbox 2001 2004 3645 2092">
    <p class='ocr_par' dir='ltr' id='par_1_38' title="bbox 2001 2004 3645 2089">
     <span class='ocr_line' id='line_1_38' title="bbox 2001 2004 3645 2089; baseline 0.002 -20"><span class='ocrx_word' id='word_1_275' title='bbox 2001 2006 2177 2069; x_wconf 86' lang='lat' dir='ltr'><strong>etiam</strong></span> <span class='ocrx_word' id='word_1_276' title='bbox 2195 2007 2486 2087; x_wconf 88' lang='lat' dir='ltr'><strong>ejusmodi</strong></span> <span class='ocrx_word' id='word_1_277' title='bbox 2502 2023 2703 2069; x_wconf 91' lang='lat' dir='ltr'><strong>vocem</strong></span> <span class='ocrx_word' id='word_1_278' title='bbox 2721 2005 2782 2066; x_wconf 90' lang='lat' dir='ltr'><strong>in</strong></span> <span class='ocrx_word' id='word_1_279' title='bbox 2798 2004 3103 2086; x_wconf 76' lang='lat' dir='ltr'><strong>prophetis</strong></span> <span class='ocrx_word' id='word_1_280' title='bbox 3118 2007 3281 2068; x_wconf 87' lang='lat' dir='ltr'><strong>aDeo</strong></span> <span class='ocrx_word' id='word_1_281' title='bbox 3296 2008 3645 2089; x_wconf 84' lang='lat' dir='ltr'><strong>productam</strong></span> 
     </span>
    </p>
   </div>
   <div class='ocr_carea' id='block_1_39' title="bbox 264 2101 1913 2183">
    <p class='ocr_par' dir='ltr' id='par_1_39' title="bbox 264 2101 1913 2183">
     <span class='ocr_line' id='line_1_39' title="bbox 264 2101 1913 2183; baseline -0.001 -26"><span class='ocrx_word' id='word_1_282' title='bbox 264 2112 355 2161; x_wconf 77' lang='grc' dir='ltr'>τοῦ</span> <span class='ocrx_word' id='word_1_283' title='bbox 414 2110 543 2160; x_wconf 78' lang='grc' dir='ltr'>Θεοῦ</span> <span class='ocrx_word' id='word_1_284' title='bbox 598 2102 781 2181; x_wconf 70' lang='grc' dir='ltr'>φωνὴν</span> <span class='ocrx_word' id='word_1_285' title='bbox 850 2103 1144 2180; x_wconf 77' lang='grc' dir='ltr'>ἐγγίνεσθαι</span> <span class='ocrx_word' id='word_1_286' title='bbox 1203 2116 1321 2167; x_wconf 78' lang='grc' dir='ltr'>τοῖς</span> <span class='ocrx_word' id='word_1_287' title='bbox 1374 2103 1695 2183; x_wconf 78' lang='grc' dir='ltr'>προφήταις.</span> <span class='ocrx_word' id='word_1_288' title='bbox 1749 2101 1913 2168; x_wconf 88' lang='grc' dir='ltr'>Φωνὴ</span> 
     </span>
    </p>
   </div>
   <div class='ocr_carea' id='block_1_40' title="bbox 268 2190 1907 2270">
    <p class='ocr_par' dir='ltr' id='par_1_40' title="bbox 268 2190 1907 2270">
     <span class='ocr_line' id='line_1_40' title="bbox 268 2190 1907 2270; baseline -0.002 -21"><span class='ocrx_word' id='word_1_289' title='bbox 268 2193 453 2269; x_wconf 80' lang='grc' dir='ltr'>Κυρίου</span> <span class='ocrx_word' id='word_1_290' title='bbox 511 2192 597 2247; x_wconf 79' lang='grc' dir='ltr'>ἐπὶ</span> <span class='ocrx_word' id='word_1_291' title='bbox 645 2198 750 2246; x_wconf 83' lang='grc' dir='ltr'><strong>τῶν</strong></span> <span class='ocrx_word' id='word_1_292' title='bbox 780 2190 1002 2252; x_wconf 80' lang='grc' dir='ltr'>ὑδάτων,</span> <span class='ocrx_word' id='word_1_293' title='bbox 1060 2190 1155 2256; x_wconf 73' lang='grc' dir='ltr'>Ὣς</span> <span class='ocrx_word' id='word_1_294' title='bbox 1187 2192 1283 2267; x_wconf 78' lang='grc' dir='ltr'>μὲν</span> <span class='ocrx_word' id='word_1_295' title='bbox 1337 2194 1467 2270; x_wconf 86' lang='grc' dir='ltr'>πρὸς</span> <span class='ocrx_word' id='word_1_296' title='bbox 1498 2195 1558 2248; x_wconf 85' lang='grc' dir='ltr'>τὸ</span> <span class='ocrx_word' id='word_1_297' title='bbox 1638 2193 1907 2263; x_wconf 77' lang='grc' dir='ltr'>αἰσθητὸν,</span> 
     </span>
    </p>
   </div>
   <div class='ocr_carea' id='block_1_41' title="bbox 263 2278 1913 2360">
    <p class='ocr_par' dir='ltr' id='par_1_41' title="bbox 263 2278 1913 2360">
     <span class='ocr_line' id='line_1_41' title="bbox 263 2278 1913 2360; baseline -0.001 -24"><span class='ocrx_word' id='word_1_298' title='bbox 263 2278 445 2347; x_wconf 84' lang='grc' dir='ltr'>ἐπειδὴ</span> <span class='ocrx_word' id='word_1_299' title='bbox 472 2282 521 2335; x_wconf 75' lang='grc' dir='ltr'>αἱ</span> <span class='ocrx_word' id='word_1_300' title='bbox 544 2278 782 2358; x_wconf 79' lang='grc' dir='ltr'>νεφέλαι,</span> <span class='ocrx_word' id='word_1_301' title='bbox 814 2279 1024 2335; x_wconf 68' lang='grc' dir='ltr'>ἐπειδὰν</span> <span class='ocrx_word' id='word_1_302' title='bbox 1055 2278 1242 2345; x_wconf 74' lang='grc' dir='ltr'>ὕδατος</span> <span class='ocrx_word' id='word_1_303' title='bbox 1297 2285 1396 2337; x_wconf 82' lang='grc' dir='ltr'>ὦσι</span> <span class='ocrx_word' id='word_1_304' title='bbox 1452 2281 1703 2360; x_wconf 77' lang='grc' dir='ltr'>πλήρεις,</span> <span class='ocrx_word' id='word_1_305' title='bbox 1771 2280 1913 2360; x_wconf 70' lang='grc' dir='ltr'>ἦχον</span> 
     </span>
    </p>
   </div>
   <div class='ocr_carea' id='block_1_42' title="bbox 266 2367 1907 2448">
    <p class='ocr_par' dir='ltr' id='par_1_42' title="bbox 266 2367 1907 2448">
     <span class='ocr_line' id='line_1_42' title="bbox 266 2367 1907 2448; baseline 0 -24"><span class='ocrx_word' id='word_1_306' title='bbox 266 2370 354 2425; x_wconf 81' lang='grc' dir='ltr'><strong>καὶ</strong></span> <span class='ocrx_word' id='word_1_307' title='bbox 406 2369 577 2448; x_wconf 76' lang='grc' dir='ltr'>ψόφον</span> <span class='ocrx_word' id='word_1_308' title='bbox 636 2367 953 2425; x_wconf 78' lang='grc' dir='ltr'>ἀποτελοῦσι</span> <span class='ocrx_word' id='word_1_309' title='bbox 1014 2371 1434 2447; x_wconf 81' lang='grc' dir='ltr'>συγκρουόμεναι</span> <span class='ocrx_word' id='word_1_310' title='bbox 1468 2372 1599 2448; x_wconf 87' lang='grc' dir='ltr'>πρὸς</span> <span class='ocrx_word' id='word_1_311' title='bbox 1645 2368 1907 2448; x_wconf 78' lang='grc' dir='ltr'>ἀλλήλας,</span> 
     </span>
    </p>
   </div>
   <div class='ocr_carea' id='block_1_43' title="bbox 263 2451 1911 2538">
    <p class='ocr_par' dir='ltr' id='par_1_43' title="bbox 263 2451 1911 2538">
     <span class='ocr_line' id='line_1_43' title="bbox 263 2451 1911 2538; baseline -0.001 -23"><span class='ocrx_word' id='word_1_312' title='bbox 263 2460 448 2533; x_wconf 92' lang='grc' dir='ltr'>Φωνὴ,</span> <span class='ocrx_word' id='word_1_313' title='bbox 502 2461 653 2538; x_wconf 80' lang='grc' dir='ltr'>φησὶ,</span> <span class='ocrx_word' id='word_1_314' title='bbox 690 2470 873 2538; x_wconf 83' lang='grc' dir='ltr'>Κυριου</span> <span class='ocrx_word' id='word_1_315' title='bbox 933 2462 1017 2517; x_wconf 67' lang='grc' dir='ltr'><strong>ἐπὶ</strong></span> <span class='ocrx_word' id='word_1_316' title='bbox 1067 2461 1173 2516; x_wconf 78' lang='grc' dir='ltr'>τῶν</span> <span class='ocrx_word' id='word_1_317' title='bbox 1219 2459 1441 2523; x_wconf 68' lang='grc' dir='ltr'>ὑδάτωθ.</span> <span class='ocrx_word' id='word_1_318' title='bbox 1497 2451 1661 2517; x_wconf 69' lang='grc' dir='ltr'>Ἀλλὰ</span> <span class='ocrx_word' id='word_1_319' title='bbox 1718 2461 1806 2516; x_wconf 79' lang='grc' dir='ltr'><strong>καὶ</strong></span> <span class='ocrx_word' id='word_1_320' title='bbox 1858 2460 1911 2515; x_wconf 76' lang='grc' dir='ltr'>εἴ</span> 
     </span>
    </p>
   </div>
   <div class='ocr_carea' id='block_1_44' title="bbox 262 2547 1913 2629">
    <p class='ocr_par' dir='ltr' id='par_1_44' title="bbox 262 2547 1913 2629">
     <span class='ocr_line' id='line_1_44' title="bbox 262 2547 1913 2629; baseline -0.002 -24"><span class='ocrx_word' id='word_1_321' title='bbox 262 2572 363 2605; x_wconf 90' lang='grc' dir='ltr'><strong>που</strong></span> <span class='ocrx_word' id='word_1_322' title='bbox 417 2549 539 2628; x_wconf 78' lang='grc'><strong>(93)</strong></span> <span class='ocrx_word' id='word_1_323' title='bbox 600 2550 769 2629; x_wconf 82' lang='grc' dir='ltr'>ψόφος</span> <span class='ocrx_word' id='word_1_324' title='bbox 822 2547 1021 2605; x_wconf 79' lang='grc' dir='ltr'>ὑδάτων</span> <span class='ocrx_word' id='word_1_325' title='bbox 1099 2549 1597 2628; x_wconf 70' lang='grc' dir='ltr'>περιβρηγνυμένων</span> <span class='ocrx_word' id='word_1_326' title='bbox 1654 2550 1761 2606; x_wconf 87' lang='grc' dir='ltr'>τισὶ</span> <span class='ocrx_word' id='word_1_327' title='bbox 1808 2550 1913 2606; x_wconf 78' lang='grc' dir='ltr'>τῶν</span> 
     </span>
    </p>
   </div>
   <div class='ocr_carea' id='block_1_45' title="bbox 263 2638 1912 2716">
    <p class='ocr_par' dir='ltr' id='par_1_45' title="bbox 263 2638 1912 2716">
     <span class='ocr_line' id='line_1_45' title="bbox 263 2638 1912 2716; baseline -0.001 -22"><span class='ocrx_word' id='word_1_328' title='bbox 263 2638 559 2694; x_wconf 79' lang='grc' dir='ltr'>ἀντιτύπων</span> <span class='ocrx_word' id='word_1_329' title='bbox 617 2638 876 2716; x_wconf 83' lang='grc' dir='ltr'>γίγνοιτο,</span> <span class='ocrx_word' id='word_1_330' title='bbox 940 2640 1025 2695; x_wconf 81' lang='grc' dir='ltr'><strong>καὶ</strong></span> <span class='ocrx_word' id='word_1_331' title='bbox 1081 2639 1125 2693; x_wconf 83' lang='grc' dir='ltr'>εἱ</span> <span class='ocrx_word' id='word_1_332' title='bbox 1154 2641 1186 2705; x_wconf 81' lang='grc' dir='ltr'>ἡ</span> <span class='ocrx_word' id='word_1_333' title='bbox 1221 2638 1460 2695; x_wconf 75' lang='grc' dir='ltr'>θάλασσα</span> <span class='ocrx_word' id='word_1_334' title='bbox 1516 2640 1779 2713; x_wconf 86' lang='grc' dir='ltr'>πνεύμασι</span> <span class='ocrx_word' id='word_1_335' title='bbox 1810 2661 1912 2693; x_wconf 74' lang='grc' dir='ltr'>ται-</span> 
     </span>
    </p>
   </div>
   <div class='ocr_carea' id='block_1_46' title="bbox 262 2726 1913 2807">
    <p class='ocr_par' dir='ltr' id='par_1_46' title="bbox 262 2726 1913 2807">
     <span class='ocr_line' id='line_1_46' title="bbox 262 2726 1913 2807; baseline 0.001 -24"><span class='ocrx_word' id='word_1_336' title='bbox 262 2726 563 2806; x_wconf 66' lang='grc' dir='ltr'>ρασσδμένη</span> <span class='ocrx_word' id='word_1_337' title='bbox 624 2728 952 2801; x_wconf 84' lang='grc' dir='ltr'>κυμαὶνοιτο,</span> <span class='ocrx_word' id='word_1_338' title='bbox 1015 2729 1102 2783; x_wconf 73' lang='grc' dir='ltr'><strong>καὶ</strong></span> <span class='ocrx_word' id='word_1_339' title='bbox 1132 2729 1301 2805; x_wconf 83' lang='grc' dir='ltr'>βίαιον</span> <span class='ocrx_word' id='word_1_340' title='bbox 1333 2729 1479 2807; x_wconf 64' lang='grc' dir='ltr'>ἦχοι</span> <span class='ocrx_word' id='word_1_341' title='bbox 1522 2728 1813 2803; x_wconf 76' lang='grc' dir='ltr'>ἐκπέμποι,</span> <span class='ocrx_word' id='word_1_342' title='bbox 1849 2729 1913 2784; x_wconf 83' lang='grc' dir='ltr'>τὰ</span> 
     </span>
    </p>
   </div>
   <div class='ocr_carea' id='block_1_47' title="bbox 264 2815 1911 2898">
    <p class='ocr_par' dir='ltr' id='par_1_47' title="bbox 264 2815 1911 2898">
     <span class='ocr_line' id='line_1_47' title="bbox 264 2815 1911 2898; baseline 0.001 -27"><span class='ocrx_word' id='word_1_343' title='bbox 264 2817 451 2897; x_wconf 77' lang='grc' dir='ltr'>ἄψυχα</span> <span class='ocrx_word' id='word_1_344' title='bbox 506 2828 670 2875; x_wconf 74' lang='grc' dir='ltr'>ταῦτα</span> <span class='ocrx_word' id='word_1_345' title='bbox 729 2818 827 2885; x_wconf 85' lang='grc' dir='ltr'><strong>τὴν</strong></span> <span class='ocrx_word' id='word_1_346' title='bbox 859 2818 1001 2896; x_wconf 79' lang='grc' dir='ltr'>παρὰ</span> <span class='ocrx_word' id='word_1_347' title='bbox 1048 2824 1140 2874; x_wconf 80' lang='grc' dir='ltr'><strong>τοῦ</strong></span> <span class='ocrx_word' id='word_1_348' title='bbox 1172 2818 1359 2896; x_wconf 85' lang='grc' dir='ltr'>Κυρίου</span> <span class='ocrx_word' id='word_1_349' title='bbox 1394 2819 1513 2897; x_wconf 71' lang='grc' dir='ltr'>ἔχει</span> <span class='ocrx_word' id='word_1_350' title='bbox 1561 2818 1766 2898; x_wconf 81' lang='grc' dir='ltr'>φωνὴν,</span> <span class='ocrx_word' id='word_1_351' title='bbox 1799 2815 1911 2873; x_wconf 80' lang='grc' dir='ltr'>δει-</span> 
     </span>
    </p>
   </div>
   <div class='ocr_carea' id='block_1_48' title="bbox 264 2905 1912 2986">
    <p class='ocr_par' dir='ltr' id='par_1_48' title="bbox 264 2905 1912 2986">
     <span class='ocr_line' id='line_1_48' title="bbox 264 2905 1912 2986; baseline 0 -23"><span class='ocrx_word' id='word_1_352' title='bbox 264 2908 478 2971; x_wconf 86' lang='grc' dir='ltr'>κνύντος</span> <span class='ocrx_word' id='word_1_353' title='bbox 517 2914 609 2963; x_wconf 78' lang='grc' dir='ltr'><strong>τοῦ</strong></span> <span class='ocrx_word' id='word_1_354' title='bbox 649 2905 836 2986; x_wconf 89' lang='grc' dir='ltr'>λόγου,</span> <span class='ocrx_word' id='word_1_355' title='bbox 888 2906 967 2962; x_wconf 74' lang='grc' dir='ltr'>ὅτι</span> <span class='ocrx_word' id='word_1_356' title='bbox 998 2913 1142 2963; x_wconf 79' lang='grc' dir='ltr'>πᾶσα</span> <span class='ocrx_word' id='word_1_357' title='bbox 1171 2908 1205 2973; x_wconf 80' lang='grc' dir='ltr'>ἡ</span> <span class='ocrx_word' id='word_1_358' title='bbox 1236 2906 1407 2972; x_wconf 86' lang='grc' dir='ltr'>κτίσις</span> <span class='ocrx_word' id='word_1_359' title='bbox 1465 2909 1759 2986; x_wconf 75' lang='grc' dir='ltr'>μονονουχὶ</span> <span class='ocrx_word' id='word_1_360' title='bbox 1814 2908 1912 2983; x_wconf 81' lang='grc' dir='ltr'>βοᾷ</span> 
     </span>
    </p>
   </div>
   <div class='ocr_carea' id='block_1_49' title="bbox 264 2993 1910 3075">
    <p class='ocr_par' dir='ltr' id='par_1_49' title="bbox 264 2993 1910 3075">
     <span class='ocr_line' id='line_1_49' title="bbox 264 2993 1910 3075; baseline 0 -24"><span class='ocrx_word' id='word_1_361' title='bbox 264 2997 355 3052; x_wconf 84' lang='grc' dir='ltr'>τὸν</span> <span class='ocrx_word' id='word_1_362' title='bbox 412 2997 605 3062; x_wconf 76' lang='grc' dir='ltr'>ἑαυτῆς</span> <span class='ocrx_word' id='word_1_363' title='bbox 665 2993 986 3074; x_wconf 86' lang='grc' dir='ltr'>δημιουργὸν</span> <span class='ocrx_word' id='word_1_364' title='bbox 1017 2995 1442 3075; x_wconf 75' lang='grc' dir='ltr'>ἀναγγέλλουσα.</span> <span class='ocrx_word' id='word_1_365' title='bbox 1483 2997 1587 3055; x_wconf 75' lang='grc' dir='ltr'><strong>Κὲἱν</strong></span> <span class='ocrx_word' id='word_1_366' title='bbox 1632 2997 1827 3075; x_wconf 82' lang='grc' dir='ltr'>βροντὴ</span> <span class='ocrx_word' id='word_1_367' title='bbox 1857 2995 1910 3051; x_wconf 83' lang='grc' dir='ltr'>δὲ</span> 
     </span>
    </p>
   </div>
   <div class='ocr_carea' id='block_1_50' title="bbox 1999 2094 3646 2177">
    <p class='ocr_par' dir='ltr' id='par_1_50' title="bbox 1999 2094 3646 2177">
     <span class='ocr_line' id='line_1_50' title="bbox 1999 2094 3646 2177; baseline 0.005 -22"><span class='ocrx_word' id='word_1_368' title='bbox 1999 2094 2181 2158; x_wconf 87' lang='lat' dir='ltr'><strong>fuisse</strong></span> <span class='ocrx_word' id='word_1_369' title='bbox 2208 2096 2457 2158; x_wconf 89' lang='lat' dir='ltr'><strong>credere</strong></span> <span class='ocrx_word' id='word_1_370' title='bbox 2492 2113 2599 2175; x_wconf 87' lang='lat' dir='ltr'><strong>par</strong></span> <span class='ocrx_word' id='word_1_371' title='bbox 2630 2101 2742 2157; x_wconf 89' lang='lat' dir='ltr'><strong>est.</strong></span> <span class='ocrx_word' id='word_1_372' title='bbox 2782 2094 2911 2157; x_wconf 70' lang='lat' dir='ltr'><strong>Voce</strong></span> <span class='ocrx_word' id='word_1_373' title='bbox 2945 2094 3193 2156; x_wconf 79' lang='lat' dir='ltr'><strong>Domini</strong></span> <span class='ocrx_word' id='word_1_374' title='bbox 3224 2114 3405 2175; x_wconf 81' lang='lat' dir='ltr'><strong>super</strong></span> <span class='ocrx_word' id='word_1_375' title='bbox 3433 2115 3646 2177; x_wconf 68' lang='lat' dir='ltr'><strong>agnas.</strong></span> 
     </span>
    </p>
   </div>
   <div class='ocr_carea' id='block_1_51' title="bbox 1996 2183 3652 2268">
    <p class='ocr_par' dir='ltr' id='par_1_51' title="bbox 1996 2183 3652 2268">
     <span class='ocr_line' id='line_1_51' title="bbox 1996 2183 3652 2268; baseline 0.004 -21"><span class='ocrx_word' id='word_1_376' title='bbox 1996 2185 2164 2259; x_wconf 87' lang='lat' dir='ltr'><strong>Quod</strong></span> <span class='ocrx_word' id='word_1_377' title='bbox 2183 2186 2428 2268; x_wconf 89' lang='lat' dir='ltr'><strong>quidem</strong></span> <span class='ocrx_word' id='word_1_378' title='bbox 2450 2186 2521 2247; x_wconf 89' lang='lat' dir='ltr'><strong>ad</strong></span> <span class='ocrx_word' id='word_1_379' title='bbox 2548 2183 2834 2246; x_wconf 89' lang='lat' dir='ltr'><strong>sensibile</strong></span> <span class='ocrx_word' id='word_1_380' title='bbox 2857 2184 3068 2245; x_wconf 83' lang='lat' dir='ltr'><strong>attinet</strong></span> <span class='ocrx_word' id='word_1_381' title='bbox 3093 2204 3109 2257; x_wconf 92' lang='lat'><strong>;</strong></span> <span class='ocrx_word' id='word_1_382' title='bbox 3142 2186 3424 2264; x_wconf 88' lang='lat' dir='ltr'><strong>quoniam</strong></span> <span class='ocrx_word' id='word_1_383' title='bbox 3461 2191 3652 2253; x_wconf 87' lang='lat' dir='ltr'><strong>nubes</strong></span> 
     </span>
    </p>
   </div>
   <div class='ocr_carea' id='block_1_52' title="bbox 1996 2275 3643 2362">
    <p class='ocr_par' dir='ltr' id='par_1_52' title="bbox 1996 2275 3643 2362">
     <span class='ocr_line' id='line_1_52' title="bbox 1996 2275 3643 2362; baseline 0.004 -25"><span class='ocrx_word' id='word_1_384' title='bbox 1996 2275 2175 2337; x_wconf 89' lang='lat' dir='ltr'><strong>simul</strong></span> <span class='ocrx_word' id='word_1_385' title='bbox 2200 2284 2262 2337; x_wconf 89' lang='lat' dir='ltr'><strong>ut</strong></span> <span class='ocrx_word' id='word_1_386' title='bbox 2280 2276 2450 2357; x_wconf 84' lang='lat' dir='ltr'><strong>aquis</strong></span> <span class='ocrx_word' id='word_1_387' title='bbox 2476 2275 2762 2337; x_wconf 64' lang='lat' dir='ltr'><strong>confertas</strong></span> <span class='ocrx_word' id='word_1_388' title='bbox 2780 2282 3162 2356; x_wconf 88' lang='lat' dir='ltr'><strong>sunt,sonum</strong></span> <span class='ocrx_word' id='word_1_389' title='bbox 3185 2275 3643 2362; x_wconf 86' lang='lat' dir='ltr'><strong>strepitumque,</strong></span> 
     </span>
    </p>
   </div>
   <div class='ocr_carea' id='block_1_53' title="bbox 1998 2362 3648 2445">
    <p class='ocr_par' dir='ltr' id='par_1_53' title="bbox 1998 2362 3648 2445">
     <span class='ocr_line' id='line_1_53' title="bbox 1998 2362 3648 2445; baseline 0.004 -20"><span class='ocrx_word' id='word_1_390' title='bbox 1998 2366 2135 2426; x_wconf 90' lang='lat' dir='ltr'><strong>dum</strong></span> <span class='ocrx_word' id='word_1_391' title='bbox 2157 2365 2316 2426; x_wconf 89' lang='lat' dir='ltr'><strong>inter</strong></span> <span class='ocrx_word' id='word_1_392' title='bbox 2332 2383 2398 2426; x_wconf 90' lang='lat' dir='ltr'><strong>se</strong></span> <span class='ocrx_word' id='word_1_393' title='bbox 2420 2363 3020 2445; x_wconf 84' lang='lat' dir='ltr'><strong>colliduntur,edunt,</strong></span> <span class='ocrx_word' id='word_1_394' title='bbox 3047 2362 3188 2425; x_wconf 86' lang='lat' dir='ltr'><strong>ideo</strong></span> <span class='ocrx_word' id='word_1_395' title='bbox 3211 2364 3292 2426; x_wconf 88' lang='lat' dir='ltr'><strong>ait</strong></span> <span class='ocrx_word' id='word_1_396' title='bbox 3316 2383 3331 2428; x_wconf 89' lang='lat'><strong><em>:</em></strong></span> <span class='ocrx_word' id='word_1_397' title='bbox 3381 2365 3512 2430; x_wconf 77' lang='lat' dir='ltr'><strong>Vox</strong></span> <span class='ocrx_word' id='word_1_398' title='bbox 3539 2369 3648 2433; x_wconf 89' lang='lat' dir='ltr'><strong>Do-</strong></span> 
     </span>
    </p>
   </div>
   <div class='ocr_carea' id='block_1_54' title="bbox 1995 2453 3648 2541">
    <p class='ocr_par' dir='ltr' id='par_1_54' title="bbox 1995 2453 3648 2541">
     <span class='ocr_line' id='line_1_54' title="bbox 1995 2453 3648 2541; baseline 0.004 -26"><span class='ocrx_word' id='word_1_399' title='bbox 1995 2457 2166 2517; x_wconf 79' lang='lat' dir='ltr'><strong>mini</strong></span> <span class='ocrx_word' id='word_1_400' title='bbox 2180 2473 2365 2536; x_wconf 75' lang='lat' dir='ltr'><strong>super</strong></span> <span class='ocrx_word' id='word_1_401' title='bbox 2380 2453 2714 2534; x_wconf 82' lang='lat' dir='ltr'><strong>aquas.Sed</strong></span> <span class='ocrx_word' id='word_1_402' title='bbox 2739 2453 3005 2515; x_wconf 87' lang='lat' dir='ltr'><strong>etsicubi</strong></span> <span class='ocrx_word' id='word_1_403' title='bbox 3027 2454 3128 2515; x_wconf 82' lang='lat' dir='ltr'><strong>ﬁat</strong></span> <span class='ocrx_word' id='word_1_404' title='bbox 3148 2456 3438 2533; x_wconf 87' lang='lat' dir='ltr'><strong>strepitus</strong></span> <span class='ocrx_word' id='word_1_405' title='bbox 3460 2476 3648 2541; x_wconf 88' lang='lat' dir='ltr'><strong>aqua-</strong></span> 
     </span>
    </p>
   </div>
   <div class='ocr_carea' id='block_1_55' title="bbox 1996 2542 3650 2625">
    <p class='ocr_par' dir='ltr' id='par_1_55' title="bbox 1996 2542 3650 2625">
     <span class='ocr_line' id='line_1_55' title="bbox 1996 2542 3650 2625; baseline 0.006 -22"><span class='ocrx_word' id='word_1_406' title='bbox 1996 2562 2126 2604; x_wconf 93' lang='lat' dir='ltr'><strong>rum</strong></span> <span class='ocrx_word' id='word_1_407' title='bbox 2152 2544 2227 2605; x_wconf 90' lang='lat' dir='ltr'><strong>ob</strong></span> <span class='ocrx_word' id='word_1_408' title='bbox 2255 2544 2617 2605; x_wconf 87' lang='lat' dir='ltr'><strong>renitentem</strong></span> <span class='ocrx_word' id='word_1_409' title='bbox 2652 2542 2909 2623; x_wconf 84' lang='lat' dir='ltr'><strong>aliquem</strong></span> <span class='ocrx_word' id='word_1_410' title='bbox 2935 2542 3168 2605; x_wconf 88' lang='lat' dir='ltr'><strong>obicem</strong></span> <span class='ocrx_word' id='word_1_411' title='bbox 3182 2542 3650 2625; x_wconf 79' lang='lat' dir='ltr'><strong>diruptarum.et</strong></span> 
     </span>
    </p>
   </div>
   <div class='ocr_carea' id='block_1_56' title="bbox 1997 2632 3649 2712">
    <p class='ocr_par' dir='ltr' id='par_1_56' title="bbox 1997 2632 3649 2712">
     <span class='ocr_line' id='line_1_56' title="bbox 1997 2632 3649 2712; baseline 0.005 -19"><span class='ocrx_word' id='word_1_412' title='bbox 1997 2634 2046 2693; x_wconf 90' lang='lat' dir='ltr'><strong>si</strong></span> <span class='ocrx_word' id='word_1_413' title='bbox 2072 2651 2235 2695; x_wconf 89' lang='lat' dir='ltr'><strong>mare</strong></span> <span class='ocrx_word' id='word_1_414' title='bbox 2251 2636 2441 2695; x_wconf 90' lang='lat' dir='ltr'><strong>ventis</strong></span> <span class='ocrx_word' id='word_1_415' title='bbox 2455 2633 2737 2712; x_wconf 90' lang='lat' dir='ltr'><strong>agitatum</strong></span> <span class='ocrx_word' id='word_1_416' title='bbox 2751 2640 3061 2705; x_wconf 71' lang='lat' dir='ltr'><strong>exmstuet,</strong></span> <span class='ocrx_word' id='word_1_417' title='bbox 3080 2641 3140 2693; x_wconf 92' lang='lat' dir='ltr'><strong>et</strong></span> <span class='ocrx_word' id='word_1_418' title='bbox 3163 2632 3486 2697; x_wconf 79' lang='lat' dir='ltr'><strong>violentum</strong></span> <span class='ocrx_word' id='word_1_419' title='bbox 3511 2640 3649 2701; x_wconf 84' lang='lat' dir='ltr'><strong>edat</strong></span> 
     </span>
    </p>
   </div>
   <div class='ocr_carea' id='block_1_57' title="bbox 1998 2720 3641 2805">
    <p class='ocr_par' dir='ltr' id='par_1_57' title="bbox 1998 2720 3641 2805">
     <span class='ocr_line' id='line_1_57' title="bbox 1998 2720 3641 2805; baseline 0.005 -22"><span class='ocrx_word' id='word_1_420' title='bbox 1998 2723 2335 2805; x_wconf 82' lang='lat' dir='ltr'><strong>sonum,hae</strong></span> <span class='ocrx_word' id='word_1_421' title='bbox 2359 2740 2457 2785; x_wconf 91' lang='lat' dir='ltr'><strong>res</strong></span> <span class='ocrx_word' id='word_1_422' title='bbox 2480 2721 2819 2783; x_wconf 68' lang='lat' dir='ltr'><strong>inanimatm</strong></span> <span class='ocrx_word' id='word_1_423' title='bbox 2836 2738 2871 2781; x_wconf 90' lang='lat' dir='ltr'><strong>a</strong></span> <span class='ocrx_word' id='word_1_424' title='bbox 2885 2720 3140 2784; x_wconf 90' lang='lat' dir='ltr'><strong>Domino</strong></span> <span class='ocrx_word' id='word_1_425' title='bbox 3152 2720 3375 2785; x_wconf 88' lang='lat' dir='ltr'><strong>habent</strong></span> <span class='ocrx_word' id='word_1_426' title='bbox 3395 2743 3602 2789; x_wconf 90' lang='lat' dir='ltr'><strong>vocem</strong></span> <span class='ocrx_word' id='word_1_427' title='bbox 3626 2750 3641 2793; x_wconf 91' lang='lat'><strong>:</strong></span> 
     </span>
    </p>
   </div>
   <div class='ocr_carea' id='block_1_58' title="bbox 1997 2810 3647 2896">
    <p class='ocr_par' dir='ltr' id='par_1_58' title="bbox 1997 2810 3647 2896">
     <span class='ocr_line' id='line_1_58' title="bbox 1997 2810 3647 2896; baseline -0.004 -23"><span class='ocrx_word' id='word_1_428' title='bbox 1997 2813 2223 2893; x_wconf 90' lang='lat' dir='ltr'><strong>quippe</strong></span> <span class='ocrx_word' id='word_1_429' title='bbox 2244 2810 3051 2892; x_wconf 89' lang='lat' dir='ltr'><strong>ostenditScriptura,omnes</strong></span> <span class='ocrx_word' id='word_1_430' title='bbox 3070 2826 3170 2871; x_wconf 87' lang='lat' dir='ltr'><strong>res</strong></span> <span class='ocrx_word' id='word_1_431' title='bbox 3202 2822 3431 2874; x_wconf 86' lang='lat' dir='ltr'><strong>creatas</strong></span> <span class='ocrx_word' id='word_1_432' title='bbox 3452 2815 3647 2896; x_wconf 77' lang='lat' dir='ltr'><strong>Opiﬁ-</strong></span> 
     </span>
    </p>
   </div>
   <div class='ocr_carea' id='block_1_59' title="bbox 1998 2899 3639 2971">
    <p class='ocr_par' dir='ltr' id='par_1_59' title="bbox 1998 2899 3639 2971">
     <span class='ocr_line' id='line_1_59' title="bbox 1998 2899 3639 2971; baseline 0.005 -8"><span class='ocrx_word' id='word_1_433' title='bbox 1998 2920 2127 2963; x_wconf 91' lang='lat' dir='ltr'><strong>cem</strong></span> <span class='ocrx_word' id='word_1_434' title='bbox 2164 2920 2336 2963; x_wconf 91' lang='lat' dir='ltr'><strong>suum</strong></span> <span class='ocrx_word' id='word_1_435' title='bbox 2368 2899 2788 2963; x_wconf 88' lang='lat' dir='ltr'><strong>annuntiantes</strong></span> <span class='ocrx_word' id='word_1_436' title='bbox 2821 2908 3047 2960; x_wconf 90' lang='lat' dir='ltr'><strong>tantum</strong></span> <span class='ocrx_word' id='word_1_437' title='bbox 3100 2918 3220 2962; x_wconf 90' lang='lat' dir='ltr'><strong>non</strong></span> <span class='ocrx_word' id='word_1_438' title='bbox 3278 2901 3537 2966; x_wconf 85' lang='lat' dir='ltr'><strong>clamare</strong></span> <span class='ocrx_word' id='word_1_439' title='bbox 3564 2906 3639 2971; x_wconf 65' lang='grc' dir='ltr'><strong>θ’.</strong></span> 
     </span>
    </p>
   </div>
   <div class='ocr_carea' id='block_1_60' title="bbox 1997 2988 3645 3077">
    <p class='ocr_par' dir='ltr' id='par_1_60' title="bbox 1997 2988 3645 3077">
     <span class='ocr_line' id='line_1_60' title="bbox 1997 2988 3645 3077; baseline 0.005 -27"><span class='ocrx_word' id='word_1_440' title='bbox 1997 2992 2167 3065; x_wconf 88' lang='lat' dir='ltr'><strong>Quod</strong></span> <span class='ocrx_word' id='word_1_441' title='bbox 2183 2992 2234 3053; x_wconf 88' lang='lat' dir='ltr'><strong>si</strong></span> <span class='ocrx_word' id='word_1_442' title='bbox 2246 2994 2469 3054; x_wconf 90' lang='lat' dir='ltr'><strong>tonitru</strong></span> <span class='ocrx_word' id='word_1_443' title='bbox 2483 3009 2554 3053; x_wconf 88' lang='lat' dir='ltr'><strong>ex</strong></span> <span class='ocrx_word' id='word_1_444' title='bbox 2572 2989 2831 3052; x_wconf 90' lang='lat' dir='ltr'><strong>nubibus</strong></span> <span class='ocrx_word' id='word_1_445' title='bbox 2843 2988 3154 3070; x_wconf 83' lang='lat' dir='ltr'><strong>obstrepit,</strong></span> <span class='ocrx_word' id='word_1_446' title='bbox 3189 2990 3339 3055; x_wconf 89' lang='lat' dir='ltr'><strong>nihil</strong></span> <span class='ocrx_word' id='word_1_447' title='bbox 3351 2992 3516 3056; x_wconf 82' lang='lat' dir='ltr'><strong>aliud</strong></span> <span class='ocrx_word' id='word_1_448' title='bbox 3531 3015 3645 3077; x_wconf 89' lang='lat' dir='ltr'><strong>pu-</strong></span> 
     </span>
    </p>
   </div>
   <div class='ocr_carea' id='block_1_61' title="bbox 264 3078 1915 3167">
    <p class='ocr_par' dir='ltr' id='par_1_61' title="bbox 264 3084 1911 3167">
     <span class='ocr_line' id='line_1_61' title="bbox 264 3084 1911 3167; baseline 0.001 -27"><span class='ocrx_word' id='word_1_449' title='bbox 264 3086 369 3141; x_wconf 82' lang='grc' dir='ltr'><strong>ἆπὸ</strong></span> <span class='ocrx_word' id='word_1_450' title='bbox 428 3091 599 3164; x_wconf 84' lang='grc' dir='ltr'>νεφῶν</span> <span class='ocrx_word' id='word_1_451' title='bbox 663 3084 790 3165; x_wconf 77' lang='grc'><strong>(94)</strong></span> <span class='ocrx_word' id='word_1_452' title='bbox 820 3089 1042 3164; x_wconf 60' lang='grc' dir='ltr'>ἐκραγῇ,</span> <span class='ocrx_word' id='word_1_453' title='bbox 1098 3088 1192 3143; x_wconf 85' lang='grc' dir='ltr'><strong>οὑκ</strong></span> <span class='ocrx_word' id='word_1_454' title='bbox 1249 3085 1382 3142; x_wconf 81' lang='grc' dir='ltr'>ἄλλο</span> <span class='ocrx_word' id='word_1_455' title='bbox 1411 3109 1460 3143; x_wconf 87' lang='grc' dir='ltr'><strong>τι</strong></span> <span class='ocrx_word' id='word_1_456' title='bbox 1493 3088 1604 3167; x_wconf 81' lang='grc' dir='ltr'><strong>χρὴ</strong></span> <span class='ocrx_word' id='word_1_457' title='bbox 1657 3086 1911 3160; x_wconf 82' lang='grc' dir='ltr'>νομίζειν,</span> 
     </span>
    </p>
   </div>
   <div class='ocr_carea' id='block_1_62' title="bbox 2001 3078 3650 3167">
    <p class='ocr_par' dir='ltr' id='par_1_62' title="bbox 2001 3078 3650 3162">
     <span class='ocr_line' id='line_1_62' title="bbox 2001 3078 3650 3162; baseline 0.005 -21"><span class='ocrx_word' id='word_1_458' title='bbox 2001 3082 2239 3143; x_wconf 82' lang='lat' dir='ltr'><strong>laudum</strong></span> <span class='ocrx_word' id='word_1_459' title='bbox 2256 3080 2659 3162; x_wconf 85' lang='lat' dir='ltr'><strong>est,nisiquod</strong></span> <span class='ocrx_word' id='word_1_460' title='bbox 2684 3080 2845 3143; x_wconf 91' lang='lat' dir='ltr'><strong>Deus</strong></span> <span class='ocrx_word' id='word_1_461' title='bbox 2867 3078 3196 3159; x_wconf 85' lang='lat' dir='ltr'><strong>majestatis</strong></span> <span class='ocrx_word' id='word_1_462' title='bbox 3213 3081 3564 3159; x_wconf 84' lang='lat' dir='ltr'><strong>iutouuerit,</strong></span> <span class='ocrx_word' id='word_1_463' title='bbox 3590 3096 3650 3150; x_wconf 91' lang='lat' dir='ltr'><strong>et</strong></span> 
     </span>
    </p>
   </div>
   <div class='ocr_carea' id='block_1_63' title="bbox 263 3175 1915 3259">
    <p class='ocr_par' dir='ltr' id='par_1_63' title="bbox 263 3175 1915 3259">
     <span class='ocr_line' id='line_1_63' title="bbox 263 3175 1915 3259; baseline 0.001 -27"><span class='ocrx_word' id='word_1_464' title='bbox 263 3175 299 3245; x_wconf 74' lang='grc' dir='ltr'><strong>ἦ</strong></span> <span class='ocrx_word' id='word_1_465' title='bbox 324 3177 404 3233; x_wconf 79' lang='grc' dir='ltr'>ὅτι</span> <span class='ocrx_word' id='word_1_466' title='bbox 449 3180 476 3234; x_wconf 97' lang='lat'><strong>6</strong></span> <span class='ocrx_word' id='word_1_467' title='bbox 509 3180 635 3243; x_wconf 85' lang='grc' dir='ltr'>Θεὸς</span> <span class='ocrx_word' id='word_1_468' title='bbox 664 3184 763 3245; x_wconf 79' lang='grc' dir='ltr'>τῆς</span> <span class='ocrx_word' id='word_1_469' title='bbox 794 3176 951 3247; x_wconf 78' lang='grc' dir='ltr'>δόξης</span> <span class='ocrx_word' id='word_1_470' title='bbox 977 3176 1289 3259; x_wconf 71' lang='grc' dir='ltr'>ἒϐρόντησε,</span> <span class='ocrx_word' id='word_1_471' title='bbox 1324 3181 1411 3235; x_wconf 81' lang='grc' dir='ltr'><strong>καὶ</strong></span> <span class='ocrx_word' id='word_1_472' title='bbox 1438 3178 1518 3236; x_wconf 77' lang='grc' dir='ltr'>ὅτι</span> <span class='ocrx_word' id='word_1_473' title='bbox 1554 3180 1742 3256; x_wconf 82' lang='grc' dir='ltr'>Κύριός</span> <span class='ocrx_word' id='word_1_474' title='bbox 1775 3179 1915 3236; x_wconf 79' lang='grc' dir='ltr'>ἐστιν</span> 
     </span>
    </p>
   </div>
   <div class='ocr_carea' id='block_1_64' title="bbox 264 3268 1914 3349">
    <p class='ocr_par' dir='ltr' id='par_1_64' title="bbox 264 3268 1914 3349">
     <span class='ocr_line' id='line_1_64' title="bbox 264 3268 1914 3349; baseline 0.001 -26"><span class='ocrx_word' id='word_1_475' title='bbox 264 3269 292 3323; x_wconf 87' lang='lat'><strong>6</strong></span> <span class='ocrx_word' id='word_1_476' title='bbox 322 3268 421 3334; x_wconf 83' lang='grc' dir='ltr'><strong>τὴν</strong></span> <span class='ocrx_word' id='word_1_477' title='bbox 451 3268 612 3345; x_wconf 82' lang='grc' dir='ltr'>ὑγρὰν</span> <span class='ocrx_word' id='word_1_478' title='bbox 644 3269 802 3347; x_wconf 85' lang='grc' dir='ltr'>φύφιν</span> <span class='ocrx_word' id='word_1_479' title='bbox 860 3269 1102 3349; x_wconf 86' lang='grc' dir='ltr'>συνέχων</span> <span class='ocrx_word' id='word_1_480' title='bbox 1165 3268 1231 3324; x_wconf 87' lang='grc' dir='ltr'>δι’</span> <span class='ocrx_word' id='word_1_481' title='bbox 1305 3270 1511 3331; x_wconf 79' lang='grc' dir='ltr'>ἑαυτοῦ.</span> <span class='ocrx_word' id='word_1_482' title='bbox 1582 3269 1771 3347; x_wconf 86' lang='grc' dir='ltr'>Κύριος</span> <span class='ocrx_word' id='word_1_483' title='bbox 1830 3268 1914 3325; x_wconf 77' lang='grc' dir='ltr'>ἐπὶ</span> 
     </span>
    </p>
   </div>
   <div class='ocr_carea' id='block_1_65' title="bbox 263 3354 1907 3435">
    <p class='ocr_par' dir='ltr' id='par_1_65' title="bbox 263 3354 1907 3435">
     <span class='ocr_line' id='line_1_65' title="bbox 263 3354 1907 3435; baseline 0.003 -25"><span class='ocrx_word' id='word_1_484' title='bbox 263 3354 464 3411; x_wconf 79' lang='grc' dir='ltr'>ὑδάτων</span> <span class='ocrx_word' id='word_1_485' title='bbox 519 3356 751 3417; x_wconf 74' lang='grc' dir='ltr'>πολλῶν.</span> <span class='ocrx_word' id='word_1_486' title='bbox 836 3360 1232 3433; x_wconf 75' lang='grc' dir='ltr'>Μεμαθήκαμεν</span> <span class='ocrx_word' id='word_1_487' title='bbox 1306 3358 1406 3435; x_wconf 82' lang='grc' dir='ltr'>γὰρ</span> <span class='ocrx_word' id='word_1_488' title='bbox 1474 3358 1530 3414; x_wconf 71' lang='grc' dir='ltr'>ἰν</span> <span class='ocrx_word' id='word_1_489' title='bbox 1584 3363 1652 3434; x_wconf 74' lang='grc' dir='ltr'>τῇ</span> <span class='ocrx_word' id='word_1_490' title='bbox 1704 3379 1907 3433; x_wconf 83' lang='grc' dir='ltr'>κοσμο-</span> 
     </span>
    </p>
   </div>
   <div class='ocr_carea' id='block_1_66' title="bbox 266 3446 1910 3527">
    <p class='ocr_par' dir='ltr' id='par_1_66' title="bbox 266 3446 1910 3527">
     <span class='ocr_line' id='line_1_66' title="bbox 266 3446 1910 3527; baseline 0.002 -27"><span class='ocrx_word' id='word_1_491' title='bbox 266 3447 441 3523; x_wconf 80' lang='grc' dir='ltr'>γενείᾳ</span> <span class='ocrx_word' id='word_1_492' title='bbox 474 3446 610 3526; x_wconf 79' lang='grc' dir='ltr'>ὕδωρ</span> <span class='ocrx_word' id='word_1_493' title='bbox 637 3447 820 3504; x_wconf 66' lang='grc' dir='ltr'>ἒπάνω</span> <span class='ocrx_word' id='word_1_494' title='bbox 852 3448 957 3504; x_wconf 82' lang='grc' dir='ltr'>τῶν</span> <span class='ocrx_word' id='word_1_495' title='bbox 992 3450 1250 3527; x_wconf 61' lang='grc' dir='ltr'>ονῦρανῶν,</span> <span class='ocrx_word' id='word_1_496' title='bbox 1313 3446 1447 3526; x_wconf 81' lang='grc' dir='ltr'>ὕδωρ</span> <span class='ocrx_word' id='word_1_497' title='bbox 1518 3446 1679 3504; x_wconf 86' lang='grc' dir='ltr'>πάλιν</span> <span class='ocrx_word' id='word_1_498' title='bbox 1724 3449 1784 3504; x_wconf 80' lang='grc' dir='ltr'><strong>τὸ</strong></span> <span class='ocrx_word' id='word_1_499' title='bbox 1815 3450 1910 3515; x_wconf 82' lang='grc' dir='ltr'>τῆς</span> 
     </span>
    </p>
   </div>
   <div class='ocr_carea' id='block_1_67' title="bbox 266 3534 1911 3616">
    <p class='ocr_par' dir='ltr' id='par_1_67' title="bbox 266 3534 1911 3616">
     <span class='ocr_line' id='line_1_67' title="bbox 266 3534 1911 3616; baseline 0.001 -24"><span class='ocrx_word' id='word_1_500' title='bbox 266 3534 516 3616; x_wconf 79' lang='grc' dir='ltr'>ἀϐύσσου,</span> <span class='ocrx_word' id='word_1_501' title='bbox 596 3536 773 3612; x_wconf 77' lang='grc' dir='ltr'>ἕτερον</span> <span class='ocrx_word' id='word_1_502' title='bbox 824 3539 890 3593; x_wconf 84' lang='grc' dir='ltr'><strong>τὰ</strong></span> <span class='ocrx_word' id='word_1_503' title='bbox 939 3538 1253 3612; x_wconf 54' lang='grc' dir='ltr'>συστήματα</span> <span class='ocrx_word' id='word_1_504' title='bbox 1316 3543 1420 3593; x_wconf 83' lang='grc' dir='ltr'><strong>τῶν</strong></span> <span class='ocrx_word' id='word_1_505' title='bbox 1469 3536 1768 3599; x_wconf 84' lang='grc' dir='ltr'>θαλασσῶν.</span> <span class='ocrx_word' id='word_1_506' title='bbox 1823 3539 1911 3601; x_wconf 88' lang='grc' dir='ltr'>Τίς</span> 
     </span>
    </p>
   </div>
   <div class='ocr_carea' id='block_1_68' title="bbox 265 3625 1914 3705">
    <p class='ocr_par' dir='ltr' id='par_1_68' title="bbox 265 3625 1914 3705">
     <span class='ocr_line' id='line_1_68' title="bbox 265 3625 1914 3705; baseline 0 -22"><span class='ocrx_word' id='word_1_507' title='bbox 265 3629 352 3683; x_wconf 78' lang='grc' dir='ltr'><strong>οὖν</strong></span> <span class='ocrx_word' id='word_1_508' title='bbox 383 3625 526 3683; x_wconf 69' lang='grc' dir='ltr'>ἔστιν</span> <span class='ocrx_word' id='word_1_509' title='bbox 573 3628 601 3682; x_wconf 80' lang='grc' dir='ltr'>ὃ</span> <span class='ocrx_word' id='word_1_510' title='bbox 648 3634 956 3705; x_wconf 79' lang='grc' dir='ltr'>συγκρατῶν</span> <span class='ocrx_word' id='word_1_511' title='bbox 998 3634 1187 3699; x_wconf 79' lang='grc' dir='ltr'>ταῦτα,</span> <span class='ocrx_word' id='word_1_512' title='bbox 1239 3627 1327 3683; x_wconf 79' lang='grc' dir='ltr'><strong>καὶ</strong></span> <span class='ocrx_word' id='word_1_513' title='bbox 1394 3626 1472 3701; x_wconf 87' lang='grc' dir='ltr'><strong>μὴ</strong></span> <span class='ocrx_word' id='word_1_514' title='bbox 1532 3626 1633 3682; x_wconf 81' lang='grc' dir='ltr'>ἐῶν</span> <span class='ocrx_word' id='word_1_515' title='bbox 1676 3627 1806 3685; x_wconf 83' lang='grc' dir='ltr'>αὑτὰ</span> <span class='ocrx_word' id='word_1_516' title='bbox 1846 3631 1914 3703; x_wconf 77' lang='grc' dir='ltr'>τῇ</span> 
     </span>
    </p>
   </div>
   <div class='ocr_carea' id='block_1_69' title="bbox 264 3714 1911 3796">
    <p class='ocr_par' dir='ltr' id='par_1_69' title="bbox 264 3714 1911 3796">
     <span class='ocr_line' id='line_1_69' title="bbox 264 3714 1911 3796; baseline 0.001 -24"><span class='ocrx_word' id='word_1_517' title='bbox 264 3721 461 3796; x_wconf 83' lang='grc' dir='ltr'>φυσικῇ</span> <span class='ocrx_word' id='word_1_518' title='bbox 492 3716 631 3794; x_wconf 76' lang='grc' dir='ltr'>ῥοπῇ</span> <span class='ocrx_word' id='word_1_519' title='bbox 674 3715 916 3795; x_wconf 79' lang='grc' dir='ltr'>φέρεσθαι</span> <span class='ocrx_word' id='word_1_520' title='bbox 946 3717 1076 3793; x_wconf 81' lang='grc' dir='ltr'>πρὸς</span> <span class='ocrx_word' id='word_1_521' title='bbox 1108 3716 1174 3771; x_wconf 81' lang='grc' dir='ltr'>τὰ</span> <span class='ocrx_word' id='word_1_522' title='bbox 1204 3717 1348 3772; x_wconf 78' lang='grc' dir='ltr'>κάτω</span> <span class='ocrx_word' id='word_1_523' title='bbox 1387 3714 1541 3794; x_wconf 80' lang='grc'>(95),</span> <span class='ocrx_word' id='word_1_524' title='bbox 1592 3714 1627 3783; x_wconf 75' lang='grc' dir='ltr'>ἤ</span> <span class='ocrx_word' id='word_1_525' title='bbox 1698 3718 1726 3771; x_wconf 89' lang='lat'><strong>6</strong></span> <span class='ocrx_word' id='word_1_526' title='bbox 1805 3716 1911 3774; x_wconf 87' lang='grc' dir='ltr'>Κύ-</span> 
     </span>
    </p>
   </div>
   <div class='ocr_carea' id='block_1_70' title="bbox 265 3803 1911 3885">
    <p class='ocr_par' dir='ltr' id='par_1_70' title="bbox 265 3803 1911 3885">
     <span class='ocr_line' id='line_1_70' title="bbox 265 3803 1911 3885; baseline 0 -24"><span class='ocrx_word' id='word_1_527' title='bbox 265 3827 374 3885; x_wconf 66' lang='grc' dir='ltr'>ριος</span> <span class='ocrx_word' id='word_1_528' title='bbox 424 3806 453 3860; x_wconf 82' lang='lat'><strong>6</strong></span> <span class='ocrx_word' id='word_1_529' title='bbox 502 3818 620 3867; x_wconf 81' lang='grc' dir='ltr'>τοῖς</span> <span class='ocrx_word' id='word_1_530' title='bbox 677 3811 845 3862; x_wconf 78' lang='grc' dir='ltr'>πᾶσιν</span> <span class='ocrx_word' id='word_1_531' title='bbox 896 3803 1234 3885; x_wconf 72' lang='grc' dir='ltr'>ἐμϐεϐηκὼς,</span> <span class='ocrx_word' id='word_1_532' title='bbox 1288 3803 1343 3866; x_wconf 77' lang='grc' dir='ltr'>ὅς</span> <span class='ocrx_word' id='word_1_533' title='bbox 1406 3806 1493 3861; x_wconf 73' lang='grc' dir='ltr'>καὶ</span> <span class='ocrx_word' id='word_1_534' title='bbox 1548 3808 1654 3861; x_wconf 82' lang='grc' dir='ltr'>τὼν</span> <span class='ocrx_word' id='word_1_535' title='bbox 1710 3803 1911 3861; x_wconf 79' lang='grc' dir='ltr'>ὑδάτων</span> 
     </span>
    </p>
   </div>
   <div class='ocr_carea' id='block_1_71' title="bbox 264 3892 1913 3975">
    <p class='ocr_par' dir='ltr' id='par_1_71' title="bbox 264 3892 1913 3975">
     <span class='ocr_line' id='line_1_71' title="bbox 264 3892 1913 3975; baseline -0.001 -25"><span class='ocrx_word' id='word_1_536' title='bbox 264 3893 382 3974; x_wconf 78' lang='grc' dir='ltr'>ἔχει</span> <span class='ocrx_word' id='word_1_537' title='bbox 425 3895 487 3950; x_wconf 81' lang='grc' dir='ltr'>τὸ</span> <span class='ocrx_word' id='word_1_538' title='bbox 518 3895 754 3973; x_wconf 84' lang='grc' dir='ltr'>κράτος;</span> <span class='ocrx_word' id='word_1_539' title='bbox 814 3894 971 3975; x_wconf 84' lang='grc' dir='ltr'>Τάχα</span> <span class='ocrx_word' id='word_1_540' title='bbox 1028 3893 1081 3951; x_wconf 82' lang='grc' dir='ltr'>δὲ</span> <span class='ocrx_word' id='word_1_541' title='bbox 1138 3896 1226 3951; x_wconf 74' lang='grc' dir='ltr'><strong>καὶ</strong></span> <span class='ocrx_word' id='word_1_542' title='bbox 1278 3892 1691 3974; x_wconf 79' lang='grc' dir='ltr'>μυστικώτερον,</span> <span class='ocrx_word' id='word_1_543' title='bbox 1750 3894 1913 3962; x_wconf 86' lang='grc' dir='ltr'>Φωνὴ</span> 
     </span>
    </p>
   </div>
   <div class='ocr_carea' id='block_1_72' title="bbox 269 3980 1915 4063">
    <p class='ocr_par' dir='ltr' id='par_1_72' title="bbox 269 3980 1915 4063">
     <span class='ocr_line' id='line_1_72' title="bbox 269 3980 1915 4063; baseline -0.001 -22"><span class='ocrx_word' id='word_1_544' title='bbox 269 3985 455 4063; x_wconf 88' lang='grc' dir='ltr'>Κυρίου</span> <span class='ocrx_word' id='word_1_545' title='bbox 527 3982 612 4040; x_wconf 76' lang='grc' dir='ltr'><strong>ἐπὶ</strong></span> <span class='ocrx_word' id='word_1_546' title='bbox 680 3991 787 4041; x_wconf 82' lang='grc' dir='ltr'><strong>τῶν</strong></span> <span class='ocrx_word' id='word_1_547' title='bbox 816 3982 1042 4059; x_wconf 81' lang='grc' dir='ltr'>ὑδάτων,</span> <span class='ocrx_word' id='word_1_548' title='bbox 1078 3982 1167 4041; x_wconf 75' lang='grc' dir='ltr'>ὅτε</span> <span class='ocrx_word' id='word_1_549' title='bbox 1208 3983 1546 4062; x_wconf 78' lang='grc' dir='ltr'>βαπτισθέντι</span> <span class='ocrx_word' id='word_1_550' title='bbox 1603 3990 1681 4058; x_wconf 84' lang='grc' dir='ltr'>τῷ</span> <span class='ocrx_word' id='word_1_551' title='bbox 1739 3980 1915 4051; x_wconf 84' lang='grc' dir='ltr'>Ἰησοὺ</span> 
     </span>
    </p>
   </div>
   <div class='ocr_carea' id='block_1_73' title="bbox 262 4071 1913 4153">
    <p class='ocr_par' dir='ltr' id='par_1_73' title="bbox 262 4071 1913 4153">
     <span class='ocr_line' id='line_1_73' title="bbox 262 4071 1913 4153; baseline 0 -24"><span class='ocrx_word' id='word_1_552' title='bbox 262 4073 474 4151; x_wconf 78' lang='grc' dir='ltr'>ἐγένετο</span> <span class='ocrx_word' id='word_1_553' title='bbox 532 4071 728 4131; x_wconf 72' lang='grc' dir='ltr'>ἄνωθεν</span> <span class='ocrx_word' id='word_1_554' title='bbox 762 4074 937 4153; x_wconf 76' lang='grc' dir='ltr'>φωνὴ,</span> <span class='ocrx_word' id='word_1_555' title='bbox 970 4074 1050 4130; x_wconf 77' lang='grc' dir='ltr'>ὅτι</span> <span class='ocrx_word' id='word_1_556' title='bbox 1081 4074 1247 4138; x_wconf 75' lang='grc' dir='ltr'>Οὗτός</span> <span class='ocrx_word' id='word_1_557' title='bbox 1292 4073 1435 4131; x_wconf 81' lang='grc' dir='ltr'>ἐστιν</span> <span class='ocrx_word' id='word_1_558' title='bbox 1484 4075 1511 4129; x_wconf 91' lang='lat'><strong>6</strong></span> <span class='ocrx_word' id='word_1_559' title='bbox 1561 4072 1680 4136; x_wconf 74' lang='grc' dir='ltr'>Υἱός</span> <span class='ocrx_word' id='word_1_560' title='bbox 1740 4096 1841 4149; x_wconf 91' lang='grc' dir='ltr'><strong>μου</strong></span> <span class='ocrx_word' id='word_1_561' title='bbox 1886 4075 1913 4129; x_wconf 89' lang='lat'><strong>6</strong></span> 
     </span>
    </p>
   </div>
   <div class='ocr_carea' id='block_1_74' title="bbox 261 4160 1912 4242">
    <p class='ocr_par' dir='ltr' id='par_1_74' title="bbox 261 4160 1912 4242">
     <span class='ocr_line' id='line_1_74' title="bbox 261 4160 1912 4242; baseline 0.001 -25"><span class='ocrx_word' id='word_1_562' title='bbox 261 4160 566 4239; x_wconf 80' lang='grc' dir='ltr'>ἀγαπητός.</span> <span class='ocrx_word' id='word_1_563' title='bbox 643 4162 767 4217; x_wconf 72' lang='grc' dir='ltr'>Τότε</span> <span class='ocrx_word' id='word_1_564' title='bbox 796 4163 896 4238; x_wconf 66' lang='grc' dir='ltr'><strong>γὰρ</strong></span> <span class='ocrx_word' id='word_1_565' title='bbox 952 4165 979 4218; x_wconf 87' lang='lat'><strong>6</strong></span> <span class='ocrx_word' id='word_1_566' title='bbox 1038 4163 1223 4242; x_wconf 86' lang='grc' dir='ltr'>Κύριος</span> <span class='ocrx_word' id='word_1_567' title='bbox 1295 4163 1393 4239; x_wconf 80' lang='grc' dir='ltr'><strong>μὶν</strong></span> <span class='ocrx_word' id='word_1_568' title='bbox 1447 4163 1513 4231; x_wconf 80' lang='grc' dir='ltr'><strong>ἦν</strong></span> <span class='ocrx_word' id='word_1_569' title='bbox 1572 4163 1658 4220; x_wconf 72' lang='grc' dir='ltr'>ἐπὶ</span> <span class='ocrx_word' id='word_1_570' title='bbox 1714 4160 1912 4219; x_wconf 83' lang='grc' dir='ltr'>ὑδάτων</span> 
     </span>
    </p>
   </div>
   <div class='ocr_carea' id='block_1_75' title="bbox 262 4248 1914 4329">
    <p class='ocr_par' dir='ltr' id='par_1_75' title="bbox 262 4248 1914 4329">
     <span class='ocr_line' id='line_1_75' title="bbox 262 4248 1914 4329; baseline 0.002 -23"><span class='ocrx_word' id='word_1_571' title='bbox 262 4248 509 4321; x_wconf 84' lang='grc' dir='ltr'>πολλῶν,</span> <span class='ocrx_word' id='word_1_572' title='bbox 567 4248 799 4326; x_wconf 80' lang='grc' dir='ltr'>ἁγιάζων</span> <span class='ocrx_word' id='word_1_573' title='bbox 830 4250 894 4305; x_wconf 80' lang='grc' dir='ltr'><strong>τὰ</strong></span> <span class='ocrx_word' id='word_1_574' title='bbox 944 4249 1104 4307; x_wconf 70' lang='grc' dir='ltr'>ὕδατα</span> <span class='ocrx_word' id='word_1_575' title='bbox 1150 4250 1234 4308; x_wconf 83' lang='grc' dir='ltr'><strong>διὰ</strong></span> <span class='ocrx_word' id='word_1_576' title='bbox 1290 4255 1384 4309; x_wconf 82' lang='grc' dir='ltr'>τοῦ</span> <span class='ocrx_word' id='word_1_577' title='bbox 1439 4253 1823 4329; x_wconf 82' lang='grc' dir='ltr'>βαπτίσματος·</span> <span class='ocrx_word' id='word_1_578' title='bbox 1887 4254 1914 4310; x_wconf 89' lang='lat'><strong>6</strong></span> 
     </span>
    </p>
   </div>
   <div class='ocr_carea' id='block_1_76' title="bbox 1998 3168 3646 3252">
    <p class='ocr_par' dir='ltr' id='par_1_76' title="bbox 1998 3168 3646 3252">
     <span class='ocr_line' id='line_1_76' title="bbox 1998 3168 3646 3252; baseline 0.004 -21"><span class='ocrx_word' id='word_1_579' title='bbox 1998 3171 2451 3252; x_wconf 91' lang='lat' dir='ltr'><strong>quodDominus</strong></span> <span class='ocrx_word' id='word_1_580' title='bbox 2471 3171 2566 3247; x_wconf 88' lang='lat' dir='ltr'><strong>sit,</strong></span> <span class='ocrx_word' id='word_1_581' title='bbox 2600 3171 2701 3249; x_wconf 89' lang='lat' dir='ltr'><strong>qui</strong></span> <span class='ocrx_word' id='word_1_582' title='bbox 2717 3187 2825 3251; x_wconf 88' lang='lat' dir='ltr'><strong>per</strong></span> <span class='ocrx_word' id='word_1_583' title='bbox 2842 3168 3104 3250; x_wconf 88' lang='lat' dir='ltr'><strong>seipsum</strong></span> <span class='ocrx_word' id='word_1_584' title='bbox 3128 3168 3436 3234; x_wconf 81' lang='lat' dir='ltr'><strong>humidam</strong></span> <span class='ocrx_word' id='word_1_585' title='bbox 3451 3177 3646 3238; x_wconf 88' lang='lat' dir='ltr'><strong>couti-</strong></span> 
     </span>
    </p>
   </div>
   <div class='ocr_carea' id='block_1_77' title="bbox 1997 3259 3646 3343">
    <p class='ocr_par' dir='ltr' id='par_1_77' title="bbox 1997 3259 3646 3343">
     <span class='ocr_line' id='line_1_77' title="bbox 1997 3259 3646 3343; baseline 0.005 -22"><span class='ocrx_word' id='word_1_586' title='bbox 1997 3270 2137 3322; x_wconf 83' lang='lat' dir='ltr'><strong>neat</strong></span> <span class='ocrx_word' id='word_1_587' title='bbox 2150 3272 2416 3325; x_wconf 89' lang='lat' dir='ltr'><strong>naturam</strong></span> <span class='ocrx_word' id='word_1_588' title='bbox 2429 3310 2443 3325; x_wconf 94' lang='lat'><strong>.</strong></span> <span class='ocrx_word' id='word_1_589' title='bbox 2455 3260 2755 3323; x_wconf 76' lang='lat' dir='ltr'><strong>Dominus</strong></span> <span class='ocrx_word' id='word_1_590' title='bbox 2766 3276 2949 3340; x_wconf 85' lang='lat' dir='ltr'><strong>super</strong></span> <span class='ocrx_word' id='word_1_591' title='bbox 2964 3275 3160 3340; x_wconf 85' lang='lat' dir='ltr'><strong>aquas</strong></span> <span class='ocrx_word' id='word_1_592' title='bbox 3176 3259 3422 3325; x_wconf 78' lang='lat' dir='ltr'><strong>multas.</strong></span> <span class='ocrx_word' id='word_1_593' title='bbox 3448 3266 3646 3343; x_wconf 83' lang='lat' dir='ltr'><strong>Agno-</strong></span> 
     </span>
    </p>
   </div>
   <div class='ocr_carea' id='block_1_78' title="bbox 1995 3348 3641 3437">
    <p class='ocr_par' dir='ltr' id='par_1_78' title="bbox 1995 3348 3641 3437">
     <span class='ocr_line' id='line_1_78' title="bbox 1995 3348 3641 3437; baseline 0.005 -26"><span class='ocrx_word' id='word_1_594' title='bbox 1995 3352 2190 3414; x_wconf 85' lang='lat' dir='ltr'><strong>vimus</strong></span> <span class='ocrx_word' id='word_1_595' title='bbox 2220 3358 2378 3414; x_wconf 86' lang='lat' dir='ltr'><strong>enim</strong></span> <span class='ocrx_word' id='word_1_596' title='bbox 2408 3350 2471 3412; x_wconf 93' lang='lat' dir='ltr'><strong>in</strong></span> <span class='ocrx_word' id='word_1_597' title='bbox 2532 3348 2739 3412; x_wconf 92' lang='lat' dir='ltr'><strong>mundi</strong></span> <span class='ocrx_word' id='word_1_598' title='bbox 2785 3348 3201 3430; x_wconf 89' lang='lat' dir='ltr'><strong>procreatione</strong></span> <span class='ocrx_word' id='word_1_599' title='bbox 3219 3368 3433 3432; x_wconf 83' lang='lat' dir='ltr'><strong>aquam</strong></span> <span class='ocrx_word' id='word_1_600' title='bbox 3456 3372 3641 3437; x_wconf 89' lang='lat' dir='ltr'><strong>super</strong></span> 
     </span>
    </p>
   </div>
   <div class='ocr_carea' id='block_1_79' title="bbox 1996 3438 3640 3524">
    <p class='ocr_par' dir='ltr' id='par_1_79' title="bbox 1996 3438 3640 3524">
     <span class='ocr_line' id='line_1_79' title="bbox 1996 3438 3640 3524; baseline 0.004 -23"><span class='ocrx_word' id='word_1_601' title='bbox 1996 3443 2200 3522; x_wconf 75' lang='lat' dir='ltr'><strong>ccelos,</strong></span> <span class='ocrx_word' id='word_1_602' title='bbox 2239 3458 2451 3521; x_wconf 88' lang='lat' dir='ltr'><strong>aquam</strong></span> <span class='ocrx_word' id='word_1_603' title='bbox 2493 3457 2701 3501; x_wconf 83' lang='lat' dir='ltr'><strong>rursus</strong></span> <span class='ocrx_word' id='word_1_604' title='bbox 2747 3438 2964 3518; x_wconf 81' lang='lat' dir='ltr'><strong>abyssi,</strong></span> <span class='ocrx_word' id='word_1_605' title='bbox 3000 3438 3143 3501; x_wconf 89' lang='lat' dir='ltr'><strong>item</strong></span> <span class='ocrx_word' id='word_1_606' title='bbox 3192 3438 3370 3503; x_wconf 82' lang='lat' dir='ltr'><strong>aliam</strong></span> <span class='ocrx_word' id='word_1_607' title='bbox 3398 3460 3640 3524; x_wconf 82' lang='lat' dir='ltr'><strong>aquam,</strong></span> 
     </span>
    </p>
   </div>
   <div class='ocr_carea' id='block_1_80' title="bbox 1996 3525 3642 3617">
    <p class='ocr_par' dir='ltr' id='par_1_80' title="bbox 1996 3525 3642 3617">
     <span class='ocr_line' id='line_1_80' title="bbox 1996 3525 3642 3617; baseline 0.005 -26"><span class='ocrx_word' id='word_1_608' title='bbox 1996 3549 2213 3611; x_wconf 90' lang='lat' dir='ltr'><strong>nempe</strong></span> <span class='ocrx_word' id='word_1_609' title='bbox 2240 3529 2731 3609; x_wconf 81' lang='lat' dir='ltr'><strong>congregationes</strong></span> <span class='ocrx_word' id='word_1_610' title='bbox 2756 3525 3013 3593; x_wconf 63' lang='lat' dir='ltr'><strong>maris”.</strong></span> <span class='ocrx_word' id='word_1_611' title='bbox 3046 3527 3195 3601; x_wconf 86' lang='lat' dir='ltr'><strong>Quis</strong></span> <span class='ocrx_word' id='word_1_612' title='bbox 3217 3530 3398 3609; x_wconf 89' lang='lat' dir='ltr'><strong>igitur</strong></span> <span class='ocrx_word' id='word_1_613' title='bbox 3424 3542 3514 3595; x_wconf 88' lang='lat' dir='ltr'><strong>est</strong></span> <span class='ocrx_word' id='word_1_614' title='bbox 3539 3538 3642 3617; x_wconf 90' lang='lat' dir='ltr'><strong>qui</strong></span> 
     </span>
    </p>
   </div>
   <div class='ocr_carea' id='block_1_81' title="bbox 1997 3617 3645 3700">
    <p class='ocr_par' dir='ltr' id='par_1_81' title="bbox 1997 3617 3645 3700">
     <span class='ocr_line' id='line_1_81' title="bbox 1997 3617 3645 3700; baseline 0.004 -19"><span class='ocrx_word' id='word_1_615' title='bbox 1997 3620 2123 3681; x_wconf 65' lang='lat' dir='ltr'><strong>haec</strong></span> <span class='ocrx_word' id='word_1_616' title='bbox 2147 3620 2468 3700; x_wconf 80' lang='lat' dir='ltr'><strong>contineat,</strong></span> <span class='ocrx_word' id='word_1_617' title='bbox 2495 3638 2605 3681; x_wconf 90' lang='lat' dir='ltr'><strong>nec</strong></span> <span class='ocrx_word' id='word_1_618' title='bbox 2628 3636 2698 3680; x_wconf 91' lang='lat' dir='ltr'><strong>ea</strong></span> <span class='ocrx_word' id='word_1_619' title='bbox 2717 3619 2875 3680; x_wconf 89' lang='lat' dir='ltr'><strong>sinat</strong></span> <span class='ocrx_word' id='word_1_620' title='bbox 2891 3617 3151 3680; x_wconf 85' lang='lat' dir='ltr'><strong>naturali</strong></span> <span class='ocrx_word' id='word_1_621' title='bbox 3184 3620 3450 3698; x_wconf 88' lang='lat' dir='ltr'><strong>pondere</strong></span> <span class='ocrx_word' id='word_1_622' title='bbox 3471 3623 3645 3687; x_wconf 83' lang='lat' dir='ltr'><strong>deor-</strong></span> 
     </span>
    </p>
   </div>
   <div class='ocr_carea' id='block_1_82' title="bbox 1996 3702 3639 3794">
    <p class='ocr_par' dir='ltr' id='par_1_82' title="bbox 1996 3702 3639 3794">
     <span class='ocr_line' id='line_1_82' title="bbox 1996 3702 3639 3794; baseline -0.005 -23"><span class='ocrx_word' id='word_1_623' title='bbox 1996 3729 2064 3771; x_wconf 84' lang='lat' dir='ltr'><strong>su</strong></span> <span class='ocrx_word' id='word_1_624' title='bbox 2074 3702 2296 3771; x_wconf 71' lang='lat' dir='ltr'><strong>m’ferri</strong></span> <span class='ocrx_word' id='word_1_625' title='bbox 2314 3707 2870 3789; x_wconf 85' lang='lat' dir='ltr'><strong>,nisiDominus,qui</strong></span> <span class='ocrx_word' id='word_1_626' title='bbox 2883 3708 3031 3769; x_wconf 90' lang='lat' dir='ltr'><strong>nihil</strong></span> <span class='ocrx_word' id='word_1_627' title='bbox 3050 3726 3169 3769; x_wconf 90' lang='lat' dir='ltr'><strong>non</strong></span> <span class='ocrx_word' id='word_1_628' title='bbox 3184 3710 3486 3790; x_wconf 74' lang='lat' dir='ltr'><strong>pertingit,</strong></span> <span class='ocrx_word' id='word_1_629' title='bbox 3503 3715 3639 3794; x_wconf 81' lang='lat' dir='ltr'><strong>qui-</strong></span> 
     </span>
    </p>
   </div>
   <div class='ocr_carea' id='block_1_83' title="bbox 1994 3795 3639 3882">
    <p class='ocr_par' dir='ltr' id='par_1_83' title="bbox 1994 3795 3639 3882">
     <span class='ocr_line' id='line_1_83' title="bbox 1994 3795 3639 3882; baseline 0.004 -23"><span class='ocrx_word' id='word_1_630' title='bbox 1994 3817 2111 3875; x_wconf 91' lang='lat' dir='ltr'><strong>que</strong></span> <span class='ocrx_word' id='word_1_631' title='bbox 2126 3816 2408 3880; x_wconf 80' lang='lat' dir='ltr'><strong>aquarum</strong></span> <span class='ocrx_word' id='word_1_632' title='bbox 2429 3796 2697 3859; x_wconf 81' lang='lat' dir='ltr'><strong>habetim</strong></span> <span class='ocrx_word' id='word_1_633' title='bbox 2707 3797 2968 3877; x_wconf 84' lang='lat' dir='ltr'><strong>perium?</strong></span> <span class='ocrx_word' id='word_1_634' title='bbox 2990 3795 3210 3859; x_wconf 88' lang='lat' dir='ltr'><strong>Forsan</strong></span> <span class='ocrx_word' id='word_1_635' title='bbox 3224 3816 3364 3861; x_wconf 87' lang='lat' dir='ltr'><strong>vero</strong></span> <span class='ocrx_word' id='word_1_636' title='bbox 3375 3808 3435 3860; x_wconf 89' lang='lat' dir='ltr'><strong>et</strong></span> <span class='ocrx_word' id='word_1_637' title='bbox 3452 3805 3639 3882; x_wconf 86' lang='lat' dir='ltr'><strong>magis</strong></span> 
     </span>
    </p>
   </div>
   <div class='ocr_carea' id='block_1_84' title="bbox 1996 3886 3638 3960">
    <p class='ocr_par' dir='ltr' id='par_1_84' title="bbox 1996 3886 3638 3960">
     <span class='ocr_line' id='line_1_84' title="bbox 1996 3886 3638 3960; baseline 0.004 -15"><span class='ocrx_word' id='word_1_638' title='bbox 1996 3889 2231 3960; x_wconf 86' lang='lat' dir='ltr'><strong>mystice</strong></span> <span class='ocrx_word' id='word_1_639' title='bbox 2243 3886 2559 3946; x_wconf 70' lang='lat' dir='ltr'><strong>VoxDomini</strong></span> <span class='ocrx_word' id='word_1_640' title='bbox 2577 3902 2731 3959; x_wconf 80' lang='lat' dir='ltr'><strong>super</strong></span> <span class='ocrx_word' id='word_1_641' title='bbox 2749 3903 2916 3958; x_wconf 66' lang='lat' dir='ltr'><strong>aqua:</strong></span> <span class='ocrx_word' id='word_1_642' title='bbox 2934 3892 3207 3952; x_wconf 79' lang='lat' dir='ltr'><strong>erat,cum</strong></span> <span class='ocrx_word' id='word_1_643' title='bbox 3221 3886 3289 3945; x_wconf 85' lang='lat' dir='ltr'><strong>ba</strong></span> <span class='ocrx_word' id='word_1_644' title='bbox 3298 3887 3638 3959; x_wconf 64' lang='lat' dir='ltr'><strong>ptiaato’esu</strong></span> 
     </span>
    </p>
   </div>
   <div class='ocr_carea' id='block_1_85' title="bbox 1996 3976 3636 4050">
    <p class='ocr_par' dir='ltr' id='par_1_85' title="bbox 1996 3976 3636 4050">
     <span class='ocr_line' id='line_1_85' title="bbox 1996 3976 3636 4050; baseline 0.004 -15"><span class='ocrx_word' id='word_1_645' title='bbox 1996 3979 2135 4036; x_wconf 82' lang='lat' dir='ltr'><strong>tacta</strong></span> <span class='ocrx_word' id='word_1_646' title='bbox 2162 3988 2249 4035; x_wconf 89' lang='lat' dir='ltr'><strong>est</strong></span> <span class='ocrx_word' id='word_1_647' title='bbox 2289 3992 2540 4050; x_wconf 83' lang='lat' dir='ltr'><strong>superne</strong></span> <span class='ocrx_word' id='word_1_648' title='bbox 2563 3993 2673 4035; x_wconf 91' lang='lat' dir='ltr'><strong>vox</strong></span> <span class='ocrx_word' id='word_1_649' title='bbox 2700 4000 2711 4034; x_wconf 90' lang='lat'><strong>:</strong></span> <span class='ocrx_word' id='word_1_650' title='bbox 2743 3978 2845 4035; x_wconf 83' lang='lat' dir='ltr'><strong>Hic</strong></span> <span class='ocrx_word' id='word_1_651' title='bbox 2867 3982 2945 4035; x_wconf 78' lang='lat' dir='ltr'><strong>est</strong></span> <span class='ocrx_word' id='word_1_652' title='bbox 2962 3976 3143 4035; x_wconf 66' lang='lat' dir='ltr'><strong>Filius</strong></span> <span class='ocrx_word' id='word_1_653' title='bbox 3162 3993 3304 4034; x_wconf 70' lang='lat' dir='ltr'><strong>meus</strong></span> <span class='ocrx_word' id='word_1_654' title='bbox 3321 3978 3547 4038; x_wconf 70' lang='lat' dir='ltr'><strong>dilectus</strong></span> <span class='ocrx_word' id='word_1_655' title='bbox 3564 3982 3636 4042; x_wconf 72' lang='grc' dir='ltr'>δι.</span> 
     </span>
    </p>
   </div>
   <div class='ocr_carea' id='block_1_86' title="bbox 1995 4067 3631 4150">
    <p class='ocr_par' dir='ltr' id='par_1_86' title="bbox 1995 4067 3631 4150">
     <span class='ocr_line' id='line_1_86' title="bbox 1995 4067 3631 4150; baseline 0.003 -21"><span class='ocrx_word' id='word_1_656' title='bbox 1995 4067 2161 4130; x_wconf 82' lang='grc' dir='ltr'>Τιιηο</span> <span class='ocrx_word' id='word_1_657' title='bbox 2184 4068 2342 4130; x_wconf 90' lang='lat' dir='ltr'><strong>enim</strong></span> <span class='ocrx_word' id='word_1_658' title='bbox 2372 4067 2657 4129; x_wconf 92' lang='lat' dir='ltr'><strong>Dominus</strong></span> <span class='ocrx_word' id='word_1_659' title='bbox 2687 4086 2872 4149; x_wconf 91' lang='lat' dir='ltr'><strong>super</strong></span> <span class='ocrx_word' id='word_1_660' title='bbox 2891 4068 3106 4129; x_wconf 89' lang='lat' dir='ltr'><strong>multas</strong></span> <span class='ocrx_word' id='word_1_661' title='bbox 3132 4071 3165 4128; x_wconf 75' lang='lat' dir='ltr'><strong>i</strong></span> <span class='ocrx_word' id='word_1_662' title='bbox 3181 4068 3268 4128; x_wconf 72' lang='lat'><strong>18</strong></span> <span class='ocrx_word' id='word_1_663' title='bbox 3289 4087 3471 4150; x_wconf 87' lang='lat' dir='ltr'><strong>aquas</strong></span> <span class='ocrx_word' id='word_1_664' title='bbox 3485 4084 3631 4137; x_wconf 89' lang='lat' dir='ltr'><strong>erat:</strong></span> 
     </span>
    </p>
   </div>
   <div class='ocr_carea' id='block_1_87' title="bbox 1996 4156 3640 4240">
    <p class='ocr_par' dir='ltr' id='par_1_87' title="bbox 1996 4156 3640 4240">
     <span class='ocr_line' id='line_1_87' title="bbox 1996 4156 3640 4240; baseline 0.004 -21"><span class='ocrx_word' id='word_1_665' title='bbox 1996 4158 2218 4240; x_wconf 88' lang='lat' dir='ltr'><strong>quippe</strong></span> <span class='ocrx_word' id='word_1_666' title='bbox 2248 4158 2349 4239; x_wconf 89' lang='lat' dir='ltr'><strong>qui</strong></span> <span class='ocrx_word' id='word_1_667' title='bbox 2380 4177 2486 4238; x_wconf 90' lang='lat' dir='ltr'><strong>per</strong></span> <span class='ocrx_word' id='word_1_668' title='bbox 2514 4156 2873 4239; x_wconf 86' lang='lat' dir='ltr'><strong>baptismum</strong></span> <span class='ocrx_word' id='word_1_669' title='bbox 2927 4158 3097 4240; x_wconf 86' lang='lat' dir='ltr'><strong>aquis</strong></span> <span class='ocrx_word' id='word_1_670' title='bbox 3140 4159 3441 4222; x_wconf 83' lang='lat' dir='ltr'><strong>conferret</strong></span> <span class='ocrx_word' id='word_1_671' title='bbox 3462 4179 3640 4227; x_wconf 87' lang='lat' dir='ltr'><strong>sanc-</strong></span> 
     </span>
    </p>
   </div>
   <div class='ocr_carea' id='block_1_88' title="bbox 1996 4248 3644 4327">
    <p class='ocr_par' dir='ltr' id='par_1_88' title="bbox 1996 4248 3644 4327">
     <span class='ocr_line' id='line_1_88' title="bbox 1996 4248 3644 4327; baseline 0.003 -15"><span class='ocrx_word' id='word_1_672' title='bbox 1996 4248 2228 4312; x_wconf 86' lang='lat' dir='ltr'><strong>titatem</strong></span> <span class='ocrx_word' id='word_1_673' title='bbox 2262 4268 2276 4309; x_wconf 90' lang='lat'><strong>:</strong></span> <span class='ocrx_word' id='word_1_674' title='bbox 2314 4248 2470 4310; x_wconf 89' lang='lat' dir='ltr'><strong>Deus</strong></span> <span class='ocrx_word' id='word_1_675' title='bbox 2506 4257 2703 4310; x_wconf 87' lang='lat' dir='ltr'><strong>autem</strong></span> <span class='ocrx_word' id='word_1_676' title='bbox 2753 4248 2961 4327; x_wconf 67' lang='lat' dir='ltr'><strong>gloria:</strong></span> <span class='ocrx_word' id='word_1_677' title='bbox 3003 4248 3120 4311; x_wconf 89' lang='lat' dir='ltr'><strong>alta</strong></span> <span class='ocrx_word' id='word_1_678' title='bbox 3172 4250 3497 4313; x_wconf 84' lang='lat' dir='ltr'><strong>testimonii</strong></span> <span class='ocrx_word' id='word_1_679' title='bbox 3547 4266 3644 4326; x_wconf 73' lang='lat' dir='ltr'><strong>sui</strong></span> 
     </span>
    </p>
   </div>
   <div class='ocr_carea' id='block_1_89' title="bbox 263 4337 1915 4422">
    <p class='ocr_par' dir='ltr' id='par_1_89' title="bbox 263 4337 1915 4422">
     <span class='ocr_line' id='line_1_89' title="bbox 263 4337 1915 4422; baseline 0.002 -26"><span class='ocrx_word' id='word_1_680' title='bbox 263 4339 320 4396; x_wconf 77' lang='grc' dir='ltr'>δὲ</span> <span class='ocrx_word' id='word_1_681' title='bbox 382 4340 513 4404; x_wconf 83' lang='grc' dir='ltr'>Θεὸς</span> <span class='ocrx_word' id='word_1_682' title='bbox 569 4338 665 4405; x_wconf 78' lang='grc' dir='ltr'>τῆς</span> <span class='ocrx_word' id='word_1_683' title='bbox 721 4337 873 4406; x_wconf 79' lang='grc' dir='ltr'>δόξης</span> <span class='ocrx_word' id='word_1_684' title='bbox 926 4346 993 4416; x_wconf 79' lang='grc' dir='ltr'>τῇ</span> <span class='ocrx_word' id='word_1_685' title='bbox 1045 4340 1423 4422; x_wconf 83' lang='grc' dir='ltr'>μεγαλοφωνίᾳ</span> <span class='ocrx_word' id='word_1_686' title='bbox 1479 4344 1577 4408; x_wconf 68' lang='grc' dir='ltr'>τῆς</span> <span class='ocrx_word' id='word_1_687' title='bbox 1631 4342 1915 4421; x_wconf 83' lang='grc' dir='ltr'>μαρτυρίας</span> 
     </span>
    </p>
   </div>
   <div class='ocr_carea' id='block_1_90' title="bbox 2001 4337 3641 4422">
    <p class='ocr_par' dir='ltr' id='par_1_90' title="bbox 2001 4338 3641 4421">
     <span class='ocr_line' id='line_1_90' title="bbox 2001 4338 3641 4421; baseline 0.004 -22"><span class='ocrx_word' id='word_1_688' title='bbox 2001 4357 2144 4401; x_wconf 90' lang='lat' dir='ltr'><strong>voce</strong></span> <span class='ocrx_word' id='word_1_689' title='bbox 2166 4339 2427 4419; x_wconf 90' lang='lat' dir='ltr'><strong>desuper</strong></span> <span class='ocrx_word' id='word_1_690' title='bbox 2458 4340 2738 4404; x_wconf 88' lang='lat' dir='ltr'><strong>intonuit.</strong></span> <span class='ocrx_word' id='word_1_691' title='bbox 2773 4341 2969 4421; x_wconf 86' lang='lat' dir='ltr'><strong>Atque</strong></span> <span class='ocrx_word' id='word_1_692' title='bbox 2991 4338 3171 4401; x_wconf 83' lang='lat' dir='ltr'><strong>etiam</strong></span> <span class='ocrx_word' id='word_1_693' title='bbox 3196 4338 3405 4401; x_wconf 88' lang='lat' dir='ltr'><strong>relicta</strong></span> <span class='ocrx_word' id='word_1_694' title='bbox 3451 4358 3487 4403; x_wconf 91' lang='lat' dir='ltr'><strong>a</strong></span> <span class='ocrx_word' id='word_1_695' title='bbox 3519 4345 3641 4407; x_wconf 86' lang='lat' dir='ltr'><strong>Do-</strong></span> 
     </span>
    </p>
   </div>
   <div class='ocr_carea' id='block_1_91' title="bbox 264 4426 1916 4507">
    <p class='ocr_par' dir='ltr' id='par_1_91' title="bbox 264 4426 1916 4507">
     <span class='ocr_line' id='line_1_91' title="bbox 264 4426 1916 4507; baseline 0.001 -22"><span class='ocrx_word' id='word_1_696' title='bbox 264 4430 463 4489; x_wconf 72' lang='grc' dir='ltr'>ἄνωθιν</span> <span class='ocrx_word' id='word_1_697' title='bbox 508 4426 886 4507; x_wconf 78' lang='grc' dir='ltr'>ἐπεϐρόντησε.</span> <span class='ocrx_word' id='word_1_698' title='bbox 961 4430 1058 4487; x_wconf 81' lang='grc' dir='ltr'><strong>Καὶ</strong></span> <span class='ocrx_word' id='word_1_699' title='bbox 1112 4430 1231 4492; x_wconf 79' lang='grc' dir='ltr'>τοῖς</span> <span class='ocrx_word' id='word_1_700' title='bbox 1289 4430 1696 4507; x_wconf 82' lang='grc' dir='ltr'>βαπτιζομένοις</span> <span class='ocrx_word' id='word_1_701' title='bbox 1755 4429 1810 4486; x_wconf 80' lang='grc' dir='ltr'>δὲ</span> <span class='ocrx_word' id='word_1_702' title='bbox 1884 4433 1916 4499; x_wconf 80' lang='grc' dir='ltr'><strong>ὴ</strong></span> 
     </span>
    </p>
   </div>
   <div class='ocr_carea' id='block_1_92' title="bbox 263 4516 1911 4599">
    <p class='ocr_par' dir='ltr' id='par_1_92' title="bbox 263 4516 1911 4599">
     <span class='ocr_line' id='line_1_92' title="bbox 263 4516 1911 4599; baseline 0.001 -24"><span class='ocrx_word' id='word_1_703' title='bbox 263 4520 409 4598; x_wconf 80' lang='grc' dir='ltr'>παρὰ</span> <span class='ocrx_word' id='word_1_704' title='bbox 465 4528 559 4578; x_wconf 82' lang='grc' dir='ltr'><strong>τοῦ</strong></span> <span class='ocrx_word' id='word_1_705' title='bbox 617 4516 813 4598; x_wconf 81' lang='grc' dir='ltr'>Κυρίου</span> <span class='ocrx_word' id='word_1_706' title='bbox 872 4516 1286 4599; x_wconf 80' lang='grc' dir='ltr'>καταλειφθεϊσα</span> <span class='ocrx_word' id='word_1_707' title='bbox 1363 4521 1514 4598; x_wconf 84' lang='grc' dir='ltr'>φωνὴ</span> <span class='ocrx_word' id='word_1_708' title='bbox 1587 4517 1911 4599; x_wconf 74' lang='grc' dir='ltr'>ἐπιλέγεται³</span> 
     </span>
    </p>
   </div>
   <div class='ocr_carea' id='block_1_93' title="bbox 266 4608 1917 4690">
    <p class='ocr_par' dir='ltr' id='par_1_93' title="bbox 266 4608 1917 4690">
     <span class='ocr_line' id='line_1_93' title="bbox 266 4608 1917 4690; baseline -0.001 -24"><span class='ocrx_word' id='word_1_709' title='bbox 266 4608 606 4689; x_wconf 80' lang='grc' dir='ltr'>Πορεεθὲντες</span> <span class='ocrx_word' id='word_1_710' title='bbox 691 4609 815 4690; x_wconf 81' lang='grc' dir='ltr'>γὰρ,</span> <span class='ocrx_word' id='word_1_711' title='bbox 929 4609 1084 4690; x_wconf 82' lang='grc' dir='ltr'>φησὶ,</span> <span class='ocrx_word' id='word_1_712' title='bbox 1171 4608 1451 4687; x_wconf 82' lang='grc' dir='ltr'>βαπτίζετε</span> <span class='ocrx_word' id='word_1_713' title='bbox 1509 4610 1580 4674; x_wconf 80' lang='grc' dir='ltr'><strong>εἰς</strong></span> <span class='ocrx_word' id='word_1_714' title='bbox 1638 4610 1699 4665; x_wconf 84' lang='grc' dir='ltr'>τὸ</span> <span class='ocrx_word' id='word_1_715' title='bbox 1749 4608 1917 4686; x_wconf 75' lang='grc' dir='ltr'>ὄνομα</span> 
     </span>
    </p>
   </div>
   <div class='ocr_carea' id='block_1_94' title="bbox 265 4698 1915 4780">
    <p class='ocr_par' dir='ltr' id='par_1_94' title="bbox 265 4698 1915 4780">
     <span class='ocr_line' id='line_1_94' title="bbox 265 4698 1915 4780; baseline 0.001 -24"><span class='ocrx_word' id='word_1_716' title='bbox 265 4707 360 4757; x_wconf 81' lang='grc' dir='ltr'><strong>τοῦ</strong></span> <span class='ocrx_word' id='word_1_717' title='bbox 412 4700 643 4780; x_wconf 82' lang='grc' dir='ltr'>Πατρός,</span> <span class='ocrx_word' id='word_1_718' title='bbox 703 4700 792 4756; x_wconf 77' lang='grc' dir='ltr'>καὶ</span> <span class='ocrx_word' id='word_1_719' title='bbox 850 4699 945 4756; x_wconf 84' lang='grc' dir='ltr'><strong>τού</strong></span> <span class='ocrx_word' id='word_1_720' title='bbox 1016 4700 1161 4774; x_wconf 76' lang='grc' dir='ltr'>Υἱοῦ,</span> <span class='ocrx_word' id='word_1_721' title='bbox 1234 4700 1319 4757; x_wconf 84' lang='grc' dir='ltr'><strong>καὶ</strong></span> <span class='ocrx_word' id='word_1_722' title='bbox 1373 4705 1466 4756; x_wconf 85' lang='grc' dir='ltr'><strong>τοῦ</strong></span> <span class='ocrx_word' id='word_1_723' title='bbox 1525 4698 1675 4777; x_wconf 75' lang='grc' dir='ltr'>ἁγίου</span> <span class='ocrx_word' id='word_1_724' title='bbox 1748 4700 1915 4757; x_wconf 71' lang='lat' dir='ltr'><strong>Ilvati-</strong></span> 
     </span>
    </p>
   </div>
   <div class='ocr_carea' id='block_1_95' title="bbox 266 4786 1917 4867">
    <p class='ocr_par' dir='ltr' id='par_1_95' title="bbox 266 4786 1917 4867">
     <span class='ocr_line' id='line_1_95' title="bbox 266 4786 1917 4867; baseline -0.001 -20"><span class='ocrx_word' id='word_1_725' title='bbox 266 4812 459 4867; x_wconf 85' lang='grc' dir='ltr'>ματος.</span> <span class='ocrx_word' id='word_1_726' title='bbox 518 4789 682 4856; x_wconf 87' lang='grc' dir='ltr'>Φωνὴ</span> <span class='ocrx_word' id='word_1_727' title='bbox 754 4787 843 4845; x_wconf 81' lang='grc' dir='ltr'><strong>οὗν</strong></span> <span class='ocrx_word' id='word_1_728' title='bbox 920 4788 1110 4866; x_wconf 84' lang='grc' dir='ltr'>Κυρίου</span> <span class='ocrx_word' id='word_1_729' title='bbox 1180 4789 1265 4847; x_wconf 73' lang='grc' dir='ltr'><strong>ἰπὶ</strong></span> <span class='ocrx_word' id='word_1_730' title='bbox 1319 4789 1422 4846; x_wconf 85' lang='grc' dir='ltr'>τῶν</span> <span class='ocrx_word' id='word_1_731' title='bbox 1494 4786 1720 4853; x_wconf 75' lang='grc' dir='ltr'>ὑδάτων.</span> <span class='ocrx_word' id='word_1_732' title='bbox 1777 4796 1917 4846; x_wconf 80' lang='grc' dir='ltr'>Συνο-</span> 
     </span>
    </p>
   </div>
   <div class='ocr_carea' id='block_1_96' title="bbox 339 4920 1952 5000">
    <p class='ocr_par' dir='ltr' id='par_1_96' title="bbox 339 4920 1952 5000">
     <span class='ocr_line' id='line_1_96' title="bbox 339 4920 1952 5000; baseline -0.002 -11"><span class='ocrx_word' id='word_1_733' title='bbox 339 4924 573 4989; x_wconf 67' lang='grc' dir='ltr'>ωὓοη.</span> <span class='ocrx_word' id='word_1_734' title='bbox 606 4936 709 4997; x_wconf 82' lang='lat' dir='ltr'><strong>xv,</strong></span> <span class='ocrx_word' id='word_1_735' title='bbox 740 4920 801 4986; x_wconf 87' lang='lat'><strong>4.</strong></span> <span class='ocrx_word' id='word_1_736' title='bbox 885 4920 949 4972; x_wconf 76' lang='lat'><strong>60</strong></span> <span class='ocrx_word' id='word_1_737' title='bbox 977 4921 1167 4986; x_wconf 87' lang='lat' dir='ltr'><strong>Exod.</strong></span> <span class='ocrx_word' id='word_1_738' title='bbox 1204 4939 1302 5000; x_wconf 84' lang='lat' dir='ltr'><strong>xx,</strong></span> <span class='ocrx_word' id='word_1_739' title='bbox 1342 4923 1436 4989; x_wconf 81' lang='lat'><strong>18.</strong></span> <span class='ocrx_word' id='word_1_740' title='bbox 1523 4921 1579 4974; x_wconf 73' lang='grc' dir='ltr'>θί</span> <span class='ocrx_word' id='word_1_741' title='bbox 1614 4925 1730 4988; x_wconf 79' lang='lat' dir='ltr'><strong>Isa.</strong></span> <span class='ocrx_word' id='word_1_742' title='bbox 1762 4940 1858 4998; x_wconf 79' lang='lat' dir='ltr'><strong>xc,</strong></span> <span class='ocrx_word' id='word_1_743' title='bbox 1891 4926 1952 4990; x_wconf 88' lang='lat'>6.</span> 
     </span>
    </p>
   </div>
   <div class='ocr_carea' id='block_1_97' title="bbox 266 5001 1239 5081">
    <p class='ocr_par' dir='ltr' id='par_1_97' title="bbox 266 5001 1239 5081">
     <span class='ocr_line' id='line_1_97' title="bbox 266 5001 1239 5081; baseline 0 -13"><span class='ocrx_word' id='word_1_744' title='bbox 266 5022 353 5081; x_wconf 82' lang='grc' dir='ltr'>ιη,</span> <span class='ocrx_word' id='word_1_745' title='bbox 382 5006 480 5071; x_wconf 82' lang='grc'><strong>17.</strong></span> <span class='ocrx_word' id='word_1_746' title='bbox 567 5002 632 5055; x_wconf 72' lang='grc'><strong>65</strong></span> <span class='ocrx_word' id='word_1_747' title='bbox 661 5001 871 5067; x_wconf 82' lang='lat' dir='ltr'><strong>Matth.</strong></span> <span class='ocrx_word' id='word_1_748' title='bbox 902 5018 1106 5078; x_wconf 84' lang='lat' dir='ltr'><strong>xxvm,</strong></span> <span class='ocrx_word' id='word_1_749' title='bbox 1145 5003 1239 5068; x_wconf 85' lang='grc'><strong>19.</strong></span> 
     </span>
    </p>
   </div>
   <div class='ocr_carea' id='block_1_98' title="bbox 346 5123 1912 5208">
    <p class='ocr_par' dir='ltr' id='par_1_98' title="bbox 346 5123 1912 5208">
     <span class='ocr_line' id='line_1_98' title="bbox 346 5123 1912 5208; baseline 0.001 -17"><span class='ocrx_word' id='word_1_750' title='bbox 346 5129 479 5208; x_wconf 84' lang='lat' dir='ltr'><strong>(9t)</strong></span> <span class='ocrx_word' id='word_1_751' title='bbox 508 5124 608 5188; x_wconf 91' lang='lat' dir='ltr'><strong>Sic</strong></span> <span class='ocrx_word' id='word_1_752' title='bbox 642 5141 791 5208; x_wconf 71' lang='lat' dir='ltr'><strong>mss.</strong></span> <span class='ocrx_word' id='word_1_753' title='bbox 818 5141 956 5208; x_wconf 74' lang='lat' dir='ltr'><strong>cum</strong></span> <span class='ocrx_word' id='word_1_754' title='bbox 983 5123 1635 5208; x_wconf 72' lang='lat' dir='ltr'><strong>editioneBasilEditio</strong></span> <span class='ocrx_word' id='word_1_755' title='bbox 1658 5129 1912 5192; x_wconf 87' lang='lat' dir='ltr'><strong>veroPa-</strong></span> 
     </span>
    </p>
   </div>
   <div class='ocr_carea' id='block_1_99' title="bbox 264 5202 1910 5289">
    <p class='ocr_par' dir='ltr' id='par_1_99' title="bbox 264 5202 1910 5289">
     <span class='ocr_line' id='line_1_99' title="bbox 264 5202 1910 5289; baseline 0 -23"><span class='ocrx_word' id='word_1_756' title='bbox 264 5202 371 5273; x_wconf 55' lang='lat' dir='ltr'><strong>ris;</strong></span> <span class='ocrx_word' id='word_1_757' title='bbox 398 5202 529 5287; x_wconf 80' lang='grc' dir='ltr'>πρός</span> <span class='ocrx_word' id='word_1_758' title='bbox 563 5208 647 5289; x_wconf 73' lang='grc' dir='ltr'>ἄν,</span> <span class='ocrx_word' id='word_1_759' title='bbox 683 5206 868 5289; x_wconf 90' lang='lat' dir='ltr'><strong>male._</strong></span> <span class='ocrx_word' id='word_1_760' title='bbox 892 5202 1099 5289; x_wconf 80' lang='lat' dir='ltr'><strong>Statim</strong></span> <span class='ocrx_word' id='word_1_761' title='bbox 1122 5204 1745 5289; x_wconf 57' lang='lat' dir='ltr'><strong>codexporderianus</strong></span> <span class='ocrx_word' id='word_1_762' title='bbox 1772 5211 1910 5289; x_wconf 84' lang='grc' dir='ltr'>πρό-</span> 
     </span>
    </p>
   </div>
   <div class='ocr_carea' id='block_1_100' title="bbox 262 5285 1909 5369">
    <p class='ocr_par' dir='ltr' id='par_1_100' title="bbox 262 5285 1909 5369">
     <span class='ocr_line' id='line_1_100' title="bbox 262 5285 1909 5369; baseline 0.002 -22"><span class='ocrx_word' id='word_1_763' title='bbox 262 5313 417 5368; x_wconf 74' lang='grc' dir='ltr'>τερεν</span> <span class='ocrx_word' id='word_1_764' title='bbox 443 5285 554 5369; x_wconf 77' lang='lat' dir='ltr'><strong>pro</strong></span> <span class='ocrx_word' id='word_1_765' title='bbox 581 5288 828 5367; x_wconf 87' lang='grc' dir='ltr'>πότερον,</span> <span class='ocrx_word' id='word_1_766' title='bbox 852 5285 1008 5369; x_wconf 82' lang='lat' dir='ltr'><strong>haud</strong></span> <span class='ocrx_word' id='word_1_767' title='bbox 1042 5293 1228 5348; x_wconf 89' lang='lat' dir='ltr'><strong>recte.</strong></span> <span class='ocrx_word' id='word_1_768' title='bbox 1261 5286 1542 5369; x_wconf 88' lang='lat' dir='ltr'><strong>Alioquin</strong></span> <span class='ocrx_word' id='word_1_769' title='bbox 1575 5288 1735 5350; x_wconf 91' lang='lat' dir='ltr'><strong>enim</strong></span> <span class='ocrx_word' id='word_1_770' title='bbox 1755 5285 1909 5352; x_wconf 78' lang='lat' dir='ltr'><strong>scri-</strong></span> 
     </span>
    </p>
   </div>
   <div class='ocr_carea' id='block_1_101' title="bbox 312 5366 1912 5447">
    <p class='ocr_par' dir='ltr' id='par_1_101' title="bbox 312 5366 1912 5447">
     <span class='ocr_line' id='line_1_101' title="bbox 312 5366 1912 5447; baseline 0.003 -18"><span class='ocrx_word' id='word_1_771' title='bbox 312 5366 402 5429; x_wconf 82' lang='lat' dir='ltr'><strong>tor</strong></span> <span class='ocrx_word' id='word_1_772' title='bbox 432 5366 752 5429; x_wconf 77' lang='lat' dir='ltr'><strong>afﬁrmaret</strong></span> <span class='ocrx_word' id='word_1_773' title='bbox 780 5366 942 5447; x_wconf 85' lang='lat' dir='ltr'><strong>quod</strong></span> <span class='ocrx_word' id='word_1_774' title='bbox 976 5385 1112 5428; x_wconf 93' lang='lat' dir='ltr'><strong>mox</strong></span> <span class='ocrx_word' id='word_1_775' title='bbox 1134 5366 1452 5446; x_wconf 73' lang='lat' dir='ltr'><strong>negaturus</strong></span> <span class='ocrx_word' id='word_1_776' title='bbox 1469 5369 1912 5433; x_wconf 86' lang='lat' dir='ltr'><strong>est.Corderius</strong></span> 
     </span>
    </p>
   </div>
   <div class='ocr_carea' id='block_1_102' title="bbox 287 5446 1909 5530">
    <p class='ocr_par' dir='ltr' id='par_1_102' title="bbox 287 5446 1909 5530">
     <span class='ocr_line' id='line_1_102' title="bbox 287 5446 1909 5530; baseline 0.001 -18"><span class='ocrx_word' id='word_1_777' title='bbox 287 5450 418 5512; x_wconf 83' lang='lat' dir='ltr'><strong>&#39;alsa</strong></span> <span class='ocrx_word' id='word_1_778' title='bbox 442 5447 739 5527; x_wconf 87' lang='lat' dir='ltr'><strong>scriptura</strong></span> <span class='ocrx_word' id='word_1_779' title='bbox 759 5446 1160 5529; x_wconf 86' lang='lat' dir='ltr'><strong>deceptus,sic</strong></span> <span class='ocrx_word' id='word_1_780' title='bbox 1182 5448 1909 5530; x_wconf 75' lang='lat' dir='ltr'><strong>interpretaturzPrimum</strong></span> 
     </span>
    </p>
   </div>
   <div class='ocr_carea' id='block_1_103' title="bbox 262 5529 1906 5621">
    <p class='ocr_par' dir='ltr' id='par_1_103' title="bbox 262 5529 1906 5621">
     <span class='ocr_line' id='line_1_103' title="bbox 262 5529 1906 5621; baseline -0.001 -27"><span class='ocrx_word' id='word_1_781' title='bbox 262 5530 572 5621; x_wconf 56' lang='lat' dir='ltr'><strong>pergussio</strong></span> <span class='ocrx_word' id='word_1_782' title='bbox 608 5530 766 5589; x_wconf 83' lang='lat' dir='ltr'><strong>circa</strong></span> <span class='ocrx_word' id='word_1_783' title='bbox 795 5529 1454 5621; x_wconf 33' lang='lat' dir='ltr'><strong>aerem-dintelligutur,</strong></span> <span class='ocrx_word' id='word_1_784' title='bbox 1486 5530 1741 5621; x_wconf 69' lang='lat' dir='ltr'><strong>vel__ae1_&#39;,</strong></span> <span class='ocrx_word' id='word_1_785' title='bbox 1792 5540 1906 5621; x_wconf 59' lang='lat' dir='ltr'><strong>etc2</strong></span> 
     </span>
    </p>
   </div>
   <div class='ocr_carea' id='block_1_104' title="bbox 346 5604 1910 5703">
    <p class='ocr_par' dir='ltr' id='par_1_104' title="bbox 346 5604 1910 5703">
     <span class='ocr_line' id='line_1_104' title="bbox 346 5604 1910 5703; baseline -0.003 -29"><span class='ocrx_word' id='word_1_786' title='bbox 346 5609 469 5690; x_wconf 65' lang='lat'><strong>(9‘2)</strong></span> <span class='ocrx_word' id='word_1_787' title='bbox 496 5604 601 5699; x_wconf 42' lang='lat' dir='ltr'><strong>.Sic</strong></span> <span class='ocrx_word' id='word_1_788' title='bbox 637 5622 777 5703; x_wconf 69' lang='lat' dir='ltr'><strong>mss.</strong></span> <span class='ocrx_word' id='word_1_789' title='bbox 814 5608 1095 5703; x_wconf 55' lang='lat' dir='ltr'><strong>etneditio</strong></span> <span class='ocrx_word' id='word_1_790' title='bbox 1127 5604 1518 5703; x_wconf 32' lang='lat' dir='ltr'><strong>Basileensins:</strong></span> <span class='ocrx_word' id='word_1_791' title='bbox 1566 5609 1910 5703; x_wconf 45' lang='lat' dir='ltr'><strong>illudLnaO&#39;</strong></span> 
     </span>
    </p>
   </div>
   <div class='ocr_carea' id='block_1_105' title="bbox 265 5686 1915 5767">
    <p class='ocr_par' dir='ltr' id='par_1_105' title="bbox 265 5686 1915 5767">
     <span class='ocr_line' id='line_1_105' title="bbox 265 5686 1915 5767; baseline 0.002 -16"><span class='ocrx_word' id='word_1_792' title='bbox 265 5686 458 5767; x_wconf 69' lang='lat' dir='ltr'><strong>imvov,</strong></span> <span class='ocrx_word' id='word_1_793' title='bbox 493 5688 554 5748; x_wconf 91' lang='lat' dir='ltr'><strong>in</strong></span> <span class='ocrx_word' id='word_1_794' title='bbox 590 5686 853 5763; x_wconf 86' lang='lat' dir='ltr'><strong>editione</strong></span> <span class='ocrx_word' id='word_1_795' title='bbox 883 5688 1070 5767; x_wconf 81' lang='lat' dir='ltr'><strong>Paris.</strong></span> <span class='ocrx_word' id='word_1_796' title='bbox 1120 5691 1406 5753; x_wconf 88' lang='lat' dir='ltr'><strong>omissum</strong></span> <span class='ocrx_word' id='word_1_797' title='bbox 1441 5690 1623 5754; x_wconf 80' lang='lat' dir='ltr'><strong>fuisse</strong></span> <span class='ocrx_word' id='word_1_798' title='bbox 1678 5686 1915 5755; x_wconf 84' lang='lat' dir='ltr'><strong>videtur</strong></span> 
     </span>
    </p>
   </div>
   <div class='ocr_carea' id='block_1_106' title="bbox 263 5766 1130 5859">
    <p class='ocr_par' dir='ltr' id='par_1_106' title="bbox 263 5766 1130 5859">
     <span class='ocr_line' id='line_1_106' title="bbox 263 5766 1130 5859; baseline -0.005 -23"><span class='ocrx_word' id='word_1_799' title='bbox 263 5766 580 5859; x_wconf 62' lang='lat' dir='ltr'><strong>oscitantis</strong></span> <span class='ocrx_word' id='word_1_800' title='bbox 592 5766 1130 5859; x_wconf 41' lang='lat' dir='ltr'><strong>.typographorum.</strong></span> 
     </span>
    </p>
   </div>
   <div class='ocr_carea' id='block_1_107' title="bbox 346 5848 1906 5934">
    <p class='ocr_par' dir='ltr' id='par_1_107' title="bbox 346 5848 1906 5934">
     <span class='ocr_line' id='line_1_107' title="bbox 346 5848 1906 5934; baseline -0.003 -18"><span class='ocrx_word' id='word_1_801' title='bbox 346 5855 463 5933; x_wconf 76' lang='grc'><strong>(93)</strong></span> <span class='ocrx_word' id='word_1_802' title='bbox 498 5848 654 5913; x_wconf 87' lang='lat' dir='ltr'><strong>Editi</strong></span> <span class='ocrx_word' id='word_1_803' title='bbox 698 5857 756 5911; x_wconf 88' lang='lat' dir='ltr'><strong>et</strong></span> <span class='ocrx_word' id='word_1_804' title='bbox 789 5865 934 5909; x_wconf 90' lang='lat' dir='ltr'><strong>mss.</strong></span> <span class='ocrx_word' id='word_1_805' title='bbox 972 5867 1089 5911; x_wconf 90' lang='lat' dir='ltr'><strong>non</strong></span> <span class='ocrx_word' id='word_1_806' title='bbox 1122 5852 1291 5932; x_wconf 81' lang='lat' dir='ltr'><strong>pauci</strong></span> <span class='ocrx_word' id='word_1_807' title='bbox 1324 5853 1376 5908; x_wconf 73' lang='grc' dir='ltr'><strong>εἶ’</strong></span> <span class='ocrx_word' id='word_1_808' title='bbox 1399 5875 1526 5933; x_wconf 77' lang='grc' dir='ltr'>που,</span> <span class='ocrx_word' id='word_1_809' title='bbox 1555 5856 1707 5934; x_wconf 82' lang='grc' dir='ltr'>φησί.</span> <span class='ocrx_word' id='word_1_810' title='bbox 1734 5852 1906 5927; x_wconf 83' lang='lat' dir='ltr'><strong>illud,</strong></span> 
     </span>
    </p>
   </div>
   <div class='ocr_carea' id='block_1_108' title="bbox 584 5960 1275 6029">
    <p class='ocr_par' dir='ltr' id='par_1_108' title="bbox 584 5960 1275 6029">
     <span class='ocr_line' id='line_1_108' title="bbox 584 5960 1275 6029; baseline 0 -3"><span class='ocrx_word' id='word_1_811' title='bbox 584 5964 850 6026; x_wconf 75' lang='lat' dir='ltr'><strong>PATROL.</strong></span> <span class='ocrx_word' id='word_1_812' title='bbox 895 5961 1009 6025; x_wconf 82' lang='lat' dir='ltr'><strong>Gn.</strong></span> <span class='ocrx_word' id='word_1_813' title='bbox 1057 5960 1275 6029; x_wconf 80' lang='lat' dir='ltr'><strong>XXIX.</strong></span> 
     </span>
    </p>
   </div>
   <div class='ocr_carea' id='block_1_109' title="bbox 2003 4427 3648 4510">
    <p class='ocr_par' dir='ltr' id='par_1_109' title="bbox 2003 4427 3648 4510">
     <span class='ocr_line' id='line_1_109' title="bbox 2003 4427 3648 4510; baseline 0.007 -22"><span class='ocrx_word' id='word_1_814' title='bbox 2003 4429 2163 4489; x_wconf 90' lang='lat' dir='ltr'><strong>mino</strong></span> <span class='ocrx_word' id='word_1_815' title='bbox 2180 4447 2289 4490; x_wconf 92' lang='lat' dir='ltr'><strong>vox</strong></span> <span class='ocrx_word' id='word_1_816' title='bbox 2310 4446 2492 4509; x_wconf 90' lang='lat' dir='ltr'><strong>super</strong></span> <span class='ocrx_word' id='word_1_817' title='bbox 2527 4428 2891 4510; x_wconf 86' lang='lat' dir='ltr'><strong>baptizandis</strong></span> <span class='ocrx_word' id='word_1_818' title='bbox 2916 4427 3337 4509; x_wconf 86' lang='lat' dir='ltr'><strong>pronuntiatur</strong></span> <span class='ocrx_word' id='word_1_819' title='bbox 3361 4450 3378 4492; x_wconf 91' lang='lat'><strong>:</strong></span> <span class='ocrx_word' id='word_1_820' title='bbox 3408 4428 3648 4499; x_wconf 80' lang='lat' dir='ltr'><strong>Euntes</strong></span> 
     </span>
    </p>
   </div>
   <div class='ocr_carea' id='block_1_110' title="bbox 1999 4517 3643 4603">
    <p class='ocr_par' dir='ltr' id='par_1_110' title="bbox 1999 4517 3643 4603">
     <span class='ocr_line' id='line_1_110' title="bbox 1999 4517 3643 4603; baseline 0.005 -24"><span class='ocrx_word' id='word_1_821' title='bbox 1999 4520 2185 4599; x_wconf 84' lang='lat' dir='ltr'><strong>enim,</strong></span> <span class='ocrx_word' id='word_1_822' title='bbox 2211 4517 2427 4599; x_wconf 90' lang='lat' dir='ltr'><strong>inquit,</strong></span> <span class='ocrx_word' id='word_1_823' title='bbox 2458 4520 2768 4599; x_wconf 78' lang='lat' dir='ltr'><strong>baptizate</strong></span> <span class='ocrx_word' id='word_1_824' title='bbox 2785 4522 2853 4581; x_wconf 85' lang='lat' dir='ltr'><strong>in</strong></span> <span class='ocrx_word' id='word_1_825' title='bbox 2873 4520 3121 4581; x_wconf 81' lang='lat' dir='ltr'><strong>nomine</strong></span> <span class='ocrx_word' id='word_1_826' title='bbox 3144 4518 3377 4593; x_wconf 78' lang='lat' dir='ltr'><strong>Patris,</strong></span> <span class='ocrx_word' id='word_1_827' title='bbox 3393 4530 3449 4583; x_wconf 81' lang='lat' dir='ltr'><strong>et</strong></span> <span class='ocrx_word' id='word_1_828' title='bbox 3470 4524 3643 4603; x_wconf 83' lang='lat' dir='ltr'><strong>Filii,</strong></span> 
     </span>
    </p>
   </div>
   <div class='ocr_carea' id='block_1_111' title="bbox 2000 4607 3649 4694">
    <p class='ocr_par' dir='ltr' id='par_1_111' title="bbox 2000 4607 3649 4694">
     <span class='ocr_line' id='line_1_111' title="bbox 2000 4607 3649 4694; baseline 0.005 -24"><span class='ocrx_word' id='word_1_829' title='bbox 2000 4617 2062 4671; x_wconf 75' lang='lat' dir='ltr'><strong>et</strong></span> <span class='ocrx_word' id='word_1_830' title='bbox 2111 4607 2386 4688; x_wconf 79' lang='lat' dir='ltr'><strong>Spiritus</strong></span> <span class='ocrx_word' id='word_1_831' title='bbox 2423 4611 2622 4673; x_wconf 81' lang='lat' dir='ltr'><strong>sancti</strong></span> <span class='ocrx_word' id='word_1_832' title='bbox 2640 4608 2717 4671; x_wconf 77' lang='grc'><strong>⁸⁵.</strong></span> <span class='ocrx_word' id='word_1_833' title='bbox 2776 4610 2905 4673; x_wconf 73' lang='lat' dir='ltr'><strong>Vox</strong></span> <span class='ocrx_word' id='word_1_834' title='bbox 2946 4610 3147 4689; x_wconf 81' lang='lat' dir='ltr'><strong>igitur</strong></span> <span class='ocrx_word' id='word_1_835' title='bbox 3189 4607 3441 4672; x_wconf 84' lang='lat' dir='ltr'><strong>Domini</strong></span> <span class='ocrx_word' id='word_1_836' title='bbox 3462 4630 3649 4694; x_wconf 86' lang='lat' dir='ltr'><strong>super</strong></span> 
     </span>
    </p>
   </div>
   <div class='ocr_carea' id='block_1_112' title="bbox 2000 4697 3646 4779">
    <p class='ocr_par' dir='ltr' id='par_1_112' title="bbox 2000 4697 3646 4779">
     <span class='ocr_line' id='line_1_112' title="bbox 2000 4697 3646 4779; baseline 0.004 -19"><span class='ocrx_word' id='word_1_837' title='bbox 2000 4697 2319 4779; x_wconf 79' lang='lat' dir='ltr'><strong>aquas.Fit</strong></span> <span class='ocrx_word' id='word_1_838' title='bbox 2347 4709 2542 4761; x_wconf 86' lang='lat' dir='ltr'><strong>autem</strong></span> <span class='ocrx_word' id='word_1_839' title='bbox 2570 4698 2814 4772; x_wconf 85' lang='lat' dir='ltr'><strong>tonitru,</strong></span> <span class='ocrx_word' id='word_1_840' title='bbox 2846 4699 3084 4779; x_wconf 88' lang='lat' dir='ltr'><strong>quando</strong></span> <span class='ocrx_word' id='word_1_841' title='bbox 3112 4697 3360 4779; x_wconf 86' lang='lat' dir='ltr'><strong>spiritus</strong></span> <span class='ocrx_word' id='word_1_842' title='bbox 3375 4699 3569 4765; x_wconf 81' lang='lat' dir='ltr'><strong>siccus</strong></span> <span class='ocrx_word' id='word_1_843' title='bbox 3588 4713 3646 4766; x_wconf 92' lang='lat' dir='ltr'><strong>et</strong></span> 
     </span>
    </p>
   </div>
   <div class='ocr_carea' id='block_1_113' title="bbox 2001 4785 3645 4869">
    <p class='ocr_par' dir='ltr' id='par_1_113' title="bbox 2001 4785 3645 4869">
     <span class='ocr_line' id='line_1_113' title="bbox 2001 4785 3645 4869; baseline 0.002 -20"><span class='ocrx_word' id='word_1_844' title='bbox 2001 4786 2316 4869; x_wconf 88' lang='lat' dir='ltr'><strong>violentus,</strong></span> <span class='ocrx_word' id='word_1_845' title='bbox 2350 4787 2411 4851; x_wconf 90' lang='lat' dir='ltr'><strong>in</strong></span> <span class='ocrx_word' id='word_1_846' title='bbox 2454 4788 2629 4851; x_wconf 89' lang='lat' dir='ltr'><strong>nubis</strong></span> <span class='ocrx_word' id='word_1_847' title='bbox 2687 4805 2946 4850; x_wconf 81' lang='lat' dir='ltr'><strong>concavo</strong></span> <span class='ocrx_word' id='word_1_848' title='bbox 3004 4785 3298 4865; x_wconf 87' lang='lat' dir='ltr'><strong>inclusus,</strong></span> <span class='ocrx_word' id='word_1_849' title='bbox 3341 4806 3411 4851; x_wconf 87' lang='lat' dir='ltr'><strong>ac</strong></span> <span class='ocrx_word' id='word_1_850' title='bbox 3457 4791 3645 4853; x_wconf 85' lang='lat' dir='ltr'><strong>vehe-</strong></span> 
     </span>
    </p>
   </div>
   <div class='ocr_carea' id='block_1_114' title="bbox 2037 4919 3637 5005">
    <p class='ocr_par' dir='ltr' id='par_1_114' title="bbox 2037 4919 3637 5005">
     <span class='ocr_line' id='line_1_114' title="bbox 2037 4919 3637 5005; baseline 0.001 -20"><span class='ocrx_word' id='word_1_851' title='bbox 2037 4922 2277 4987; x_wconf 68' lang='lat' dir='ltr'><strong>69Psal.</strong></span> <span class='ocrx_word' id='word_1_852' title='bbox 2314 4939 2481 5005; x_wconf 84' lang='lat' dir='ltr'><strong>xvm,</strong></span> <span class='ocrx_word' id='word_1_853' title='bbox 2517 4924 2576 4985; x_wconf 71' lang='grc'><strong>9.</strong></span> <span class='ocrx_word' id='word_1_854' title='bbox 2661 4919 2904 4987; x_wconf 57' lang='lat' dir='ltr'><strong>“Gen.</strong></span> <span class='ocrx_word' id='word_1_855' title='bbox 2956 4936 2998 4998; x_wconf 84' lang='grc' dir='ltr'><strong>ι,</strong></span> <span class='ocrx_word' id='word_1_856' title='bbox 3052 4920 3233 4986; x_wconf 80' lang='grc'><strong>7-10.</strong></span> <span class='ocrx_word' id='word_1_857' title='bbox 3316 4920 3381 4973; x_wconf 72' lang='grc'><strong>64</strong></span> <span class='ocrx_word' id='word_1_858' title='bbox 3434 4920 3637 4997; x_wconf 61' lang='lat' dir='ltr'><strong>Matth.</strong></span> 
     </span>
    </p>
   </div>
   <div class='ocr_carea' id='block_1_115' title="bbox 1992 5121 3639 5210">
    <p class='ocr_par' dir='ltr' id='par_1_115' title="bbox 1992 5121 3639 5210">
     <span class='ocr_line' id='line_1_115' title="bbox 1992 5121 3639 5210; baseline 0.004 -24"><span class='ocrx_word' id='word_1_859' title='bbox 1992 5128 2266 5210; x_wconf 39' lang='lat' dir='ltr'><strong>“causa</strong></span> <span class='ocrx_word' id='word_1_860' title='bbox 2295 5124 2358 5189; x_wconf 93' lang='lat' dir='ltr'><strong>in</strong></span> <span class='ocrx_word' id='word_1_861' title='bbox 2387 5127 2550 5210; x_wconf 68' lang='lat' dir='ltr'><strong>Reg.</strong></span> <span class='ocrx_word' id='word_1_862' title='bbox 2574 5122 3063 5210; x_wconf 63' lang='lat' dir='ltr'><strong>secundomeciu</strong></span> <span class='ocrx_word' id='word_1_863' title='bbox 3092 5121 3435 5210; x_wconf 66' lang='lat' dir='ltr'><strong>Qolh.sexto</strong></span> <span class='ocrx_word' id='word_1_864' title='bbox 3456 5142 3639 5210; x_wconf 83' lang='lat' dir='ltr'><strong>repe-</strong></span> 
     </span>
    </p>
   </div>
   <div class='ocr_carea' id='block_1_116' title="bbox 1992 5203 3637 5298">
    <p class='ocr_par' dir='ltr' id='par_1_116' title="bbox 1992 5203 3637 5298">
     <span class='ocr_line' id='line_1_116' title="bbox 1992 5203 3637 5298; baseline -0.001 -28"><span class='ocrx_word' id='word_1_865' title='bbox 1992 5203 2165 5298; x_wconf 69' lang='lat' dir='ltr'><strong>ritur,</strong></span> <span class='ocrx_word' id='word_1_866' title='bbox 2199 5207 2384 5298; x_wconf 88' lang='lat' dir='ltr'><strong>id_que_</strong></span> <span class='ocrx_word' id='word_1_867' title='bbox 2412 5203 2649 5272; x_wconf 75' lang='lat' dir='ltr'><strong>melius.</strong></span> <span class='ocrx_word' id='word_1_868' title='bbox 2678 5203 2908 5298; x_wconf 68' lang='lat' dir='ltr'><strong>ibidem</strong></span> <span class='ocrx_word' id='word_1_869' title='bbox 2931 5204 3201 5268; x_wconf 88' lang='lat' dir='ltr'><strong>mss.duo</strong></span> <span class='ocrx_word' id='word_1_870' title='bbox 3220 5205 3392 5298; x_wconf 56' lang='grc' dir='ltr'>ψόφος</span> <span class='ocrx_word' id='word_1_871' title='bbox 3416 5204 3505 5298; x_wconf 65' lang='grc' dir='ltr'><strong>ἐπὶ</strong></span> <span class='ocrx_word' id='word_1_872' title='bbox 3527 5203 3637 5269; x_wconf 67' lang='grc' dir='ltr'><strong>τεῶν</strong></span> 
     </span>
    </p>
   </div>
   <div class='ocr_carea' id='block_1_117' title="bbox 1992 5285 3634 5368">
    <p class='ocr_par' dir='ltr' id='par_1_117' title="bbox 1992 5285 3634 5368">
     <span class='ocr_line' id='line_1_117' title="bbox 1992 5285 3634 5368; baseline 0.005 -22"><span class='ocrx_word' id='word_1_873' title='bbox 1992 5287 2215 5351; x_wconf 86' lang='grc' dir='ltr'>ὑδάτων.</span> <span class='ocrx_word' id='word_1_874' title='bbox 2242 5285 2448 5352; x_wconf 77' lang='lat' dir='ltr'><strong>Statim</strong></span> <span class='ocrx_word' id='word_1_875' title='bbox 2482 5287 2755 5351; x_wconf 90' lang='lat' dir='ltr'><strong>nonnulli</strong></span> <span class='ocrx_word' id='word_1_876' title='bbox 2790 5304 2934 5368; x_wconf 82' lang='lat' dir='ltr'><strong>mss.</strong></span> <span class='ocrx_word' id='word_1_877' title='bbox 2983 5303 3121 5349; x_wconf 82' lang='lat' dir='ltr'><strong>eum</strong></span> <span class='ocrx_word' id='word_1_878' title='bbox 3175 5285 3356 5350; x_wconf 76' lang='lat' dir='ltr'><strong>editis</strong></span> <span class='ocrx_word' id='word_1_879' title='bbox 3402 5289 3634 5368; x_wconf 75' lang='grc' dir='ltr'>γένοιτο.</span> 
     </span>
    </p>
   </div>
   <div class='ocr_carea' id='block_1_118' title="bbox 1994 5367 3309 5450">
    <p class='ocr_par' dir='ltr' id='par_1_118' title="bbox 1994 5367 3309 5450">
     <span class='ocr_line' id='line_1_118' title="bbox 1994 5367 3309 5450; baseline -0.003 -17"><span class='ocrx_word' id='word_1_880' title='bbox 1994 5369 2125 5433; x_wconf 77' lang='lat' dir='ltr'><strong>Alii</strong></span> <span class='ocrx_word' id='word_1_881' title='bbox 2145 5370 2364 5450; x_wconf 73' lang='grc' dir='ltr'>γίνοιτο.</span> <span class='ocrx_word' id='word_1_882' title='bbox 2387 5369 2506 5432; x_wconf 76' lang='lat' dir='ltr'><strong>Alii</strong></span> <span class='ocrx_word' id='word_1_883' title='bbox 2538 5386 2790 5432; x_wconf 90' lang='lat' dir='ltr'><strong>numero</strong></span> <span class='ocrx_word' id='word_1_884' title='bbox 2822 5367 3025 5450; x_wconf 85' lang='lat' dir='ltr'><strong>plures</strong></span> <span class='ocrx_word' id='word_1_885' title='bbox 3053 5368 3309 5450; x_wconf 72' lang='grc' dir='ltr'>γίγνοιτο.</span> 
     </span>
    </p>
   </div>
   <div class='ocr_carea' id='block_1_119' title="bbox 2069 5393 3641 5531">
    <p class='ocr_par' dir='ltr' id='par_1_119' title="bbox 2069 5393 3641 5531">
     <span class='ocr_line' id='line_1_119' title="bbox 2073 5393 3309 5450; baseline -0.002 -19"><span class='ocrx_word' id='word_1_886' title='bbox 2073 5393 2125 5431; x_wconf 53' lang='grc' dir='ltr'><strong>ιιν</strong></span> <span class='ocrx_word' id='word_1_887' title='bbox 2183 5393 2364 5432; x_wconf 86' lang='grc' dir='ltr'>ινοιτο.</span> <span class='ocrx_word' id='word_1_888' title='bbox 2387 5393 2506 5432; x_wconf 74' lang='lat' dir='ltr'><strong>mu</strong></span> <span class='ocrx_word' id='word_1_889' title='bbox 2538 5393 2790 5432; x_wconf 85' lang='lat' dir='ltr'><strong>numero</strong></span> <span class='ocrx_word' id='word_1_890' title='bbox 2822 5393 3025 5450; x_wconf 66' lang='lat' dir='ltr'><strong>plures</strong></span> <span class='ocrx_word' id='word_1_891' title='bbox 3053 5393 3309 5446; x_wconf 83' lang='grc' dir='ltr'>γιγνοιτο.</span> 
     </span>
     <span class='ocr_line' id='line_1_120' title="bbox 2069 5393 3641 5531; baseline 0 -17"><span class='ocrx_word' id='word_1_892' title='bbox 2069 5393 2198 5528; x_wconf 58' lang='lat'><strong>(91)</strong></span> <span class='ocrx_word' id='word_1_893' title='bbox 2228 5449 2399 5531; x_wconf 79' lang='lat' dir='ltr'><strong>Regii</strong></span> <span class='ocrx_word' id='word_1_894' title='bbox 2420 5450 2718 5513; x_wconf 77' lang='lat' dir='ltr'><strong>secundus</strong></span> <span class='ocrx_word' id='word_1_895' title='bbox 2744 5452 2807 5511; x_wconf 87' lang='lat' dir='ltr'><strong>et</strong></span> <span class='ocrx_word' id='word_1_896' title='bbox 2824 5454 3067 5531; x_wconf 76' lang='lat' dir='ltr'><strong>quartus</strong></span> <span class='ocrx_word' id='word_1_897' title='bbox 3096 5449 3203 5506; x_wconf 64' lang='grc' dir='ltr'><strong>ἀπὸ</strong></span> <span class='ocrx_word' id='word_1_898' title='bbox 3236 5447 3491 5531; x_wconf 53' lang='grc' dir='ltr'>νεφελῶν.</span> <span class='ocrx_word' id='word_1_899' title='bbox 3523 5448 3641 5531; x_wconf 73' lang='lat' dir='ltr'><strong>ibi-</strong></span> 
     </span>
    </p>
   </div>
   <div class='ocr_carea' id='block_1_120' title="bbox 1993 5527 3636 5611">
    <p class='ocr_par' dir='ltr' id='par_1_120' title="bbox 1993 5527 3636 5611">
     <span class='ocr_line' id='line_1_121' title="bbox 1993 5527 3636 5611; baseline -0.001 -18"><span class='ocrx_word' id='word_1_900' title='bbox 1993 5527 2130 5593; x_wconf 87' lang='lat' dir='ltr'><strong>dem</strong></span> <span class='ocrx_word' id='word_1_901' title='bbox 2158 5527 2345 5610; x_wconf 71' lang='lat' dir='ltr'><strong>Regii</strong></span> <span class='ocrx_word' id='word_1_902' title='bbox 2356 5532 2563 5594; x_wconf 89' lang='lat' dir='ltr'><strong>tertius</strong></span> <span class='ocrx_word' id='word_1_903' title='bbox 2592 5537 2651 5593; x_wconf 93' lang='lat' dir='ltr'><strong>et</strong></span> <span class='ocrx_word' id='word_1_904' title='bbox 2679 5527 2925 5611; x_wconf 71' lang='lat' dir='ltr'><strong>quartus</strong></span> <span class='ocrx_word' id='word_1_905' title='bbox 2947 5529 3060 5609; x_wconf 71' lang='grc' dir='ltr'>χρὴ</span> <span class='ocrx_word' id='word_1_906' title='bbox 3082 5542 3252 5611; x_wconf 58' lang='grc' dir='ltr'>νοεῖν,</span> <span class='ocrx_word' id='word_1_907' title='bbox 3272 5527 3507 5611; x_wconf 75' lang='lat' dir='ltr'><strong>Rursus</strong></span> <span class='ocrx_word' id='word_1_908' title='bbox 3522 5530 3636 5592; x_wconf 88' lang='lat' dir='ltr'><strong>hoc</strong></span> 
     </span>
    </p>
   </div>
   <div class='ocr_carea' id='block_1_121' title="bbox 1994 5607 3636 5692">
    <p class='ocr_par' dir='ltr' id='par_1_121' title="bbox 1994 5607 3636 5692">
     <span class='ocr_line' id='line_1_122' title="bbox 1994 5607 3636 5692; baseline -0.004 -20"><span class='ocrx_word' id='word_1_909' title='bbox 1994 5611 2127 5692; x_wconf 91' lang='lat' dir='ltr'><strong>ipso</strong></span> <span class='ocrx_word' id='word_1_910' title='bbox 2148 5612 2208 5672; x_wconf 91' lang='lat' dir='ltr'><strong>in</strong></span> <span class='ocrx_word' id='word_1_911' title='bbox 2232 5607 2362 5692; x_wconf 73' lang='lat' dir='ltr'><strong>loco</strong></span> <span class='ocrx_word' id='word_1_912' title='bbox 2392 5611 2538 5691; x_wconf 80' lang='lat' dir='ltr'><strong>Reg.</strong></span> <span class='ocrx_word' id='word_1_913' title='bbox 2575 5607 2783 5673; x_wconf 83' lang='lat' dir='ltr'><strong>tertius</strong></span> <span class='ocrx_word' id='word_1_914' title='bbox 2804 5607 3105 5691; x_wconf 84' lang='lat' dir='ltr'><strong>aliquanto</strong></span> <span class='ocrx_word' id='word_1_915' title='bbox 3144 5609 3332 5672; x_wconf 83' lang='lat' dir='ltr'><strong>fusius</strong></span> <span class='ocrx_word' id='word_1_916' title='bbox 3376 5607 3636 5688; x_wconf 67' lang='lat' dir='ltr'><strong>i6pdvm~</strong></span> 
     </span>
    </p>
   </div>
   <div class='ocr_carea' id='block_1_122' title="bbox 2000 5691 2841 5755">
    <p class='ocr_par' dir='ltr' id='par_1_122' title="bbox 2000 5691 2841 5755">
     <span class='ocr_line' id='line_1_123' title="bbox 2000 5691 2841 5755; baseline 0.007 -7"><span class='ocrx_word' id='word_1_917' title='bbox 2000 5691 2087 5749; x_wconf 67' lang='lat' dir='ltr'><strong>sev</strong></span> <span class='ocrx_word' id='word_1_918' title='bbox 2117 5693 2201 5750; x_wconf 73' lang='grc' dir='ltr'><strong>ἐπὶ</strong></span> <span class='ocrx_word' id='word_1_919' title='bbox 2221 5691 2421 5751; x_wconf 79' lang='grc' dir='ltr'>ὑδάτων</span> <span class='ocrx_word' id='word_1_920' title='bbox 2452 5692 2688 5752; x_wconf 81' lang='grc' dir='ltr'>πολλῶν.</span> <span class='ocrx_word' id='word_1_921' title='bbox 2725 5698 2841 5755; x_wconf 88' lang='lat' dir='ltr'><strong>etc.</strong></span> 
     </span>
    </p>
   </div>
   <div class='ocr_carea' id='block_1_123' title="bbox 2075 5771 3123 5854">
    <p class='ocr_par' dir='ltr' id='par_1_123' title="bbox 2075 5771 3123 5854">
     <span class='ocr_line' id='line_1_124' title="bbox 2075 5771 3123 5854; baseline 0.001 -20"><span class='ocrx_word' id='word_1_922' title='bbox 2075 5773 2204 5854; x_wconf 76' lang='lat'><strong>(95)</strong></span> <span class='ocrx_word' id='word_1_923' title='bbox 2235 5772 2400 5836; x_wconf 89' lang='lat' dir='ltr'><strong>Colb.</strong></span> <span class='ocrx_word' id='word_1_924' title='bbox 2429 5780 2674 5854; x_wconf 85' lang='lat' dir='ltr'><strong>quartus</strong></span> <span class='ocrx_word' id='word_1_925' title='bbox 2703 5775 2834 5852; x_wconf 81' lang='grc' dir='ltr'>πρὸς</span> <span class='ocrx_word' id='word_1_926' title='bbox 2864 5772 2926 5828; x_wconf 83' lang='grc' dir='ltr'>τὸ</span> <span class='ocrx_word' id='word_1_927' title='bbox 2948 5771 3123 5829; x_wconf 75' lang='grc' dir='ltr'>κάτω.</span> 
     </span>
    </p>
   </div>
   <div class='ocr_carea' id='block_1_124' title="bbox 3124 5964 3197 6024">
    <p class='ocr_par' dir='ltr' id='par_1_124' title="bbox 3124 5964 3197 6024">
     <span class='ocr_line' id='line_1_125' title="bbox 3124 5964 3197 6024; baseline -0.014 0"><span class='ocrx_word' id='word_1_928' title='bbox 3124 5964 3197 6024; x_wconf 87' lang='grc'><strong>10</strong></span> 
     </span>
    </p>
   </div>
  </div>
