4138 6374
372 408 495 473 293

1452 404 1778 469 HOMILIA
1821 405 1903 466 IN
1950 400 2315 464 PSALMUM
2364 402 2641 465 XXVIII.

3642 407 3764 472 294

376 544 613 625 πράξεων
685 543 973 621 ἐνεργείας,
1060 545 1086 599 ὁ
1140 548 1376 607 τοιοῦτος
1450 541 1627 597 ἀκούει
1687 540 2025 619 μεγαλοπρε-

2119 540 2415 604 affectibus
2437 539 2614 601 fuerit
2636 537 3276 621 libera,aeceperitque
3290 538 3757 619 magnitudinem

377 637 507 705 πής.
539 632 716 691 ’Ὅταν
748 635 834 690 οὖν
865 633 1021 712 ψυχὴ
1052 630 1348 696 ἀδούλωτος
1377 636 1413 708 ᾗ
1463 636 1540 703 τῷ
1583 632 1882 709 φρονήματι
1926 636 2024 697 τῆς

377 726 591 801 σαρκὸς,
653 724 874 800 μέγεθός
937 721 990 777 δὲ
1056 725 1143 779 καὶ
1210 720 1291 801 (2)
1357 721 1549 787 ἀξίωνα
1604 720 1803 796 πρέπον
1864 722 2026 795 ἑαυτῄ

379 813 438 869 ἐκ
490 818 587 879 τῆς
632 812 1024 880 συναισθήσεως
1080 830 1185 866 των
1229 812 1535 889 προσόντων
1580 810 1713 885 αὑτῇ
1761 809 1868 865 ἀπὸ
1897 817 2026 867 Θεοῦ

378 898 635 977 ἀναλάϐῃ,
689 900 743 956 ἐν
794 901 958 977 ταύτῃ
1003 901 1200 978 γίνεται
1257 902 1291 967 ἡ
1342 900 1493 978 φωνὴ
1550 899 1644 956 τοῦ
1706 898 1912 977 Κυρίου,
1965 901 2024 955 Οἱ

376 993 465 1046 οὖν
497 988 853 1070 μεγαλοφυεῖς
916 991 1013 1065 μὲν
1072 990 1293 1069 ἔχοντες
1350 990 1444 1051 τὰς
1495 989 1613 1066 περὶ
1644 995 1776 1045 Θεοῦ
1802 988 2027 1064 ἐννοέας,

374 1078 594 1156 ὑψηλῶς
654 1078 707 1135 δὲ
763 1082 1153 1158 τεθεωρηκότες
1199 1080 1320 1143 τοὺς
1385 1079 1499 1156 περὶ
1553 1078 1775 1140 κτίσεως
1812 1077 2029 1158 λόγους,

374 1172 461 1226 καὶ
511 1168 815 1237 δυνηθέντες
860 1170 944 1226 ἐπὶ
984 1172 1149 1226 ποσὸν
1212 1176 1336 1247 γοῦν
1396 1165 1676 1224 ἐπιϐαλεῖν
1727 1174 1805 1241 τῷ
1847 1167 2028 1242 ἀγαθῷ

358 1252 466 1336 τῇς
499 1266 587 1315 τοῦ
632 1267 762 1317 Θεοῦ
807 1261 1079 1339 προνοίας,
1119 1260 1207 1316 καὶ
1260 1258 1475 1336 προσέτι
1525 1256 1577 1313 ἐν
1610 1269 1732 1322 ταῖς
1762 1255 2018 1315 δαπάναις

372 1346 635 1428 ἀφειδεῖς,
706 1350 789 1405 καὶ
848 1348 1214 1427 μεγαλόδωροι
1275 1346 1328 1403 ἐν
1378 1354 1454 1421 τῷ
1498 1348 1591 1409 τὰς
1646 1352 1751 1403 τῶν
1784 1343 2021 1424 ἀδελφῶν

376 1440 561 1517 χρείας
608 1438 1038 1515 ἐπανορθοῦσθαι,
1074 1441 1217 1493 οὗτοι
1276 1439 1407 1492 εἰσιν
1460 1437 1505 1493 οἱ
1556 1434 2015 1515 μεγαλοπρεπεῖς,

371 1528 426 1584 ἐν
487 1527 576 1591 οἷς
632 1528 665 1594 ἡ
725 1542 875 1602 φωνή
935 1534 1028 1583 τοῦ
1087 1527 1269 1605 Κυρίου
1331 1524 1756 1601 ἐμπολιτεύεται.
1792 1526 1877 1588 Τῷ
1910 1524 2021 1580 ὄντι

368 1617 467 1693 γὰρ
510 1618 537 1671 ὁ
590 1614 1006 1694 μεγαλοπρεπὴς
1066 1617 1297 1693 ὑπερορᾷ
1358 1615 1533 1671 πάντα
1591 1616 1659 1670 τὰ
1714 1616 2019 1689 σωματικὰ,

372 1704 581 1770 οὑδενὸς
640 1706 783 1761 εἶναι
826 1704 943 1769 ἄξια
1002 1707 1191 1783 κρίνων
1247 1704 1411 1782 λόγου
1469 1710 1537 1781 τῇ
1578 1703 1861 1782 παραθέσει
1918 1710 2024 1759 τῶν

370 1796 631 1874 ἀοράτων.
697 1796 797 1853 Τὸν
858 1793 1248 1873 μεγαλοπρεπῆ
1307 1791 1520 1869 οὒδεμία
1578 1793 1804 1863 λυπήσει
1863 1794 2022 1870 περί-

2109 648 2177 691 ac
2208 629 2580 708 dignitatem,
2616 648 2748 710 quae
2776 632 2805 689 ί
2824 630 2910 691 19
2932 647 3038 711 pro
3061 628 3407 691 facultatum
3436 649 3470 693 a
3498 625 3626 691 Deo
3650 651 3757 696 ac-

2110 729 2417 794 ceptarum
2449 720 2789 798 cognitione
2812 718 2927 782 sibi
2958 718 3294 793 conveniat,
3325 728 3448 782 tum
3481 721 3541 787 in
3575 718 3675 784 illa
3694 724 3762 785 fit

2109 827 2213 868 vox
2237 809 2493 870 Domini.
2522 808 2923 882 Quamobrem
2945 809 3046 891 qui
3066 810 3376 889 magnifice
3393 814 3657 893 cogitant
3684 812 3761 875 de

2116 900 2258 971 Deo,
2296 907 2355 959 et
2404 898 2727 961 creationis
2773 900 3035 961 rationes
3092 899 3209 961 alte
3256 900 3549 974 speculati
3598 909 3759 976 sunt,

2112 997 2169 1049 et
2199 987 2573 1063 aliquantum
2602 988 2815 1049 saltem
2849 989 3175 1051 bonitatem
3224 989 3613 1068 providentia;
3652 989 3762 1053 Dei

2111 1084 2347 1159 assequi
2386 1080 3031 1159 potuere,insuperque
3069 1077 3233 1158 parci
3266 1097 3386 1139 non
3418 1089 3557 1141 sunt
3585 1080 3648 1142 in
3668 1077 3759 1140 fa-

2110 1167 2341 1227 ciendis
2373 1167 2729 1247 sumptibus,
2762 1178 2819 1228 et
2843 1169 2903 1229 in
2933 1167 3316 1229 sublevandis
3366 1166 3613 1229 fratrum
3646 1186 3760 1229 ne-

2106 1256 2481 1317 cessitatibus
2508 1256 2789 1319 liberales
2827 1267 3000 1328 sunt;
3037 1257 3122 1331 hi,
3159 1263 3423 1337 inquam,
3458 1265 3598 1319 sunt
3627 1274 3760 1319 ma-

2106 1346 2329 1424 gniﬁci,
2358 1349 2413 1405 in
2463 1346 2684 1425 quibus
2715 1366 2822 1408 vox
2880 1346 3118 1408 Domini
3167 1345 3482 1407 inhabitat.
3520 1346 3757 1409 Etenim

2107 1434 2210 1514 qui
2232 1453 2373 1497 vere
2397 1436 2746 1514 magnificus
2778 1446 2887 1512 est,
2927 1455 3023 1497 res
3068 1454 3279 1497 omnes
3308 1453 3630 1516 corporeae
3654 1453 3760 1498 aa-

2112 1532 2413 1603 pernatur,
2441 1544 2509 1585 ac
2541 1543 2665 1605 prie
2688 1524 3087 1588 invisibilibus
3117 1544 3220 1586 eas
3240 1524 3380 1587 facit
3404 1524 3598 1586 nihili.
3628 1524 3763 1587 Ad-

2109 1614 2356 1675 versitas
2395 1614 2558 1675 nulla
2588 1616 2967 1695 magnificum
3027 1615 3246 1677 afﬁciet
3294 1613 3557 1689 tristitia,
3600 1613 3765 1675 nulla

2112 1720 2355 1781 prorsus
2380 1703 2533 1765 mala
2564 1714 2701 1765 sunt
2724 1705 2894 1767 illum
2922 1704 3343 1783 perturbatura
3378 1719 3390 1764 :
3429 1720 3623 1783 neque
3646 1701 3750 1763 im.

2113 1791 2437 1870 proborum
2465 1801 2521 1853 et
2540 1793 3063 1873 despiciendorum
3092 1790 3593 1853 homunculorum
3632 1809 3764 1870 pec-

371 1905 553 1946 στασις
592 1904 607 1919 θ
656 1881 772 1941 οὑδὲ
834 1882 974 1947 ὅλως
1038 1883 1204 1945 πάθος
1263 1905 1313 1939 τι
1372 1885 1528 1940 αὑτὸν
1579 1881 1872 1960 ἐκταράξει,
1909 1881 2024 1940 οὑδὲ

2119 1888 2238 1941 cata
2272 1899 2405 1941 eum
2464 1882 2950 1953 commovebunt,
3004 1899 3199 1961 neque
3230 1880 3429 1960 ipsum
3460 1878 3761 1959 deprimet

371 1973 745 2051 ἀνθρωπαρίων
834 1971 1048 2052 φαύλων
1138 1994 1227 2027 και
1313 1973 1786 2051 εὑκαταφρονήτων
1845 1972 2021 2049 ἀμαρ-

372 2063 587 2138 τήματα
646 2061 850 2129 κινήσει
887 2077 900 2091 '
952 2059 1068 2117 οὐδὲ
1116 2061 1408 2140 ἀκαθαρσία
1466 2066 1566 2129 τῆς
1621 2062 1812 2137 σαργὸς
1867 2062 2023 2116 αὑτὸν

372 2151 713 2213 ταπεινώσει,
779 2151 1135 2228 Δυσπρὸσιτος
1192 2151 1292 2229 γάρ
1352 2151 1462 2207 ἐστι
1520 2163 1639 2215 ταῖς
1696 2171 2020 2207 ταπεινωτι-

372 2253 490 2300 κοῖς
551 2239 790 2312 πάθεσιν,
879 2238 994 2298 οὐδὲ
1068 2238 1425 2318 προσϐλέπειν
1492 2241 1632 2313 οὑτῷ
1716 2240 2021 2315 δυναμένοις

374 2327 458 2385 διὰ
517 2330 579 2384 τὸ
626 2327 757 2404 ὕψος
782 2333 879 2395 τῆς
910 2329 1157 2405 γνώμης.
1192 2328 1413 2407 Λέγεται
1446 2328 1501 2384 δέ
1529 2350 1610 2393 τις
1641 2331 1728 2385 καὶ
1773 2337 1903 2385 Θεοῦ
1935 2350 2027 2385 ue—

372 2416 733 2496 γαλοπρέπεια
770 2437 783 2451 ⁸
868 2420 940 2480 ὡς
1024 2420 1110 2498 τὸ,
1177 2416 1421 2495 Ἐπήρθη
1478 2420 1514 2485 ἡ
1591 2416 2025 2496 μεγαλοπρέπεια

369 2529 461 2562 σου
499 2509 743 2581 ὑπεράνω
780 2513 886 2563 τῶν
941 2508 1198 2586 οὑρανῶν.
1261 2509 1320 2564 Οἱ
1380 2508 1467 2563 οὖν
1512 2507 1578 2562 τὰ
1637 2506 1845 2584 μεγάλα
1905 2508 2021 2585 περὶ

372 2604 507 2653 Θεοῦ
559 2594 885 2670 δοξάζοντες,
932 2605 1077 2655 οὗτοι
1134 2597 1499 2675 ὑπεραίρουσιν
1566 2597 1725 2673 αὒτρῦ
1772 2596 1871 2664 τὴν
1916 2617 2017 2671 με·-

370 2685 606 2763 γαλοπρὲ
617 2706 789 2750 πειαν,

455 2778 513 2839 5.
561 2776 723 2843 Φωνὴ
787 2775 972 2855 Κυρίου
1025 2772 1388 2853 συντρίϐοντος
1458 2774 1694 2852 κέδρους.
1779 2772 1845 2832 Ἦ
1925 2775 2015 2830 κέ⁹

373 2864 492 2945 δρος
524 2865 654 2923 ποτὲ
708 2865 807 2941 μὲν
835 2867 909 2928 ὡς
940 2863 1193 2940 μόνιμον,
1254 2866 1342 2921 καὶ
1388 2867 1609 2941 σήψεως
1646 2864 1879 2941 βέλτιον,
1936 2868 2023 2921 καὶ

376 2954 589 3029 εὑῶδες,
651 2957 738 3011 καὶ
794 2963 998 3022 σκέπην
1076 2954 1255 3010 ἱκανὸν
1340 2954 1667 3034 παρέχεσθαι
1726 2956 1868 3032 παρὰ
1926 2956 2022 3022 τῆς

380 3046 595 3125 Γραφῆς
627 3044 927 3101 ἐπαινεῖται
965 3063 980 3078 ·
1028 3044 1161 3100 ποτὲ
1189 3040 1245 3099 δὲ
1276 3045 1348 3105 ὡς
1382 3042 1620 3121 ἄκαρπον
1668 3045 1757 3101 καὶ
1788 3042 2025 3118 δυσκαμ-

382 3136 478 3201 πὲς
521 3133 893 3210 διαϐάλλεται,
940 3138 1013 3195 ὡς
1069 3135 1153 3190 καὶ
1184 3133 1360 3189 εἰκόνα
1391 3132 1629 3213 πληροῦν
1658 3143 1754 3193 τοῦ
1781 3131 2023 3195 ἀσεϐοὑς.

2109 1971 2308 2031 carnis
2359 1970 2695 2051 impuritas.
2750 1972 3112 2033 Aﬂ‘ectiones
3175 1970 3332 2031 enim
3368 1986 3501 2049 quas
3536 1967 3759 2029 demit-

2111 2066 2264 2132 tunt,
2296 2059 2822 2141 abjiciuntque,vix
2855 2061 3079 2121 aditum
3111 2061 3183 2121 ad
3218 2058 3386 2120 illum
3418 2057 3753 2138 inveniunt,

2108 2167 2244 2210 cum
2280 2166 2355 2209 ne
2379 2148 2652 2229 aspicere
2682 2150 2925 2230 quidem
2970 2149 3164 2229 ipsum
3196 2147 3272 2209 ob
3307 2146 3524 2208 mentis
3556 2146 3761 2211 altitu-

2112 2238 2311 2299 dinem
2345 2247 2591 2319 queant.
2624 2238 2852 2300 Dicitur
2881 2249 3082 2300 auteiu
3116 2246 3176 2299 et
3206 2235 3476 2317 quaadam
3500 2234 3607 2297 Dei
3645 2254 3761 2297 ma-

2109 2328 2473 2407 gniﬁcentia,
2511 2337 2575 2389 ut
2605 2328 2665 2389 in
2694 2329 2806 2390 hoc
2840 2328 2971 2390 loco
3005 2345 3018 2389 :
3069 2327 3338 2389 Elevata
3367 2332 3450 2387 est
3482 2326 3764 2405 magniﬁ-

2110 2419 2312 2477 centia
2364 2425 2469 2478 tua
2517 2435 2695 2497 super
2752 2416 2928 2479 enatos
2975 2417 3050 2478 7'3.
3086 2415 3200 2490 Qui
3230 2416 3411 2495 igitur
3442 2432 3657 2493 magna
3686 2414 3763 2478 de

2110 2506 2232 2567 Deo
2265 2506 2552 2585 sentiunt,
2588 2506 2648 2567 hi
2681 2507 2867 2587 ipsius
2906 2507 3197 2569 extollunt
3228 2503 3758 2583 magnificentiam.

2180 2776 2237 2836 b.
2264 2774 2514 2836 Vsns.5.
2546 2770 2680 2834 Vua;
2699 2772 3387 2852 Dominieonfringents’s
3399 2774 3758 2840 cedros.Ce-

2109 2863 2255 2923 drus
2277 2863 2453 2924 modo
2500 2872 2689 2925 utres
2743 2861 2994 2941 stabilis,
3041 2870 3100 2924 et
3152 2865 3491 2943 putredinis
3511 2882 3763 2946 expers,

2113 2952 2563 3033 odorataque,et
2586 2951 2659 3013 ad
2693 2950 3081 3032 praabendum
3112 2959 3348 3031 tegmen
3379 2962 3566 3035 aptaa
3587 2952 3762 3015 Scri-

2116 3048 2284 3121 ptura
2316 3041 2629 3119 laudatur;
2662 3042 2837 3101 modo
2869 3048 2931 3101 ut
2960 3039 3326 3104 infructuosa
3369 3056 3426 3107 et
3464 3061 3621 3123 aegre
3652 3043 3765 3103 fle-

2113 3131 2317 3194 xibilis
2340 3131 2736 3212 vituperatur,
2759 3129 2908 3192 adeo
2942 3130 3187 3212 utimpii
3223 3132 3401 3194 etiam
3435 3133 3761 3210 imaginem

386 3224 545 3283 Εἷδον
614 3226 714 3303 γὰρ
775 3204 886 3281 τὸν,
938 3221 1106 3292 ἀσεϐῆ
1169 3204 1600 3301 ὑπερυψούμενον
1657 3226 1747 3281 καὶ
1808 3223 2029 3301 ἐπαιρό-

2121 3223 2290 3295 ferat,
2326 3204 2734 3304 impleatque.’
2759 3220 2893 3282 Vidi
2933 3204 3377 3300 euim'impium
3401 3204 3764 3300 exaltatum,

384 3336 542 3389 μενον
585 3317 656 3379 ὡς
700 3315 793 3377 τὰς
851 3312 1063 3393 κέδρους
1122 3321 1217 3372 τοῦ
1264 3310 1516 3374 Λιϐάνου.
1576 3314 1703 3372 Καθ’
1762 3315 1790 3369 ὃ
1836 3313 1923 3391 (3)
1972 3316 2033 3369 τὸ

383 3404 777 3480 σημαινόμενον
844 3405 934 3459 καὶ
1013 3410 1100 3460 νῦν
1180 3400 1521 3482 παρελήφθη,
1595 3401 1655 3459 Ἠ
1728 3403 1827 3481 γὰρ
1883 3403 2033 3481 φωνὴ

382 3500 473 3549 τοῦ
522 3492 709 3572 Κυρίου
778 3489 1037 3571 συντρίϐει
1109 3488 1346 3569 κέδρους,
1403 3491 1626 3566 ’Ὥσπερ
1677 3492 1777 3571 γὰρ
1849 3490 1904 3547 ἐν
1968 3496 2036 3565 τῇ

381 3581 787 3662 μεγαλοπρεπεῖ
872 3587 1027 3661 ψυχῇ
1102 3583 1327 3661 γίνεται,
1379 3580 1517 3638 οὕτω
1582 3582 1707 3645 τοὺς
1752 3582 1870 3647 εἰκῆ
1929 3594 2029 3658 φυέ-

383 3672 719 3747 σιουμένους,
797 3674 920 3736 τοὺς
993 3672 1303 3752 ἐπαίροντας
1362 3672 1577 3735 ἑαυτοὺς
1650 3671 1704 3727 ἐν
1764 3683 1882 3733 τοῖς
1942 3691 2034 3725 νο-

383 3764 687 3840 μιζομένοις
744 3762 996 3839 ὑψώμασι
1071 3772 1165 3821 τοῦ
1233 3762 1439 3838 κόσμου
1496 3762 1711 3836 τούτου,
1773 3759 2028 3839 πλούτου,

385 3854 421 3923 ἢ
451 3851 630 3928 δόξης,
691 3853 727 3922 ἢ
783 3852 1113 3928 δυναστείας,
1171 3852 1207 3920 ἢ
1265 3850 1493 3918 κάλλους
1547 3851 1825 3926 σώματος,
1859 3850 1896 3918 ἢ
1938 3848 2033 3904 δυ-

387 3944 621 4019 νάμεως,
680 3943 716 4012 ἢ
796 3941 1012 4023 ἰσχύος,
1091 3940 1379 4022 συντρίϐειν
1456 3939 1693 4021 λέγεται.
1752 3941 1851 3999 Καὶ
1905 3960 2032 3995 συν-

389 4036 562 4113 τρίψει
621 4033 809 4112 Κύριος
894 4034 988 4096 τὰς
1048 4031 1261 4112 κέδρους
1316 4038 1409 4089 τοῦ
1486 4030 1737 4091 Λιϐάνου.
1803 4032 1861 4088 Οἱ
1918 4042 2036 4094 τοῖς

390 4121 689 4201 ἀλλοτρίοις
732 4123 1038 4201 πράγμασιν
1091 4121 1474 4198 ἐπιϐαινοντες,
1521 4123 1611 4179 καὶ
1667 4120 1761 4179 ἀπ’
1821 4119 2036 4179 ἐκείνων

392 4212 606 4275 ἑαυτοῖς
662 4212 758 4278 τὴν
812 4210 1116 4282 ἀλαζονείαν
1184 4213 1523 4291 σκνάγοντες,
1557 4212 1701 4270 οὗτοι
1734 4212 1833 4269 είσι
1863 4207 2035 4288 κέδροι

390 4306 483 4356 τοῦ
512 4297 764 4361 Λιϐάνου.
811 4297 1029 4378 ’Ὥσπερ
1072 4301 1173 4379 γὰρ
1224 4304 1276 4357 αἱ
1320 4300 1516 4379 κέδροι,
1569 4301 1688 4359 καθ’
1722 4300 1910 4365 ἑαυτὰς
1943 4298 2037 4355 οὖ-

390 4412 479 4447 σαι
508 4387 731 4465 ὑψηλαὶ,
788 4389 866 4464 τῷ
922 4388 1005 4445 ἐπ’
1038 4387 1187 4469 ὅρους
1236 4390 1447 4466 ὑψηλου
1474 4390 1787 4471 πεφυκέναι,
1820 4389 1883 4445 ἐκ
1937 4390 2037 4454 τῆς

2117 3320 2171 3371 et
2192 3315 2491 3372 eleuatum
2513 3312 2670 3373 sicut
2690 3312 2899 3373 cedros
2912 3308 3141 3372 Libani
3161 3306 3232 3369 7‘.
3245 3308 3371 3383 Qua
3392 3311 3453 3372 in
3470 3310 3766 3388 signiﬁca-

2121 3400 2280 3460 tione
2305 3401 2481 3460 etiam
2514 3419 2672 3462 nunc
2724 3407 2967 3479 accepta
3018 3407 3128 3462 est.
3180 3397 3305 3461 Vox
3341 3399 3501 3462 enim
3536 3398 3769 3462 Domini

2120 3487 2441 3568 confringit
2474 3490 2710 3550 cedros.
2746 3486 2821 3551 Ut
2846 3489 3009 3550 enim
3042 3488 3167 3549 haec
3205 3488 3267 3549 in
3301 3490 3614 3569 magniﬁca
3642 3488 3768 3549 ani-

2122 3597 2215 3639 ma
2246 3580 2310 3641 fit
2346 3600 2359 3643 :
2396 3580 2478 3640 ita
2508 3578 2784 3639 homines
2818 3586 3047 3638 temere
3097 3577 3357 3652 inﬂatos,
3407 3579 3508 3659 qui
3537 3578 3770 3659 seipsos

2120 3668 2482 3737 cfferunt.ob
2507 3686 2579 3729 ea
2599 3686 2731 3748 qua;
2750 3669 2812 3728 in
2846 3667 2958 3728 hoc
2992 3666 3217 3729 mundo
3247 3667 3370 3729 alta
3390 3686 3461 3728 ac
3487 3666 3771 3729 sublimia

2120 3767 2421 3839 putantur,
2482 3775 2702 3837 nempe
2754 3756 2829 3818 ob
2889 3756 3146 3831 divitias,
3194 3767 3298 3817 aut
3346 3758 3616 3833 gloriam,
3670 3764 3771 3818 aut

2121 3847 2464 3927 imperium,
2498 3856 2598 3907 aut
2631 3845 2900 3925 corporis
2956 3845 3484 3929 pulchritudinem,
3518 3855 3623 3907 aut
3657 3864 3767 3926 po-

2122 3946 2416 4011 testatem,
2492 3944 2592 3997 aut
2667 3934 2843 4009 vires,
2926 3934 3145 3996 dicitur
3214 3933 3622 4014 confringere.
3687 3934 3768 3997 Et

2122 4026 2463 4105 confringet
2489 4025 2784 4087 Dominus
2812 4026 3022 4087 cedros
3042 4024 3292 4086 Libani.
3326 4024 3557 4086 Alienis
3586 4022 3769 4085 rebus

2122 4118 2225 4198 qui
2262 4117 2551 4190 insident,
2616 4123 2673 4177 et
2728 4132 2799 4177 ex
2850 4121 2938 4175 eis
2982 4113 3228 4192 gloriam
3272 4116 3608 4195 [astumque
3658 4112 3771 4175 sibi

2122 4205 2453 4281 conflant,ii
2478 4211 2618 4266 sunt
2645 4203 2814 4265 cedri
2831 4203 3576 4278 Libani-Quemadmodum
3609 4204 3771 4264 enim

2119 4296 2283 4359 cedri
2346 4313 2452 4375 per
2498 4313 2564 4355 se
2607 4294 2743 4355 altas
2791 4312 2926 4354 cum
2984 4294 3122 4364 sint,
3181 4302 3402 4369 tamen,
3456 4302 3774 4375 propterea

2120 4388 2276 4467 quod
2322 4385 2383 4445 in
2425 4386 2542 4447 alto
2579 4392 2780 4445 monte
2829 4392 3177 4459 naSCuntur,
3231 4383 3386 4445 ﬁunt
3433 4401 3503 4445 ex
3555 4382 3775 4445 montis

389 4480 699 4560 προσθήκης
754 4480 849 4534 τοῦ
877 4478 1031 4559 ὅρουο
1066 4478 1510 4558 περιφανέστεραι
1556 4481 1791 4557 γίνονται
1828 4498 1841 4511 ·
1897 4476 2029 4534 οὕτω

2119 4475 2463 4538 accessione
2499 4474 2686 4551 magis
2717 4474 3056 4553 conspicua;
3080 4494 3093 4533 :
3121 4472 3206 4534 sic
3225 4491 3466 4555 quoque
3484 4474 3584 4554 qui
3603 4472 3777 4535 fluxis

388 4571 476 4627 καὶ
523 4571 571 4626 οἱ
625 4582 745 4634 τοῖς
804 4573 1056 4651 φθαρτοῖς
1098 4576 1191 4657 τοῦ
1249 4569 1455 4645 κόσμου
1485 4569 1792 4647 πράγμασιν
1818 4567 2031 4657 ἐπερει-

390 4657 602 4734 δόμενοι
636 4657 806 4738 κέδροι
840 4658 937 4736 μέν
984 4660 1083 4715 εἰσι
1128 4655 1215 4714 διὰ
1257 4659 1353 4726 τὴν
1385 4657 1697 4729 ἀλαζονείαν
1730 4657 1906 4714 καὶτὸ
1935 4655 2033 4722 τῆς

392 4746 622 4812 διανοίας
676 4747 912 4827 ἔπαρμα,
965 4746 1193 4807 Λιϐάνου
1252 4745 1307 4803 δὲ
1382 4745 1553 4825 κέδροι
1606 4745 2034 4825 προσαγορεύον-

392 4860 507 4914 ται,
538 4835 623 4895 διὰ
650 4839 712 4893 τὸ
742 4842 820 4911 τῷ
868 4835 1131 4915 ἀλλοτρίῳ
1182 4836 1432 4914 ὑψώματι
1474 4832 1893 4914 ὶπαγάλλεσθαι,
1952 4837 2039 4891 καὶ

394 4931 495 4985 ὑπὸ
544 4934 647 5006 γῆς
669 4928 758 4985 καὶ
814 4934 921 4985 τῶν
974 4928 1176 5007 γηίνων
1233 4927 1588 5007 πραγμάτων,
1650 4927 1769 4983 οἷον
1813 4926 1915 4981 ὑπὸ
1944 4930 2044 4991 της

394 5024 627 5099 κορυφῆς
684 5025 778 5075 τοῦ
837 5015 1086 5093 Λιϐάνου,
1154 5020 1285 5097 πρὸς
1343 5016 1651 5088 ἀλαζονείαν
1710 5014 2037 5093 ἐπαίρεσθαι,

397 5113 471 5167 06
520 5110 697 5173 πάσας
752 5106 807 5164 δὲ
862 5109 957 5173 τὰς
1017 5106 1230 5187 κέδρους
1262 5105 1519 5186 συντρίϐει
1570 5108 1597 5163 ὁ
1658 5105 1872 5185 Κύριος⁶
1905 5104 2043 5162 ἀλλὰ

399 5200 493 5263 τὰς
537 5206 632 5256 τοῦ
686 5197 934 5261 Λιϐάνου,
982 5195 1207 5266 Ἐπειδὴ
1238 5198 1336 5277 γὰρ
1388 5194 1821 5275 εἰδωλολατρείας
1879 5193 2043 5264 τόπος

398 5291 427 5343 ὁ
485 5287 734 5365 Λίϐανος,
767 5286 886 5346 ὅσαι
917 5289 1091 5368 ψυχαὶ
1120 5287 1422 5367 ἐπαίρονται
1472 5288 1608 5344 κατὰ
1648 5290 1748 5353 τῆς
1794 5285 2044 5365 γνώσεως

479 5449 542 5500 75
570 5450 728 5516 Psal.
758 5465 889 5526 vui,
919 5448 979 5513 2.
1065 5448 1133 5499 74
1160 5446 1317 5511 Psal.
1349 5462 1543 5520 xxxvr,
1582 5446 1681 5512 35.

482 5586 561 5665 (2)
586 5584 780 5668 Yerba
820 5586 949 5668 illa,
981 5589 1202 5668 μέγεθος
1315 5588 1426 5668 aut;
1460 5595 1605 5668 etc.,
1632 5587 1711 5649 ita
1739 5588 2045 5666 interpres

400 5676 568 5729 vetus
586 5665 792 5729 Latine
809 5666 1094 5741 reddidit,
1124 5666 1370 5741 utillud,
1400 5668 1507 5725 ἀπὸ
1529 5665 1761 5744 Θέοῡ,θι1
1798 5665 2044 5730 verbum

401 5746 639 5825 ἁνολάϐῃ
690 5746 983 5821 retulerit,
1040 5767 1176 5809 cum
1206 5748 1423 5809 referri
1473 5757 1671 5812 tamen
1713 5749 1787 5811 ad
1840 5763 2046 5809 vocem

403 5830 705 5911 προσόντων
754 5827 1012 5889 debeat:
1067 5847 1184 5908 qua
1226 5845 1402 5908 parva
1443 5829 1802 5910 negligentia
1835 5832 2047 5890 mirum

2120 4564 2327 4625 mundi
2377 4564 2557 4625 rebus
2618 4563 2965 4638 iniciuntur,
3000 4561 3167 4624 cedri
3224 4561 3466 4643 quidem
3498 4571 3638 4624 sunt
3698 4560 3775 4623 ob

2118 4654 2518 4734 arrogantiam
2550 4671 2620 4714 ac
2674 4654 2889 4713 mentis
2948 4652 3294 4728 elationem,
3329 4652 3435 4713 sed
3490 4659 3777 4712 vocantur

2125 4744 2326 4805 Libani
2361 4742 2550 4821 cedri,
2589 4741 2745 4822 quod
2769 4741 2962 4801 aliena
2992 4739 3343 4821 superbiant
3363 4739 3678 4801 altitudine
3709 4747 3771 4801 et

2125 4843 2341 4895 eterra
2391 4832 2697 4908 rebusque
2747 4828 3136 4891 terrestribus
3169 4837 3450 4907 tanquam
3480 4847 3513 4890 e
3569 4827 3780 4890 Libani

2125 4925 2346 4985 vertice
2376 4923 2449 4984 ad
2482 4922 2697 4984 fastum
2746 4928 2806 4983 et
2839 4917 3182 5000 superbiam
3216 4918 3597 4983 extollantur.
3649 4918 3782 4981 Non

2124 5024 2324 5077 autem
2357 5012 2574 5074 cedros
2597 5008 2943 5081 omnes,sed
2965 5006 3177 5070 Libani
3206 5008 3425 5070 cedros
3457 5006 3783 5089 confringit

2127 5103 2441 5169 Dominus.
2470 5098 2618 5163 Nam
2644 5117 2781 5163 cum
2802 5098 3067 5161 Libanus
3098 5096 3450 5161 idololatrias
3480 5096 3558 5160 sit
3588 5096 3781 5180 locus,

2128 5209 2500 5276 quaecunque
2541 5190 2758 5254 animae
2828 5207 2896 5252 se
2954 5198 3166 5251 contra
3215 5187 3328 5252 Dei
3378 5187 3784 5269 cognitionem

2129 5282 2412 5357 efferunt,
2439 5278 2532 5342 hie
2558 5278 2725 5343 cedri
2752 5276 2965 5342 Libani
2995 5285 3508 5360 nuncnpantur,et
3529 5294 3783 5343 censen-

2130 5588 2413 5663 quantum
2439 5598 2472 5641 a
2506 5593 2687 5661 δεῦρο
2712 5577 3032 5663 aberrarit.

2211 5662 2293 5740 (3)
2330 5660 2428 5724 Sic
2455 5677 2597 5723 mss.
2617 5655 2930 5734 nonnulli,
2964 5658 3141 5721 bene.
3180 5656 3375 5722 Eatitio
3408 5655 3783 5722 Paris.unico

2136 5741 2417 5806 vocabqu
2454 5741 2604 5805 καθό.
