4138 6384
400 287 521 355 299
1765 280 1827 344 S.
1872 276 2157 343 BASILII
2204 271 2458 342 MAGNI
3694 270 3814 338 300

404 443 765 511 prwparans
787 440 1021 511 cervos.
1044 421 1170 511 Qua
1191 421 1267 484 de
1294 418 1729 511 praeparatione
1747 434 2061 511 cervorum

2160 417 2371 493 έγουσιν
2404 408 2725 476 ἀποδοθῆναι
2778 407 2908 487 (46)
2966 411 3054 465 καὶ
3104 409 3171 465 τὰ
3227 410 3344 487 περὶ
3404 415 3495 466 τοῦ
3548 430 3807 488 καταρτι-

412 497 553 600 perv
574 531 743 577 ocem
784 509 1022 573 Domini
1071 508 1225 600 facta
1276 497 1795 600 dicuntur,_etiam
1848 504 2062 600 eodem

2160 513 2294 581 σμοῦ
2354 508 2460 559 τῶν
2512 497 2749 579 ἐλάφων,
2797 498 2855 554 ὃν
2899 499 2931 565 ἡ
2987 498 3141 579 φωνὴ
3190 504 3284 554 τοῦ
3340 499 3527 577 Κυρίου
3576 500 3806 577 ἐνεργεῖ.

410 586 588 671 modo
618 621 735 684 quo
772 600 967 682 priora
993 599 1354 681 eXplicanda
1381 606 1542 661 sunt.
1571 595 1861 669 Quoniam
1893 594 2068 673 igitur

2160 593 2305 653 Ἐπεὶ
2350 592 2523 647 τοίνυν
2581 590 2614 657 ἡ
2684 587 2879 667 ἔλαφος
2938 588 3189 654 τοιαύτης
3264 586 3425 667 ἔτυχε
3484 590 3580 655 τῆς
3634 610 3808 644 κατα-

410 712 621 761 cervus
634 676 715 753 ita
744 676 785 753 a'
805 700 1015 753 natura
1036 676 1166 751 com
1176 699 1414 770 paratus
1433 696 1543 767 est,
1567 696 1629 747 ut
1646 685 1871 746 nullam
1887 704 1919 745 a
1934 702 2061 744 ser-

2160 683 2345 751 ςκευῆς
2398 682 2469 742 ὡς
2516 678 2767 758 κρείττων
2826 676 2950 758 (17)
2995 678 3141 734 εἶναι
3185 678 3284 743 τῆς
3343 677 3404 733 ἐκ
3431 684 3537 734 τῶν
3572 678 3806 755 ἑρπετῶν

409 785 675 858 pentibus
699 781 938 852 accipiat
954 766 1312 837 noxamflmo
1335 777 1733 846 vero,utaiuni
1753 777 1788 830 ii
1814 778 1909 846 qui
1937 776 2058 831 hch

2160 772 2385 849 βλάϐης,
2420 768 2556 826 ἀλλά
2600 772 2687 825 καὶ
2725 769 3077 845 καθαρτήριον
3133 771 3267 844 αὐτῇ
3320 767 3483 839 ἐστιν,
3538 766 3610 830 ὥς
3650 789 3809 847 φασιν

413 852 1047 946 observavere,viperaa
1064 881 1203 925 esus
1239 863 1357 923 vim
1373 861 1503 941 ejus
1520 858 2068 941 purgandihabeat,

2160 866 2202 921 οἱ
2260 863 2325 919 τὰ
2382 858 2601 917 τοιαῦτα
2655 859 3039 936 τετηρηκότες,
3078 858 3140 915 τὸ
3188 863 3288 925 τῆς
3334 852 3554 938 ἐχίδνης
3586 858 3807 934 βρῶμα,

413 968 472 1023 et
500 956 784 1037 quoniam
819 961 1108 1017 venenata
1127 951 1329 1014 omnia
1359 948 1641 1012 animalia
1657 967 1790 1009 cum
1818 946 2068 1037 maliset

2160 956 2326 1010 πάντα
2356 949 2411 1008 δὲ
2447 956 2514 1006 τᾶ
2542 946 2728 1006 ίοϐόλα
2756 950 2889 1027 πρὸς
2920 949 3017 1016 τὴν
3046 951 3153 1005 τῶν
3212 954 3459 1023 πονηρῶν
3515 950 3604 1004 καὶ
3653 947 3807 1003 ἀντι-

412 1036 676 1113 adversis
697 1042 1014 1106 virtutibus
1043 1048 1631 1123 comparantur,cum
1657 1038 1947 1101 Dominus
1968 1036 2064 1097 di-

2160 1041 2414 1117 κειμένων
2443 1037 2715 1113 δυνάμεων
2748 1037 2929 1094 είκόνα
2971 1036 3300 1113 λαμϐάνεται
3344 1040 3475 1117 (18)
3523 1041 3632 1107 (τοῦ
3695 1047 3803 1095 Κυ-

411 1136 678 1203 catznedt
688 1134 856 1197 vobis
867 1141 1220 1215 potestatem
1236 1129 1527 1193 calcandi
1539 1145 1730 1207 supra
1740 1132 2063 1215 serpentes,

2160 1132 2258 1189 ›ίου
2320 1128 2568 1208 λέγοντος
2604 1142 2617 1157 ⁸
2690 1125 2903 1183 Δέδωκα
2961 1128 3091 1201 ὑμῖν
3163 1129 3261 1196 τὴν
3318 1125 3554 1193 ἐξουσίαν
3611 1140 3806 1183 πατεῖν

412 1237 468 1291 et
482 1228 855 1306 scorpiones,
867 1212 924 1285 at
934 1240 1117 1302 super
1133 1237 1374 1284 omnem
1390 1221 1670 1281 virtutem
1682 1212 2066 1306 inimicint

2160 1220 2326 1276 επάνω
2384 1217 2582 1298 ὄφεων,
2642 1217 2731 1272 καὶ
2809 1216 3101 1297 σκορπίων,
3162 1218 3251 1273 καὶ
3325 1216 3409 1272 ἐπὶ
3471 1223 3648 1273 πᾶσαν
3708 1218 3807 1285 τὴν

414 1335 549 1380 cum
563 1305 775 1378 rursus
789 1305 1055 1395 pSalmus
1068 1311 1380 1392 Prophetae
1396 1305 1923 1391 promittat:Super
1935 1309 2065 1382 aspi

415 1408 548 1470 dem
571 1413 625 1469 et
645 1404 993 1467 basiliscum
1005 1399 1343 1465 ambulabis
1367 1397 1698 1473 9‘;necesse
1737 1404 1829 1456 est
1848 1403 1910 1454 ut
1927 1412 2058 1455 cum

416 1514 640 1559 nomen
671 1494 827 1556 cervi
859 1494 918 1554 in
952 1492 1262 1573 Scriptura
1292 1491 1591 1563 audimns,
1616 1503 1955 1549 sermonem
1988 1483 2059 1544 aJ

2147 1311 2365 1385 δύναμιν
2411 1314 2505 1364 τοῦ
2562 1306 2755 1385 ἐχθροῦ
2788 1322 2802 1335 ⁸
2866 1307 2955 1362 καὶ
3006 1308 3098 1362 τοῦ
3154 1311 3376 1382 ψαλμοῦ
3431 1306 3592 1362 πάλιν
3628 1307 3803 1385 ἐπαγ-

2146 1398 2472 1475 γελλομένου
2522 1402 2600 1470 τῷ
2656 1396 2928 1473 προφήτῃ,
2989 1395 3071 1452 ὅτι
3106 1394 3226 1453 Ἐπὶ
3282 1395 3475 1453 ἀσπίδα
3504 1398 3593 1452 καὶ
3644 1398 3805 1472 βασι-

2146 1493 2326 1549 λίσκον
2373 1487 2628 1565 ἐπιϐήσῃ)
2659 1508 2674 1523 ⁶
2736 1488 2969 1566 ἀνάγκη,
3005 1488 3131 1545 ὅταν
3162 1488 3357 1569 ἐλάφου
3389 1488 3559 1564 ὄνομα
3586 1489 3797 1545 ἀκούω-

417 1586 729 1649 meliorem
758 1582 1214 1645 similitudinem
1247 1580 1575 1643 trahamus.
1623 1575 1772 1638 Nam
1829 1575 2063 1639 Montes

2160 1603 2245 1639 λεν
2277 1580 2332 1637 ἐν
2362 1585 2434 1657 τῇ
2488 1584 2693 1658 Γραφῇ,
2728 1579 2866 1656 ωρὸς
2896 1579 2994 1645 τὴν
3027 1577 3274 1654 βελτίονα
3320 1581 3495 1635 εἰκόνα
3522 1580 3613 1635 τὸν
3643 1578 3799 1657 λόγον

417 1677 649 1738 θωεειεί
673 1671 959 1763 σθκζυδέοολ
977 1673 1119 1763 item
1149 1693 1163 1733 :
1189 1671 1517 1763 Desiderat
1540 1684 1753 1763 cervus
1770 1665 1851 1757 ad
1871 1666 2065 1763 [entes

2160 1671 2346 1733 ἕλκειν,
2406 1668 2559 1747 ’Ὀρη
2616 1668 2715 1747 γὰρ
2784 1668 2851 1724 τά
2908 1667 3091 1743 ὑψηλά
3150 1682 3270 1733 ταῖς
3357 1668 3573 1748 ἐλάφοις
3612 1684 3625 1697 ⁸
3690 1670 3798 1739 καὶ,

413 1753 803 1835 aquarum“.
825 1745 1084 1817 Proinde
1100 1771 1235 1815 cum
1260 1759 1319 1814 et
1333 1752 1529 1830 justus
1551 1752 1744 1809 omnis
1767 1746 1827 1806 in
1850 1745 2065 1837 altissi-

2160 1760 2430 1817 Ἐπιποθετ
2591 1745 2786 1837 ἔλαφος
2858 1760 2946 1814 ἐπὶ
3023 1759 3115 1823 τάς
3179 1759 3356 1836 πηγάς
3410 1745 3512 1815 τῶν
3572 1757 3799 1820 ὑδάτων,

416 1834 530 1906 mis
552 1841 1185 1924 commoretur,Ju:cta
1197 1857 1446 1920 scopum
1458 1854 1812 1927 persequens
1832 1836 1909 1896 ad
1933 1834 2066 1927 bra—

2160 1850 2297 1908 Ἐπεὶ
2341 1852 2430 1905 οὗν
2488 1848 2575 1905 καὶ
2632 1834 2736 1913 πᾶνς
2782 1846 2981 1909 δίκαιος
3033 1848 3088 1903 ἐν
3117 1834 3356 1923 ὑψηλοῖς
3404 1849 3521 1927 ἔχει
3566 1850 3663 1915 τὴν
3696 1848 3807 1903 δια-

423 1936 579 1997 νὸιιηι
591 1951 867 2015 superna
878 1929 1481 2005 uocationtsmﬁtiam
1498 1928 1570 1989 ad
1582 1926 1936 2017 poculentos
1949 1924 2068 1986 fon-

2160 1937 2363 2017 τριϐὴν,
2412 1939 2561 1996 Κατά
2619 1939 2821 1994 σκοπὸν
2866 1935 3072 1994 διώκων
3118 1937 3211 1993 ἐπὶ
3260 1939 3323 1993 τὸ
3375 1924 3627 2015 βραϐεῖον
3675 1937 3801 2014 (19)

423 2040 508 2089 tos
521 2023 804 2100 accurrit,
833 2021 1145 2101 theologiae
1177 2018 1473 2102 principia
1504 2016 1698 2098 prima
1724 2016 2061 2095 requirens.

416 2112 625 2176 Trahit
640 2121 838 2176 autem
861 2129 1075 2175 cervus
1091 2111 1213 2173 oris
1236 2109 1330 2170 sui
1356 2107 1749 2188 respiratione
1777 2114 2067 2166 venenata

414 2203 696 2266 animalia
718 2201 1027 2275 latitantia,
1058 2218 1249 2281 eaque
1279 2198 1334 2259 vi
1363 2198 1607 2280 spiritus
1633 2196 1723 2257 sui
1744 2215 1776 2257 e
1808 2194 2067 2258 latibulis

417 2293 644 2357 educit.
677 2290 1191 2365 Quemadmodum
1224 2288 1403 2368 igitur
1432 2295 1676 2348 sauctus
1694 2286 1891 2366 aquila
1912 2285 2065 2346 dici-

418 2389 540 2461 tur,
570 2381 730 2461 quod
762 2380 1041 2443 sublimia
1069 2387 1251 2459 petat,
1275 2389 1336 2438 et
1372 2376 1692 2456 plurimum
1727 2396 1761 2436 a
1789 2382 1948 2437 terra
1980 2375 2066 2435 di-

418 2478 533 2533 stet
559 2494 574 2548 ;
599 2479 659 2534 et
677 2469 1186 2548 quemadmodum
1213 2468 1432 2529 dicitur
1460 2467 1585 2528 ovls
1612 2464 1687 2526 ob
1723 2473 2065 2526 mansuetu-

419 2560 621 2623 dinem
679 2570 739 2623 et
785 2578 987 2621 rerum
1042 2576 1285 2622 suarum
1327 2554 1930 2618 communicationem
1962 2574 1977 2631 ;
2009 2564 2066 2617 et

416 2649 574 2712 aries
602 2649 678 2712 ob
706 2649 1031 2729 imperium
1068 2670 1084 2729 ;
1116 2656 1175 2709 et
1200 2646 1481 2709 columba
1507 2654 1750 2726 propter
1781 2644 2064 2705 innocen-

417 2738 562 2800 tiam
592 2760 604 2797 :
632 2740 711 2801 ita
739 2756 983 2817 quoque
1017 2736 1245 2801 dicitur
1267 2754 1476 2799 cervus
1498 2735 1572 2797 ob
1597 2753 1725 2797 eam
1754 2753 1928 2816 quam
1962 2736 2063 2796 ha-

418 2826 518 2891 bet
546 2829 831 2891 adversus
860 2845 1036 2908 prava
1069 2826 1551 2909 repugnantiam.
1589 2825 1737 2888 Ideo
1780 2834 1839 2887 et
1889 2826 2063 2886 Salo-

416 2935 557 2979 mon
572 2915 1299 2990 aitzCervusamicitia,et
1316 2914 1525 2995 pullus
1555 2921 1795 2977 tuarum
1820 2920 2064 2993 gratia-

416 3024 551 3070 rum
564 3006 989 3086 confabulatur
1003 3005 1331 3070 tecumW.N
1338 3024 1404 3068 os
1417 3012 1617 3067 autem
1633 3004 1806 3066 docet
1830 3022 2026 3065 memo
2037 3037 2063 3048 -

2160 3014 2392 3093 χαρίτων
2440 3000 2694 3088 ὁμιλιίτω
2752 3028 2885 3068 σοι’

414 3104 579 3160 ratos
602 3114 809 3160 cervos
836 3095 908 3157 ad
937 3095 1250 3174 theologia:
1272 3095 1607 3158 doctrinam
1634 3112 1768 3156 esse
1792 3093 2062 3155 idoneos.

496 3289 559 3351 7.
600 3288 733 3349 [29
771 3286 897 3351 Vox
926 3285 1177 3350 Domini
1210 3302 1578 3369 praeparans
1626 3302 1857 3349 cervos.
1916 3284 2062 3346 Cum

2146 2031 2247 2095 τῆς
2318 2027 2427 2084 ἄνω
2475 2025 2743 2101 κλήσεως,
2797 2028 2885 2086 καὶ
2958 2028 3088 2105 πρὸς
3147 2028 3239 2091 τάς
3291 2027 3548 2101 ποτίμους
3614 2028 3798 2103 πηγὰς

2148 2118 2452 2197 ἀνατρέχει,
2507 2116 2601 2179 τὰς
2650 2116 2863 2195 πρώτας
2920 2116 3093 2195 ἀρχὰς
3138 2122 3236 2183 τῆς
3266 2116 3543 2193 Θεολογίας
3588 2115 3797 2186 ἀναζη-

2152 2215 2281 2267 τῶν.
2332 2206 2528 2266 ’Ἒλκει
2562 2206 2615 2261 δὲ
2646 2208 2680 2274 ἡ
2714 2206 2907 2286 ἔλαφος
2933 2214 3001 2283 τῇ
3031 2208 3272 2281 ἀναπνοῇ
3314 2206 3405 2262 τοῦ
3438 2207 3704 2280 στόματος
3734 2207 3800 2262 τά

2148 2298 2452 2377 φωλεύοντα
2480 2302 2584 2354 τῶν
2619 2295 2864 2371 ίοϐόλων,
2900 2298 2987 2353 καὶ
3020 2296 3124 2353 ἀπὸ
3183 2296 3289 2352 τῶν
3340 2294 3676 2352 καταδύσεων
3709 2296 3797 2359 ἒξ-

2150 2389 2263 2465 άγει
2317 2393 2385 2464 τῇ
2432 2388 2519 2463 βίᾳ
2570 2394 2663 2444 τοῦ
2704 2387 3028 2463 πνεύματος,
3090 2384 3314 2465 ’Ὥσπερ
3367 2386 3455 2443 οὖν
3486 2386 3639 2448 ἀετὸς
3673 2383 3792 2455 (20)

2149 2477 2361 2555 λέγεται
2422 2479 2449 2533 ὁ
2502 2476 2653 2553 ἅγιος
2708 2475 2792 2532 διὰ
2855 2476 2917 2533 τό
2966 2477 3389 2555 μετεωροπόρον,
3445 2477 3531 2531 καὶ
3589 2473 3673 2530 διὰ
3736 2475 3797 2529 τὸ

2149 2564 2435 2645 διηρμένον
2494 2566 2600 2622 ἀπὸ
2630 2571 2732 2643 γῆς
2762 2564 2847 2621 ἐπὶ
2875 2565 3068 2622 πλεῖον
3103 2584 3119 2600 ο
3167 2568 3253 2621 καὶ
3284 2566 3357 2627 ὡς
3409 2562 3677 2642 πρόϐατον
3709 2562 3792 2619 διὰ

2149 2659 2209 2712 τὸ
2242 2656 2442 2734 ἥμερον
2472 2658 2561 2712 καὶ
2609 2653 2953 2730 μεταδοτικὸν
3006 2655 3080 2710 ὧν
3130 2653 3248 2733 ἔχει
3277 2668 3289 2683 ’
3328 2654 3415 2709 καὶ
3446 2656 3589 2727 κριὸς
3622 2652 3706 2708 διὰ
3736 2654 3796 2708 τὸ

2157 2744 2485 2823 ἡγεμονικόν
2522 2761 2537 2777 ⁸
2580 2746 2665 2801 καὶ
2696 2744 2975 2823 περιστερὰ
3026 2741 3110 2799 διὰ
3151 2745 3212 2799 τὸ
3256 2742 3454 2798 ἄκακον
3487 2759 3500 2773 ⁸
3549 2742 3687 2800 οὕτω
3715 2744 3803 2799 καὶ

2157 2834 2354 2916 ἔλαφος
2386 2835 2471 2893 διὰ
2502 2835 2599 2901 τὴν
2629 2834 2759 2913 πρὸς
2789 2834 2855 2889 τά
2897 2831 3102 2911 πονηρά
3145 2832 3474 2894 ἐναντίωσιν,
3526 2834 3620 2888 Διὸ
3651 2834 3737 2887 καὶ
3765 2834 3792 2887 ὁ

2152 2923 2407 2999 Σολομὼν
2459 2946 2622 3003 φησιν
2654 2937 2669 2953 ⁶
2748 2921 3001 2999 ’Ἔλαφος
3055 2921 3255 3002 φιλίας,
3316 2923 3403 2977 καὶ
3459 2920 3639 2984 πῶλος
3693 2928 3801 2977 σῶν

2944 3010 3201 3068 διδάσκων
3251 3013 3392 3088 ἡμᾶς
3444 3016 3563 3077 τούς
3612 3035 3799 3091 προει-

2153 3101 2427 3180 ρημένους
2492 3100 2719 3180 ἐλάφους
2776 3100 3104 3169 ἐπιτηδείους
3158 3101 3299 3158 εἶναι
3351 3103 3483 3181 πρὸς
3529 3102 3801 3181 θεολογίας

2151 3188 2513 3251 διδασκαλίαν.

2230 3280 2295 3345 7,
2355 3282 2521 3350 Φωνὴ
2585 3282 2773 3361 Κυρίου
2822 3282 3243 3362 καταρτιζομένη
3317 3282 3562 3364 ἐλάφους.
3624 3282 3802 3341 ’Ὅταν

416 3378 596 3459 igitur
607 3377 947 3459 quempiam
963 3375 1069 3440 Dei
1083 3377 1389 3440 hominem
1408 3375 1743 3457 perfectum
1760 3384 1815 3437 et
1830 3374 2065 3435 absolu-

2160 3372 2233 3428 >ὗν
2288 3370 2492 3447 ἴδωμέν
2530 3394 2647 3429 τινα
2670 3370 2941 3451 ἄνθρωπον
2989 3379 3120 3429 Θεοῦ
3150 3371 3353 3430 τέλειον
3406 3373 3485 3428 καὶ
3540 3394 3796 3450 κατηρτι-

417 3475 542 3531 tum
573 3466 920 3541 viderimus,
954 3466 1272 3529 utilitatem
1297 3485 1367 3528 ex
1400 3466 1530 3545 ejus
1557 3482 1879 3543 congressu
1898 3482 2062 3545 qua:-

416 3566 639 3611 ramus.
675 3546 819 3609 Nam
852 3566 1027 3610 cervo
1081 3554 1374 3628 praesente
1424 3546 1792 3626 serpentium
1834 3546 2066 3623 fugatur

420 3636 645 3700 malitia
673 3636 895 3699 omnis.
926 3635 1058 3699 Non
1084 3637 1245 3699 enim
1283 3636 1463 3716 hujus
1493 3634 1770 3696 animalis
1818 3637 2062 3697 odorem

418 3727 713 3789 virulenta
741 3726 1066 3788 animantia
1090 3725 1419 3805 perferunt,
1443 3733 1505 3785 ut
1535 3742 1665 3805 quae
1694 3724 1786 3787 vel
1822 3726 1892 3787 ad
1928 3744 2063 3787 cor-

418 3834 603 3879 nuum
635 3816 1013 3877 cervinorum
1044 3816 1302 3877 suﬂitum
1336 3814 1645 3877 secedant.
1674 3814 1758 3876 Et
1782 3816 2067 3881 reuelabit

420 3905 740 3968 condensa.
785 3904 1052 3969 Primum
1085 3922 1195 3967 vox
1228 3904 1465 3967 Domini
1491 3915 1782 3986 praeparat
1813 3925 2019 3968 cervos
2049 3928 2063 3968 :

421 3993 643 4058 deinde
671 3996 899 4056 revelat
918 3995 1225 4057 condensa
1258 3994 1695 4067 loca,vidc|icet
1715 3997 2067 4067 consita,at-

426 4101 542 4166 que
562 4083 784 4165 agresti
811 4102 880 4146 ac
903 4083 1273 4145 infructuosa
1306 4085 1557 4145 materia
1588 4085 1951 4146 condensata
1974 4107 1990 4159 ;
2011 4087 2070 4145 in

423 4192 556 4256 qua;
584 4173 714 4235 loca
740 4172 1022 4234 animalia
1049 4182 1339 4236 venenata
1387 4174 1647 4235 maxime
1695 4174 1966 4254 recipere
2007 4191 2073 4233 se

2149 3462 2364 3542 σμένον,
2419 3462 2520 3529 τὴν
2572 3462 2678 3519 ἀπὸ
2735 3467 2835 3529 τῆς
2880 3461 3091 3538 ὁμιλίας
3144 3464 3302 3522 αὐτοῦ
3332 3460 3594 3542 ὠφέλειαν
3626 3485 3799 3538 μετα-

2149 3552 2453 3628 διώκωμεν.
2507 3550 2701 3610 ’Ὅπου
2767 3554 2868 3631 γὰρ
2896 3550 3093 3630 ἐλάφου
3141 3554 3422 3631 παρουσία,
3456 3551 3800 3633 φυγαδεύεται

2150 3649 2295 3698 πᾶσα
2347 3648 2451 3699 τῶν
2483 3641 2720 3721 ἑρπετῶν
2768 3645 2803 3711 ἡ
2826 3642 3033 3717 ἡκακία,
3085 3646 3157 3700 Οὔ
3200 3643 3299 3721 γὰρ
3329 3641 3473 3720 φέρει
3502 3641 3599 3709 τὴν
3629 3643 3803 3715 ὀσμὴν

2150 3740 2243 3789 τοῦ
2270 3733 2407 3803 ζώου
2438 3732 2503 3788 τά
2540 3730 2753 3812 ἱοόόλα,
2787 3731 2919 3788 ὅπου
2968 3753 3028 3809 γε
3076 3732 3163 3787 καὶ
3221 3744 3341 3795 τοῖς
3388 3731 3599 3806 κέρασιν
3631 3735 3803 3788 αὐτῶν

2152 3820 2610 3897 ὕποθυμιωμένοις
2684 3823 2990 3899 ὑποχωρεῖ.
3065 3820 3162 3875 Καὶ
3256 3817 3590 3890 ἀποκαλύψει
3681 3815 3798 3893 δρυ-

2155 3910 2287 3984 μούς
2339 3908 2496 3988 (21).
2552 3914 2775 3986 Πρῶτον
2827 3910 2863 3975 ἡ
2916 3907 3066 3985 φωνὴ
3095 3914 3186 3963 τοῦ
3218 3908 3406 3983 Κυρίου
3440 3906 3801 3982 καταρτίζεται

2153 3999 2245 4061 τὰς
2292 3996 2516 4076 ἐλάφους
2545 4015 2562 4031 ·
2594 3995 2787 4052 ἔπειτα
2818 3995 3181 4052 ἀποκαλύπτει
3228 3992 3472 4073 δρυμοὺς,
3501 4016 3620 4071 τορς
3658 4017 3798 4069 συμ-

2156 4086 2346 4164 φύτους
2376 4087 2466 4141 καὶ
2513 4085 2619 4141 ἀπὸ
2679 4085 2864 4163 ἀγρίας
2911 4086 2998 4141 καὶ
3048 4085 3285 4163 ἀκάρπου
3332 4083 3462 4151 ὕλης
3514 4106 3802 4141 πεπυκνω-

2155 4172 2348 4247 μένους
2400 4173 2621 4246 τόπους,
2674 4175 2763 4239 οἶς
2826 4173 3060 4249 μάλιστα
3118 4174 3466 4255 προσφεύγειν
3524 4175 3590 4230 τὰ
3624 4173 3809 4231 ίοϐύλα

423 4262 641 4326 solent.
675 4260 966 4335 Quoniam
995 4261 1178 4341 igitur
1222 4280 1328 4344 per
1358 4262 1851 4342 prmparationem
1884 4280 1918 4321 a
1950 4260 2068 4321 Do-

2160 4263 2405 4342 πὲφυκεν.
2459 4265 2608 4322 Ἐπεὶ
2666 4272 2753 4324 οὖν
2784 4264 2889 4334 ἤδη
2923 4265 3258 4322 τετελείωται
3291 4265 3374 4321 διὰ
3425 4266 3517 4322 τὸν
3544 4266 3687 4343 παρὰ
3718 4274 3810 4323 τοῦ

426 4352 589 4415 mino
606 4351 816 4412 factam
833 4350 958 4430 jam
982 4349 1292 4414 absolutus
1315 4369 1531 4412 cervus
1564 4360 1676 4426 est,
1701 4350 1801 4431 qui
1834 4351 1886 4413 ei
1917 4351 2069 4413 assi-

428 4442 665 4504 milatur
688 4440 886 4520 justus
935 4441 1159 4500 revelat
1214 4440 1541 4516 condensa,
1576 4447 1639 4500 ut
1686 4441 1817 4501 vitae
1856 4450 2073 4502 nostrae

427 4536 808 4610 corruptores
836 4527 982 4589 nudi
1013 4537 1071 4589 et
1100 4528 1364 4609 expediti
1397 4527 1781 4607 objiciantur.
1838 4529 1905 4591 Et
1936 4531 2074 4610 quia

431 4618 697 4699 Lignum
712 4618 1076 4697 omne,quod
1087 4636 1208 4681 non
1220 4617 1370 4698 facit
1380 4621 1647 4697 fructum
1671 4621 2074 4694 bonum,exci-

2160 4352 2344 4433 Κυρίου
2407 4377 2693 4434 γενομενον
2754 4358 3122 4430 καταατισμὸν
3180 4358 3213 4424 ἡ
3284 4355 3501 4435 ἔλαφος,
3556 4358 3583 4412 ὁ
3641 4357 3807 4434 ταύτῃ

2156 4444 2505 4520 ὁμοιούμενος
2542 4444 2740 4511 δίκαιος
2795 4444 3164 4502 ἀποκαλύπτει
3228 4445 3350 4507 τοὺς
3410 4443 3660 4523 δρυμοὺς,
3717 4444 3810 4501 ’ίνα

2170 4535 2359 4611 γυμνοὶ
2418 4538 2505 4592 καὶ
2576 4534 2779 4611 ἕτοιμοι
2837 4533 3202 4615 παραδοθῶσιν
3280 4538 3324 4591 oi
3377 4537 3649 4613 φθαρτικοὶ
3712 4539 3808 4600 τῆς

2175 4629 2319 4694 ζωῆς
2387 4626 2563 4701 ἡμῶν.
2648 4627 2747 4685 Καὶ
2819 4623 3003 4692 ἐπειδὴ
3078 4631 3187 4680 Πᾶν
3250 4623 3400 4690 ξύλον
3472 4648 3551 4699 μη
3630 4630 3813 4681 ποιοῦν

514 4752 747 4817 “Luc.
773 4767 833 4833 ιι,
870 4751 965 4817 19.
996 4752 1061 4806 98
1088 4753 1246 4818 Psal.
1280 4770 1375 4837 xc,
1406 4755 1504 4819 13.
1555 4755 1620 4806 96
1652 4756 1812 4819 Psal.
1840 4771 1965 4832 cm,
2004 4757 2068 4819 18

2160 4758 2207 4807 '7
2236 4758 2392 4822 Psal.
2418 4775 2538 4836 xu,
2572 4759 2634 4823 2.
2683 4760 2749 4811 98
2777 4757 3040 4840 Philipp.
3073 4775 3160 4833 ιιι,
3196 4760 3291 4822 14.
3331 4758 3588 4820 99Prov.
3623 4775 3684 4832 v,
3714 4760 3810 4821 19.

522 4885 636 4966 (16)
665 4883 751 4948 Ita
784 4884 957 4968 Regii
986 4888 1283 4968 secundus
1315 4895 1379 4968 et
1394 4895 1636 4968 quartus
1667 4907 1803 4949 cum
1838 4888 2080 4951 Colber-

440 4972 564 5031 tino
595 4974 784 5030 sexto.
818 4965 975 5029 Editi
1005 4985 1143 5029 cum
1203 4965 1500 5032 aliquibus
1560 4987 1704 5031 mss.
1760 4968 2084 5032 ἀποδουναι,

442 5047 713 5129 Subinde
740 5045 910 5129 Colb.
931 5046 969 5108 2
997 5049 1249 5129 τοιαύτης
1264 5045 1466 5129 ἔλαχε,
1487 5067 1607 5129 non
1626 5049 1857 5111 diverso
1884 5068 2088 5113 sensu.

526 5126 838 5211 (l7)Notat
857 5127 1107 5211 Ducazus
1118 5128 1315 5211 simile
1326 5126 1611 5211 quiddam
1629 5130 1701 5190 do
1724 5129 1918 5191 cervis
1937 5131 2091 5211 apud

443 5206 706 5273 Plinium
738 5208 996 5290 narrari,
1027 5218 1087 5271 et
1116 5208 1270 5289 apud
1302 5206 1631 5290 Elianum.

521 5290 648 5371 (718i
677 5290 769 5371 [ta
795 5288 1062 5371 quinque
1089 5288 1233 5371 mss.
1269 5308 1403 5351 cum
1440 5288 1702 5371 editione
1734 5288 2091 5355 Basileensi.

2252 4892 2371 4973 (20)
2406 4892 2473 4954 In
2502 4892 2736 4957 duobus
2779 4908 2922 4954 mss.
2978 4890 3438 4973 legituruc'bamp
3481 4890 3582 4968 γὰρ
3632 4890 3811 4973 αέεός.

2173 4969 2384 5034 Statim
2408 4980 2529 5034 tres
2561 4992 2703 5035 mss.
2752 4969 3105 5050 κιῃρημὲνον.
3138 4970 3260 5033 Alii
3291 4990 3433 5033 mss.
3467 4987 3603 5050 cum
3636 4969 3815 5031 editis

2174 5052 2480 5155 διῃρμέξον.
2515 5054 2698 5118 Paulo
2735 5049 2869 5134 post
2896 5052 3065 5115 Colb.
3104 5059 3345 5132 quartus
3402 5049 3580 5113 habet
3629 5052 3813 5127 σοφίας

2179 5132 2562 5292 ρΐῗῖἷδλῖαιίιιο
2577 5213 2773 5275 locum
2795 5211 3314 5292 legitAugustinus
3328 5212 3410 5274 ita
3426 5219 3486 5274 ut
3502 5208 3813 5292 vertimus.

2182 5287 2452 5375 Vulgata,
2466 5294 2537 5357 Et
2551 5293 2839 5358 reuelabit
2854 5287 3178 5375 condensa.
3189 5292 3374 5355 Paulo
3391 5298 3522 5372 post
3542 5287 3819 5375 ubi‘legi-

457 5366 647 5454 Ediitiq
676 5366 867 5454 Paris:
926 5366 1645 5454 παραλαμϐάνεται.-Ιηῐῐ·ει
1708 5371 1879 5454 illud,
1913 5373 2068 5429 πάλιν

2182 5366 2369 5454 tur_in
2404 5366 2609 5437 multis
2641 5392 2784 5437 mss.
2822 5382 2879 5435 et
2906 5374 2965 5434 in
3002 5374 3182 5436 editis
3214 5366 3533 5454 συμφύτους,
3567 5366 3823 5433 habetur

443 5453 613 5516 deest
631 5450 693 5512 in
714 5446 955 5511 duobus
982 5446 1122 5512 mss.
1145 5448 1413 5514 Subinde
1434 5446 1897 5531 Reg.secundus
1929 5446 2095 5512 ἄκούὲ
2182 5454 2244 5517 in
2260 5452 2480 5517 Catena
2502 5454 2863 5519 Corderiana
2888 5456 3243 5534 ἀσυμφύτους,
3269 5446 3398 5516 sine
3430 5446 3646 5515 ordine
3673 5469 3820 5513 con-

444 5553 651 5621 WEEZ:
699 5610 735 5621 η
779 5607 816 5621 η
919 5608 954 5621 4,
1008 5609 1021 5621 ,
1276 5610 1291 5621 ,
1444 5542 1477 5621 ἶ
1770 5613 1783 5621 _
1834 5615 1844 5621 _
1928 5616 1937 5621 _
1986 5612 2009 5621 η
2169 5535 2440 5598 sita.Etsi
2459 5544 2655 5621 autem
2691 5536 2987 5621 scriptura
3014 5535 3193 5621 plane
3224 5535 3458 5595 diversa
3487 5542 3822 5621 est_,sensus

532 5607 658 5756 (492
692 5607 1025 5701 Qelbertini
1071 5610 1370 5674 secundus
1398 5620 1457 5675 et
1490 5622 1733 5694 quartus
1767 5613 1851 5671 ἐπὶ
1894 5616 1954 5670 τὸ
1979 5612 2088 5671 ἅνω
2170 5623 2376 5679 tamen
2409 5618 2623 5679 eodem
2659 5607 2837 5679 redit:
2865 5607 3035 5687 Quod
3062 5616 3222 5677 enim
3255 5634 3289 5677 a
3312 5621 3521 5677 natura
3536 5614 3669 5675 sine
3691 5622 3826 5673 arte

532 5690 603 5753 ιϐ.
658 5690 858 5755 bidem
881 5707 989 5753 vox
1008 5689 1614 5756 apricatvnozranbo
1642 5692 1866 5756 omissa
1896 5694 2089 5756 fuerat
2172 5697 2543 5756 uroducitur-
2576 5698 2635 5756 id
2691 5699 3033 5756 oromiscue
3093 5704 3156 5756 et
3199 5697 3328 5756 sine
3385 5694 3600 5756 ordine
3654 5692 3824 5755 nasci

447 5689 989 5784 @paB:_lbidamvox
1008 5689 1614 5776 épxdcatypograpbo
1642 5692 1866 5758 omissa
1896 5694 2089 5758 fuerat
2172 5697 2543 5784 producitur,
2576 5698 2635 5760 id
2691 5699 3033 5780 promiscue
3093 5704 3156 5759 et
3199 5697 3328 5758 sine
3385 5694 3600 5757 ordine
3654 5692 3824 5755 nasci

450 5770 794 5837 ineditione
819 5770 1008 5837 Paris.
1075 5770 1113 5773 ’⁷
1280 5770 1330 5773 ’“
1395 5770 1415 5773 ⁷
1496 5770 1515 5776 ⁷
2171 5770 2349 5844 solet.
