4138 6378
364 325 484 392 305

1500 323 1819 390 HOMlLIA
1866 321 1942 388 IN
1991 319 2353 388 PSALMUM
2399 320 2616 387 XXIX.

3620 322 3736 389 3Οὸ

361 491 429 524 τα
463 468 558 522 καὶ
589 466 902 545 ἰσχύουσαν,
963 471 1038 537 τῷ
1081 461 1134 518 δὲ
1179 463 1646 543 δικαιοπραγοῦντι
1707 459 1826 543 (32)
1862 460 1983 518 δίδω

2104 475 2238 535 qua;
2267 457 2486 520 mentis
2518 464 2608 519 est
2635 458 2884 519 ﬁrmitas
2918 458 3055 519 194
3083 458 3352 537 quaedam
3385 466 3563 539 atque
3581 477 3732 522 con-

364 581 451 615 σιν
506 557 687 636 ἰσχύν,
755 555 900 610 Διότι
956 561 1042 624 Τῷ
1094 553 1274 634 ἔχοντι
1323 556 1479 610 παντὶ
1522 553 1826 624 δοθήσεται.
1887 551 2014 609 Ἐν-

373 647 695 720 δυναμιυθεὶς
726 643 780 699 δὲ
812 645 940 722 πρὸς
974 651 1070 708 τὴν
1115 650 1220 699 τῶν
1271 643 1482 722 ἀγαθῶν
1528 645 1695 722 ἔργων
1726 643 2012 721 ἐνέργειαν,

366 735 514 801 ἄξιος
571 737 770 810 ¹γίνεται
801 739 900 800 τῆς
961 733 1068 788 ἀπὸ
1125 741 1217 788 τοῦ
1248 741 1381 792 Θεοῦ
1435 732 1698 809 εὐλογίας.
1735 731 1930 788 "Bome
1960 729 2014 785 δὲ

361 825 672 891 τελειοτάτη
724 825 830 880 τῶν
887 821 1144 901 εὔλογιῶν
1207 823 1350 878 εἶναι
1407 825 1439 890 ἡ
1494 824 1696 900 εἰρήνη,
1738 820 2010 879 εὖστάθειά

355 935 432 978 τις
467 914 596 969 οὖσα
653 920 746 970 τοῦ
804 916 1128 990 ἡγεμονικοῦ
1156 928 1168 940 ·
1227 911 1370 968 ὥστε
1414 913 1505 968 τὸν
1556 913 1820 988 εἰρηνικὸν
1851 907 2008 987 ἄνδρα

357 1003 412 1059 ἐν
466 1008 544 1076 τῷ
584 1001 934 1058 κατεστάλθαι
965 1003 1032 1057 τὰ
1061 1000 1164 1069 ἤθη
1225 1003 1707 1081 χαρακτηρίζεσθαι
1745 1017 1766 1038 ο
1819 1001 1910 1055 τὸν
1953 997 2006 1054 δὲ

347 1091 754 1167 πολεμούμενον
805 1092 907 1147 ὑπὸ
952 1097 1057 1147 τῶν
1115 1094 1298 1147 παθῶν
1343 1092 1512 1165 μήπω
1569 1091 1664 1158 τῆς
1719 1091 1826 1146 ἀπὸ
1873 1091 2008 1145 Θεοῦ

341 1182 559 1259 εἱρήνης
617 1179 1041 1259 μετεσχηκέναι,
1096 1183 1162 1247 ἢν
1216 1182 1242 1235 ὁ
1293 1180 1476 1258 Κύριος
1528 1177 1692 1235 ἔδωκε
1724 1192 1842 1241 τοῖς
1877 1179 2003 1234 ἐαυ-

342 1278 439 1327 τοῦ
470 1273 763 1348 μαθηταῖς,
821 1268 964 1342 ἥτις,
1029 1269 1365 1348 ὑπερέχουσα
1422 1270 1596 1326 πάντα
1655 1276 1794 1342 νοῦν,
1831 1289 1998 1347 φρου-

346 1361 500 1436 ρήσει
532 1360 623 1425 τὰς
654 1361 834 1438 ψυχας
865 1362 970 1414 τῶν
999 1358 1177 1424 ἀξίων,
1229 1359 1436 1426 Ταύτην
1479 1360 1566 1416 καὶ
1601 1361 1627 1415 ὁ
1657 1356 2002 1420 Ἀπόστολος

345 1449 636 1530 ἐπεύχεται
686 1463 809 1510 ταῖς
865 1445 1234 1520 Ἐκκλησίαις,
1297 1447 1470 1527 λέγων
1505 1469 1518 1482 ·
1558 1449 1720 1524 Χάρις
1748 1449 1880 1522 ὑμῖν
1911 1449 2002 1503 καὶ

346 1540 530 1616 εἰρήνη
588 1538 932 1606 πληθυνθείη,
991 1538 1200 1594 Γένοιτο
1251 1541 1338 1594 οὖν
1396 1541 1530 1612 ἡμῖν
1563 1537 1740 1599 καλῶς
1799 1538 2000 1616 ἀγωνι-

347 1627 625 1706 σαμένοις,
657 1650 743 1683 και
772 1629 833 1682 τὸ
865 1628 1112 1706 φρόνημα
1160 1627 1258 1694 τῆς
1303 1629 1498 1703 σαρκὸς
1551 1625 1990 1705 καταστρεψαμέ-

349 1737 482 1790 νοις,
521 1715 549 1771 ὅ
581 1715 721 1773 ἐστιν
753 1716 918 1796 ἔχθρα
949 1719 1022 1782 εἰς
1060 1719 1213 1794 Θεὸν,
1259 1716 1314 1772 ἐν
1364 1716 1690 1794 γαληνιώσει
1743 1718 1830 1772 καὶ
1862 1717 1994 1772 ἀκύ-

347 1827 474 1880 μονι
508 1807 835 1863 καταστάσει
869 1812 966 1873 τῆς
1021 1811 1205 1885 ψυχῆς
1237 1806 1557 1885 γενομένης,
1605 1807 1819 1882 εἰρήνης
1851 1808 1993 1879 ἡμᾶς

344 1896 484 1957 υἱοὺς
517 1895 893 1974 χρηματίζειν,
949 1897 1036 1950 καὶ
1090 1900 1187 1962 τῆς
1244 1894 1486 1972 εὐλογίας
1534 1902 1627 1951 τοῦ
1658 1902 1789 1950 Θεοῦ
1822 1915 1992 1968 μετα-

2100 545 2831 627 stantia,benedictionum
2859 547 3297 627 perfectissima
3329 565 3460 610 esse
3480 547 3735 626 videtur;

2100 655 2282 718 quare
2305 636 2538 713 paciﬁci
2570 637 2678 698 viri
2711 633 3018 699 character
3040 637 3100 697 in
3142 637 3486 718 compositis
3534 655 3603 698 ac
3633 656 3734 700 se-

2101 728 2256 790 datis
2274 725 2544 790 moribus
2560 726 2710 789 situs
2733 733 2822 788 est
2852 745 2865 788 :
2893 727 3236 807 contra,qui
3259 745 3291 788 a
3315 725 3736 806 cupiditatibus

2099 817 2768 897 oppugnatur,nondum
2791 816 2952 895 pacis
2970 817 3074 879 Dei
3101 815 3392 896 particeps
3412 822 3523 896 est,
3557 835 3732 897 quam

2095 925 2300 986 pacem
2324 905 2633 986 discipulis
2652 905 2776 967 suis
2798 905 3082 968 Dominus
3104 905 3288 980 dedit,
3324 924 3455 986 quae
3481 925 3614 966 cum
3648 905 3735 966 in-

2093 996 2392 1058 tellectum
2413 1013 2652 1057 omnem
2673 1005 2915 1074 superet
2940 995 3365 1076 ‘0,eorum,qui
3389 995 3547 1074 digni
3571 1004 3732 1075 sunt,

2089 1092 2316 1148 animas
2333 1083 2616 1147 tuebitur.
2640 1083 2805 1147 Hanc
2822 1087 3122 1164 apostolus
3140 1083 3424 1146 Ecclesiis
3441 1102 3733 1164 appreca-

2093 1174 2428 1250 tur,dicens
2467 1195 2480 1233 :
2518 1174 2740 1236 Gratia
2761 1173 2927 1235 vobis
2960 1181 3016 1235 et
3045 1191 3169 1252 pars
3191 1173 3727 1254 multiplicetur“.

2087 1263 2321 1328 Utinam
2357 1263 2543 1341 igitur
2566 1272 2878 1344 postquam
2913 1272 3156 1324 strenue
3188 1263 3637 1338 certaverimus,
3663 1282 3732 1326 ac

2088 1354 2286 1414 carnis
2336 1353 2612 1413 allectum
2671 1353 2769 1431 qui
2819 1352 3131 1415 inimicitia
3204 1351 3488 1414 adversus
3540 1355 3728 1417 Deum

2090 1452 2204 1522 est,
2243 1445 2299 1504 in
2325 1442 2668 1504 servitutem
2700 1442 3341 1522 redegerimus,anima
3365 1442 3423 1502 in
3450 1445 3731 1522 tranquil-

2085 1533 2248 1594 litate
2271 1551 2334 1593 ac
2361 1532 2561 1611 quieto
2583 1541 2738 1593 statu
2765 1532 3101 1605 constituta,
3138 1532 3242 1592 filii
3278 1533 3437 1611 pacis
3459 1533 3729 1612 appelle-

2089 1641 2243 1698 mur,
2281 1630 2462 1699 atque
2495 1623 2551 1681 in
2573 1639 2716 1701 pace
2739 1623 2945 1683 ﬁamus
2994 1621 3433 1683 benedictionis
3466 1623 3572 1685 Dei
3602 1640 3730 1703 par-

2085 1711 2330 1792 ticipes:
2362 1714 2416 1771 in
2444 1710 2678 1773 Christo
2693 1709 2836 1773 Jesu
2863 1711 3114 1773 Domino
3163 1721 3388 1785 nostro,
3415 1712 3508 1774 cui
3540 1712 3728 1790 gloria

2080 1810 2136 1863 et
2159 1801 2667 1882 imperium,nunc
2701 1809 2760 1862 et
2783 1811 3111 1880 semper,et
3143 1801 3202 1861 in
3235 1802 3451 1861 saecula
3483 1801 3730 1862 saeculo-

2078 1910 2234 1953 rum.
2264 1894 2482 1953 Amen.

343 1995 505 2058 σγετν
533 1985 590 2038 ’sv
621 1984 830 2060 εἰρήνῃ,
865 1983 920 2039 ἐν
949 1991 1157 2059 Χριστῷ
1189 1983 1366 2051 Ἰησοῦ
1409 1991 1484 2058 τῷ
1519 1983 1722 2064 Κυρίῳ,
1756 1991 1802 2058 ᾦ
1831 1985 1864 2051 ἡ
1898 1981 2020 2048 δόξα
2063 1983 2149 2037 καὶ
2179 1983 2239 2036 τὸ
2271 1981 2464 2058 κράτος
2497 1987 2582 2037 νῦν
2614 1981 2699 2036 καὶ
2769 1980 2870 2053 ἀεὶ,
2917 1981 3004 2036 καὶ
3073 1981 3147 2043 εἷς
3201 1980 3324 2042 τοὺς
3371 1981 3564 2044 αἰῶνας
3620 1984 3726 2036 τῶν

342 2071 572 2136 αἰώνων,
603 2070 804 2148 Ἀμήν.

759 2288 866 2338 ΕΙΣ
913 2289 1044 2340 TON
1094 2282 1198 2341 κε’
1247 2291 1561 2348 ΨΑΑΜΟΝ.

559 2369 783 2443 Ψαλμὸς
817 2368 959 2444 ᾠδῆς
993 2382 1086 2431 τοῦ
1109 2371 1462 2450 ,ἐγκαινισμοῦ
1491 2375 1585 2430 τοῦ
1613 2372 1772 2430 οἴκου

1009 2462 1045 2507 Δ
1059 2449 1169 2508 asta
1193 2452 1336 2532 (33).

429 2549 485 2609 1.
540 2547 848 2630 Ψαλτήριςν
908 2551 1004 2625 μὲν
1063 2558 1357 2630 τροπικῶς,
1420 2553 1504 2608 καὶ
1543 2550 1766 2631 ὄργανον
1809 2554 1982 2631 ἡρμο-

341 2639 533 2714 σμένον
593 2643 865 2714 μουσικῶς
914 2642 986 2701 εἰς
1044 2639 1239 2714 ὕμνους
1282 2648 1375 2697 τοῦ
1434 2644 1565 2696 Θεοῦ
1594 2643 1770 2720 ἡμῶν,
1807 2644 1840 2709 ἡ
1898 2651 1991 2701 τοῦ

341 2728 591 2802 σώματός
649 2731 760 2785 εστι
820 2731 1124 2798 κατασκευή
1157 2747 1171 2763 ⁸
1216 2728 1446 2804 Ψαλμὸς
1486 2729 1538 2786 δὲ
1571 2733 1622 2786 αἱ
1653 2730 1735 2786 διὰ
1766 2742 1858 2791 τοῦ
1890 2732 1991 2788 σώ-

341 2839 509 2892 ματος
553 2815 787 2896 πράξεις.
826 2821 876 2874 αἱ
933 2820 1006 2884 εἷς
1058 2815 1210 2883 δόξαν
1268 2822 1400 2875 Θεοῦ
1433 2817 1830 2900 ἆποδιδόμεναι,
1865 2820 1990 2876 ὅταν

338 2907 440 2963 ὑπὸ
497 2917 586 2966 τοῦ
644 2905 804 2986 λόγου
834 2906 1169 2986 ἡρμοσμένου
1219 2905 1384 2982 μηδὲν
1431 2907 1656 2985 ἓκμελὲς
1717 2908 1990 2967 ἀποτελῶ-

341 3019 437 3070 μεν
487 2996 541 3053 ἐν
593 3011 711 3059 τοῖς
773 2997 1084 3071 κινήμασιν,
1133 2993 1266 3078 ’ῼδὴ
1323 2995 1377 3052 δέ
1435 2997 1598 3069 ἐστιν,
1635 2997 1734 3056 ὅσα
1765 3002 1986 3079 θεωρίας

337 3085 524 3166 ἔχεται
556 3085 771 3162 ὑψηλῆς
830 3084 952 3165 (34)
1006 3088 1094 3142 καὶ
1145 3085 1419 3163 θεολογίας
1498 3085 1677 3145 ’Ὠστε
1711 3093 1737 3146 ὁ
1771 3089 1984 3166 ψαλμὸς

335 3172 494 3252 λόγος
547 3173 656 3232 ἐστὶ
715 3177 993 3254 μουσικὸς,
1056 3173 1182 3230 ὅταν
1241 3176 1503 3250 εὒρύθμως
1552 3179 1688 3235 κατὰ
1719 3180 1841 3243 τοὺς
1893 3181 1985 3257 ἀρ-

337 3266 588 3338 μονικοὺς
619 3263 807 3342 λόγους
861 3266 992 3339 πρὸς
1042 3265 1106 3320 τὸ
1163 3261 1386 3342 ὄργανον
1430 3268 1682 3343 κρούηται
1725 3287 1735 3299 ’

335 3354 486 3430 φωνὴ
545 3352 788 3429 ἓμμελὴς
846 3351 1207 3428 ἀποδιδομένη
1269 3353 1616 3434 ἐναρμονίως,
1669 3360 1835 3436 χωρὶς
1889 3364 1988 3426 τῆς

337 3443 690 3522 συνηχήσεως
749 3450 842 3498 του
935 3442 1178 3521 ὀργάνου.
1237 3440 1492 3500 Ἐνταῦθα
1549 3447 1743 3515 τοίνυν,
1805 3445 1987 3514 ἐπειδὴ

337 3530 749 3610 ἐπιγέγραπται,
819 3531 1046 3607 Ψαλμὸς
1131 3529 1298 3612 ῲδῆς,
1374 3535 1643 3612 ἡγούμεθα
1707 3537 1807 3604 τὴν
1863 3537 1988 3593 ἀκό-

339 3619 524 3678 λουθον
577 3621 761 3702 πρᾶξιν
821 3627 890 3698 τῇ
943 3623 1131 3695 θεωρίᾳ
1161 3623 1250 3678 τὸν
1281 3621 1440 3702 λόγον
1483 3626 1823 3689 αἰνίσσεσθαι,
1888 3634 1986 3684 Οὗ-

337 3732 428 3775 τος
473 3708 528 3765 δὲ
560 3713 587 3766 ὁ
617 3711 833 3787 ψαλμὸς
863 3713 962 3778 τῆς
995 3709 1163 3786 ᾠδῆς,
1210 3715 1348 3769 κατὰ
1409 3714 1502 3782 τὴν
1534 3713 1857 3795 ἐπιγραφὴν,
1893 3724 1986 3772 τοῦ

339 3797 682 3877 ἐγκαινισμοῦ
740 3808 832 3859 τοῦ
884 3801 1040 3859 οἴκου
1098 3803 1342 3882 περιέχει
1405 3804 1546 3868 τινὰς
1612 3804 1824 3883 λόγους,
1890 3807 1987 3863 Καὶ

333 3888 469 3945 ἔοικε
525 3892 663 3948 κατὰ
708 3891 804 3954 μὲν
861 3893 922 3948 τὸ
980 3894 1310 3966 σωματικὸν,
1361 3892 1446 3950 ἐπὶ
1500 3901 1607 3950 τῶν
1654 3896 1864 3974 χρόνων
1895 3907 1987 3955 τοῦ

331 3979 704 4056 Σολομῶντος,
742 3981 1112 4058 ἀνεγερθέντος
1167 3981 1297 4061 (35)
1351 3993 1444 4042 τοῦ
1474 3983 1795 4058 περιϐοήτου
1827 3986 1973 4058 ναοῦ,

326 4071 354 4124 ὁ
384 4067 543 4145 λόγος
574 4067 972 4142 διεξοὸεύεσθκι,
1033 4072 1164 4148 πρὸς
1215 4075 1275 4129 τὸ
1307 4072 1602 4150 ψαλτήριον
1638 4073 1980 4150 μελῳδούμεν-

329 4179 415 4218 vo;
451 4171 465 4184 '
533 4159 669 4212 κατὰ
727 4157 782 4213 δὲ
835 4160 894 4214 τὸ
933 4163 1147 4233 νοητὸν,
1199 4164 1296 4228 τὴν
1324 4161 1701 4239 ἐνσωμείτωσιν
1728 4173 1819 4222 τοῦ
1850 4173 1982 4224 Θεοῦ

331 4245 505 4324 Λόγου
536 4247 814 4323 σημαίνειν
873 4247 1024 4326 (36),
1077 4251 1165 4305 καὶ
1225 4253 1313 4306 τον
1360 4251 1700 4331 ἓγκαινισμὺν
1741 4265 1834 4315 τοῦ
1863 4280 1980 4314 και-

331 4343 436 4402 νῶς
487 4338 574 4392 καὶ
624 4334 931 4413 παραδόξως
1009 4338 1166 4394 αὐτοῦ
1225 4343 1739 4406 κατασκευασθέντος
1796 4344 1973 4428 οἴκου,

423 4496 484 4547 10
511 4495 774 4578 Philipp.
802 4513 882 4572 iv,
919 4497 974 4557 7.
1061 4495 1109 4540 υ
1137 4497 1339 4560 lPetr.
1377 4516 1415 4579 ι,
1449 4499 1510 4562 2.

417 4629 545 4716 (39)
571 4627 683 4716 Ulli
709 4629 948 4716 legitur
995 4631 1054 4693 in
1086 4630 1265 4716 editis
1311 4629 1794 4716 δικαιοπραγοῦντι,
1828 4644 1979 4705 seri-
2009 4651 2048 4702 ο

337 4710 499 4798 bitur
528 4709 590 4770 in
623 4709 983 4798 Colbertiuis
1009 4791 1018 4798 _
1040 4711 1306 4798 secundo
1357 4709 1656 4798 etquartp
1687 4709 1870 4798 δικριίφ
1895 4727 1982 4782 καὶ

332 4793 712 4872 εὖπράττρντιε
735 4789 878 4864 Sed,
910 4791 1021 4854 nisi
1044 4811 1140 4856 me
1165 4791 1315 4854 fallit
1335 4789 1593 4872 animus,
1624 4795 1736 4856 hoc
1762 4789 1978 4866 factum

330 4869 484 4936 est'a
514 4869 785 4954 librario,
829 4880 956 4954 qui,
1011 4872 1170 4953 quod
1222 4889 1334 4934 vox
1363 4871 1834 4954 δικαιοπραγοῦντι
1868 4886 1981 4948 sibi

330 4971 538 5033 parum
561 4952 803 5033 elegans
827 4952 1160 5028 vidore’tur,
1191 4953 1518 5017 emendare
1547 4952 1738 5021 Voluit
1771 4962 1980 5028 Statim

327 5031 437 5116 vox
470 5031 834 5116 inmtdeeﬂ
861 5034 926 5116 in
956 5034 1254 5116 aliquibus
1283 5053 1424 5097 mss.

407 5113 544 5201 (33)
596 5110 1020 5201 Illa,_'l‘¢tba.m
1053 5110 1167 5201 ’σελ
1206 5115 1382 5201 lippis,
1440 5114 1518 5172 ὅτι
1569 5118 1827 5187 ὑπέλαϐές
1882 5150 1948 5201 με

329 5163 805 5274 νθβοιείυηιυιθὶη
840 5163 1104 5258 όόίιὶοιιθ
1130 5163 1320 5258 Daris.
1349 5164 1480 5274 post
1509 5216 1711 5259 vocem
1770 5163 1972 5264 A2656:

325 5273 683 5364 sedcumin
717 5275 1196 5364 mssldesinttea
1226 5273 1721 5364 delévimgstso
1757 5289 1969 5364 psalmi

328 5353 495 5434 initio
529 5355 747 5416 habent
769 5355 913 5416 editi
946 5353 1342 5434 κατ”ὀῤ-ίκνον.
1378 5357 1452 5418 At
1492 5353 1978 5430 Ducaaus'emen-

327 5433 587 5526 dandum
615 5444 820 5526 censet
851 5456 930 5526 ex_
954 5437 1107 5526 Oli_v.
1129 5436 1674 5526 “scribendumque
1703 5448 1790 5502 καὶ
1821 5448 1978 5526 app.

323 5538 435 5576 vov.
471 5513 568 5605 ᾼὶι
599 5515 842 5592 quidem
893 5517 1505 5605 Combefisiusjllud,
1552 5513 1671 5578 κάτ’
1721 5513 1969 5605 ὄργαῖιὸν,

3016 2137 3045 2170 Ι

2534 2284 2610 2347 ΙΝ
2656 2282 3002 2349 PSALMUM
3044 2283 3236 2350 XXIX
3254 2335 3267 2348 .

2131 2418 2406 2481 Psalmus
2428 2419 2656 2481 cantici
2685 2425 2751 2480 in
2781 2418 3164 2482 dedicatione
3187 2419 3398 2480 domus
3430 2416 3651 2479 David.

2155 2564 2212 2624 1.
2247 2563 2563 2626 Structura
2614 2561 2910 2639 corporis,
2963 2560 3311 2638 psalterium
3356 2559 3599 2636 quidem
3633 2569 3725 2624 est

2077 2671 2183 2732 per
2205 2651 2638 2732 metaphoram,
2676 2651 3286 2726 instrumentumque,
3307 2649 3464 2729 quod
3489 2668 3558 2710 ex
3587 2670 3719 2711 mu-

2075 2742 2216 2803 sicae
2246 2739 2466 2817 regulis
2516 2739 2587 2800 ad
2642 2738 3052 2800 concinendos
3084 2739 3205 2799 Deo
3239 2746 3440 2800 nostro
3473 2738 3729 2816 hymnos

2076 2830 2418 2910 adaptatum
2453 2837 2545 2889 est
2583 2848 2596 2887 :
2633 2828 2774 2906 ipsa}
2807 2845 2946 2889 vero
2973 2831 3240 2907 corporis
3271 2826 3538 2886 actiones
3561 2827 3724 2906 psal-

2077 2938 2207 2980 mus
2223 2926 2381 2980 sunt:
2410 2935 2542 2999 quae
2559 2917 2629 2978 ad
2652 2917 2756 2979 Dei
2780 2915 3030 2994 gloriam
3054 2917 3395 2977 referuntur
3415 2920 3564 2991 tum,
3588 2935 3724 2978 cum

2071 3006 2686 3069 rationeitaconcinni
2713 3006 3101 3076 efﬁcimumit
3125 3005 3557 3067 inconcinnum
3576 3005 3723 3069 nihil

2071 3102 2131 3158 in
2169 3097 2396 3160 nostris
2448 3096 2710 3158 motibus
2760 3113 3131 3174 peragamus.
3165 3093 3469 3175 Quidquid
3522 3103 3718 3155 autem

2073 3187 2317 3248 sublimi
2349 3185 2838 3265 contemplationi
2870 3205 2936 3246 ac
2969 3184 3281 3264 theologiae
3321 3184 3724 3264 conjungitur,

1795 3269 1905 3342 ᾠδὴ
1934 3269 1987 3326 δὲ
2007 3262 2047 3312 (³
2075 3277 2371 3338 canticum
2405 3284 2516 3337 est.
2541 3262 2814 3337 Psalmus
2858 3275 3054 3354 itaque
3084 3262 3285 3335 ser—mo
3317 3281 3406 3335 est
3429 3262 3715 3347 musicus,

2076 3384 2210 3426 cum
2235 3365 2530 3426 concinne
2553 3373 2813 3445 apteque
2836 3381 2908 3424 ex
2927 3363 3259 3424 barmoniaa
3275 3363 3505 3423 ratione
3522 3362 3592 3424 ad
3626 3379 3726 3422 or-

2071 3473 2292 3532 ganum
2319 3454 2587 3534 pulsatur
2613 3474 2625 3512 :
2650 3454 2944 3514 canticum
2971 3471 3111 3513 vero
3149 3471 3254 3513 vox
3287 3461 3376 3514 est
3407 3451 3723 3531 concinna,

2069 3561 2199 3622 qua:
2219 3543 2517 3605 modulate
2535 3543 2687 3605 citra
2700 3541 2902 3620 organi
2919 3560 3130 3606 sonum
3149 3539 3726 3604 emittitur.Proinde

2069 3651 2202 3694 cum
2237 3633 2332 3694 hic
2365 3631 2681 3711 inscriptio
2716 3633 2816 3706 sit,
2855 3631 3133 3693 Psalmus
3162 3631 3411 3703 cantici,
3453 3638 3726 3708 putamus

2070 3721 2163 3781 his
2195 3721 2391 3783 verbis
2423 3721 2934 3803 signiﬁcari,quod
2969 3719 3536 3799 contemplationem
3570 3717 3723 3780 actio

2069 3809 2494 3888 sequatur.Hic
2527 3829 2664 3872 vero
2693 3811 2956 3890 psalmus
2987 3809 3225 3887 cantici,
3263 3807 3592 3869 secundum
3626 3806 3724 3866 in-

2071 3899 2486 3979 scriptionem,
2514 3900 2781 3980 quaedam
2807 3899 2884 3960 de
2907 3899 3118 3959 domus
3139 3896 3515 3958 dedicatione
3541 3914 3720 3974 argu-

2073 3998 2273 4050 menta
2295 3989 2669 4058 continet.Et
2689 3991 2850 4071 quod
2869 3989 2942 4050 ad
2965 3987 3332 4065 corporalem
3359 4003 3598 4047 sensum
3621 3995 3720 4048 at-

2067 4078 2214 4140 tinet
2231 4079 2486 4158 ,videtur
2505 4079 2602 4141 hic
2624 4097 2822 4141 sermo
2845 4075 3216 4157 temporibus
3249 4075 3718 4154 Salomonis,cc-

2073 4167 2400 4231 leberrimo
2434 4169 2533 4230 illo
2569 4170 2789 4250 templo
2845 4175 3165 4246 exstructo,
3201 4165 3484 4227 recitatus
3511 4164 3719 4246 fuisse,

2064 4270 2245 4342 atque
2275 4261 2348 4324 ad
2377 4261 2642 4342 psalterii
2691 4261 3158 4322 modulationem
3192 4258 3712 4337 accommodatus;

2065 4357 2124 4412 at
2157 4369 2293 4414 vero
2317 4350 2646 4414 secundum
2681 4350 3051 4431 spiritualcm
3110 4349 3583 4428 intelligentiam,
3610 4347 3717 4410 Dei

2067 4646 2200 4717 ipsa
2215 4648 2449 4717 nativa,
2484 4645 2640 4708 καθά.
2675 4643 2813 4708 Haec
2845 4644 2977 4708 ille.
3011 4647 3154 4708 Cum
3185 4651 3379 4704 tamen
3407 4643 3468 4704 in
3501 4642 3722 4706 nostris

2109 4725 2384 4788 uodecim
2418 4743 2563 4785 mss.
2591 4724 2819 4805 legatur
2835 4743 3084 4805 quoque
3113 4725 3204 4780 καὶ
3233 4723 3476 4805 ὄργινον,
3503 4740 3719 4805 quem-

2065 4806 2388 4868 admodum
2417 4815 2476 4867 et
2509 4805 2568 4866 in
2599 4803 2750 4868 Oliv.
2785 4804 2964 4884 libro,
2987 4802 3196 4880 —longe
3228 4803 3414 4884 tutius
3437 4802 3719 4864 duximus

2067 4887 2421 4968 scripturam
2472 4893 2568 4968 tot
2606 4885 2878 4946 codicum
2911 4883 3279 4968 _t_estimoni_o
3311 4884 3716 4968 conﬁrmatam

2066 4962 2263 5049 sequi,
2323 4985 2500 5049 quam
2531 4966 2874 5049 incertam
2909 4965 3069 5026 illam
3130 4981 3199 5026 ac
3231 4963 3421 5026 levem
3457 4962 3719 5025 hominis

2061 5046 2286 5129 alioqui
2306 5046 2716 5129 eruditissimi
2741 5046 3170 5129 conjecturam.

2140 5122 2270 5208 (3'4)
2297 5128 2396 5191 Sic
2428 5127 2759 5208 Colbertini
2781 5122 2992 5190 tertius
3011 5135 3068 5187 et
3088 5132 3335 5204 quartus
3352 5141 3485 5208 cum
3505 5122 3712 5201 Regiis

2058 5204 2271 5288 quarto
2303 5219 2360 5271 et
2379 5207 2742 5270 sexto.Editi
2767 5216 2824 5270 et
2849 5208 3037 5288 major
3058 5223 3356 5288 parsmss.
3396 5204 3585 5285 ἔχεται
3617 5210 3713 5280 ψι-

2057 5286 2180 5357 λῆς,
2218 5291 2394 5353 male.
2425 5290 2571 5350 Nam
2606 5307 2809 5350 vocem
2844 5286 3008 5366 ψιλῆς
3041 5287 3179 5349 huic
3202 5286 3333 5346 loco
3365 5301 3709 5366 accommo-

2062 5370 2188 5431 dari
2227 5391 2345 5433 non
2392 5388 2564 5451 posse
2622 5365 2866 5448 vident,
2901 5369 3140 5451 opinor,
3174 5385 3408 5430 omnes.
3444 5365 3712 5429 Subinde

2065 5453 2345 5514 nonnulli
2378 5449 2520 5513 mss.
2545 5451 2734 5526 θεωρίᾳ
2765 5456 2870 5506 τῶν
2902 5449 3098 5526 λόγων.

2142 5532 2269 5612 (35)
2297 5531 2408 5597 Ubi
2454 5531 2514 5592 in
2546 5529 2726 5592 editis
2770 5525 2988 5612 legitur
3017 5528 3406 5612 ἀνεγερθέγτος,
3445 5525 3708 5612 habetur

322 5593 680 5694 mendosum
703 5612 837 5657 esse
867 5614 880 5658 :
915 5597 1018 5694 sed
1044 5599 1104 5660 in
1131 5597 1258 5694 ipsa
1289 5596 1488 5694 Ducaei
1515 5593 1967 5694 emendatione,

2083 5631 2114 5674 Β
2145 5593 3077 5694 quiibusdam_rnss._hﬁeOévroc,
3207 5607 3342 5670 aliis
3375 5593 3511 5666 vero
3546 5607 3680 5661 (ima

321 5675 535 5765 vitium
572 5692 809 5765 quoque
839 5677 1088 5765 subesse
1118 5675 1757 5765 allirmat._Legendum
1794 5675 1972 5765 igitur

322 5763 488 5836 putat
511 5753 632 5812 καθ’
671 5754 941 5849 ὅργ-ανον,.
963 5757 1022 5818 id
1064 5759 1222 5850 quod
1252 5757 1383 5850 ipse
1409 5753 1968 5850 itainterprela'tur,

324 5852 764 5928 quaorgonum
784 5838 1006 5928 musice
1025 5838 1396 5928 cooptatum.
1450 5838 1725 5928 Fefeilt't,
1750 5847 1946 5928 inquit

323 5904 957 6000 aspira'tlo,sequente
976 5919 1120 5985 lant:
1139 5904 1249 5986 'sed
1268 5919 1382 5988 illa
1396 5939 1521 5986 non
1533 5904 1580 5988 3
1599 5904 1728 5991 ιάὶῖ
1750 5904 1975 6011 ἓὲῖξέὲᾶ

2057 5690 2333 5767 ταθέντος,
2375 5691 2528 5774 haud
2563 5690 2838 5752 dissimili
2872 5707 3117 5774 sensu_.__
3487 5770 3498 5774 _
3537 5762 3548 5774 .

2138 5727 3344 5918 ὲέθῖξοίίξυξυζέῖθζιόζμξὶϊίᾚιἰιιυοηιο
3371 5770 3504 5844 post
3532 5727 3696 5824 idem

2180 5874 2251 5918 ex
2285 5855 2513 5918 εόραμεν
2544 5853 2622 5913 ἰν.

2057 5853 2251 5919 codex
2285 5855 2513 5933 εὕραμεν
2544 5853 2622 5913 ἰν.
