4138 6412
350 356 464 421 317
1408 440 1413 445 _
1464 351 1793 416 HOMILIA
1835 348 1915 415 IN
1961 348 2016 411 ιη

2102 352 2346 415 LMUM.
2394 349 2611 418 XXIX.
3612 360 3733 425 318

344 494 553 573 ἀρετὰς,
614 489 1064 553 ἐπακολουθοῦσας
1125 501 1243 553 ταῖς
1301 491 1361 544 kx
1422 488 1812 566 θεωρημάτων,
1855 489 2001 547 Κατὰ

2102 504 2240 561 nur,
2276 506 2410 569 qua;
2438 488 2815 552 formidanda
2846 496 3004 565 sunt,
3038 498 3139 551 aut
3174 509 3293 554 non
3329 492 3729 561 formidanda.

347 584 445 660 γὰρ
490 583 589 649 τὴν
650 581 969 658 συμμετρίαν
1028 580 1115 635 καὶ
1174 578 1427 655 ἁρμονίαν
1495 585 1600 634 τῶν
1658 584 1757 645 τῆς
1812 579 1992 659 ψυχης

2102 576 2299 639 Verum
2319 578 2485 640 aiunt
2507 579 3022 659 pulchritudinem
3038 599 3105 641 ac
3128 580 3316 642 robur
3335 583 3582 647 virtutes
3594 606 3729 667 spe-

344 672 727 749 θεωρημάτῷν³
780 669 909 725 ἔνιοι
968 675 1073 723 τῶν
1120 669 1296 745 σοσρῶν
1362 668 1643 736 νενοήκασί
1675 670 1735 723 τὸ
1768 667 1987 731 κάλλος·

2102 667 2383 725 :ulatrices
2398 682 2515 725 non
2530 683 2811 735 esse,cum
2835 670 3439 739 sintspeculatricibus
3456 677 3736 745 posterio-

343 763 479 818 κατὰ
547 758 599 815 δὲ
648 764 709 816 τὸ
764 757 1181 815 ἀποτελεστικὸν
1232 766 1338 813 τῶν
1416 754 1861 832 ὑποϐαλλομένων
1936 758 1995 813 ἐκ

2102 757 2261 819 'cs.N
2266 774 2358 814 am
2375 772 2445 815 ex
2459 755 2874 816 convenientia
2890 756 3734 837 harmoniaquelQQcontem-

345 854 448 907 τῶν
495 851 832 925 θεωρητικῶν
892 848 1115 924 ἀρετῶν,
1169 849 1266 914 τὴν
1329 849 1485 927 ἰσχὺν
1535 846 1995 916 νενοήκασιᾸΙλὴν

2102 844 2404 907 ilationum
2419 842 2956 923 animmsapientes
2969 844 3208 923 quidem
3226 847 3729 925 pulchritudinem

348 940 435 995 ἵνα
504 939 592 994 καὶ
644 938 842 1000 κάλλος
915 936 1224 1014 ἐπιγένηται
1287 942 1353 1012 τῇ
1409 941 1587 1016 ψυχῇ³
1647 938 1734 993 καὶ
1779 937 1995 1011 δύναμις

2110 933 2515 995 ntellexerunt
2545 955 2556 990 :
2586 942 2642 994 at
2661 951 2802 993 vero
2826 950 2897 993 ex
2922 933 2976 992 vi
2999 933 3295 997 efﬁciente
3319 956 3525 1003 eorum
3545 961 3680 1020 quae
3700 963 3734 1004 a

344 1034 450 1083 τῶν
509 1026 733 1084 δεόντων
793 1026 1188 1098 ἐπιτελεστικὴ,
1249 1027 1389 1088 θείας
1442 1027 1510 1089 εἷς
1569 1032 1721 1082 τοῦτο
1777 1027 1999 1104 χάριτος

2102 1021 2401 1085 virtutibus
2418 1020 2920 1102 speculatricibus
2934 1028 3562 1107 pr0ponuntur,robur
3576 1050 3733 1093 com-

346 1118 638 1196 χρῄζομεν.
674 1116 768 1181 Ὠς
833 1117 1002 1173 τοίνυν
1048 1115 1156 1171 ἅνω
1214 1114 1455 1193 εἴρηκεν,
1518 1114 1646 1172 ’Ὀτι
1701 1117 1815 1185 ζωὴ
1844 1114 1899 1169 ἐν
1927 1121 2002 1187 τῷ

2102 1112 2270 1173 neuti
2303 1122 2461 1172 sunt.
2483 1113 2912 1172 Verumtamen
2937 1118 2998 1171 ut
3027 1120 3087 1173 et
3109 1112 3291 1181 decor
3310 1117 3523 1180 animae
3554 1139 3731 1183 acce-

346 1206 607 1281 θελήματι
665 1209 843 1263 αὐτοῦ’
910 1205 1049 1261 οὕτω
1108 1212 1194 1261 νῦν
1255 1206 1387 1279 ὺῴοϊ
1458 1206 1547 1260 τὸν
1608 1206 1738 1259 Θεὸν
1785 1202 1868 1259 διὰ
1896 1209 1997 1269 τῆς

2102 1202 2206 1275 lat,
2242 1214 2299 1261 et
2330 1200 2486 1261 adsit
2522 1201 2600 1261 vis
2634 1219 2840 1262 eorum
2890 1220 3023 1280 quae
3052 1202 3233 1264 officii
3278 1216 3416 1268 sunt
3442 1210 3729 1287 effectrix,

348 1298 686 1376 εὐχαριστίας
741 1296 911 1374 λέγων
958 1295 1127 1373 λέγω)
1192 1292 1338 1373 (65),
1372 1292 1453 1349 ὅτι
1511 1294 1601 1350 Ἐν
1634 1300 1709 1367 τῷ
1738 1293 1998 1368 θελήματι

2102 1290 2253 1351 iobis
2268 1289 2339 1350 ad
2363 1291 2477 1351 hoc
2499 1308 2650 1368 opus
2675 1298 2765 1351 est
2786 1289 2987 1351 divina
3007 1292 3215 1369 gratia.
3251 1292 3325 1357 Ut
3350 1296 3530 1376 igitur
3555 1310 3727 1362 antea

347 1409 439 1443 σου
477 1388 752 1466 παρέσχου
800 1393 878 1460 τῷ
921 1385 1111 1442 κᾶΑλει
1145 1406 1244 1459 μου
1289 1384 1529 1458 δύναμιν,
1569 1383 1740 1447 Καλὸς
1773 1384 1866 1458 μὲν
1898 1385 1997 1461 γὰρ

2102 1379 2251 1454 Iixit,
2279 1380 2586 1454 Quoniam
2612 1382 2741 1441 vita
2772 1383 2838 1440 in
2868 1382 3188 1443 voluntate
3234 1386 3363 1460 eius
3395 1407 3409 1446 :
3435 1389 3520 1449 sic
3576 1409 3734 1457 nunc

350 1475 499 1551 ἤμην
541 1477 677 1532 κατὰ
736 1479 833 1543 τὴν
889 1477 1064 1555 φύσιν,
1118 1475 1341 1537 ἀσθενὴς
1394 1472 1448 1530 δὲ
1509 1472 1593 1529 διὰ
1638 1476 1698 1529 τὸ
1758 1474 1808 1538 ἐξ
1880 1474 2004 1529 ἐπι-

2102 1469 2271 1530 )eum
2296 1469 2614 1548 gratiarum
2643 1469 2880 1530 actione
2911 1470 3125 1531 exaltat
3148 1456 3355 1534 dicens
3386 1493 3398 1537 :
3430 1476 3503 1538 In
3526 1456 3731 1542 votuné

350 1564 545 1633 ϐουλῆς
603 1574 692 1624 τ›ὖ
770 1564 940 1645 ὄφεως
1018 1567 1344 1641 νεκρωθῆναι
1420 1570 1497 1637 τῷ
1582 1564 1998 1639 παραπτώματι,

2102 1568 2202 1621 fate
2233 1568 2336 1620 tua
2364 1560 2712 1637 praestitisti
2742 1559 2952 1621 decori
2984 1579 3112 1621 meo
3148 1564 3456 1627 virtutem.
3486 1571 3737 1631 Pulcher

352 1656 438 1729 Τῷ
486 1654 574 1710 οὖν
618 1654 801 1709 κάλλει
849 1677 973 1732 μου,
1028 1654 1055 1708 ὃ
1114 1654 1257 1730 παρὰ
1289 1659 1381 1709 σοῦ
1412 1649 1599 1708 ἔλαϐον
1646 1653 1704 1707 ἐκ
1733 1652 1827 1719 τῆς
1863 1652 2001 1731 πρώ-

2102 1648 2329 1729 ιιιὶἀεῐη
2363 1666 2523 1709 eram
2557 1647 2887 1709 secundum
2920 1657 3229 1729 naturam;
3260 1656 3365 1715 sed
3390 1655 3728 1734 languidus,

348 1767 448 1812 της
504 1744 857 1824 κατασκευης⁷
916 1745 1245 1823 προσέθηκας
1284 1743 1501 1818 δύναμιν
1532 1745 1630 1809 τὴν
1690 1751 1797 1800 τῶν
1848 1742 1999 1799 δεόν-

2102 1746 2404 1817 iropterea
2430 1738 2586 1817 quod
2610 1755 2682 1799 ex
2716 1737 3012 1816 serpentis
3042 1739 3279 1803 insidiis
3303 1756 3544 1822 peccato
3569 1767 3734 1811 mor-

350 1856 456 1890 των
501 1836 800 1912 πρακτικήν
849 1832 992 1913 (66).
1058 1832 1208 1902 Καλή
1267 1834 1365 1908 μὲν
1421 1833 1507 1888 οὖν
1564 1840 1708 1889 πᾶσα
1761 1834 1914 1911 ψυχὴ
1965 1836 1999 1901 ἡ

2102 1840 2223 1889 inus
2246 1845 2431 1890 eram.
2458 1826 2901 1888 Pulchritudini
2933 1844 3071 1906 ergo
3103 1848 3275 1907 mea},
3300 1850 3475 1913 quam
3502 1857 3572 1898 ex
3601 1848 3655 1900 te
3675 1839 3737 1901 in

350 1924 403 1979 ἐν
461 1926 795 2001 συμμετρίαᾳ
847 1926 954 1978 τῶν
1002 1924 1208 1979 οἰκείων
1268 1920 1538 1997 δυνάμεων
1617 1922 1992 2001 ’θεωρουμένη·

2102 1920 2279 1995 Πίωᾶ
2308 1917 2614 1979 creatione
2652 1916 2880 1997 accepi,
2907 1916 3187 1979 addidisti
3214 1921 3728 2000 virtutem,eorum

350 2012 553 2077 κάλλος
621 2012 673 2067 δὲ
741 2012 1017 2084 ἀληθινὸν,
1077 2015 1163 2067 καὶ
1232 2012 1653 2090 ἐρασμιώτατον,
1709 2014 1857 2087 μόνῳ
1927 2015 2002 2085 τῷ

2102 2025 2218 2087 qua;
2234 2006 2306 2067 ad
2322 2007 2579 2067 officium
2598 2006 2899 2095 pertinent
2911 2006 3397 2073 el'licientem.Pul
3409 2014 3738 2095 chraigitur

348 2106 440 2159 τὸν
499 2110 613 2158 νοῦν
668 2102 1043 2179 κεκαθαρμένῳ
1099 2104 1387 2180 θεωρητὸν,
1435 2104 1495 2157 τὸ
1554 2104 1669 2179 περὶ
1720 2102 1818 2168 τὴν
1862 2102 2002 2157 θείαν

351 2195 438 2249 καὶ
493 2192 756 2267 μακαρίαν
813 2192 986 2270 φύσιν.
1047 2195 1118 2249 Οὐ
1166 2195 1189 2247 ὁ
1234 2191 1534 2254 ἒνατενίσας
1610 2204 1732 2254 ταῖς
1791 2213 2010 2267 μαρμα-

358 2282 553 2358 ρυγαῖς
612 2282 699 2337 καὶ
754 2293 877 2343 ταῖς
939 2282 1148 2359 χάρισι,
1205 2279 1601 2355 μεταλαμϐάνει
1654 2304 1703 2338 τι
1764 2280 1864 2335 ἀω’
1913 2284 2010 2337 αὖ·

353 2377 465 2443 τοῦ,
514 2370 693 2447 ὥσπερ
751 2369 855 2425 ἀπό
912 2391 1053 2432 τινος
1098 2370 1296 2448 βαφῆς,
1348 2368 1548 2446 αἴγλην
1606 2370 1723 2426 τινὰ
1784 2370 2011 2447 ἀνθηρὰν

357 2461 429 2523 εἰς
460 2459 558 2527 τὴν
586 2459 781 2515 οἰκείαν
830 2458 952 2534 ὄψιν
985 2458 1483 2537 ἀναχρωννῦμενος.
1545 2460 1710 2517 ’Ὅθεν
1754 2461 1841 2514 καὶ
1872 2467 2012 2515 Μοῦ-

360 2550 484 2628 σῆς,
536 2556 612 2623 τῷ
660 2548 1047 2628 μετειληφέναι
1112 2556 1203 2606 τοῦ
1257 2548 1483 2609 minos:
1546 2549 1745 2604 ἐκείνου
1824 2548 1876 2603 ἐν
1933 2556 2010 2622 τῷ

359 2638 574 2714 ὁμιλεῖν
629 2644 765 2714 Θεῷ,
821 2636 1070 2703 ἐδοξάσθη
1124 2640 1185 2693 τὸ
1236 2637 1545 2714 πρόσωπον,
1582 2636 1641 2694 Ὀ
1692 2640 1779 2693 οὖν
1825 2637 2008 2692 αἰσθό-

360 2750 518 2804 μενος
575 2733 673 2794 τῆς
732 2727 918 2784 ἐαυτοῦ
956 2728 1171 2806 ἀρετῆς,
1224 2728 1321 2795 τὴν
1372 2730 1751 2806 εὐχαριστικην
1809 2727 2005 2793 ταύτην

357 2819 541 2897 ἀφίησι
603 2818 805 2896 φωνήν,
868 2818 1049 2895 Κύριε,
1116 2817 1169 2872 ἐν
1225 2825 1301 2891 τῷ
1386 2816 1646 2890 θελήματί
1718 2838 1808 2873 σου
1868 2838 2009 2894 παρ-

363 2909 528 2987 έσχοο
590 2916 666 2981 τῷ
713 2906 897 2963 κάλλει
979 2928 1083 2980 μαυ
1163 2906 1401 2981 δύναμιν·
1472 2905 1671 2983 Ὠσπερ
1756 2905 1808 2960 δὲ
1892 2919 2012 2966 ταῖς

361 3001 725 3075 θεωρητικαλς
787 2997 1003 3075 ἀρεταῖς
1056 2997 1376 3074 ἀνθεώρητοι
1425 2994 1784 3069 ἀκολουθοῦσι,
1835 2995 1897 3051 τό
1957 3017 2015 3051 τε

362 3087 560 3151 κάλλος
611 3089 697 3142 καὶ
768 3089 800 3154 ἡ
861 3084 1077 3160 δύναμις
1116 3136 1159 3160 ,.

362 3178 678 3255 ἀθεώρητοι,
734 3173 767 3242 ἤ
826 3197 882 3231 τε
942 3179 1233 3255 αἰσχρότης
1291 3177 1379 3232 καὶ
1430 3178 1461 3244 ἡ
1512 3176 1774 3234 ἀσθένεια.
1823 3176 1881 3233 Τί
1912 3175 2010 3254 γὰρ

366 3267 660 3345 ἀωρότερον
718 3264 806 3319 καὶ
859 3261 1244 3343 εἰδεχθέστερον
1296 3270 1482 3344 χυχῆς
1539 3265 1830 3339 ἐμπαθῶς
1890 3263 2009 3321 ’Ἴδε

362 3377 451 3429 μοι
503 3356 597 3409 τὸτ
641 3353 990 3428 θυμούμενον,
1055 3353 1141 3407 καὶ
1200 3354 1293 3419 τὴν
1364 3355 1419 3408 ἐν
1497 3355 1638 3426 αὐτῷ
1694 3353 2008 3431 ἀγριότητα.

365 3443 559 3500 Θέασαι
616 3443 707 3499 τὸν
756 3441 1106 3520 λυπούμενον,
1168 3443 1250 3497 καὶ
1309 3444 1371 3497 τὸ
1430 3441 1484 3497 ἐν
1561 3443 1703 3514 αὐτῷ
1761 3445 2010 3499 ταπεινὸν

362 3534 447 3592 καὶ
509 3533 899 3608 συμπεπτωκὸς
958 3536 1058 3597 τῆς
1114 3532 1324 3610 ψυχης.
1378 3533 1477 3588 Τὸν
1538 3529 1589 3585 δε
1649 3528 1916 3608 λαγνείαις
1978 3532 2013 3598 ἢ

380 3621 808 3702 γαστριναργίαις
865 3620 1290 3677 ὑποπεπτωκότα
1326 3669 1338 3691 ,
1393 3619 1424 3687 ἢ
1493 3618 1672 3699 φόϐοις
1734 3618 2013 3695 ἐπτοημέ-

376 3736 488 3793 νον⁷
541 3713 618 3775 τίς
667 3710 728 3766 ἂν
770 3711 856 3768 καὶ
904 3708 1236 3790 προσϐλέψαι
1270 3710 1581 3790 ἀνάσχοιτος
1641 3706 2015 3776 διαϐαινούσης

367 3803 531 3881 μέγρι
603 3807 710 3857 τῶν
761 3800 1004 3877 περάτων
1057 3810 1151 3859 τοῦ
1200 3799 1449 3875 σώματος
1508 3800 1607 3868 τῆς
1665 3800 1801 3855 κατὰ
1832 3801 2014 3878 ψυχὴν

366 3892 670 3955 διαθέσεως·
730 3890 907 3970 ὥσπερ
939 3893 1027 3947 οὖν
1057 3893 1145 3947 καὶ
1188 3891 1253 3949 τὰ
1300 3889 1419 3970 (67)
1486 3890 1623 3971 ἴχνη
1656 3896 1746 3946 τοῦ
1788 3888 2014 3953 κάλλους

366 3985 466 4049 τῆς
518 3986 702 4061 ψυχῆς
759 3980 813 4036 ἐν
870 3980 939 4056 τῇ
988 3981 1309 4037 καταστάσει
1341 3980 1432 4035 τοῦ
1463 3980 1615 4059 ἀγίου
1664 3977 2010 4058 διαφαίνεται,

369 4070 699 4148 Προνοητέον
730 4070 899 4126 τοίνυν
952 4079 1045 4127 τοῦ
1093 4069 1324 4134 κάλλους
1374 4074 1534 4145 ἡμῖν,
1580 4068 1672 4125 ’ίνα
1702 4070 1789 4124 καὶ
1820 4069 1847 4123 ὁ
1881 4090 2014 4144 νυμ-

369 4162 483 4240 φίος
516 4161 685 4235 Λόγος
716 4157 1104 4233 ἀποδεξάμενος
1160 4162 1303 4235 ἡμᾶς
1356 4158 1513 4237 εῗπςν
1578 4157 1734 4225 ⁹³Ολη
1793 4158 1934 4225 καλῆ
1978 4159 2011 4227 ἡ

369 4248 593 4316 πλησίον
625 4270 749 4323 μου,
790 4249 877 4303 καὶ
909 4250 1098 4321 μῶμος
1128 4251 1223 4304 οὐκ
1253 4248 1392 4305 ἔστιν
1423 4251 1477 4304 ἓν
1506 4250 1609 4310 σοί,

2095 2104 2183 2157 εει
2200 2095 2398 2185 anima
2416 2096 2775 2185 omnis,qua3
2795 2094 2859 2185 in
2871 2097 3247 2185 propriarum
3260 2100 3545 2164 virtutum
3562 2094 3734 2185 εγω--

2096 2183 2302 2245 metris
2342 2182 2731 2263 conspicitur.
2760 2183 3144 2247 Pulchritudo
3173 2197 3367 2250 autem
3401 2182 3735 2265 vera,ama-

2095 2273 2532 2351 bilissimaque,
2564 2292 2742 2351 quam
2774 2273 2823 2333 is
2853 2271 3016 2334 solus
3065 2276 3171 2351 qui
3218 2294 3422 2355 puram
3477 2294 3734 2345 mentem

2094 2362 2273 2425 habet
2296 2362 2691 2443 contemplari
2715 2370 2933 2443 potest,
2955 2364 3114 2426 circa
3136 2365 3396 2429 divinam
3417 2389 3485 2432 ac
3508 2372 3739 2435 beatam

2095 2460 2365 2514 naturam
2399 2454 2690 2514 consistit.
2749 2454 2930 2542 Gujus
2979 2454 3238 2533 fulgores
3270 2468 3328 2519 et
3374 2462 3593 2539 gratias
3643 2466 3742 2542 qui

2094 2543 2322 2630 intente
2343 2542 2752 2630 conspexerit,
2778 2540 2854 2630 ab
2882 2560 2951 2630 ea
2975 2547 3135 2605 velut
3165 2546 3239 2607 ab
3270 2547 3467 2630 aliqua
3491 2540 3745 2615 tinctura

2095 2629 2369 2691 nonnihil
2394 2629 3005 2703 mutuatur,iloridum
3027 2634 3345 2707 quemdam
3361 2629 3740 2717 splendorem

2097 2722 2155 2779 in
2190 2719 2494 2800 propriam
2529 2718 2736 2779 faciem
2771 2718 3149 2810 imprimens.
3203 2721 3373 2786 Unde
3429 2738 3486 2789 et
3528 2729 3742 2810 MoySIS

2096 2811 2278 2871 facies
2301 2809 2478 2870 simul
2496 2818 2670 2899 atque
2701 2827 2778 2869 ex
2804 2808 3083 2899 familiari
3107 2831 3242 2873 cum
3264 2813 3386 2877 Deo
3418 2808 3743 2899 congressu

2100 2899 2563 2982 pulchritudinis
2592 2898 2753 2959 illius
2792 2898 3082 2979 particeps
3109 2901 3239 2977 fuit,
3271 2898 3590 2970 clariticata
3624 2922 3738 2974 est.

2098 2988 2356 3051 Proinde
2389 2989 2623 3050 virtutis
2649 3007 2771 3049 suae
2796 2990 2896 3069 qui
2914 2991 3191 3053 conscius
3214 3005 3324 3068 est,
3361 2996 3515 3059 hanc
3538 3017 3741 3062 vocem

1216 3090 1380 3149 οὕτως
1467 3089 1564 3142 εἱσί
1634 3108 1775 3149 τινες
1832 3086 2011 3142 κακίαι

2102 3089 2295 3157 grates
2326 3078 2758 3159 rependentem
2784 3076 3015 3140 emittit:
3047 3081 3321 3158 Domine,
3347 3086 3413 3146 in
3433 3091 3746 3151 voluntate

2095 3177 2201 3231 tua
2213 3171 2544 3249 praestitisti
2554 3169 2765 3229 decori
2778 3185 2907 3228 meo
2922 3173 2982 3229 vi
2987 3170 3635 3244 rtutemQuemadmod
3646 3198 3741 3239 um

2094 3267 2295 3320 autem
2314 3278 2399 3321 eae
2424 3259 2668 3320 virtutes
2688 3275 2821 3337 qua)
2850 3258 2914 3318 in
2944 3262 3448 3341 contemplatione
3474 3268 3603 3329 sitat
3622 3288 3742 3329 non

2095 3358 2253 3430 sunt,
2286 3349 2531 3410 virtutes
2556 3347 2983 3427 speculatrices
3007 3361 3371 3429 sequuntur,
3399 3370 3540 3435 puta
3562 3361 3745 3420 decor

2096 3448 2155 3499 et
2184 3438 2524 3499 roburzsic
2555 3446 2692 3499 sunt
2742 3437 3015 3527 quaedam
3069 3440 3203 3502 vitia
3254 3447 3746 3527 contemplationi

2099 3547 2218 3588 non
2239 3527 2755 3607 subjecta,nempe
2768 3526 3005 3588 fceditas
3023 3537 3081 3588 et
3096 3526 3557 3605 debilitas.Quid
3584 3539 3742 3598 enim

2098 3615 2471 3679 invenustius
2499 3635 2569 3677 ac
2599 3614 2932 3677 deformius
2955 3615 3153 3678 dedita
3182 3620 3493 3684 affectibus
3517 3625 3744 3690 anima?

2097 3706 2752 3788 Vide,quaeso,iratum,
2780 3714 2838 3766 et
2861 3722 2990 3767 eam
3018 3725 3193 3787 quam
3228 3728 3351 3789 prae
3372 3731 3436 3773 se
3456 3713 3572 3777 fert
3592 3717 3743 3778 feri-

2102 3804 2304 3861 tatem.
2342 3798 2599 3859 Tristem
2659 3811 2735 3887 ac_
2786 3803 3061 3887 maestum
3124 3802 3462 3883 considera,
3497 3805 3747 3887 ejusque

2102 3887 2527 3949 demissionem
2557 3893 2615 3947 et
2640 3883 2825 3945 animi
2854 3886 3253 3964 abjectionem
3304 3883 3561 3958 intuere.
3596 3883 3741 3968 Quis

2100 3996 2233 4039 vero
2256 3976 2494 4038 libidini
2512 3984 2613 4037 aut
2637 3974 2790 4053 gulze
2815 3974 3265 4059 inservientem,
3295 3995 3401 4042 aut
3420 3986 3745 4049 terroribus

2099 4072 2570 4145 consternatum,
2593 4064 2683 4126 vel
2710 4064 2981 4144 aspicere
3004 4075 3231 4143 queat?
3256 4088 3392 4131 cum
3422 4072 3546 4137 haec
3565 4078 3749 4137 animi

2099 4157 2331 4219 affectio
2353 4157 2426 4218 ad
2456 4162 2726 4217 extrema
2740 4172 2931 4247 usque
2953 4158 3221 4247 corporis
3233 4163 3749 4247 pervadat,quem-

2098 4247 2420 4310 admodum
2438 4267 2469 4309 e
2486 4245 2789 4309 contrario
2815 4246 3063 4326 vestigia
3086 4250 3264 4312 etiam
3288 4245 3754 4333 pulchritudinis

367 4339 581 4429 animae
603 4337 663 4398 in
684 4335 799 4397 viri
830 4335 1020 4429 sancti
1043 4334 1249 4429 habitu
1274 4337 1691 4429 respltmdent.
1728 4337 2145 4429 _Comparanda
2174 4338 2374 4419 itaque
2408 4336 2582 4399 nobis
2607 4346 2696 4429 est
2714 4335 2920 4397 istbaec
2971 4337 3374 4423 pulchritudo,
3407 4355 3467 4408 ut
3499 4367 3757 4429 sponsus

370 4428 634 4491 Verbum
667 4422 1003 4506 approbans
1024 4442 1134 4486 nos
1163 4424 1321 4488 dicat
1352 4446 1366 4485 :
1411 4424 1557 4488 Tota
1577 4425 1857 4510 pulchra,
1883 4430 2178 4509 proxima
2210 4446 2379 4507 mea,
2407 4436 2467 4491 et
2495 4426 2736 4492 macula
2766 4446 2888 4491 non
2908 4434 2997 4492 est
3028 4434 3093 4495 in
3123 4444 3175 4497 te
3204 4438 3288 4498 58.

447 4521 508 4581 6,
571 4516 942 4593 Ἀπέστρεψας
1002 4513 1056 4570 δὲ
1117 4516 1177 4570 τὸ
1235 4515 1519 4593 πρόσωπόν
1580 4538 1696 4590 σου,
1750 4519 1837 4574 καὶ
1888 4518 2011 4597 ἐγε-

2180 4517 2239 4577 6.
2274 4519 2569 4610 Aoertisti
2599 4526 2804 4610 autem
2821 4524 3043 4597 faciem
3086 4532 3272 4602 tuam,
3309 4538 3368 4593 et
3390 4533 3591 4610 factus
3620 4553 3754 4597 sum

370 4610 534 4679 νήθην
617 4604 1030 4684 τεταραγμένος.
1084 4603 1244 4670 ’Ἕως
1329 4604 1426 4679 μὲν
1510 4603 1620 4681 ὅτε,
1708 4608 1889 4685 φησὶν,
1965 4610 2016 4663 αἱ

372 4700 587 4761 ἆκκτνες
630 4701 727 4764 τῆς
777 4695 1074 4764 ἐπισκοπῆς
1118 4717 1211 4753 σου
1272 4692 1585 4771 ἐπέλαμπόν
1635 4717 1724 4771 μοι
1760 4744 1777 4770 ,
1838 4697 1890 4753 ἐν
1923 4701 2015 4755 εὐ-

453 4865 509 4911 ³⁸
534 4866 703 4930 Cant.
730 4880 817 4947 1v,
848 4865 912 4927 7.

454 5027 585 5110 (65)
623 5028 772 5102 Reg.
826 5025 1130 5110 secundus
1181 5027 1236 5084 ἐν
1289 5034 1365 5103 τῷ
1400 5026 1663 5110 θελήματί
1711 5045 1837 5110 σου(
1873 5029 2028 5110 οὕτω

379 5107 629 5186 νῦνῦψοτ
659 5109 749 5163 τὸν
800 5108 930 5189 Θεξν
984 5107 1066 5165 διὰ
1110 5113 1209 5176 τῆς
1267 5111 1492 5189 χάριτος
1553 5108 1747 5185 λέγων.
1799 5108 2026 5173 Ibidem

379 5184 557 5257 ediﬁd
612 5194 818 5251 nostra
871 5184 1060 5250 Paris.
1112 5184 1421 5270 παράσῇου.
1485 5184 1651 5251 Multi
1706 5207 1849 5254 mss.
1883 5215 2027 5272 παρ..

381 5276 473 5333 έσγ
484 5294 540 5328 ου
551 5320 564 5333 ,

609 5347 783 5432 Regii
810 5347 1373 5432 primus,secundus
1396 5359 1454 5413 et
1471 5351 1710 5432 quintus
1734 5369 1869 5413 cum
1894 5351 2025 5415 Col-

385 5428 633 5494 bertinis
663 5428 868 5509 quinto
920 5441 978 5494 et
1020 5428 1183 5494 sexto
1235 5431 1450 5509 δύναμιν
1489 5428 1588 5501 Ῐῐὴν
1639 5440 1747 5489 τῶν
1806 5432 2031 5490 δεόντων

383 5506 880 5594 παρεκπξξξιήῦΝέζη
910 5530 984 5594 ea
1008 5531 1140 5594 qua
1169 5506 1505 5594 oﬂicii'sunt
1530 5512 1921 5594 largientem.
1954 5515 2032 5576 At

385 5602 505 5654 tres
527 5589 627 5651 alii
645 5605 792 5673 mss.
816 5591 991 5673 Regii
1015 5589 1071 5655 et
1086 5589 1313 5673 septem
1339 5589 1669 5657 Colbertiiii
1695 5612 1829 5654 cum
1855 5594 2029 5656 editis

385 5682 443 5737 ϐε
473 5687 607 5735 cum
638 5666 856 5747 68ῖὲηᾶ
886 5666 1249 5736 Corderiana
1293 5674 1508 5747 δύναμιν
1533 5676 1632 5741 τὴν
1672 5682 1775 5730 τῶν
1806 5674 2031 5731 δεόντων

383 5748 723 5838 πρακτικήνθ.
738 5745 867 5838 Vim
889 5772 1098 5838 eorum
1120 5771 1253 5834 quae
1276 5745 1465 5835 ofﬁcii
1484 5761 1631 5838 sunt
1653 5754 2028 5834 effectricem.

384 5825 600 5922 A'ptam
626 5825 869 5912 quidem
906 5843 965 5899 et
993 5825 1271 5897 idoneam
1314 5825 1716 5898 sententiam"
1754 5854 1824 5898 ex
1869 5844 2031 5901 utra-

2099 4608 2808 4701 οοηζιινᾷᾳιαιςίριιεοάὶμ
2823 4612 3228 4694 enim,inquit,
3241 4608 3628 4701 inspectionis
3643 4633 3756 4687 tuze

2098 4696 2253 4761 radii
2281 4697 2432 4760 mihi
2452 4698 2830 4776 aﬂ‘ulsere,in
2855 4711 3009 4766 statu
3033 4707 3206 4769 firmo
3224 4696 3400 4791 atque
3432 4715 3752 4790 tranquillo

2112 5048 2228 5129 que
2247 5030 2518 5129 “lectione
2549 5032 2705 5129 effici
2729 5053 2904 5129 posse
2931 5046 3163 5129 constat
3188 5059 3201 5104 :
3230 5043 3333 5105 sed
3358 5044 3502 5129 quin
3526 5069 3756 5129 πρακτι-

2115 5115 2212 5204 ίήν
2247 5113 2364 5203 legi
2398 5122 2696 5204 oporteat,
2724 5113 2981 5204 dubitari
3013 5139 3132 5182 non
3167 5142 3339 5204 posse
3371 5113 3754 5192 arbitramur.

2112 5191 2346 5281 Etenim
2368 5196 2417 5256 si
2439 5191 2590 5256 nihil
2620 5191 2943 5281 aliud,ipsa
2974 5213 3136 5263 certe
3158 5191 3447 5269 orationis
3468 5211 3659 5273 series
3681 5191 3760 5273 ita

2114 5273 2433 5357 legendum
2458 5273 2820 5357 esseaperte
2838 5273 3125 5347 ostendit.
3152 5284 3295 5348 Cum
3318 5288 3478 5350 enim
3503 5292 3765 5354 Basilius

2114 5355 2291 5447 paulo
2324 5364 2461 5447 ante
2475 5355 2820 5447 scripserit,
2858 5371 2945 5447 xui
2981 5363 3195 5447 δξξναμις
3227 5372 3331 5427 τῶν
3390 5370 3613 5429 δεόντων
3645 5375 3759 5431 ἐπιο

2112 5435 2419 5526 τελεστικῇ,
2456 5435 2659 5526 debuit
2688 5435 2857 5515 sane,
2890 5443 2937 5503 si
2970 5443 3083 5505 sibi
3109 5435 3392 5513 constare
3423 5452 3629 5526 voluit,
3666 5454 3762 5515 hic

2114 5519 2413 5595 πρακτικήν
2440 5516 2724 5595 scribere,
2755 5527 2818 5581 ut
2842 5540 2953 5584 vox
2982 5543 3101 5587 una
3151 5529 3321 5593 alteri
3372 5516 3627 5593 omnino.
3657 5552 3757 5594 re-

2114 5597 2422 5737 spondeat.
2477 5595 2622 5658 Nam
2682 5603 2742 5657 τὸ
2806 5602 3198 5665 ἑπιτελεστικόν
3258 5618 3319 5672 et
3348 5614 3407 5667 τὸ
3466 5616 3760 5690 πρακτικόν

2116 5696 2152 5737 u
2178 5695 2292 5737 ane
2315 5676 2473 5737 idem
2506 5678 2706 5737 valere
2738 5699 2937 5737 nemo-
2974 5689 3187 5737 nninnr
3238 5690 3495 5737 necnhil.

2116 5676 2473 5768 plane‘idnem
2506 5678 2706 5741 valere
2738 5699 2938 5768 nemo,
2974 5689 3208 5768 opinor,
3238 5690 3497 5768 negabit.

2150 5756 2321 5894 ά(67)
2356 5755 2453 5819 Sic
2493 5768 2625 5821 octo
2664 5780 2802 5824 mss.
2843 5755 2931 5825 Att
2957 5755 3140 5828 editio
3186 5755 3371 5833 Paris.
3432 5771 3610 5851 ὥσπερ
3668 5775 3757 5830 καὶ

2115 5860 2205 5900 τα.
