4138 6394
411 303 530 370 319

1744 307 1814 369 Β.
1870 305 2150 371 BASILII
2190 310 2442 375 MAGNI

3668 315 3790 382 320

408 441 869 523 vixi;postquam
895 455 1040 503 vero
1062 438 1322 502 avertisti
1353 439 1565 504 faciem
1587 447 1769 534 tuam,
1789 453 2025 534 pertur-

2127 452 2313 505 σταθεῖ
2355 450 2676 507 καταστάσει
2758 453 2845 508 καὶ
2896 451 3154 534 ἀταράχῳ
3215 452 3422 532 διῆγον
3483 452 3669 523 ἐπειδὴ
3728 455 3783 512 δὲ

409 530 563 593 batio
597 537 813 593 animae
840 529 2025 622 tumultusquedeprebenditurAverten

2136 537 2471 618 ἀπέστρεψάς
2520 563 2612 596 σου
2652 543 2717 597 τὸ
2772 542 3082 622 πρόσωπον,
3140 544 3201 600 τὸ
3254 543 3488 619 ἐμπαθὲς
3541 546 3631 600 καί
3687 566 3783 601 τε-

404 632 599 685 autem
613 623 822 685 faciem
836 640 1002 683 suam
1018 620 1237 683 dicitur
1249 620 1407 683 Deus
1422 629 1699 698 tum,cum
1714 622 2025 687 afﬂictioni.

2132 627 2490 704 θορυϐημένον
2540 635 2636 697 τῆς
2696 634 2881 710 ψυχῆς
2929 620 3278 712 ἀπηλέγχθη.
3314 630 3698 712 Ἀποστρέφειν
3731 632 3786 691 δέ

405 720 673 793 tempore
702 710 1126 774 tentationibus
1159 710 1462 791 expositos
1484 711 2046 792 relinquit,utforti—

405 805 547 862 tudo
574 803 855 865 certantis
891 809 1305 881 cognoscatur.
1338 799 1598 862 Proinde
1658 803 1709 863 si
1758 822 1865 882 pax
1917 825 2047 885 qum

402 892 772 955 intellectum
824 910 1062 952 omnem
1121 899 1362 969 superat
1391 888 1445 932 39
1473 892 1819 954 custodierit
1866 897 2046 959 corda

401 989 624 1057 nostra,
687 982 1071 1061 cupiditatum
1143 979 1456 1041 tumultum
1515 979 2045 1065 confusionemque

399 1070 581 1133 vitare
614 1089 947 1153 possumus.
985 1072 1128 1132 Cum
1161 1069 1340 1147 igitur
1364 1069 1470 1131 Dei
1501 1069 1787 1134 voluntati
1816 1070 2044 1137 aversio

401 1171 757 1241 opponatur,
794 1158 1218 1240 pulchritudini
1251 1177 1395 1220 vero
1452 1168 1511 1220 et
1554 1158 1757 1221 decori
1808 1163 2042 1225 virtuti-

401 1270 520 1329 que
551 1249 919 1331 perturbatio
955 1268 971 1325 ;
1006 1249 1209 1328 utique
1241 1247 1604 1328 perturbatio
1638 1249 1817 1311 fuerit
1839 1252 2041 1315 defor-

399 1339 573 1401 mitas
604 1348 662 1401 et
690 1340 1006 1400 inﬁrmitas
1052 1337 1291 1415 animae,
1322 1355 1392 1397 ex
1424 1335 1787 1399 alienatione
1834 1358 1870 1401 a
1919 1344 2041 1404 Deo

401 1430 779 1507 proveniens.
812 1427 1132 1490 Precemur
1163 1427 1362 1506 itaque
1388 1443 1627 1507 semper
1658 1428 1833 1490 nobis
1862 1440 1922 1491 ut
1950 1432 2041 1492 af—

394 1519 621 1596 fulgeat
648 1518 753 1581 Dei
784 1517 986 1591 facies,
1021 1524 1086 1576 ut
1124 1516 1186 1576 in
1236 1524 1443 1577 sancto
1481 1535 1549 1577 ac
1576 1517 1855 1597 religioso
1884 1527 2041 1585 statu

396 1608 608 1687 simus,
642 1616 702 1670 et
731 1606 928 1680 miles,
961 1614 1019 1666 et
1073 1604 1264 1665 modis
1297 1605 1574 1666 omnibus
1610 1610 1937 1689 tranquilli,
1969 1631 2039 1674 ex

394 1697 576 1757 animi
601 1696 675 1758 ad
707 1696 860 1757 bona
914 1695 1367 1775 praeparatione.
1401 1696 1672 1759 Paratus
1718 1701 1853 1760 150
1904 1721 2025 1766 sum

2124 1704 2409 1780 πρόσωπον
2466 1712 2557 1761 τοῦ
2611 1714 2744 1763 Θοοῦ
2778 1754 2792 1768 .

2131 716 2342 790 λέγεται
2388 722 2447 775 τὸ
2506 722 2692 780 ἑαυτοῦ
2752 722 3036 799 πρόσωπον
3094 726 3121 779 ὁ
3183 723 3337 797 Θεὸς,
3396 722 3521 779 ὅταν
3576 722 3631 778 ἐν
3663 737 3783 788 τοῖς

2127 809 2233 863 τῶν
2292 811 2651 887 περιστάσεων
2739 824 2946 889 καιροῖς
3017 811 3255 878 ἐκδότους
3312 812 3440 892 ἀφίῃ
3502 812 3781 894 τοῖς

2127 912 2471 978 πειρασμοῖς,
2512 902 2597 956 ἒπὶ
2639 902 2698 955 τὸ
2756 902 3055 979 γνωσθῆναι
3094 925 3154 957 το
3221 900 3428 958 εὔτονον
3487 913 3578 962 τοῦ
3624 906 3778 982 ἀγω-

2129 986 2400 1055 νιζομένου
2484 988 2605 1043 Ἐὰν
2652 989 2740 1045 οὗν
2781 991 2815 1057 ἡ
2873 990 3056 1067 εἰρήνη
3116 993 3149 1058 ἡ
3208 991 3544 1071 ὑπερέχουσα
3602 993 3775 1050 πάντα

2128 1082 2246 1131 νοῦν
2310 1080 2580 1155 φρουρήσῃ
2652 1079 2745 1142 τὰς
2803 1077 3015 1150 καρδὲας
3101 1082 3276 1154 ἡμῶν,
3356 1081 3616 1157 δυνάμεθα
3674 1083 3774 1150 τὴν

2123 1166 2369 1244 ταραχὴν
2424 1168 2512 1223 καὶ
2568 1170 2667 1236 τὴν
2736 1169 2993 1247 σύγχυσιν
3045 1176 3150 1225 τῶν
3225 1174 3404 1227 παθῶν
3464 1169 3764 1250 διαφυγεῖν,

2126 1252 2275 1311 Ἐπεὶ
2306 1255 2393 1311 οὗν
2452 1258 2743 1314 ἀντίκειται
2805 1266 2881 1328 τῷ
2930 1260 3027 1334 μὲν
3086 1259 3347 1334 θελήματι
3398 1268 3490 1317 τοῦ
3550 1264 3683 1317 Θεοῦ
3737 1264 3770 1330 ἡ

2124 1344 2458 1425 ἀποστροφὴ,
2511 1354 2586 1421 τῷ
2636 1346 2691 1403 δὲ
2752 1347 2936 1403 κάλλει
3009 1351 3095 1406 καὶ
3142 1371 3210 1426 τη
3267 1350 3557 1425 ὼραιότητι
3590 1354 3676 1408 καὶ
3704 1358 3773 1429 τῇ

2126 1431 2341 1507 δυνάμει
2385 1436 2419 1503 ἡ
2473 1439 2714 1517 ταραχή’
2776 1438 2867 1504 ε’ξη
2923 1439 2984 1493 ἂν
3041 1441 3075 1507 ἡ
3132 1440 3349 1518 ταραχὴ
3396 1438 3520 1518 (69)
3572 1442 3773 1521 αἶσχος

2127 1526 2211 1579 καὶ
2246 1524 2486 1581 ἀσθένεια
2539 1531 2748 1607 ψυχῆς,
2784 1528 2844 1582 ἐκ
2872 1534 2970 1595 τῆς
3028 1529 3134 1585 ἀπὸ
3186 1537 3317 1586 Θειιῦ
3371 1529 3772 1598 αλλοτριώσεως

2126 1613 2467 1691 ἐγγινομένη.
2528 1617 2835 1695 Εὒχώμεθω
2879 1618 2967 1674 οὖν
3023 1619 3104 1674 ἀεὶ
3151 1617 3474 1691 ἐπιλάμπειν
3546 1622 3682 1695 ἡμῖν
3716 1623 3773 1677 τὸ

2869 1704 2959 1763 ἵνα
3029 1707 3084 1763 ἐν
3162 1711 3537 1782 καταστήματι
3628 1714 3772 1785 ὦμεν

392 1789 577 1861 enim,
610 1786 824 1866 inquit,
853 1793 907 1847 et
938 1803 1064 1848 non
1092 1802 1226 1846 sum
1238 1784 1531 1879 turbatus
1557 1786 1633 1849 ‘0.
1668 1786 1917 1853 Vsus.9.
1940 1794 2025 1856 Ad

2120 1793 2448 1871 ἰεροπρεπεῖ,
2484 1794 2572 1850 καὶ
2630 1802 2812 1874 πρᾶοι,
2874 1799 2960 1853 καὶ
3015 1799 3169 1853 παντὶ
3201 1798 3380 1872 τρόπῷ
3411 1799 3676 1879 ἀτάραχοι
3713 1800 3773 1855 ἐκ

394 1883 466 1953 te,
476 1878 620 1939 Dom
629 1875 1031 1954 ide,clamabo
1042 1883 1119 1947 ,οι
1131 1875 1209 1935 ad
1222 1873 1417 1936 Deum
1432 1892 1626 1939 meum
1640 1878 2033 1958 deprecabor.

394 1964 565 2045 Saepe
581 1965 805 2026 dictum
832 1973 922 2025 est
944 1963 1018 2024 de
1043 1962 1304 2023 clamore
1326 1963 1398 2024 ad
1421 1962 1929 2047 Dominum,quod
1961 1972 2038 2034 sit

390 2062 525 2134 ejus
551 2053 738 2115 solius
770 2055 869 2133 qui
905 2069 1115 2131 magna
1146 2060 1204 2112 et
1235 2051 1506 2113 cmlestia
1529 2054 1712 2134 cupit,
1749 2058 2029 2125 clamare.

389 2141 451 2204 Si
481 2144 614 2223 quis
643 2151 839 2203 autem
869 2159 1050 2220 parva
1104 2150 1162 2201 et
1220 2148 1457 2202 terrena
1481 2160 1515 2203 a
1544 2144 1668 2205 Deo
1702 2146 1960 2230 petierit,
1985 2150 2035 2213 is

388 2249 566 2311 parva
584 2241 644 2294 et
664 2231 926 2293 demissa
948 2248 1112 2305 voce,
1152 2247 1340 2309 eaque
1362 2249 1481 2291 non
1512 2234 1586 2292 ad
1613 2234 1869 2298 sublime
1892 2258 2033 2319 per-

390 2321 676 2402 tingente,
696 2339 811 2382 uec
840 2319 914 2381 ad
950 2319 1188 2381 Domini
1212 2337 1389 2381 aures
1409 2322 1795 2401 perveniente
1824 2329 2030 2393 utitur.

386 2410 571 2475 VEBS.
605 2412 704 2475 10.
730 2410 885 2487 Qua
904 2409 1143 2471 utilitas
1171 2410 1236 2470 in
1259 2412 1562 2489 sanguine
1582 2431 1733 2489 meo,
1755 2417 1902 2478 dum
1922 2421 2028 2481 de-

382 2502 606 2562 scendo
629 2502 697 2562 in
720 2502 1175 2579 corruptionem
1199 2500 1223 2557 τ
1244 2500 1386 2575 Cur,
1410 2500 1628 2582 inquit,
1655 2503 1904 2589 clamavi
1926 2514 1954 2570 ?
1973 2519 2030 2571 et

381 2608 513 2669 quas
543 2599 599 2653 te
631 2590 951 2654 Dominum
986 2607 1186 2649 meum
1219 2606 1287 2649 ac
1312 2588 1503 2652 Deum
1555 2588 1759 2655 meum
1789 2598 2030 2677 rogavi?

382 2678 946 2761 Quid,inquit,bona
970 2680 1168 2741 carnis
1190 2677 1669 2755 l1abitudine,aut
1690 2687 1873 2748 multo
1895 2706 2027 2750 san-

378 2769 557 2847 guine
583 2768 730 2830 mihi
750 2788 906 2849 Opus
928 2775 1019 2830 est
1044 2789 1058 2831 :
1082 2787 1214 2830 cum
1241 2787 1458 2849 corpus
1473 2771 1852 2837 dissolutioui
1868 2795 2026 2839 com-

379 2859 546 2920 muni
558 2859 755 2923 statim
772 2858 1125 2920 tradendum
1143 2859 1326 2949 sit‘BAt
1337 2861 1564 2939 castigo
1574 2881 1791 2941 corpus
1803 2885 2021 2949 meum,

375 2958 429 3009 et
451 2950 519 3011 in
534 2949 1119 3025 servitutemredigo
1137 2945 1215 3027 υ,
1243 2955 1307 3007 ut
1334 2966 1411 3008 ne
1439 2950 1695 3027 vigente,
1732 2945 2028 3036 nimisque

2117 1888 2216 1949 τῆς
2275 1886 2404 1959 πρὸς
2462 1886 2527 1938 τὰ
2586 1886 2724 1940 καλὰ
2780 1888 3155 1960 ἑτοιμότητος.
3220 1887 3585 1961 Ἠτοιμάσθην
3632 1890 3756 1966 γὰρ,

2119 1974 2270 2051 φησὶ,
2320 1973 2407 2027 καὶ
2457 1972 2550 2028 οὒκ
2590 1973 2915 2054 ἐταράχθην,
2981 1978 3117 2049 Πρὸς
3189 1976 3269 2049 σὲ,
3336 1977 3511 2055 Κύριε,
3563 1978 3761 2055 κεκρά-

2118 2060 2295 2136 ξομαι,
2328 2063 2415 2116 καὶ
2482 2064 2607 2139 πρὸς
2656 2064 2747 2119 τὸν
2807 2067 2936 2121 Θεόν
2995 2088 3095 2136 μου
3151 2065 3500 2141 δεῆθήσομαι.
3546 2064 3760 2122 Πολλά-

2117 2174 2200 2215 κις
2253 2148 2465 2227 εἴρηται
2528 2154 2646 2226 περὶ
2704 2160 2795 2210 τοῦ
2844 2155 3158 2234 κεκραγέναι
3219 2157 3347 2232 πρὸς
3417 2158 3629 2235 Κύριον,
3678 2156 3758 2214 ὅτι

2118 2239 2280 2315 μόνου
2328 2247 2421 2297 τοῦ
2479 2241 2687 2319 μεγάλα
2760 2245 2846 2299 καὶ
2889 2243 3175 2322 ἐπουράνια
3224 2245 3603 2308 ἐπιθυμοῦντος
3651 2246 3763 2301 ἐστι

2114 2330 2174 2386 τὸ
2226 2331 2457 2409 κράζειν,
2515 2333 2573 2388 Εἰ
2622 2330 2676 2388 δέ
2735 2356 2817 2398 σις
2869 2335 3030 2411 μικρὰ
3085 2336 3174 2392 καὶ
3232 2336 3439 2413 ἐπίγεια
3468 2336 3639 2402 αἰτοίη
3672 2337 3762 2392 τὸν

2115 2421 2264 2482 Θεὸν,
2316 2427 2477 2496 μικρᾷ
2545 2424 2630 2477 καὶ
2683 2429 2907 2501 ταπεινῇ
2986 2423 3250 2503 κέχρηται
3306 2432 3376 2501 τῇ
3427 2431 3578 2503 φωνῇ
3612 2472 3627 2500 ,
3685 2426 3762 2500 μὴ

2114 2510 2379 2589 φθανούσῃ
2436 2512 2509 2574 εἰς
2573 2510 2729 2586 ὕψος,
2790 2513 2925 2587 μηδὲ
2971 2514 3241 2593 ἐρχομένῃ
3301 2517 3373 2577 εἷς
3434 2517 3525 2580 τὰς
3598 2515 3759 2577 ἀκοὰς

2110 2606 2202 2654 τοῦ
2262 2599 2470 2678 Κυρίου,
2519 2601 2607 2664 Τίς
2664 2601 2896 2681 ὠφέλεια
2954 2602 3009 2659 ἐν
3067 2606 3143 2677 τῷ
3188 2603 3381 2679 αἵματι
3443 2625 3565 2678 μου,
3601 2604 3656 2659 ἐν
3686 2606 3760 2678 τῷ

2108 2685 2439 2745 καταϐαίνειν
2526 2688 2642 2765 (70)
2716 2713 2779 2767 με
2877 2694 2950 2757 εἰς
3018 2691 3321 2773 διαφθοράν,
3389 2694 3450 2750 Τί
3481 2742 3494 2767 ,
3570 2695 3752 2773 φησὶν,

2109 2774 2387 2854 ἐκέκραξα;
2433 2779 2522 2835 καὶ
2565 2780 2682 2857 περὶ
2730 2781 2869 2844 τίνος
2927 2779 3146 2849 ἐδεήθην
3203 2784 3335 2860 πρὸς
3393 2783 3450 2838 σέ
3499 2784 3589 2838 τὸν
3648 2784 3754 2840 Κύ-

2109 2866 2220 2935 ριόν
2252 2888 2354 2940 μου
2407 2868 2493 2923 καὶ
2552 2868 2641 2923 τόν
2697 2869 2823 2925 Θεόν
2884 2891 3039 2946 pou;
3095 2871 3183 2935 Τίς
3241 2894 3335 2947 μοι
3368 2872 3549 2953 χρεία,
3600 2873 3757 2952 φησὶ,

2110 2959 2304 3033 σαρκὸς
2363 2959 2639 3019 εὐπαθείας
2698 2960 2786 3015 καὶ
2842 2959 3073 3035 αἵματος
3145 2960 3402 3031 πλήθους,
3465 2961 3755 3037 μέλλοντος

379 3047 740 3100 exaestuante
762 3056 893 3099 meo
924 3037 1243 3127 sanguine,
1273 3037 1645 3117 corpulentia
1669 3045 1903 3106 occasio
1924 3046 2025 3108 ﬁat

2112 3043 2233 3101 ὅσον
2264 3042 2467 3103 οὐδέπω
2515 3045 2886 3123 παραδίδοσθαι
2945 3051 3012 3124 τῇ
3063 3052 3218 3127 κοινῇ
3253 3049 3486 3107 διαλύσει
3517 3058 3610 3108 τοῦ
3641 3052 3753 3108 σώ-

374 3129 625 3208 peccati.
662 3127 840 3190 Carni
873 3135 990 3187 tua)
1018 3143 1095 3186 ne
1126 3126 1485 3206 obsequare,
1519 3146 1752 3207 somno,
1785 3133 2021 3211 balneo,
2060 3170 2063 3173 »

373 3234 442 3277 ac
464 3215 749 3278 mollibus
770 3214 1193 3291 culcitris,sem
1202 3234 1306 3293 per
1324 3216 1478 3277 hanc
1493 3227 1773 3298 repetens
1786 3232 2025 3287 senten-

373 3305 1037 3381 tian1:()uceutilitasin
1066 3308 1373 3385 sanguine
1396 3324 1547 3383 meo,
1574 3309 1720 3372 dum
1733 3312 2023 3379 descendo

370 3401 437 3458 ιη
456 3394 1096 3474 corruptionem?Quid
1110 3393 1445 3471 fovesquod
1465 3397 1639 3476 paulo
1664 3409 1800 3480 post
1840 3403 2023 3467 inter-

375 3487 594 3548 iturum
625 3492 763 3549 est?
787 3484 929 3566 quid
952 3484 1186 3564 saginas
1216 3492 1271 3547 te
1304 3487 1501 3565 ipsum
1524 3496 1583 3549 et
1604 3491 1967 3571 pinguel‘acis
1996 3494 2022 3560 ?

370 3580 467 3640 An
487 3577 728 3654 ignoras
750 3575 910 3652 quod
930 3583 1152 3655 quanto
1180 3576 1458 3655 pinguius
1481 3578 1814 3662 tibicorpus
1834 3587 2016 3648 confi-

365 3667 649 3748 cis,tanto
674 3666 1008 3744 graviorem
1032 3682 1338 3728 carcerem
1361 3667 1573 3731 animae
1588 3672 1807 3735 struis?
1831 3677 2011 3740 Nun-

364 3760 510 3839 quid
522 3754 1182 3837 conﬁtebiturtt'bt'pulv
1193 3756 2011 3830 is.autannuntiabitverita-

365 3858 483 3910 tem
507 3852 727 3909 tuam?
758 3844 1067 3918 Quomodo
1099 3846 1260 3907 enim
1321 3850 1615 3911 terrestris
1654 3869 1723 3916 ac
1753 3871 2010 3923 carncus

363 3938 550 3999 homo
585 3936 688 3998 tibi
719 3938 841 3999 Deo
874 3934 1257 3997 conﬁtebitur
1279 3934 1310 3994 ?
1333 3939 1635 4017 quomodo
1664 3961 1801 4005 vero
1826 3948 2004 4012 etiam

367 4026 750 4089 annuntiabit
782 4030 1110 4108 veritatem,
1137 4027 1240 4107 qui
1260 4044 1455 4107 neque
1486 4030 1822 4112 disciplinis
1850 4036 2019 4102 dedit

366 4120 606 4196 tempus
636 4116 845 4193 ullum,
873 4124 934 4176 et
956 4116 1126 4194 cujus
1159 4133 1330 4176 mens
1349 4118 1412 4177 in
1444 4123 1608 4181 tanta
1635 4123 1835 4185 carnis
1857 4127 2015 4190 mole

362 4205 599 4268 defossa
626 4215 718 4270 est
745 4225 815 4268 ac
846 4203 1103 4268 obruta?
1136 4206 1226 4269 Ob
1255 4207 1313 4267 id
1344 4208 1524 4286 igitur
1543 4227 1785 4275 carnem
1814 4230 2010 4277 meum

363 4314 626 4373 macero,
662 4316 774 4359 nec
795 4314 975 4378 parco
1008 4314 1144 4358 meo
1177 4296 1719 4389 _sanguini,,qui_in
1764 4319 2008 4366 carnem
2030 4340 2077 4389 ο

363 4389 703 4450 coalescere
723 4393 967 4466 solet,ut
992 4384 1492 4467 impedimentum
1524 4386 1751 4451 nullum
1770 4390 1917 4453 mihi
1933 4392 2012 4455 sit

361 4476 436 4537 ad
461 4478 1132 4555 confessionem,neque
1150 4472 1229 4537 ad
1240 4474 1511 4536 veritatis
1529 4474 2006 4559 intelligentiam.

2109 3151 2301 3209 ματοςς
2374 3131 2824 3208 Ἀλλ’ὺπωπιοίζω
2896 3137 3026 3218 (71)
3097 3163 3196 3215 μου
3283 3141 3342 3196 τὸ
3420 3142 3604 3216 σῶμα,
3671 3142 3757 3196 καὶ

2107 3220 2455 3301 δουλαγωγῶ,
2545 3225 2741 3294 μήπως
2829 3227 3165 3294 εὖεκτοῦντος
3256 3231 3344 3287 καὶ
3407 3230 3747 3309 ὑπερζέονιός

2106 3334 2195 3387 μοι
2224 3315 2316 3368 τοῦ
2345 3316 2592 3389 αἳματος,
2624 3314 2839 3397 ἀφορμὴ
2871 3320 3003 3398 πρὸς
3061 3320 3321 3395 ἁμαρτίαν
3371 3322 3405 3389 ἡ
3470 3319 3743 3399 πολυσαρ-

2103 3403 2191 3459 κία
2246 3403 2488 3484 γένηται,
2522 3404 2610 3472 Μὴ
2641 3408 2898 3465 κολακευέ
2955 3430 3049 3467 σου
3077 3410 3175 3477 τὴν
3208 3411 3376 3489 σάρκα
3433 3408 3616 3475 ὕπνοις
3659 3417 3746 3467 καὶ

2103 3492 2349 3573 λουτροῖς
2401 3497 2489 3551 καὶ
2544 3493 2813 3570 μαλακοῖς
2871 3499 3202 3580 στρώμασιν,
3235 3500 3314 3556 ἀεὶ
3375 3498 3639 3578 ἐπιλέγων
3682 3503 3743 3557 τὸ

2097 3583 2241 3662 ρἧα
2287 3584 2465 3643 τοῦτο’
2501 3585 2589 3649 Τίς
2618 3586 2849 3665 ὠφέλεια
2903 3588 2958 3644 ἐν
3015 3593 3092 3663 τῷ
3146 3589 3340 3666 α’ίματί
3395 3612 3519 3666 μου,
3585 3589 3637 3646 ἐν
3670 3596 3747 3662 τῷ

2095 3672 2429 3733 καταϐαίνειν
2517 3695 2583 3750 με
2671 3678 2745 3740 εἰς
2831 3675 3159 3759 διαφθοράν,
3240 3680 3299 3737 Τί
3354 3679 3625 3756 περιέπεις
3683 3680 3745 3735 τὸ

2093 3766 2283 3844 μικρὸν
2343 3768 2559 3843 ὕστερον
2614 3768 3039 3843 φθαρησὸμενον;
3071 3769 3127 3822 τί
3184 3767 3550 3828 καταπιαίνεις
3580 3785 3743 3821 σεαυ-

2091 3858 2182 3913 τὸν
2212 3856 2300 3912 καὶ
2355 3866 2723 3934 περισαρκοῖςς
2768 3852 2851 3910 ’Ἦ
2911 3855 3129 3931 ἀγνοεῖς
3184 3854 3265 3909 ὅτι
3296 3854 3405 3926 ὅσῳ
3434 3851 3744 3932 παχυτέραν

2090 3948 2187 4015 τὴν
2238 3943 2407 4023 σάρκα
2465 3948 2669 4016 σεαυτῷ
2724 3954 2922 4014 ποιεῖς,
2997 3942 3238 4015 τοσούτῳ
3317 3942 3603 4020 βαρύτερον
3672 3947 3740 4017 τῇ

2097 4039 2254 4115 ψυχῇ
2305 4026 2715 4100 κατασκευάζεις
2776 4031 2839 4086 τὸ
2894 4028 3281 4111 δεσμωτήριον,
3343 4037 3433 4099 Μὴ
3489 4030 3742 4107 ἐξομολο-

2096 4122 2320 4204 γήσεταί
2366 4141 2449 4175 σοι
2488 4124 2646 4197 χοῦς,
2716 4118 2750 4186 ἢ
2809 4120 3099 4197 ἀναγγελεῖ
3154 4121 3251 4189 την
3310 4120 3562 4191 ἀλήθειάν
3617 4141 3737 4202 σου,

2095 4218 2217 4275 Πῶς
2278 4210 2378 4287 γὰρ
2434 4210 2461 4262 ὅ)
2510 4206 2708 4286 χοῖκὸς
2766 4204 3038 4272 ἅνθρωπος
3097 4210 3183 4263 καὶ
3236 4210 3485 4289 σάρκινος
3541 4208 3740 4285 ἐξομο-

2092 4299 2381 4379 λογήσεταί
2439 4319 2519 4352 σοι
2576 4303 2652 4372 τῷ
2709 4300 2848 4374 Θεῷ;
2906 4303 3020 4362 πῶς
3072 4295 3127 4354 δὲ
3179 4300 3264 4355 καὶ
3320 4296 3611 4377 ἀναγγελεῖ
3640 4299 3741 4366 τὴν

2092 4392 2342 4461 ἀλήθειαν
2372 4384 2500 4466 (72)
2557 4389 2586 4443 ὁ
2636 4389 2773 4461 μήτε
2832 4385 3110 4464 μαθήμασι
3171 4391 3348 4463 κοιρὸν
3421 4386 3539 4454 δοὺς
3576 4436 3592 4468 ,
3651 4389 3741 4445 καὶ

2095 4483 2150 4539 ἐν
2198 4479 2434 4552 τοσούτῳ
2483 4474 2632 4556 βάρει
2680 4482 2780 4545 τῆς
2830 4479 3025 4555 σαρκὸς
3078 4479 3170 4534 τὸν
3222 4487 3342 4536 νοῦν
3386 4478 3571 4538 ἑαυτοῦ
3601 4500 3737 4556 συγ-

359 4572 702 4651 κεχωσμὲνον
760 4570 907 4650 ἔχων
953 4586 971 4646 ;
1036 4566 1135 4623 Διὰ
1161 4569 1316 4621 τοῦτο
1343 4563 1517 4621 τοίνυν
1572 4566 1785 4637 ἐκτήκω
1832 4595 1932 4646 μου
1958 4580 2058 4649 τὴν
2092 4575 2283 4651 σάρκα,
2320 4569 2408 4626 καὶ
2434 4564 2633 4648 ἀφειδῶ
2686 4573 2780 4624 τοῦ
2841 4566 3074 4643 αἵματος
3131 4565 3262 4647 ὅπερ
3293 4570 3367 4631 εἷς
3413 4567 3581 4646 σάρκα
3628 4568 3735 4624 πέ-

360 4683 489 4743 φυκε
548 4665 1009 4742 μεταπήγνυσθαι,
1037 4658 1130 4714 τίνα
1180 4652 1349 4731 μηδὲν
1381 4677 1470 4733 μοι
1526 4662 1562 4735 ᾖ
1596 4658 1720 4744 (75)
1780 4666 1912 4744 πρὸς
1967 4664 2355 4747 ἐξομολόγησιν
2390 4659 2427 4730 ἢ
2485 4659 2617 4737 πρὸς
2648 4658 2746 4727 τὴν
2778 4661 2879 4725 τῆς
2941 4654 3188 4724 ἀληθείας
3252 4655 3578 4725 κατανόησιν
3628 4656 3735 4733 ἐμ-

355 4753 691 4910 ποδίῗᾟειιε.
704 4845 729 4908 1
744 4844 768 4907 1
784 4839 1055 4908 .Audt'vt't
1080 4837 1463 4916 Dominus,et
1475 4844 1755 4908 misertus
1766 4852 1853 4908 est
1865 4848 2001 4909 mei:

2169 4844 2232 4908 7.
2266 4840 2506 4898 ’Ἤκουσε
2558 4837 2766 4913 Κύριος,
2827 4837 2913 4892 καὶ
2971 4833 3172 4903 ἠλέησέ
3216 4851 3306 4910 με’
3372 4836 3561 4914 Κύριος
3606 4835 3736 4915 ivi-

435 4979 768 5061 39Philipp.
802 4994 889 5061 1v,
921 4977 983 5042 7.
1068 4977 1131 5028 40
1157 4976 1317 5040 Psal.
1342 4993 1544 5056 cxvul,
1576 4982 1677 5043 60.
1762 4979 1813 5024 ⁴¹
1843 4979 2025 5045 ICor.
2056 4996 2138 5056 Ix,
2164 4979 2263 5042 27.

439 5121 565 5199 (68)
598 5119 791 5184 Editio
821 5120 1007 5185 Paris.
1045 5121 1206 5203 deosin
1239 5135 1384 5203 τοῖς.
1416 5122 1495 5203 Αἱ
1529 5136 1815 5203 mss._sex
1843 5121 1996 5200 ἀφίῃ.

360 5204 741 5285 Beg.sextus
770 5204 980 5285 ἀφίησι.
1015 5200 1245 5265 Ibidem
1284 5200 1468 5285 aliqui
1501 5219 1643 5285 mss.
1677 5200 1761 5285 ἐπὶ
1792 5204 1875 5263 τὸ.

448 5279 571 5364 (⁷69)
597 5284 726 5367 Illa,
762 5279 853 5351 εἴη
876 5284 934 5340 ἂν
959 5287 993 5353 ἡ
1020 5279 1483 5367 ταραχήβθεξωῐ
1503 5282 1566 5343 in
1596 5279 1828 5367 duobus
1849 5297 1993 5367 mss.

352 5362 667 5461 Aliquanto
700 5362 1136 5461 postnonuulli
1162 5362 1311 5461 mss.
1349 5364 1645 5461 euxduﬁla.‘
1667 5362 1788 5425 Alii
1817 5364 1993 5461 26206-

358 5442 511 5523 μεθα.
548 5447 681 5510 Mox
700 5442 859 5509 "editi
908 5446 1134 5526 ἥσυχοι,
1163 5447 1250 5526 καὶ
1301 5442 1483 5524 πρᾶσι.
1533 5442 1649 5506 Sed
1701 5462 1809 5504 vox
1866 5442 2003 5510 ἥσυ-

354 5550 448 5608 χοι
483 5527 653 5591 deest
683 5529 743 5589 in
772 5526 990 5588 nostris
1023 5525 1482 5608 undecimmss.

438 5609 564 5696 (79)
599 5610 807 5696 Colb.__
829 5615 1073 5696 quartus
1101 5605 1370 5696 perinde
1422 5614 1597 5683 atque
1829 5602 1888 5696 ἐν
1923 5606 1998 5675 τῷ

353 5684 673 5758 καταϐῆναι.
705 5684 863 5751 Editi
893 5705 1026 5749 vero
1056 5684 1139 5748 ef
1167 5705 1309 5748 mss.
1345 5704 1464 5747 non
1498 5684 1670 5766 pauci
1704 5684 1758 5740 ἐν
1788 5691 1864 5757 τῷ
1889 5706 1995 5740 κα-

353 5768 636 5833 ταϐαίνειν,

2084 5114 2204 5177 duo
2245 5114 2543 5189 ὑποπιάζω,
2578 5115 2880 5189 corrupte,
2915 5123 3020 5188 pro
3069 5105 3387 5189 ὑπωπιάζω.
3439 5101 3733 5189 Nonnulli

2084 5195 2187 5257 alii
2216 5185 2673 5264 ὑποπιὲζωίΜΟΧ
2705 5185 2873 5266 Regii
2896 5185 3203 5266 secundus
3230 5193 3292 5247 et
3323 5185 3532 5247 tertius
3560 5188 3730 5266 {inep-

2084 5275 2295 5349 ζέοντος
2326 5263 2450 5351 μου.
2486 5271 2648 5335 Editi
2677 5280 2737 5333 et
2765 5263 2868 5331 alii
2892 5265 3162 5351 quidam
3199 5283 3364 5351 mss._
3390 5263 3732 5351 ὑπερζέοντᾷς

2082 5345 2199 5434 μοι.
2237 5345 2358 5417 Nec
2388 5354 2469 5415 ita
2500 5353 2683 5434 multo
2715 5358 2847 5432 post
2892 5349 3038 5425 Reg.
3094 5345 3302 5434 tertius
3351 5345 3539 5434 habet
3570 5345 3734 5434 ῥητόν

2225 5437 2391 5528 ῥῆμα.
2427 5424 3158 5528 subindeﬁuatuormss.
3188 5427 3242 5483 ἐν
3262 5434 3339 5503 τῷ
3368 5424 3729 5485 καταϐαίνειν.

2136 5507 2451 5579 ἀὶιίσνειό
2482 5507 2863 5599 Ρετὶελίᾗτιῑξ
2892 5507 3213 5599 καταϐῇνίκξ·
3526 5586 3569 5599 ﬁ
3647 5587 3659 5598 .

2160 5599 2284 5676 (72)
2318 5600 2480 5659 Unus
2514 5614 2639 5676 ms:
2645 5586 2895 5676 ἀλήθειάν
2919 5613 3036 5650 σου.
3067 5588 3292 5676 Ibidem
3324 5586 3506 5649 editio
3526 5586 3719 5649 Paris.

2080 5671 2309 5758 μαθήσει
2363 5677 2566 5755 καιρόν.
2607 5673 2725 5758 Sed
2759 5691 2901 5758 mss.
2937 5678 3069 5758 octo
3095 5671 3394 5746 μαθήμασι.

2160 5747 2282 5838 (73)
2312 5747 2487 5831 Illud,
2520 5758 2579 5833 ᾗ,
2615 5757 2784 5838 deest
2833 5754 2894 5838 in
2941 5748 3113 5838 Colb.
3143 5758 3381 5838 quarto:
3410 5747 3486 5838 Ιιι⁸
3509 5748 3721 5838 eodem

439 5851 564 5931 (71)
608 5829 737 5916 Duo
768 5869 912 5915 mss.
947 5868 1082 5912 cum
1114 5855 1275 5912 textu
1307 5865 1475 5911 sacro
1519 5847 1840 5919 ὑπωπιάζω.
1876 5841 1997 5905 Alii

2112 5829 2182 5904 llo
2232 5829 2441 5902 codice
2473 5829 2685 5900 statim
2740 5834 2958 5915 legitur
2994 5829 3290 5909 ὲμποδίζοι.
3322 5829 3491 5893 Haud
3538 5829 3723 5910 longe
