4138 6412
399 344 525 409 327

1755 341 1812 401 S.
1870 336 2145 403 BASILII
2192 332 2438 405 MAGNI

3666 332 3784 400 328

397 495 534 545 tunc
569 490 701 561 post
741 476 1208 550 confessionem,
1245 473 1462 552 dignus
1494 494 1557 536 es
1602 478 1703 554 qui
1754 482 1811 537 in
1860 477 2026 539 deca-

2128 476 2417 554 μαρτυρίῳ,
2454 472 2547 561 διὰ.
2579 474 2678 542 τῆς
2722 470 3160 552 ἐξομολογήσεως
3222 480 3446 529 σεαυτοῦ
3495 468 3558 526 τὸ
3617 468 3777 548 σῶμα

396 573 619 635 cliordo
652 567 929 650 psalterio
964 567 1084 627 Deo
1118 562 1334 644 psallas
1364 565 1435 625 ⁵⁵.
1476 565 1644 626 Prius
1696 566 1853 626 enim
1904 585 2042 627 cor-

400 663 560 743 poris
590 660 853 725 actiones
899 663 1133 735 oportet
1183 655 1516 731 emendari,
1554 668 1615 715 ut
1644 666 2045 733 congruenter

396 742 592 813 divino
627 747 809 810 verbo
840 742 1385 823 convenienterque
1410 744 1815 825 perﬁciantur,
1840 752 2043 826 sicque

397 859 580 917 queas
606 839 678 899 ad
725 853 925 897 rerum
963 829 1422 907 intelligibilium
1476 834 2038 913 contemplationem

395 930 743 991 ascendere.
805 921 1100 987 Fortassis
1160 921 1320 983 enim
1382 942 1570 997 mens,
1607 943 1743 1001 quae
1786 943 2041 1004 superna

372 1019 629 1101 quaerit,
663 1014 1008 1097 psalterium
1066 1015 1225 1079 dicta
1255 1023 1365 1085 est.
1400 1013 1555 1093 quod
1608 1012 1787 1091 hujus
1836 1020 2037 1091 organi

396 1118 689 1170 structura
741 1124 773 1167 a
823 1103 1119 1183 superiori
1152 1110 1317 1184 parte
1377 1109 1491 1163 vim
1524 1111 1904 1163 resonantem
1936 1122 2039 1165 ac-

394 1199 558 1279 cipit.
591 1194 872 1275 Corporis
899 1193 1093 1273 itaque
1123 1212 1307 1273 opera
1335 1192 1491 1253 velut
1523 1211 1591 1252 ex
1618 1192 1871 1252 infernis
1900 1212 2037 1253 con-

393 1290 637 1350 ﬁtentur
660 1285 777 1346 Deo
807 1305 819 1346 :
847 1301 978 1363 quze
1011 1301 1147 1345 vero
1179 1302 1283 1363 per
1318 1290 1573 1343 mentem
1609 1282 2039 1343 annuntinntur

396 1376 695 1457 mysteria,
730 1392 762 1434 e
804 1372 1084 1453 supernis
1132 1373 1505 1435 occasionem
1566 1370 1811 1445 habent,
1841 1380 2038 1434 mente

395 1469 551 1530 velut
583 1483 794 1527 sonum
829 1480 935 1543 per
985 1463 1259 1541 spiritum
1295 1462 1681 1541 adipiscente.
1719 1462 1831 1533 Qui
1861 1462 2040 1540 igitur

393 1559 467 1619 ad
502 1556 699 1618 omnia
730 1561 1028 1633 praecepta
1060 1552 1337 1631 respicit,
1370 1570 1441 1611 ex
1472 1551 1683 1630 eisque
1715 1551 1871 1612 velut
1902 1570 2039 1611 con-

393 1657 631 1709 centum
682 1663 751 1704 ac
798 1641 1204 1723 symphoniam
1256 1641 1414 1715 facit,
1446 1640 1497 1700 is
1553 1640 1613 1700 in
1660 1641 2036 1701 decacliordo

394 1737 673 1819 psalterio
704 1738 827 1796 Deo
864 1732 1081 1812 psallit,
1119 1732 1273 1812 quod
1308 1730 1612 1807 generalia
1643 1732 1853 1791 decem
1881 1750 2033 1810 pra:-

2128 564 2393 626 κάκωσον,
2456 554 2553 622 Καί
2609 564 2731 620 τότε
2781 564 2914 640 μετά
2957 562 3057 630 τὴν
3109 558 3496 639 ἐξομολόγησιν
3532 559 3672 627 ἄξιος
3720 562 3775 617 εἶ

2126 653 2179 709 ἐν
2239 653 2521 732 ψαλτηρίῳ
2577 652 2877 733 δεκακόρδῳ
2937 651 3165 728 ψάλλειν
3210 650 3285 725 τῷ
3330 656 3446 726 Θεῷ
3494 650 3657 730 (88).
3686 652 3783 707 Δεῖ

2125 744 2224 821 γὰρ
2255 744 2510 823 πρότερον
2545 747 2875 823 κατορθῶσαι
2927 744 3020 804 τὰς
3069 740 3155 798 διὰ
3213 751 3303 801 τοῦ
3345 742 3599 818 σώματος
3630 740 3784 821 ἐνερ-

2124 834 2292 910 γείας,
2339 832 2476 891 ὥστε
2522 834 2786 910 ἁρμονίως
2835 834 2913 908 τῷ
2953 834 3076 906 θείῳ
3132 830 3278 909 λὸγῳ
3332 830 3649 905 ἀποτελεῖν,
3699 839 3790 892 καὶ

2124 921 2291 986 οὕτως
2348 920 2433 978 ἒπῖ
2492 923 2591 988 τὴν
2639 923 2860 1001 Θεωρίαν
2890 928 2995 978 τῶν
3041 926 3250 987 νοητῶν
3298 916 3586 987 ἀναϐῆναι.
3637 918 3786 975 Ψαλ-

2125 1011 2307 1089 τήριον
2337 1013 2438 1089 γὰρ
2466 1012 2613 1091 τάχα
2644 1014 2672 1068 ὁ
2727 1020 2844 1075 νοῦς
2904 1012 3118 1089 εἴρηται
3154 1010 3182 1065 ὃ
3228 1010 3294 1066 τὰ
3323 1008 3435 1064 ἅνω
3464 1015 3667 1082 ζητῶν,
3695 1007 3781 1065 δια

2120 1102 2183 1156 τὸ
2212 1102 2312 1168 τὴν
2362 1102 2696 1169 κατασκευὴν
2740 1108 2834 1160 τοῦ
2876 1103 3101 1181 ὀργάνου
3150 1101 3333 1157 τούτου
3377 1099 3477 1166 τὴν
3534 1100 3777 1180 ἧχοῦσαν

2121 1188 2338 1266 δύναμιν
2398 1191 2457 1248 ἐκ
2510 1198 2613 1249 τῶν
2670 1190 2868 1249 ἄνωθεν
2918 1190 3087 1271 ἔχειν,
3125 1191 3200 1249 Τά
3245 1190 3342 1263 μὲν
3387 1192 3474 1246 οὖν
3518 1196 3611 1246 τοῦ
3662 1190 3775 1246 σώ-

2122 1303 2287 1349 ματος
2336 1282 2461 1361 ἔργα
2505 1282 2662 1338 οἱονεὶ
2704 1283 2940 1338 κάτωθεν
2990 1280 3398 1357 ἐξομολογεϊται
3466 1279 3544 1354 τῷ
3603 1281 3719 1355 Θεῷ
3754 1300 3766 1313 ·

2120 1371 2184 1425 τὰ
2228 1368 2282 1426 δὲ
2309 1369 2393 1427 διὰ
2436 1378 2529 1427 τοῦ
2576 1370 2665 1427 νοῦ
2708 1370 3151 1450 ἐπαγγελλὸμενα
3196 1368 3321 1449 (89)
3372 1370 3639 1448 μυστήρια
3683 1372 3777 1435 τὰς

2119 1460 2362 1539 ἀφορμὰς
2417 1460 2612 1518 ἄνωθεν
2690 1460 2831 1541 ἔχει,
2893 1464 3050 1517 οἱονεὶ
3110 1459 3478 1539 ἔνηχουμένου
3531 1458 3618 1515 διὰ
3683 1470 3778 1518 τοῦ

2119 1551 2441 1627 πνεύματος.
2506 1550 2566 1609 Ὀ
2606 1553 2777 1608 τοίνυν
2828 1552 2913 1608 ἐπὶ
2967 1552 3139 1615 πάσας
3171 1551 3267 1613 τὰς
3301 1548 3518 1613 ἐντολὰς
3551 1548 3777 1606 ἐπιϐλέ-

2118 1662 2257 1711 πων,
2331 1643 2419 1698 καὶ
2498 1643 2656 1697 οἱονεὶ
2731 1640 2986 1715 συνῳδίαν
3067 1640 3242 1696 αὐτῶν
3321 1640 3409 1695 καὶ
3466 1641 3778 1720 συμφωνίαν

2119 1732 2311 1807 ποιών,
2335 1732 2486 1796 οὗτος
2515 1730 2570 1785 ἐν
2601 1729 2899 1809 δεκακὸρδτμ
2958 1732 3240 1809 ψαλτηρίῳ
3283 1730 3480 1806 ψάλλει
3525 1732 3602 1803 τῷ
3634 1734 3774 1811 Θεῷ,

386 1808 557 1906 cepta
597 1808 923 1885 secundum
988 1808 1239 1901 primam
1288 1820 1437 1895 legis
1472 1820 1847 1881 traditionem
1880 1808 2026 1881 con-

2118 1818 2202 1875 διὰ
2246 1823 2308 1876 τὸ
2364 1818 2489 1878 δέκα
2563 1825 2702 1877 εἶναι
2763 1808 2857 1885 τάς
2915 1808 3157 1900 γενικὰς
3206 1819 3423 1883 ἐντολὰς
3482 1820 3621 1878 κατὰ
3676 1808 3776 1889 τὴν

386 1918 609 1995 scripta
624 1910 1307 1973 sunt.Vens.3.Cantate
1330 1910 1585 1971 Domino
1601 1914 1904 1971 canticum
1933 1930 2035 1971 no—

385 2025 546 2069 vum.
575 2001 697 2064 Hoc
717 2010 827 2075 est,
864 1998 1001 2062 Non
1023 2007 1089 2061 in
1119 2007 1412 2061 vetustate
1434 1999 1677 2079 litterae,
1700 2001 1804 2060 sed
1828 2006 1889 2059 in
1922 2018 2031 2059 iw-

385 2100 570 2158 vitate
588 2094 841 2172 spiritus
869 2092 1056 2152 Deum
1077 2090 1254 2151 colite
1270 2088 1346 2150 56.
1369 2088 1480 2161 Qui
1503 2110 1623 2149 non
1646 2089 2036 2169 corporaliter

387 2186 576 2264 legem
606 2180 841 2260 accipit,
871 2179 975 2239 sed
1008 2178 1170 2239 illius
1204 2178 1365 2239 novit
1406 2179 1732 2257 spiritalem
1767 2198 2030 2259 sensum,

386 2277 483 2336 hic
513 2271 806 2333 canticum
842 2286 1058 2328 novum
1088 2276 1305 2328 cantat.
1342 2266 1487 2327 Nam
1523 2278 1686 2329 vetus
1742 2277 1802 2329 et
1854 2288 2032 2330 sene-

386 2380 561 2424 scens
607 2358 1051 2419 Testamentum
1106 2356 1470 2436 pertransiit,
1511 2374 1729 2417 novum
1791 2376 1926 2419 vero
1977 2370 2034 2419 et

386 2455 780 2515 instauratum
812 2445 1105 2508 canticum
1136 2446 1421 2507 doctrinae
1447 2445 1683 2509 Domini
1710 2466 1825 2507 non
1860 2467 2031 2510 exce‘

385 2544 492 2624 pit,
528 2558 659 2621 quae
682 2538 1055 2617 juventutem
1091 2544 1378 2611 nostram,
1412 2535 1572 2597 velut
1601 2537 2015 2616 aquilae,reno-

380 2640 477 2693 vat
506 2630 580 2711 ⁵⁷,
615 2628 718 2689 ubi
744 2626 1193 2705 corruperimus
1247 2635 1559 2688 externum
1609 2627 1934 2701 hominem,
1970 2638 2027 2689 et

381 2719 647 2785 renovati
677 2715 966 2778 fuerimus
991 2715 1065 2775 de
1092 2714 1188 2777 die
1222 2715 1280 2776 in
1312 2715 1468 2777 diem
1499 2717 1576 2781 ⁵8.
1601 2715 1717 2778 Sed
1748 2727 1806 2779 et
1837 2719 1936 2799 qui
1960 2738 2022 2779 se

378 2814 449 2875 ad
482 2808 782 2873 anteriora
804 2804 1069 2866 extendit
1099 2823 1338 2886 semper
1352 2824 1418 2867 se
1450 2807 1577 2886 ipso
1608 2809 1909 2868 recentior
1932 2809 2015 2871 fit.

378 2902 569 2975 Quare
601 2898 701 2979 qui
733 2916 796 2957 se
828 2897 955 2975 ipso
986 2895 1049 2954 ﬁt
1101 2914 1341 2976 semper
1370 2898 1690 2971 recentior,
1722 2900 2021 2959 recentius

379 2991 672 3054 canticum
702 2986 820 3048 Deo
855 2983 1031 3045 canit.
1062 2981 1388 3047 Recentius
1418 2995 1613 3046 autem
1642 3005 1715 3047 ex
1740 3006 1905 3048 more
1936 2989 2017 3048 di-

380 3082 532 3144 citur
553 3079 647 3141 vel
669 3077 729 3137 id
752 3074 907 3154 quod
933 3081 1023 3135 est
1047 3073 1526 3148 admirabile,vel
1550 3074 1608 3135 id
1632 3076 1787 3154 quod
1807 3095 2022 3139 recens

2115 1911 2335 1989 πρώτην
2379 1918 2472 1967 τοῦ
2531 1913 2693 1987 νὸμου
2742 1910 3036 1990 παράδοσιν
3093 1908 3496 1989 γεγραμμένας,
3558 1909 3773 1983 ’ᾋσατε

2116 2004 2194 2074 τῷ
2229 2001 2398 2077 Κυρίῳ
2457 2008 2601 2073 ᾆσμα
2641 2000 2764 2079 (90)
2812 2003 3017 2062 καινὸν,
3078 1999 3380 2081 Τουτέστιν,
3442 2001 3529 2068 Μὴ
3584 1999 3637 2054 ἐν
3698 2006 3764 2076 τῇ

2117 2089 2442 2157 παλαιὸτητι
2492 2098 2581 2147 τοῦ
2648 2091 2989 2169 γράμματος,
3064 2089 3184 2147 ἀλλ’
3246 2090 3299 2145 ἐν
3370 2096 3439 2166 τῇ
3493 2092 3768 2157 καινὸτητι

2118 2186 2210 2237 τοῦ
2239 2181 2536 2256 πνεύματος
2567 2180 2844 2257 λατρεύετε
2874 2183 2952 2255 τῷ
3010 2181 3147 2256 Θεῷ.
3208 2179 3268 2237 Ὀ
3321 2181 3398 2255 μὴ
3446 2185 3766 2255 σωματικῶς

2118 2266 2466 2345 ἐκλαμϐάνων
2523 2270 2615 2325 τὸν
2657 2272 2841 2350 νόμον,
2891 2269 3026 2326 ἀλλά
3101 2272 3162 2325 τὸ
3205 2271 3565 2345 πνευματικὸν
3610 2273 3772 2328 αὺτοῦ

2116 2359 2406 2435 γνωρίζων,
2458 2358 2607 2423 οὗτος
2666 2357 2779 2431 ᾅδει
2823 2362 2882 2416 τὶ
2928 2360 3109 2417 καινὸν
3155 2366 3322 2436 ᾆσμα.
3376 2361 3521 2415 Διότι
3566 2361 3627 2415 τὸ
3676 2359 3775 2436 μὲν

2116 2446 2503 2523 παλαιούμενον
2563 2451 2649 2505 καὶ
2692 2450 2962 2529 γηράσκον
3007 2450 3104 2517 τῆς
3154 2451 3425 2521 Διαθήκης
3460 2445 3608 2515 διέϐη
3646 2464 3659 2478 ⁸
3713 2452 3774 2505 τὸ

2111 2533 2165 2591 δὲ
2211 2540 2393 2594 καινὸν
2449 2539 2538 2595 καὶ
2582 2539 2964 2614 ἀνανεούμενον
3008 2545 3153 2611 ᾆσμα
3199 2542 3343 2614 ἡμᾶς
3390 2561 3489 2606 της
3534 2549 3627 2598 τοῦ
3661 2549 3773 2597 Κυο

2110 2626 2222 2704 ρίου
2304 2625 2640 2694 διδασκαλίας
2704 2626 2972 2694 διεδέξατο
3031 2629 3186 2707 (91),
3249 2626 3364 2696 ἥτις
3444 2629 3762 2700 ἀνακαινίζει

2114 2715 2287 2791 ἡμῶν,
2321 2719 2394 2780 ὡς
2426 2717 2602 2798 ἀετοῦ,
2646 2718 2744 2784 τὴν
2780 2719 3031 2799 νεότητα,
3063 2718 3190 2774 ὅταν
3222 2719 3513 2797 φθείρωμεν
3546 2720 3643 2793 μὲν
3672 2720 3763 2775 τὸν

2107 2804 2205 2870 ἔξω
2265 2806 2557 2884 ἄνθρωπον,
2622 2808 3027 2883 ἀνακαινώμεθα
3084 2806 3139 2863 δὲ
3181 2808 3358 2886 ἡμέρᾳ
3420 2809 3507 2863 καὶ
3563 2808 3760 2887 ἡμέρᾳ,

2104 2893 2277 2953 Ἀλλά
2305 2898 2393 2952 καὶ
2444 2899 2470 2951 ὁ
2515 2910 2629 2962 τοῖς
2685 2897 2979 2976 ἕμπροτθεν
3028 2897 3464 2971 ἐπεκτεινόμενος
3501 2897 3579 2953 ἀεὶ
3626 2898 3755 2955 ἐαυ-

2103 2995 2196 3043 τοῦ
2242 2985 2545 3062 καινότερος
2601 2986 2823 3064 γίνεται.
2875 2986 3055 3044 ’Ὥστε
3101 2991 3127 3043 ὃ
3185 2988 3266 3043 ἀεὶ
3296 2988 3600 3065 καινότερος
3634 2984 3763 3046 ἑαυ-

2103 3073 2195 3129 τοῦ
2227 3073 2507 3152 γινόμενος
2537 3075 2842 3153 καινότερον
2889 3076 3032 3151 ᾆσμα
3092 3074 3201 3149 ᾅδει
3263 3084 3339 3151 τῳ
3386 3084 3523 3151 Θεῷ,
3562 3080 3758 3136 Καινό-

381 3180 573 3232 ortum
590 3166 813 3228 habuit.
837 3164 974 3226 Sive
995 3165 1175 3244 igitur
1196 3163 1868 3226 incarnationisDomini
1888 3183 2024 3228 mo-

2117 3184 2257 3241 τερον
2315 3161 2369 3218 δὲ
2412 3163 2447 3231 ἣ
2492 3167 2553 3221 τὸ
2596 3163 2887 3243 παράδοξον
2926 3168 3027 3222 ὕπό
3072 3172 3170 3234 τῆς
3204 3168 3480 3234 συνηθείας
3514 3170 3753 3249 λέγεται,

378 3262 519 3321 dum
540 3253 949 3320 admirabilem
984 3263 1042 3315 et
1073 3262 1281 3314 natura
1302 3254 1463 3313 omni
1482 3252 1852 3334 superiorem
1875 3275 2020 3317 nar-

378 3368 500 3429 res,
532 3344 834 3408 recentius
862 3363 928 3405 ac
960 3342 1268 3405 insolitum
1321 3344 1619 3404 canticum
1667 3345 2019 3410 concinnis:

377 3440 501 3500 sive
519 3436 699 3498 totius
728 3433 935 3494 mundi
958 3452 1066 3513 per
1085 3440 1393 3512 peccatum
1421 3433 1732 3496 inveterati
1762 3453 2021 3515 regene-

376 3529 666 3590 rationem
700 3522 1267 3603 renovationemque
1290 3542 1631 3600 recenseas,
1657 3543 1727 3588 ac
1751 3543 2020 3590 resurre-

338 3610 345 3617 ’
376 3617 592 3681 ctionis
612 3613 1057 3676 annuntiaveris
1090 3614 1389 3693 mysteria,
1410 3614 1498 3675 sic
1530 3633 1770 3697 quoque
1802 3636 2019 3680 novum

374 3728 442 3772 ac
472 3725 687 3771 recens
713 3708 1008 3767 canticum
1042 3703 1232 3768 canis.

454 3981 681 4045 3.Bene
704 3978 944 4061 psallite
964 3978 1019 4040 ei
1041 3982 1108 4040 in
1132 3977 1583 4056 vociferatione.
1620 3977 1837 4039 Audite
1870 3998 2027 4059 prae-

375 4071 808 4151 ceptum.Bene
824 4069 1095 4149 psallite;
1129 4077 1328 4128 mente
1358 4068 1844 4147 attenta,sincero
1875 4070 2026 4128 aﬂ‘e-

326 4230 329 4235 ,
370 4171 486 4225 ctu.
516 4162 588 4222 In
620 4160 1059 4237 vociferatione
1086 4158 1357 4236 psallite.
1395 4155 1569 4217 Velut
1603 4156 1739 4215 boni
1769 4156 2016 4235 quidem

362 4251 591 4325 milites
622 4257 753 4328 post
786 4256 1009 4324 partam
1042 4246 1116 4307 de
1150 4245 1422 4306 hostibus
1456 4244 2017 4317 victoriam,rel‘erte

324 4408 328 4411 Α
366 4339 618 4418 hymnos
638 4336 863 4396 auctori
884 4332 1499 4411 victoriaCmt/idite,
1526 4332 1736 4410 inquit,
1761 4350 1869 4410 ego
1893 4334 2019 4395 vici

368 4426 660 4489 mundum
675 4423 904 4494 59.Quis
927 4422 1235 4483 hominum
1252 4422 1538 4482 adversus
1552 4420 1865 4483 diabolum
1889 4422 1980 4483 bel
1995 4456 2016 4469 -

2105 3256 2140 3323 ἢ
2172 3257 2233 3310 τὸ
2263 3254 2579 3334 προσφάτως
2630 3256 2889 3334 παρεὶθὸν
2934 3261 3006 3322 είς
3051 3260 3151 3326 τὴν
3209 3258 3414 3337 γένεσιν
3637 3261 3769 3319 Ἐάν

2104 3367 2161 3403 τε
2205 3347 2294 3401 οὖν
2349 3347 2440 3402 τὸν
2491 3347 2780 3423 Θαυμάσιον
2838 3348 3032 3428 τρόπον
3080 3350 3166 3404 καὶ
3219 3355 3392 3405 πᾶσαν
3452 3351 3553 3417 τὴν
3612 3353 3766 3427 φύσιν

2104 3434 2480 3506 ὑπερϐαίνοντα
2524 3441 2622 3505 τῆς
2679 3437 3131 3517 ἐνανῢρωπήσεως
3181 3436 3344 3516 διηγῇ
3403 3446 3493 3495 τοῦ
3550 3442 3764 3519 Κυρίου,

2104 3528 2407 3605 καινότερον
2445 3531 2591 3601 ᾆσμα
2631 3528 2717 3583 καὶ
2764 3527 2907 3593 ξένον
2941 3528 3082 3602 ᾄδεις
3121 3549 3133 3561 ⁸

2105 3640 2257 3684 νησιν
2290 3619 2374 3674 καὶ
2405 3615 2693 3673 ἀνανέωσιν
2727 3625 2820 3675 τοῦ
2854 3620 3054 3682 παντὸς
3106 3620 3310 3679 κόσμου
3352 3630 3445 3679 τοῦ
3501 3621 3603 3676 ὑπὸ
3664 3622 3761 3686 τῆς

2105 3707 2364 3784 ἁμαρτίας
2415 3706 2807 3771 παλαιωθέντπ
2867 3706 3087 3785 διεξίῃς,
3147 3709 3234 3763 καὶ
3291 3710 3357 3763 τά
3388 3714 3486 3776 τῆς
3516 3696 3759 3763 ἀναστάς

2106 3817 2242 3861 σεως
2297 3793 2645 3876 ἀπαγγέλλῃς
2708 3798 2995 3874 μυστήρια,
3064 3797 3154 3851 καὶ
3225 3795 3365 3851 οὕτω
3416 3796 3601 3851 καινὸν
3673 3796 3765 3849 καὶ

2107 3882 2414 3964 πρόσφατον
2445 3883 2587 3956 ᾄδεις
2612 3878 2681 3939 τὸ
2710 3882 2881 3957 ᾆσμα,
3176 3960 3179 3963 ἢ

2189 3976 2252 4035 3.
2302 3972 2494 4037 Καλῶς
2552 3966 2758 4047 ψάλατε
2818 3974 2962 4044 αὐτῷ
3020 3970 3075 4027 ἒν
3138 3968 3458 4051 ἀλαλαγμῷ,
3519 3971 3765 4033 Ἀκούετε

2111 4069 2204 4119 τοῦ
2257 4057 2728 4139 παραγγέλματος.
2792 4058 2982 4121 Καλῶς
3053 4058 3260 4136 ψάλατε
3296 4076 3310 4090 ·
3388 4062 3764 4139 ἀμετεωρίστῳ

2112 4157 2181 4227 τῇ
2237 4148 2467 4229 διανοίᾳ,
2530 4147 2809 4228 εἰλικρινεῖ
2865 4150 2935 4227 τῇ
2991 4147 3236 4209 διαθέσει.
3318 4148 3408 4209 Ἐν
3464 4150 3766 4230 ἀλαλαγμῷ

2103 4240 2335 4316 ψάλατε.
2396 4237 2617 4319 ’Ὠσπερ
2678 4239 2816 4303 τινὲς
2878 4238 3031 4297 καλοὶ
3117 4246 3436 4320 στρατιῶται
3509 4242 3644 4316 μετά
3696 4238 3764 4299 τὰ

2105 4330 2390 4409 νικητήρια
2439 4328 2505 4386 τά
2562 4327 2699 4386 κατά
2750 4335 2855 4385 τῶν
2912 4328 3142 4411 ἐχθρῶν,
3210 4326 3524 4409 ἀνενέγκατε
3567 4330 3760 4407 ὕμνους

3184 3528 3273 3584 ἐάν
3315 3552 3373 3585 τε
3402 3531 3502 3597 τὴν
3534 3529 3762 3609 ἁναγὲνα

2102 4428 2179 4496 τῷ
2209 4421 2357 4493 αἰτίῳ
2386 4424 2485 4488 τῆς
2533 4420 2707 4486 νίκης.
2760 4426 3035 4497 Θαρσειτε,
3089 4421 3274 4501 φησὶν,
3332 4418 3452 4501 ἐγὼ
3505 4421 3758 4490 νενίκηκα

370 4518 491 4578 lum
512 4532 720 4593 gerere
739 4512 943 4593 possit,
972 4511 1085 4571 nisi
1117 4510 1187 4571 ad
1223 4510 1559 4589 praesidium
1590 4514 1865 4590 potentiae
1895 4514 2011 4575 im-

2117 4513 2191 4568 τὸν
2264 4510 2486 4588 κόσμον.
2551 4515 2637 4573 Τίς
2692 4509 2981 4587 ἀνθρώπων
3056 4512 3235 4576 ἱκανὸς
3294 4510 3752 4591 ἀντιστρατεύσα-

367 4609 657 4686 peratoris
686 4601 1118 4679 confugientes,
1153 4601 1317 4663 illinc
1382 4618 1486 4679 per
1536 4601 1713 4662 ﬁdem
1765 4623 1895 4684 quae
1952 4606 2013 4667 in

2099 4606 2218 4661 σθαι
2261 4608 2339 4677 τῷ
2382 4606 2624 4680 πονηρῷ,
2678 4600 2768 4655 ἐὰν
2818 4601 2897 4676 μὴ
2936 4606 3002 4678 τῇ
3035 4600 3211 4679 σκέπῃ
3242 4606 3337 4658 τοῦ
3379 4601 3755 4682 ἀρχιστρατή-

369 4697 495 4776 ipso
527 4700 637 4768 est,
672 4690 983 4753 inimicum
1013 4699 1279 4753 nostrum
1336 4690 1619 4753 feriamus
1669 4711 1738 4753 ac
1787 4694 2014 4771 sagittis

2117 4717 2193 4775 (ου
2252 4691 2379 4775 (93)
2424 4696 2523 4760 τῆς
2586 4687 2871 4767 δυνάμεως
2933 4690 3348 4771 προσφυγόντες,
3398 4691 3602 4750 ἐκεῖθεν
3650 4692 3759 4750 ἀπὸ

445 4856 511 4909 55
537 4855 696 4918 Psal.
729 4869 847 4935 χοι,
879 4855 938 4916 4.
1020 4853 1085 4905 56
1112 4852 1285 4915 Rom.
1316 4870 1423 4928 vn,
1454 4853 1516 4916 6.

451 5045 581 5126 (88)
605 5043 751 5126 Reg.
786 5043 1249 5126 secundusﬂcum
1300 5041 1486 5126 altero
1524 5060 1633 5126 ms.
1683 5041 1907 5126 ψάλλειν
1938 5050 2014 5126 «up

370 5121 865 5205 ΚυρίῳζΑΙὶἱῖηεε.
893 5129 968 5196 τῷ
998 5124 1139 5205 Θεῷ.
1172 5121 1294 5184 Nec
1335 5123 1418 5205 ita
1460 5124 1648 5185 multo
1676 5131 1807 5205 post
1831 5122 2013 5205 editio

368 5202 555 5270 Paris.
592 5206 727 5284 ὥστε
757 5204 1103 5282 ἐναρμονίους.
1139 5205 1213 5265 At
1264 5204 1524 5284 quinque
1553 5222 1696 5265 mss.
1742 5202 1881 5260 ὥστε
1912 5204 2010 5283 ἂρ-

364 5288 584 5362 μοθίως.
651 5283 857 5346 Statim
911 5284 1080 5347 COlb.
1131 5283 1377 5364 quartus
1410 5286 1629 5356 θεωρίαν
1659 5290 1764 5340 τὼν
1797 5286 2010 5359 νοημά-

360 5390 493 5427 των.

464 5445 567 5525 89)
599 5443 817 5506 Nostra
842 5444 1026 5506 editio
1049 5443 1236 5505 Paris.
1273 5454 1332 5507 et
1363 5445 1634 5506 nonnulli
1670 5444 2011 5525 mSS.AETt1~{-

358 5522 682 5605 γελλόμενα.
743 5525 861 5588 Alli
912 5543 1014 5586 sex
1066 5543 1209 5586 mss.
1270 5525 1740 5604 ἀπαγγελλόμενα.
1801 5522 2015 5587 ΟΙιὶιθΓ

359 5605 755 5669 manebimus.
797 5606 1070 5667 mutilum
1129 5623 1261 5665 esse
1292 5608 1453 5667 hunc
1484 5606 1680 5667 locum
1719 5608 1773 5667 in
1809 5606 2011 5666 multis

1600 4852 1843 4920 57Psal.
1868 4870 1969 4931 cn,
2006 4858 2067 4919 5.
2150 4851 2463 4917 581100r.
2501 4869 2577 4930 IV,
2615 4852 2715 4914 16.

2799 4852 2865 4902 59
2896 4851 3073 4916 Joan.
3102 4868 3224 4929 xvt,
3265 4852 3363 4915 l3.

2103 5047 2332 5135 venitur
2352 5040 2413 5102 in
2442 5016 2848 5118 Regiis’tertio
2879 5018 2938 5103 et
2967 5046 3176 5121 quarto
3210 5028 3270 5102 et
3294 5010 3574 5107 lin‘Colb.
3609 5060 3752 5121 sep-

2515 5200 2815 5282 secundus
2841 5220 2977 5263 cum
3011 5180 3376 5282 Coisl.ﬁaa-:s
3407 5200 3559 5282 abuit
3576 5188 3743 5278 ᾆσμα,

2182 5279 2473 5373 (9Ι’)ξζθε.
2538 5280 2841 5373 secundus
2898 5300 3050 5373 cum,
3086 5279 3483 5373 Golh:_primo
3512 5280 3746 5373 ἐδέξατο,

2097 5356 2227 5426 Mox
2250 5356 2490 5425 codices
2519 5380 2623 5424 sex
2674 5362 3113 5439 ἀνακαινούμεθα.
3144 5356 3341 5424 Editio
3384 5356 3582 5424 ‘Pari‘s.
3610 5362 3747 5420 3m-

2094 5446 2421 5520 καινώμεθα,
2462 5446 2609 5520 Reg.
2648 5450 2898 5522 quartus
2926 5443 3396 5522 ἀνακαινιζόμεθα.

2182 5516 2306 5604 (99?)
2336 5527 2414 5586 lta
2444 5516 2707 5605 quinque
2734 5541 2876 5605 mss.
2914 5523 3110 5585 Editio
3140 5516 3333 5588 Paris.
3368 5523 3640 5603 γέννησιν.

2181 5602 2298 5686 (93)
2332 5602 2507 5694 Notat
2538 5602 2932 5694 Co‘mbefisius
2970 5621 3173 5669 vocem
3200 5602 3658 5694 ἀρχιστράτηγος
3690 5625 3760 5667 ex

358 5706 527 5757 11188..
564 5687 681 5767 qui
740 5688 825 5749 sic
874 5688 1095 5749 habent
1137 5704 1150 5743 Ξ
1192 5691 1463 5764 Μυστήρια
1511 5688 1705 5743 ἄνωθεν
1767 5687 2009 5767 ἐνηχουυ

2117 5683 2355 5767 loSuev,
2400 5687 2498 5759 14,
2532 5692 2830 5767 sumptam
2864 5702 2996 5748 esse
3026 5707 3039 5750 :
3092 5704 3209 5767 qua
3243 5683 3767 5751 'm‘ale‘intellecta

352 5768 511 5840 μένου
554 5764 636 5838 ἃιά
667 5772 761 5824 τοῦ
809 5772 1105 5844 πνεύματος
1132 5786 1146 5800 ⁸
1205 5770 1232 5821 ὁ
1264 5770 1458 5830 τοίνυν,
1492 5767 1608 5829 Sed
1644 5764 2006 5845 integer'in-

2117 5765 2492 5831 ibutebantur
2511 5764 2741 5829 Ariani.
