4138 6388
368 371 485 434 329

1489 360 1808 427 HOMILIA
1856 365 1938 426 IN
1982 363 2346 426 PSALMUM
2393 363 2643 427 XXXII.

3633 362 3753 428 330

367 509 466 572 τῆς
527 502 579 559 ἒν
612 504 753 576 αὐτῷ
784 502 1010 564 πίστεως
1042 499 1291 578 βάλωμεν
1322 497 1450 578 (94)
1483 499 1638 574 ἡμῶν
1669 499 1760 554 τὸν
1789 497 2002 579 ἐχθρὸν,

2093 499 2483 580 impetamus?
2517 503 2680 563 Bene
2711 502 2889 581 igitur
2907 505 3158 582 psallite
3190 506 3251 564 in
3281 503 3739 582 vociferatione.

369 596 456 651 καὶ
514 593 891 665 τοξεύσωμεν;
957 589 1143 656 Καλῶς
1188 589 1276 646 οὖν
1323 589 1527 666 ψάλατε
1571 588 1625 644 ἐν
1687 587 2008 668 ἀλαλαγμῷ,

369 681 539 741 ⁹Ἐστι
572 681 626 738 δὲ
657 685 683 737 6
714 680 1025 758 ἀλαλαγμὸς
1059 680 1208 759 φωνή
1268 702 1351 741 τις
1393 678 1668 757 ἄναρθρος,
1718 683 2013 758 συμφώνως

369 772 622 843 ἀλλήλοις
685 774 788 826 τῶν
856 770 1286 841 συνασπιζόντων
1340 767 1396 823 ἐν
1453 771 1528 840 τῷ
1589 767 1812 843 πολέμῳ
1884 792 2010 829 συν-

371 862 739 940 επηχούντων,
793 859 882 916 Ἐν
915 859 1190 938 συμφωνίᾳ
1220 861 1306 914 οὖν
1357 860 1444 914 καὶ
1493 857 1546 912 ἐν
1596 860 1880 933 συμπνοίᾳ,
1930 861 2012 915 καὶ

367 957 432 1026 τῇ
470 949 553 1004 διὰ
585 953 682 1014 τῆς
717 949 931 1026 ἀγάπης
967 949 1156 1005 ἐνώσει
1187 947 1416 1023 ψάλατε,
1451 949 1510 1004 Τί
1539 955 1628 1003 οὖν
1659 947 1742 1003 δεῖ
1773 947 2005 1022 ψάλλον-

365 1062 456 1104 τας
515 1038 690 1118 λέγειν
729 1058 746 1114 ;
792 1039 924 1096 ’Ὅτι
976 1038 1126 1106 εὒθῂς
1189 1039 1216 1094 6
1269 1035 1427 1114 λόγος
1489 1039 1583 1093 106
1640 1039 1848 1115 Κυρίου.
1918 1038 2014 1092 Δια

364 1131 518 1186 τοῦτο
595 1129 846 1207 πρότερον
925 1128 1046 1191 τοὺς
1105 1126 1276 1191 εὔθεϊς
1339 1123 1495 1182 καλεῖ
1552 1124 1682 1202 (95)
1733 1128 1864 1204 πρὸς
1915 1127 2014 1192 τὴν

367 1218 606 1298 α’ίνεσιν,
653 1217 838 1285 ἐπειδή
884 1218 1037 1286 εὖθής
1083 1216 1194 1272 ἐστι
1249 1217 1336 1272 καὶ
1380 1217 1407 1270 6
1458 1213 1668 1290 μέλλων
1715 1212 2012 1286 δοξάζεσθαι

367 1307 560 1385 Λόγος,
596 1311 740 1365 6106
775 1307 981 1384 Κυρίου,
1015 1309 1042 1362 6
1095 1306 1149 1362 ἐν
1202 1307 1348 1384 ὰρχῇ
1404 1303 1478 1360 ὢν
1526 1305 1656 1382 πρὸς
1708 1305 1799 1360 τὸν
1857 1305 2012 1382 Θεὸν,

364 1399 453 1453 καὶ
486 1401 615 1457 Θεὸς
649 1397 744 1458 ὥν.
785 1397 950 1464 Ε-Βθὴς
983 1405 1070 1454 οὖν
1099 1397 1126 1451 ὁ
1163 1395 1342 1473 Πατήρ
1377 1411 1390 1425 ⁸
1429 1393 1582 1460 εὒθὴς
1608 1396 1634 1449 6
1665 1393 1780 1459 Υἱός
1817 1409 1830 1424 ⁸
1866 1395 2010 1456 εὒθὲς

366 1491 425 1544 τὸ
482 1489 636 1565 ἆίγιον
698 1495 929 1560 Πνεῦμα·
1027 1487 1123 1543 Καὶ
1200 1486 1372 1540 πάντα
1419 1505 1485 1540 τα
1543 1481 1670 1562 ἔργα
1728 1485 1884 1539 αὒτοῦ
1957 1483 2011 1538 ἐν

367 1579 558 1636 πίστει.
611 1579 670 1636 Τί
714 1577 853 1633 ἐστιν
892 1577 918 1632 ὃ
966 1574 1110 1653 λέγει
1147 1597 1164 1646 ;
1199 1574 1412 1652 ’Ἔργον
1444 1577 1470 1629 6
1515 1575 1756 1651 οὐρανὸς,
1790 1573 1943 1651 ἔργον
1976 1575 2009 1640 ἡ

365 1670 460 1742 γῆ,
524 1667 676 1745 ἔργον
733 1668 768 1734 ἡ
824 1664 1087 1742 θάλασσα,
1121 1666 1148 1720 6
1180 1665 1304 1743 ἀὴρ,
1349 1664 1414 1719 τὰ
1471 1662 1657 1742 ἄψυχα
1702 1663 1898 1741 πάντα,
1947 1663 2012 1718 τὰ

2098 587 2200 649 Est
2231 596 2423 649 autem
2450 591 2797 655 vociferatio
2822 611 2926 653 vox
2956 593 3222 672 quaedam
3243 593 3518 672 confusa,
3541 613 3674 654 cum
3702 595 3743 656 ii

2100 678 2198 758 qui
2224 678 2281 739 in
2301 679 2455 739 bello
2469 698 2534 740 se
2549 679 2804 742 invicem
2820 683 3058 759 agmine
3080 683 3347 744 conferto
3365 683 3738 755 adoriuntur,

2098 786 2420 829 consonam
2453 788 2656 832 vocem
2691 771 2896 834 edunt.
2931 773 3133 854 Itaque
3175 773 3233 834 in
3268 782 3556 834 concentu
3594 783 3650 832 et
3681 773 3741 834 in

2098 857 2440 936 concordia,
2474 867 2534 918 et
2565 861 2624 920 in
2665 860 2972 922 charitatis
3027 864 3445 943 conjunctione
3483 863 3738 941 psallite.

2099 946 2247 1018 Quid
2285 946 2463 1023 igitur
2516 948 2838 1028 psallentes
2893 951 3098 1012 dicere
3143 951 3416 1030 oportet?
3447 953 3740 1013 Nimirum

2108 1036 2233 1094 I54
2255 1035 2518 1100 Vensxl:
2554 1037 2727 1112 Quod
2747 1048 2973 1103 rectum
2986 1051 3073 1104 est
3088 1041 3335 1103 verbum
3363 1041 3607 1103 Domini
3614 1044 3740 1104 .Id-

2097 1126 2256 1186 circo
2288 1135 2486 1188 rectos
2517 1127 2679 1207 prius
2695 1127 2766 1190 ad
2795 1130 3188 1192 laudationem
3227 1138 3419 1210 Vocat,
3451 1131 3610 1210 quod
3645 1149 3742 1191 re.

2095 1224 2250 1275 ctum
2285 1225 2371 1276 est
2410 1216 2588 1277 etiam
2639 1217 2784 1278 illud
2840 1219 3075 1282 Domini
3109 1219 3392 1300 Verbum,
3429 1221 3581 1298 quod
3620 1228 3744 1281 erat

2095 1304 2280 1379 gloria
2317 1305 2724 1387 alﬁciendum,
2773 1310 2930 1388 quod
2979 1310 3041 1370 in
3096 1309 3389 1390 principio
3420 1317 3552 1368 erat
3584 1309 3738 1388 apud

2100 1397 2376 1475 Deum,et
2399 1395 2555 1457 Deus
2574 1396 2804 1460 erat60.
2836 1397 3054 1461 Rectus
3085 1399 3280 1480 itaque
3317 1401 3514 1479 Pater,
3545 1409 3743 1459 rectus

2094 1483 2505 1562 Filius,rectus
2525 1487 2782 1566 Spiritus
2802 1490 3152 1552 sanctus.Et
3175 1495 3381 1552 omnia
3404 1507 3593 1569 opera
3612 1492 3743 1566 ejus

2096 1575 2158 1635 in
2191 1574 2330 1651 ﬁde.
2358 1573 2510 1648 Quid
2560 1583 2648 1636 est
2706 1578 2863 1658 quod
2916 1578 3110 1642 dicit?
3157 1578 3320 1660 Opus
3361 1587 3453 1642 est
3495 1579 3740 1650 ccelum,

2096 1682 2244 1740 opus
2277 1671 2614 1744 terra,0pus
2639 1684 2823 1738 mare,
2845 1687 2966 1748 aer,
2996 1669 3322 1731 inanimata
3347 1669 3569 1743 omnia,
3605 1669 3740 1752 alni-

364 1754 609 1836 ἕμψυχα,
665 1757 730 1811 τα
791 1754 1004 1831 λογικὰ,
1069 1755 1135 1810 τὰ
1184 1752 1370 1831 ἄλογα.
1439 1751 1557 1814 Πῶς
1590 1759 1678 1808 06v
1730 1751 1782 1806 έν
1837 1752 2002 1806 πίστει

2097 1761 2274 1822 mata,
2308 1753 2635 1824 rationalia,
2672 1753 3063 1820 irrationalia.
3101 1757 3411 1830 Quomodo
3470 1751 3652 1835 igitur
3681 1756 3744 1818 in

363 1847 532 1901 πάντα
563 1867 576 1914 ;
608 1845 733 1900 ποία
763 1846 944 1906 πίστις
1006 1843 1058 1898 ἐν
1117 1855 1232 1906 τοῖς
1287 1843 1518 1920 ἀψύχοις
1553 1863 1568 1912 ;
1604 1841 1730 1896 ποία
1762 1841 1935 1905 πίστις
1972 1841 2006 1907 ἡ

361 1939 466 1987 τῶν
524 1931 785 2008 ἆλόγωνς
845 1932 974 1987 Ποία
1037 1929 1091 1985 δὲ
1145 1931 1318 1994 πίστις
1371 1929 1424 1984 ἐν
1468 1937 1543 2002 τῷ
1587 1928 1715 2000 λίθῳ
1748 1948 1763 2007 ;
1801 1929 1924 1984 ποία
1954 1927 2007 1983 δὲ

359 2023 531 2086 πίστις
583 2021 635 2076 ἐν
695 2028 771 2094 τῷ
828 2021 943 2076 κυνί
983 2037 1000 2094 ;
1045 2019 1174 2076 Οὔτε
1225 2017 1464 2099 ἄψυχον,
1517 2018 1635 2075 οίίτε
1700 2018 1893 2095 ἄλογον
1953 2017 2006 2073 ἐν

358 2110 652 2168 πίστει,Ἠ
713 2112 892 2184 μέντοι
954 2109 1220 2187 ἀπόφασις
1275 2108 1422 2164 οὒδέν
1479 2108 1777 2173 ὑπεξείλετο
1853 2107 2002 2188 (96),

358 2198 491 2254 ἀλλὰ
539 2200 708 2254 πάντα
763 2199 1103 2276 περιείληφεν
1184 2200 1404 2255 εἰποῦσα
1438 2215 1452 2229 ⁸
1528 2199 1707 2254 Πάντα
1761 2199 1826 2259 τὰ
1885 2197 2010 2276 ἔργα

357 2290 516 2344 αὺτοῦ
562 2287 614 2343 ἐν
671 2289 868 2350 πίστει.
907 2289 962 2346 Τί
991 2297 1081 2345 οὖν
1144 2288 1282 2344 ἐστιν
1345 2287 1372 2343 ὅ
1425 2287 1567 2364 λέγει
1603 2304 1619 2361 ;
1657 2289 1783 2345 Ἐάν
1812 2309 1868 2343 τε
1913 2291 2008 2346 o6-

357 2380 536 2455 ρανον,
597 2379 780 2455 φησὶν,
843 2375 992 2453 ἴδῃς,
1055 2378 1143 2432 καὶ
1189 2378 1287 2444 τὴν
1319 2375 1370 2432 ἐν
1404 2380 1547 2452 αὖτῷ
1578 2376 1741 2450 τάξιν,
1777 2377 2006 2442 πίστεώς

357 2465 497 2522 ἐστιν
531 2464 718 2543 ὓδηγὸς
755 2483 767 2495 ·
819 2465 1044 2525 δείκνυσι
1075 2467 1175 2542 γὰρ
1219 2468 1309 2522 τὸν
1342 2468 1597 2547 τεχνίτην
1650 2463 1715 2521 δι’
1770 2467 1954 2522 ἑαυτοῦ
1990 2485 2004 2500 ⁸

353 2557 446 2611 ἒαν
497 2578 549 2612 τε
594 2559 686 2620 τὰς
721 2559 835 2634 περὶ
882 2560 980 2624 τὴν
1041 2561 1140 2634 γῆν
1173 2554 1576 2630 διακοσμήσεις,
1612 2555 1771 2611 πάλιν
1803 2557 1892 2612 καὶ
1924 2554 2008 2612 διὰ

356 2647 557 2701 τούτων
602 2645 808 2711 αὔξεται
869 2669 948 2702 σοι
1008 2647 1043 2714 η
1087 2647 1202 2723 περὶ
1261 2648 1352 2701 τὸν
1407 2647 1536 2702 Θεὸν
1572 2644 1770 2708 πίστις,
1806 2647 1877 2702 O6
1907 2647 2006 2722 γὰρ

357 2735 621 2813 σαρκίνοις
676 2735 972 2815 ὀφθαλμοῖς
1044 2737 1439 2811 καταμαθόντες
1491 2736 1582 2791 τὸν
1633 2736 1785 2807 Θεὸν,
1839 2756 2004 2791 πεπι-

357 2825 650 2900 στεύκαμεν
694 2827 765 2888 εἷς
817 2827 996 2904 αὒτὸν,
1057 2823 1193 2880 ἀλλὰ
1248 2829 1315 2901 τῇ
1368 2826 1458 2880 106
1519 2831 1609 2880 νού
1667 2821 1880 2898 δυνάμει
1918 2823 2002 2880 διὰ

356 2921 459 2970 τῶν
491 2914 777 2992 ὁρωμένων
835 2917 928 2970 τὸν
987 2915 1208 2992 ἀόρατον
1239 2917 1570 2989 καθορῶμεν,
1610 2913 1786 2969 Πάντα
1816 2919 1904 2970 06v
1938 2914 2002 2970 τὰ

358 3004 482 3082 ἔργα
514 3006 670 3061 αὒτού
700 3004 750 3059 ἐν
789 3004 982 3065 πίστει.
1023 3005 1116 3061 Καὶ
1147 3006 1238 3060 τὸν
1283 3002 1423 3059 λίθον
1482 3003 1820 3080 καταμάθῃς,
1885 3001 2001 3082 ἔχει

2097 1840 2211 1900 ﬁde
2243 1839 2483 1904 omnia?
2516 1843 2801 1915 Quaenam
2837 1845 2896 1906 in
2937 1845 3280 1908 inanimatis
3332 1845 3525 1908 ﬁdes?
3559 1847 3746 1925 qualis

2093 1939 2182 1990 est
2202 1931 2348 1990 ﬁdes
2376 1930 2716 1996 brutorum?
2742 1933 3023 2006 Quaenam
3045 1935 3194 1998 ﬁdes
3214 1937 3274 1997 in
3291 1934 3520 2016 lapide?
3537 1953 3744 1997 rursus

2093 2037 2220 2098 quae
2240 2020 2388 2080 ﬁdes
2407 2022 2464 2080 in
2484 2029 2660 2084 cane?
2677 2021 2952 2104 Nequein
2976 2025 3596 2100 inanimatum,neque
3608 2025 3744 2088 bru-

2095 2117 2214 2168 tum
2251 2109 2306 2168 in
2334 2110 2448 2170 ﬁde
2475 2110 2731 2173 est.Haac
2759 2121 2954 2174 tamen
2978 2117 3278 2176 sententia
3309 2114 3456 2175 nihil
3483 2115 3738 2194 excepit,

2094 2197 2200 2258 sed
2217 2199 2416 2262 omnia
2432 2202 2839 2280 comprehend
2853 2202 3399 2275 it,dicens:0mnia
3412 2221 3598 2283 opera
3613 2207 3744 2275 eius

2098 2288 2157 2346 in
2185 2288 2327 2365 ﬁde.
2371 2287 2522 2361 Quid
2575 2289 2754 2366 igitur
2784 2298 2872 2352 est
2902 2291 3057 2370 quod
3100 2293 3290 2355 dicit?
3333 2293 3490 2363 Sive,
3525 2295 3737 2372 inquit,

2093 2377 2502 2456 contemplare
2536 2379 2748 2440 coelum
2811 2381 3060 2460 eiusque
3115 2382 3416 2458 ordinem,
3452 2380 3592 2443 ﬁdei
3624 2382 3742 2443 dux

2095 2475 2229 2538 est;
2279 2467 2564 2528 artiﬁcem
2601 2469 2759 2530 enim
2825 2488 2932 2547 per
2959 2489 3026 2531 se
3060 2471 3254 2552 ipsum
3285 2471 3582 2533 ostendit:
3619 2469 3742 2532 sive

2096 2562 2267 2615 terra;
2299 2565 2598 2630 ornatum,
2633 2575 2844 2618 rursus
2894 2578 3135 2639 quoque
3164 2561 3278 2622 hoc
3310 2569 3479 2640 pacto
3500 2567 3744 2638 augetur

2093 2651 2190 2704 tua
2223 2645 2278 2703 in
2312 2644 2494 2705 Deum
2523 2645 2693 2708 ﬁdes.
2727 2644 2855 2706 Non
2890 2647 3050 2708 enim
3077 2649 3312 2710 carneis
3334 2647 3526 2710 oculis
3556 2645 3741 2708 Deum

2094 2734 2387 2809 e.tocti,in
2421 2733 2614 2814 ipsum
2649 2734 3157 2815 credidimus,sed
3190 2738 3243 2797 vi
3275 2738 3495 2800 mentis
3527 2757 3634 2818 per
3661 2739 3744 2798 vi-

2089 2822 2286 2883 sibilia
2314 2827 2399 2884 im
2417 2823 2674 2884 isibilem
2701 2825 3124 2904 conspicimus.
3149 2826 3367 2889 Omnia
3392 2844 3535 2905 ergo
3558 2844 3745 2905 opera

2088 2914 2217 2991 ejus
2247 2916 2307 2972 in
2334 2914 2470 2993 ﬁde.
2510 2911 2644 2976 Sive
2697 2913 2955 2994 lapidem
3011 2916 3508 2985 consideraveris,
3564 2916 3744 2978 habet

2089 3003 2262 3063 etiam
2290 3004 2415 3083 ἱρειι
2439 3003 2697 3082 aliquam
2726 3005 3007 3083 potentias
3020 3005 3352 3066 conditoris
3375 3008 3745 3070 demonstra-

355 3098 442 3152 καὶ
491 3096 646 3157 αὐτὸς
697 3117 813 3151 τινα
871 3100 968 3160 τῆς
1024 3092 1295 3167 δυνάμεως
1324 3099 1416 3150 τοῦ
1458 3090 1822 3159 πεποιηκότος
1857 3093 1999 3148 ἁπό-

2092 3078 2353 3163 tionem",
2388 3094 2510 3154 sive
2533 3078 2861 3165 formicam,
2904 3093 3027 3155 sive
3075 3095 3356 3170 culicem,
3392 3095 3514 3156 sive
3543 3113 3740 3175 apem.

357 3183 509 3248 ὃειξιν
545 3201 558 3214 ·
622 3182 716 3238 κᾶν
771 3184 1050 3258 μύρμηκα,
1117 3181 1215 3238 κᾶν
1269 3179 1487 3260 ἐμπίδα,
1547 3180 1646 3238 κᾶν
1718 3171 1996 3256 μέλισσαιί,

361 3273 621 3337 Πολλάκις
679 3275 764 3329 καὶ
809 3273 864 3327 ὲν
907 3286 1021 3336 τοϊς
1083 3272 1428 3351 μικροτάτοις
1484 3273 1517 3338 ἡ
1567 3271 1724 3351 σοφία
1773 3274 1866 3328 106
1898 3271 2000 3338 δη-

359 3375 608 3442 μιούργού
665 3362 1013 3442 διαφαίνεται,
1095 3359 1155 3418 Ὀ
1234 3361 1333 3439 γὰρ
1392 3360 1611 3438 οὒρανὸν
1667 3357 1998 3426 διαπλώτας,

357 3457 438 3509 καὶ
499 3455 562 3510 τα
614 3452 814 3509 ἄπλετοι
846 3451 1044 3529 μεγέθη
1097 3457 1202 3508 τῶν
1251 3449 1500 3526 πελαγῶν
1551 3449 1816 3529 ἀναχέας,
1851 3450 2002 3511 οὗτός

354 3544 494 3599 ἐστιν
527 3546 552 3599 6
587 3545 671 3597 καὶ
716 3545 774 3598 τὸ
816 3541 1139 3597 λεπτότατον
1175 3539 1386 3617 κέντρον
1439 3543 1538 3605 τῆς
1569 3539 1827 3612 μελίσσης
1879 3561 2001 3594 κοι-

353 3631 512 3698 λάνας
543 3633 722 3711 ὥσπερ
754 3634 938 3710 αὔλιον,
998 3631 1138 3686 ὥστε
1196 3627 1264 3684 δι’
1324 3632 1482 3687 αὐτοῦ
1512 3629 1604 3683 τὸν
1636 3629 1715 3683 ἱὸν
1758 3628 2002 3707 ἀποχεῖη

352 3727 490 3783 σθαι,
531 3724 705 3778 Παίντα
738 3729 824 3777 οὖν
883 3723 947 3776 τὰ
999 3719 1126 3799 ἔργα
1189 3722 1346 3776 αὖτοῦ
1379 3717 1432 3773 ἐν
1464 3717 1659 3776 πίστει.
1700 3715 1874 3784 Μηδέν
1919 3738 2002 3772 σοι

351 3811 596 3874 ἀπιστίας
628 3810 836 3890 έιρύδιον
870 3809 1030 3870 ἔστω.
1066 3811 1152 3876 Μὴ
1186 3808 1348 3884 εἴπῃς
1387 3824 1401 3838 ⁸
1450 3805 1544 3870 Ὠς
1597 3805 1780 3886 ἔτυχε,
1817 3806 2003 3884 γέγονε

350 3914 527 3976 τοῦτο,
581 3907 668 3962 καὶ
713 3903 1026 3979 αὐτομάτως
1061 3902 1339 3972 ἀπήντησε
1370 3898 1511 3961 τόδε,
1549 3897 1709 3957 Οὐδὲν
1747 3898 1996 3974 ἄτακτον,

351 3993 496 4049 οόδέν
540 3993 807 4072 ἀόριστον,
838 3991 982 4049 οὖδέν
1014 3992 1132 4060 εἰκῆ
1178 3991 1491 4070 γειόμενον,
1544 3988 1660 4044 οὔδε
1712 3991 1788 4051 ὡς
1840 3988 1998 4070 ἔτυχε

351 4084 638 4161 αρερόμενον
671 4085 725 4137 έν
784 4096 899 4147 τοῖς
949 4085 1118 4140 οὖσιν.
1153 4081 1264 4152 "ll,
1306 4081 1456 4148 Κακὴ
1485 4079 1764 4159 συιτυχία,
1789 4079 1851 4153 ii,
1887 4087 1994 4134 [1)-

352 4173 485 4248 νηρὰ
542 4171 675 4248 ὥρα.
733 4169 1094 4228 Ἀπαιδεύτων
1144 4177 1294 4228 αὗται
1363 4171 1414 4226 αἱ
1459 4171 1651 4248 φωναί.
1710 4170 1847 4249 Οὖχὶ
1908 4167 1998 4224 δύο

353 4261 592 4339 στρουθία
649 4260 900 4337 ἀσσαρίου
969 4259 1285 4334 πωλεῖταις
1349 4261 1435 4314 καὶ
1487 4258 1542 4314 ἓν
1600 4258 1650 4324 ἐξ
1710 4263 1882 4317 αὐτῶν
1941 4258 1998 4314 οὗ

2085 3183 2256 3261 Saepe
2290 3184 2371 3243 vel
2404 3183 2460 3242 in
2489 3181 2755 3242 minimis
2787 3181 2988 3245 elucet
3012 3183 3246 3264 opiﬁcis
3291 3185 3606 3265 sapientia.
3634 3183 3746 3257 Qui

2087 3272 2245 3332 enim
2281 3272 2497 3332 omium
2531 3269 2837 3349 expandit,
2875 3279 2933 3332 et
2965 3273 3315 3334 immensam
3343 3273 3539 3354 pelagi
3578 3276 3746 3337 vasti-

2089 3368 2263 3420 latem
2301 3361 2535 3430 elfudit,
2566 3360 2668 3422 ille
2702 3360 2831 3440 ipse
2865 3361 3084 3441 est,qui
3119 3363 3534 3425 tenuissimum
3568 3366 3742 3426 etiam

2089 3449 2216 3526 apis
2246 3450 2516 3510 aculeum
2545 3450 2728 3512 veluti
2753 3449 3010 3511 ﬁstulam
3038 3452 3434 3526 excavavit,ut
3456 3471 3561 3532 per
3585 3454 3644 3514 id
3667 3455 3748 3515 vi-

2089 3555 2191 3598 rus
2223 3537 2583 3600 effundatur.
2621 3539 2844 3602 Omnia
2890 3539 3070 3617 igitur
3100 3557 3289 3620 opera
3323 3545 3456 3619 ejus
3487 3545 3554 3604 in
3593 3543 3738 3617 ﬁde.

2092 3625 2262 3687 Nulla
2309 3627 2412 3687 tilii
2469 3627 2548 3688 sit
2599 3625 3038 3690 incredulitatis
3069 3630 3328 3691 occasio.
3354 3631 3442 3693 Ne
3473 3631 3738 3693 dixeris:

2091 3714 2213 3776 Hoc
2249 3727 2474 3778 temere
2509 3716 2819 3790 factum,et
2848 3716 2996 3778 illud
3023 3735 3164 3779 casu
3193 3721 3408 3780 evenit.
3446 3720 3606 3782 Nihil
3642 3719 3741 3782 in-

2089 3805 2423 3866 ordinatum
2462 3815 2572 3879 est,
2609 3806 3058 3868 iuterminatum
3090 3806 3262 3881 nihil,
3314 3809 3463 3870 nihil
3520 3808 3739 3872 frustra

2083 3894 2324 3969 factum,
2363 3914 2559 3974 neque
2613 3896 2934 3977 quidquam
2996 3914 3195 3957 rerum
3251 3896 3492 3960 fortuito
3525 3899 3736 3961 fertur.

2083 3982 2286 4065 Neque
2321 3985 2481 4045 dicas
2517 4007 2530 4045 :
2562 3986 2750 4050 Malus
2778 4003 2976 4059 casus,
3011 3995 3112 4046 aut
3134 3989 3316 4048 Prava
3344 3987 3512 4051 hora.
3548 3987 3740 4050 Voces

2084 4075 2228 4154 ipsae
2257 4085 2397 4136 sunt
2429 4075 2885 4137 ineruditorum.
2920 4075 3136 4138 Nonne
3158 4077 3276 4138 duo
3306 4095 3572 4156 passeres
3603 4095 3736 4141 asse

2083 4171 2360 4227 veneunt.
2390 4174 2440 4225 et
2460 4183 2620 4227 unus
2648 4184 2724 4227 ea;
2751 4167 2878 4227 illis
2899 4183 3025 4227 non
3047 4165 3220 4227 cadet
3243 4165 3374 4226 sine
3403 4166 3599 4230 divina
3631 4187 3736 4228 vo-

2084 4255 2306 4315 luntate
2331 4253 2417 4314 6“?
2450 4256 2605 4328 Quot
2631 4253 2832 4334 capilli
2864 4253 3106 4333 capitis!
3133 4251 3302 4317 Unus
3330 4274 3400 4316 ex
3431 4255 3524 4316 his
3558 4255 3738 4317 tradi-

351 4363 596 4406 πεσεῖται
651 4350 772 4404 ἄνευ
825 4356 916 4404 106
968 4349 1106 4406 θείου
1157 4346 1454 4422 θελήματος
1512 4347 1654 4422 (97).
1725 4347 1892 4403 Πόσαι
1955 4367 2002 4420 αῖ

2097 4352 2184 4404 tus
2219 4364 2332 4405 non
2359 4353 2445 4405 est
2464 4342 3011 4406 oblivioni‘i'Nides
3036 4343 3298 4406 divinum
3325 4345 3739 4427 oculum,quo-

1558 4435 1577 4468 ιι

349 4444 529 4519 τρίχες
559 4440 659 4508 τῆς
688 4436 972 4518 κεφαλῆςξ
1013 4439 1116 4492 Μία
1168 4440 1338 4493 αὑτῶν
1396 4437 1492 4490 οὒκ
1555 4435 1698 4492 ἔστιν
1757 4435 2008 4502 ἐπιλελη.

353 4531 545 4606 σμένη.
609 4528 765 4608 ’Θρᾷς
822 4530 913 4584 τὸν
961 4530 1106 4584 θεῖον
1152 4525 1444 4605 ὀφθαλμὸν,
1498 4527 1570 4591 ὡς
1603 4523 1749 4582 οὖδὲν
1781 4529 1886 4580 τῶν
1918 4549 2004 4601 μι-

351 4621 622 4698 κροτάτων
698 4619 797 4686 τὴν
870 4615 1170 4684 ἓπισκοπὴν
1257 4618 1414 4673 αὐτοῦ
1494 4612 1760 4695 διαφεύγει
1825 4614 1998 4694 (98);

351 4709 566 4788 ’Λγαπᾷ
622 4707 988 4783 ἐλεημοσύνην
1059 4707 1146 4761 καὶ
1228 4703 1395 4784 κρίσιν
1483 4706 1509 4760 6
1597 4705 1827 4782 Κύριος·
1907 4712 2001 4762 106

353 4799 528 4862 ἐλέους
619 4799 802 4876 Κυρίου
901 4795 1114 4874 πλήρης
1185 4797 1217 4863 ἡ
1298 4799 1392 4872 γῆ.
1489 4795 1544 4852 Εἰ
1615 4793 1732 4850 καθ’
1799 4795 1994 4862 ἑαυτὴν

350 4890 590 4970 ὑπῆρχεν
620 4890 652 4956 ἡ
683 4894 775 4944 106
807 4895 938 4944 Θεοί)
981 4887 1172 4961 κρίσις,
1228 4884 1518 4959 ἀποτόμως
1549 4885 1685 4956 ἡμῖν
1729 4884 1866 4939 κατὰ
1895 4906 1993 4951 την

352 4978 496 5044 ἀξίαν
525 4978 678 5046 ἡμῶν
725 4974 1062 5037 ἂποδιδόντος
1114 4975 1244 5050 πρὸς
1304 4972 1336 5029 ἂ
1366 4973 1721 5048 ἐποιήσαμεν,
1758 4973 1882 5029 ποία
1929 4973 1994 5041 ἧν

349 5068 545 5144 Huic;
604 5069 680 5130 τίς
739 5067 800 5123 ἂν
855 5066 1028 5132 ἐσώθη
1073 5070 1178 5122 τῶν
1238 5065 1497 5143 πάντωνς
1563 5071 1667 5122 Νῦν
1698 5061 1752 5118 δὲ
1784 5062 1994 5142 Ἀγαπᾷ

1550 5221 1614 5271 62
1645 5221 1793 5285 ibid.
1830 5221 1929 5286 30.

430 5229 693 5295 001mm.
725 5245 767 5304 ι,
810 5229 863 5292 1.
947 5227 1001 5276 ϐί
1038 5226 1237 5288 Matth.
1267 5241 1327 5304 Χ,
1363 5223 1462 5286 29.

438 5389 560 5466 (94)
584 5390 682 5453 Sic
715 5387 882 5468 Regii
903 5401 1148 5468 quartus
1177 5395 1236 5447 et
1261 5393 1458 5468 sextus
1490 5402 1622 5445 cum
1647 5383 1996 5468 Collxquar-

354 5465 634 5531 to.Edi'.io
657 5465 1318 5548 Paris.pi7llvopa-i._Mox
1352 5465 1825 5548 Reg:_secuntlus
1855 5483 1990 5548 cum

353 5549 500 5650 C‘olb'
555 5549 743 5628 primo
777 5543 1093 5626 τοξεύωμέν.
1154 5545 1360 5611 Statim
1393 5543 1562 5608 C0lb.
1597 5554 1846 5625 quartus
1887 5546 1996 5602 ἔστι

349 5654 762 5797 γαίξιῖεὲῳριι).
810 5717 1058 5797 Quartus
1086 5704 1551 5797 inditi-zujbidetn
1607 5723 1816 5797 novem
1850 5723 1992 5797 mss.

347 5783 480 5856 cum
517 5783 782 5854 editione
811 5783 992 5854 Basil.
1026 5787 1246 5855 Ἐπειδὴ
1279 5788 1428 5853 οὗτος
1488 5787 1622 5847 ἔστι.
1658 5785 1850 5849 Editio
1878 5783 1994 5847 Pa-

2093 4435 2267 4494 inodo
2312 4433 2455 4494 nihil
2496 4432 3029 4495 minutissimarum
3063 4452 3264 4494 rerum
3295 4433 3731 4516 inspectionem

2090 4522 2222 4600 ejus
2250 4521 2521 4600 elTugiat?
2547 4523 2792 4586 Vsasﬁ.
2811 4521 3027 4603 Diligit
3050 4525 3533 4587 misericordiam
3565 4534 3621 4586 et
3635 4527 3734 4605 ju-

2085 4613 2311 4673 dicium
2350 4613 2662 4674 Dominus:
2685 4611 3122 4676 misericordia
3162 4615 3409 4675 Domini
3433 4614 3615 4692 plena
3646 4622 3735 4677 est

2085 4708 2252 4764 terra
2312 4700 2372 4764 Si
2407 4722 2452 4762 si
2477 4701 2722 4782 paratim
2757 4709 2815 4763 et
2845 4701 3175 4763 secundum
3206 4721 3272 4764 se
3306 4701 3412 4764 Dei
3438 4701 3730 4782 judicium

2082 4791 2232 4852 foret
2261 4813 2273 4851 :
2304 4793 2380 4852 ita
2413 4803 2474 4852 ut
2501 4791 2674 4852 nobis
2705 4808 2914 4852 severe
2950 4808 3056 4869 pro
3091 4789 3318 4850 meritis
3370 4809 3573 4851 eorum
3600 4809 3732 4871 quae

2081 4881 2727 4961 egimus,rependeret,
2763 4897 2896 4960 quae
2931 4896 3066 4959 spes
3097 4886 3485 4957 superesset?
3508 4881 3638 4961 quis
3661 4900 3732 4943 ex

2080 4971 2358 5032 omnibus
2378 4973 2572 5035 salvus
2597 4970 2794 5032 ﬁeret?
2810 4967 2979 5031 Nunc
3007 4974 3204 5028 autem
3236 4967 3454 5049 Diligit
3474 4971 3729 5032 miscri-

2078 5063 2352 5124 cordiam
2390 5069 2448 5124 et
2463 5061 2794 5140 judicium.
2823 5061 3212 5138 Posteaquam
3249 5058 3726 5122 misericordiam

2077 5384 2182 5448 ris.
2219 5381 2436 5449 Ἐπειδὴ
2467 5384 2620 5450 εὖθής
2649 5381 2781 5442 ἐστι,

2161 5467 2287 5537 ι96)
2311 5463 2476 5524 Colb.
2514 5470 2758 5537 quartus
2787 5460 3112 5542 ὑφεξεὶλπιτο.
3167 5464 3316 5539 Reg.
3354 5459 3561 5521 tertius
3590 5477 3723 5525 cum

2081 5544 2246 5609 Colb.
2311 5544 2500 5624 primo
2555 5540 2850 5621 ὑφεξείλετο
2899 5540 3066 5621 Regii
3123 5549 3366 5621 quartus
3425 5549 3481 5600 et
3526 5551 3727 5600 sextus

2079 5639 2400 5692 ὑπεξείλετο.

2165 5707 2292 5788 (97)
2320 5702 2465 5788 go“)
2516 5706 2762 5781 quartus
2782 5703 2920 5788 θείου
2949 5701 3312 5779 βουλήματος.

2161 5785 2281 5867 ι98)
2321 5786 2466 5864 Reg.
2503 5788 2714 5845 tertius
2735 5785 2937 5862 φεύγει.
