4138 6440
374 415 508 481 333

1492 413 1821 476 HOMILIA
1862 407 1941 476 1N
1985 408 2358 473 PSALMUM
2413 409 2658 472 XXXII.

3663 400 3780 472 334

377 550 608 617 ταδίκην
641 551 711 629 γῆ
742 549 1007 627 λεγόμεθα
1063 551 1229 624 ἡμεῖς
1283 552 1328 606 οἱ
1378 548 1694 611 ἀκούσαντες
1726 547 1868 626 παρὰ
1912 551 2039 603 Θεοῦ

2128 548 2285 602 terra
2315 542 2569 602 dicimus
2591 561 2699 602 nos
2719 541 2819 622 qui
2841 542 2982 604 illud
3004 562 3036 602 a
3064 540 3183 602 Deo
3203 542 3558 604 audivimus:
3591 543 3781 606 Terra

374 644 472 721 τὸ,
523 645 598 708 Γῆ
630 641 706 714 εἴ,
747 643 832 695 καὶ
864 641 938 702 εἷς
983 637 1083 714 γῆν
1144 637 1414 715 ἁπελεόσῃ
1449 654 1462 667 ’
1518 638 1574 692 οἳ
1604 634 1826 715 πλήρεις
1879 637 2037 712 ἐσμὲν

376 738 493 786 τῶν
523 733 808 806 οἰκτιρμῶν
847 734 940 785 τοῦ
1012 735 1143 784 Θεοῦ
1180 743 1192 756 ⁸
1251 728 1482 805 Νεκροὺς
1541 726 1642 804 γὰρ
1694 724 1851 789 ὄντας
1901 730 2039 803 ἡμᾶς

375 832 511 881 ταῖς
570 819 846 896 ἁμαρτίαις
923 819 1007 873 καὶ
1079 830 1197 880 τοῖς
1270 817 1695 893 παραπτώμασιν
1756 815 1980 885 ἐλεήσας
2013 819 2040 873 ὁ

335 911 516 973 ’Θεὸς
572 907 999 978 συνεζωοποίησε
1058 913 1134 979 τῷ
1203 907 1437 983 Χριστῷ.
1491 907 1578 981 Τῷ
1650 906 1796 983 λόγῳ
1857 905 2041 984 Κυρίου

378 1000 434 1053 οἱ
501 988 708 1076 οπῦρανοὶ
791 997 1211 1068 ἐστερεώθησαν,
1302 1000 1389 1052 καὶ
1477 998 1555 1069 τῷ
1634 997 1894 1071 πνεύματι
1950 996 2043 1052 τοῦ

378 1087 661 1160 στόματος
735 1087 894 1144 αὐτοῦ
950 1091 1094 1140 πᾶσα
1165 1086 1200 1152 ἡ
1262 1083 1478 1160 δύναμις
1564 1086 1759 1146 αὐτῶν,
1839 1091 1941 1141 Ποῦ
1995 1088 2042 1141 οἱ

377 1176 453 1231 τὸ
507 1181 716 1251 Πνεῦμα
788 1173 1222 1245 ἐξουθενοῦντεςς
1271 1180 1372 1229 ποῦ
1431 1175 1480 1230 οὶ
1537 1177 1854 1254 χωρίζοντες
1915 1174 2042 1230 αὐτὸ

381 1265 496 1320 ἀπὸ
556 1270 654 1332 τῆς
713 1263 1097 1343 δημιουργικῆς
1145 1261 1462 1343 δυνάμεως,
1509 1272 1613 1321 ποῦ
1656 1266 1703 1320 οἱ
1758 1269 1857 1330 τῆς
1909 1265 2040 1343 πρὸς

388 1353 605 1431 Πατέρα
677 1353 765 1408 καὶ
850 1355 968 1408 Υίὸν
1048 1353 1328 1431 συναφείας
1411 1353 1537 1408 αὐτὸ
1620 1351 2042 1429 διατέμνοντεςς

388 1442 766 1499 ’Λκουέτωσαν
799 1449 891 1498 τοῦ
936 1441 1149 1517 ψαλμοῦ
1195 1441 1444 1519 λεγοντος
1481 1457 1493 1471 ·
1543 1446 1631 1515 Τῴ
1679 1441 1824 1518 λόγῳ
1861 1443 2044 1521 Κυρίου

389 1536 444 1589 οἱ
531 1533 734 1609 οὐρανοὶ
822 1531 1238 1608 ἐστερεώθησαν,
1333 1532 1422 1585 καὶ
1491 1538 1568 1604 τῷ
1630 1532 1880 1588 πνεύκατι
1953 1543 2046 1590 τοῦ

389 1621 663 1695 στόματος
742 1620 900 1677 αὐτοῦ
975 1627 1121 1677 πᾶσα
1200 1622 1234 1688 ἡ
1322 1618 1539 1690 δύναμις
1628 1624 1824 1679 αὐτῶν.
1915 1622 2044 1679 Οὔτε

390 1714 499 1790 γὰρ
535 1711 703 1786 Λόγος
735 1708 848 1789 (5),
897 1713 928 1775 ἡ
974 1711 1128 1777 κοινὴ
1180 1710 1311 1776 αὕτη
1357 1709 1537 1784 λαλιὰ,
1588 1711 1963 1783 νομισθήσεται
1995 1711 2046 1777 ἐξ

2125 648 2204 693 es.
2246 641 2300 692 et
2330 634 2392 692 in
2416 641 2646 694 terram
2667 633 2784 695 ibis
2799 633 2882 690 68.
2897 637 3076 692 Porro
3097 631 3306 710 repleti
3331 650 3538 692 sumus
3558 633 3660 694 Dei
3680 633 3782 693 mi-

2125 721 2548 796 serationibus;
2570 741 2705 782 cum
2731 724 2890 783 enim
2929 723 3154 783 .‘u’ortuz’
3175 739 3438 782 essemus
3460 718 3694 782 delictis
3723 730 3783 782 et

2123 811 3178 889 peccatis,misertusDeusuivificavit
3193 828 3302 871 nos
3313 809 3776 872 cumChrt‘stoﬂ9.

2125 896 2379 962 VERS.6.
2427 899 2606 961 Verbo
2633 899 2868 962 Domini
2884 901 3014 962 cali
3038 901 3451 978 ﬁrmatisuut,
3483 906 3539 960 et
3560 903 3780 978 spiritu

2124 991 2251 1050 oris
2264 992 2394 1068 eius
2412 991 2607 1050 omnis
2622 987 3179 1051 virtuseorumﬂbi
3207 995 3344 1049 sunt
3367 989 3465 1068 qui
3489 987 3776 1066 Spiritum

2124 1077 2570 1141 ﬂoccifaciunt?
2603 1077 2703 1139 ubi
2724 1087 2863 1140 sunt
2893 1082 2993 1159 qui
3048 1077 3214 1139 illum
3247 1097 3281 1139 a
3313 1078 3576 1157 potentia
3606 1096 3778 1140 crea-

2129 1168 2275 1228 trice
2305 1167 2616 1246 separant?
2634 1167 2734 1228 ubi
2758 1169 2859 1248 qui
2878 1168 3076 1248 ipsum
3105 1187 3140 1229 a
3160 1170 3350 1230 Patris
3380 1186 3449 1227 ac
3481 1167 3613 1229 Filii
3640 1186 3782 1227 con-

2119 1256 2428 1336 junctione
2462 1257 2786 1320 dirimunt?
2815 1257 3076 1320 Audiant
3108 1257 3398 1336 psalmum
3431 1255 3726 1316 dicentem
3762 1276 3774 1315 :

2138 1344 2320 1408 Verbo
2341 1349 2580 1408 Domini
2592 1347 2729 1408 σαειὸ
2747 1349 2976 1427 ﬁrmati
2992 1356 3158 1421 sunt,
3188 1355 3244 1409 et
3260 1348 3484 1426 spiritu
3504 1348 3632 1405 oris
3653 1347 3778 1420 eius

2126 1439 2322 1498 omnis
2336 1438 2532 1498 virtus
2548 1438 2995 1517 eorum.Neque
3015 1438 3175 1498 enim
3200 1436 3466 1497 Verbum
3483 1434 3779 1496 existima-

2129 1523 2292 1586 bitur
2309 1525 2647 1586 communis
2671 1527 2795 1587 ham
2847 1527 3064 1588 locutio
3111 1543 3405 1606 esse,quaa
3427 1543 3498 1585 ex
3520 1524 3779 1585 nomini—

2128 1612 2240 1675 bus
2269 1633 2336 1675 ac
2362 1615 2724 1676 dictionibus
2747 1615 3020 1677 consistit
3053 1635 3066 1678 :
3097 1632 3294 1691 neque
3315 1613 3572 1694 Spiritus
3605 1630 3782 1692 vapor

2129 1703 2192 1764 in
2221 1722 2359 1764 aera
2382 1705 2652 1778 diffusus;
2679 1703 2782 1764 sed
2810 1715 2867 1764 et
2898 1703 3352 1784 Verbum,quod
3388 1704 3446 1763 in
3483 1701 3780 1783 principio

389 1801 675 1874 ὀνομάτων
709 1802 796 1857 καὶ
854 1801 1108 1878 ῥημάτων
1153 1801 1252 1865 τὴν
1303 1800 1551 1855 σύστασιν
1583 1798 1807 1879 ἔχουσα,
1838 1799 1952 1857 οὔτε
1983 1803 2039 1857 τὸ

2128 1803 2253 1853 erat
2278 1794 2432 1873 apud
2465 1797 2648 1856 Deum
2693 1794 2777 1867 70,
2805 1804 2862 1854 et
2915 1795 3179 1873 Spiritus
3207 1801 3471 1872 sanctus,
3495 1794 3596 1873 qui
3627 1791 3783 1853 hanc

391 1897 610 1963 Πνεῦμα
635 1888 792 1962 ἀτμὶς
839 1891 909 1954 εἷς
940 1889 1068 1966 ἁέρα
1100 1887 1429 1966 διαχεομένη
1466 1905 1479 1917 ’
1519 1888 1656 1945 ἀλλὰ
1687 1893 1772 1945 καὶ
1816 1891 1985 1968 Λόγος
2016 1894 2039 1947 ὁ

2129 1884 2366 1960 ριόνινῑο
2393 1885 2637 1945 sortitus
2658 1893 2751 1944 est
2769 1881 3778 1962 appellationem.Quemadmodum

385 1979 446 2033 ἐν
478 1979 623 2056 ἀρχῇ
667 1978 739 2033 ὢν
796 1979 927 2056 πρὸς
987 1980 1076 2032 τὸν
1136 1979 1290 2049 Θεὸν,
1327 1979 1414 2032 καὶ
1447 1980 1656 2051 Πνεῦμα
1687 1980 1748 2034 τὸ
1777 1979 1953 2057 ἅγιον,
2015 1981 2039 2036 ὃ

2128 1970 2301 2050 igitur
2333 1971 2589 2033 Verbum
2615 1973 2810 2052 opifex
2842 1973 3095 2033 ﬁrmavit
3123 1973 3363 2050 coelum,
3401 1972 3488 2032 sic
3521 1969 3778 2050 Spiritus

383 2066 530 2127 ἰδίως
591 2072 692 2132 τῆς
747 2067 1106 2145 προσηγορίας
1159 2066 1357 2132 ταύτης
1400 2067 1722 2146 τετύχηκεν.
1755 2066 1850 2129 Ὠς
1896 2072 2039 2126 οῦνό

2128 2061 2224 2140 qui
2258 2079 2325 2121 ex
2353 2061 2497 2131 Deo,
2525 2063 2682 2140 quia
2712 2064 2888 2123 Patre
2938 2061 3231 2142 procedit,
3267 2062 3380 2122 hoc
3411 2067 3523 2134 est,
3558 2059 3658 2140 qui
3709 2077 3778 2119 ex

386 2154 721 2233 δημιουργὸς
780 2159 952 2232 Λόγος
1007 2155 1296 2234 ἐστερέωσε
1358 2157 1449 2211 τὸν
1500 2157 1741 2234 οὒρανὸν,
1791 2157 1929 2216 οὕτω
1979 2160 2042 2216 τὸ

391 2252 612 2318 Πνεῦμα
658 2247 716 2299 τὸ
760 2244 821 2298 ἐκ
873 2243 964 2299 τόῦ
1027 2251 1180 2323 Θεοῦ,
1222 2246 1249 2300 ὃ
1293 2246 1436 2322 παρὰ
1477 2245 1572 2302 τοῦ
1616 2249 1819 2324 Harpe;
1871 2251 2041 2306 ἔκπο-

388 2340 598 2412 ρεύεται
637 2333 949 2413 (τουτέστιν,
984 2334 1011 2388 ὃ
1071 2333 1131 2390 ἐκ
1191 2341 1282 2389 τοῦ
1315 2335 1580 2410 στόματος
1613 2337 1794 2407 αὐτοῦ,
1843 2336 1936 2394 ἵνα
1966 2340 2043 2412 μὴ

386 2424 498 2479 τῶν
544 2423 729 2489 ἔξωθέν
759 2446 810 2479 τι
855 2424 942 2478 καὶ
997 2427 1103 2478 τῶν
1156 2427 1465 2497 κτισμάτων
1512 2424 1639 2480 οὐτὸ
1683 2427 1889 2506 κρίνῃς,
1923 2425 2044 2483 ἀλλ’

388 2517 466 2575 ὡς
502 2513 560 2568 ἐκ
594 2521 724 2570 Θεοῦ
754 2512 885 2591 ἔχον
916 2513 1011 2578 τὴν
1060 2512 1352 2567 ὑπόστασιν
1399 2510 1674 2589 δοξάζῃς),
1710 2516 1918 2579 ἁπάσας
1947 2517 2041 2578 τὰς

389 2604 449 2657 ἐν
480 2606 621 2674 αὗτῴ
649 2599 895 2674 δυνάμεις
945 2600 1283 2680 συνεπὲφερε.
1339 2605 1426 2674 Τῷ
1475 2603 1562 2658 οὗν
1619 2603 1881 2660 Πνεύυατι
1931 2611 2042 2660 πᾶ-

287 2766 290 2768 ,
387 2713 460 2747 σα
489 2691 526 2758 ἡ
557 2692 772 2766 δύναμις
831 2693 864 2758 ἡ
929 2690 1240 2767 ἐπουράνιος
1289 2689 1366 2769 (6)
1398 2691 1691 2764 ὲστερεώθη
1728 2709 1741 2723 ⁸
1775 2693 2041 2769 τουτέστι,

385 2781 451 2836 τὸ
485 2780 695 2836 εὔτονον
741 2779 825 2834 καὶ
883 2779 1075 2855 πάγιον
1135 2779 1221 2834 καὶ
1265 2777 1479 2854 βέϐαιον
1523 2787 1577 2836 ἐν
1629 2781 1902 2857 ἁγιασμῷ,
1956 2783 2044 2838 καὶ

385 2870 540 2946 πάσῃ
596 2873 663 2944 τῇ
707 2870 981 2946 πρεπούσῃ
1036 2881 1160 2931 ταῖς
1203 2869 1374 2945 ἱεραῖς
1425 2867 1704 2942 δυνάμεσιν
1745 2871 1928 2950 ἀρετῇ,
1984 2873 2044 2928 ἐκ

379 2964 485 3027 τῆς
516 2965 610 3015 τοῦ
657 2959 957 3033 Πνεῦματος
1012 2957 1316 3036 ἐπικουρίας
1373 2957 1612 3037 ἔχουσιν,
1683 2958 1898 3017 Ἐνθάδε
1945 2961 2042 3036 μὲν

384 3057 480 3106 οῦν
525 3054 736 3121 Πνεῦμα
781 3049 1050 3121 στόματος
1110 3050 1269 3105 αὐτοῦ
1316 3047 1712 3126 ἀναγέγραπται

2124 2149 2408 2210 oreillius
2430 2161 2513 2210 est
2544 2151 2628 2228 (ut
2653 2169 2726 2211 ne
2750 2149 2945 2229 ipsum
2973 2160 3278 2212 externam
3307 2149 3626 2227 quamdam
3647 2165 3775 2208 rem

2123 2249 2222 2299 aut
2251 2252 2586 2300 creaturam
2621 2256 2752 2301 esse
2767 2239 3026 2316 judices,
3063 2240 3166 2301 sed
3193 2250 3470 2320 tauquam
3505 2239 3772 2319 hyposta-

2125 2327 2233 2391 sim
2269 2347 2336 2389 ex
2371 2328 2493 2389 Deo
2520 2328 2840 2390 habentem
2872 2329 3218 2409 gloriﬁces),
3250 2347 3460 2390 omnes
3491 2330 3618 2406 ejus
3650 2327 3776 2386 vir-

2125 2424 2280 2478 tutes
2303 2417 2478 2477 simul
2505 2417 3209 2498 intulit.ltaquecmlestis
3227 2419 3422 2481 omnis
3439 2419 3627 2479 virtus
3648 2415 3778 2496 Spi-

2127 2505 2242 2566 ritu
2278 2507 2504 2567 firmata
2528 2515 2618 2567 est
2653 2527 2665 2566 :
2699 2506 2810 2568 hoc
2842 2516 2957 2577 est,
2987 2508 3372 2588 soliditatem,
3398 2508 3778 2570 firmitatem-

2128 2614 2245 2672 que
2277 2607 2335 2657 et
2357 2597 2773 2658 constantiam.
2820 2596 2880 2656 in
2913 2597 3244 2671 sanctitate,
3282 2604 3341 2657 et
3370 2599 3534 2656 omni
3565 2597 3780 2656 virtute

2129 2703 2218 2746 sat
2234 2686 2315 2745 ris
2345 2686 2733 2764 potestatibus
2756 2687 3247 2762 conveniente,ex
3283 2686 3540 2766 Spiritus
3562 2685 3778 2747 auxilio

2125 2775 2319 2836 habet.
2355 2777 2462 2838 llic
2512 2777 2692 2855 igitur
2720 2775 2980 2856 Spiritus
3023 2776 3144 2837 oris
3185 2776 3314 2855 ejus
3345 2776 3601 2856 scriptus
3663 2783 3772 2837 est.

2124 2863 2506 2926 Inveniemus
2529 2875 2723 2926 autem
2743 2865 2885 2926 alibi
2906 2866 3242 2926 etVerbum
3269 2865 3392 2927 oris
3423 2865 3608 2944 ipsius
3642 2865 3779 2924 556

2125 2953 2373 3026 dictum,
2415 2966 2474 3017 ut
2526 2955 2884 3034 intelligatur
2941 2953 3210 3016 Salvator
3265 2957 3420 3034 ipse,
3455 2962 3514 3015 et
3535 2963 3775 3014 sanctus

1750 3065 1764 3080 ο
1812 3051 2098 3127 εὑρήσουῃ
2125 3043 2255 3122 ejus
2276 3045 2534 3123 Spiritus
2566 3064 2632 3104 ex
2669 3047 2864 3107 Patre.
2923 3043 3215 3116 Quoniam
3269 3044 3444 3122 igitur
3501 3042 3778 3105 Servatur

381 3161 488 3214 μεν
520 3137 573 3192 δὲ
601 3114 848 3217 ἀλλαχοῦ
879 3114 990 3193 ’καὶ
1039 3139 1208 3212 Λόγον
1256 3114 1703 3212 στόματοςιαῦτοῦ
1733 3114 2032 3219 εἰρημένον,

2128 3114 2386 3194 Verbum
2415 3134 2650 3195 Domini
2684 3141 2866 3205 est,et
2894 3114 3155 3214 spiritus
3176 3114 3420 3195 sanctus
3450 3133 3569 3195 oris
3590 3134 3778 3213 ipsius

378 3230 482 3282 ’ἕνα
513 3231 680 3303 νοηθῇ
711 3231 736 3284 ὁ
773 3229 961 3302 Σωτὴρ
996 3227 1098 3299 (7),
1159 3228 1245 3282 καὶ
1301 3227 1362 3282 τὸ
1417 3226 1568 3301 ἅγιον
1622 3232 1780 3286 αῦτοῦ
1826 3230 2040 3305 Πνεῦμα

379 3320 452 3373 εκ
485 3324 575 3372 τοῦ
610 3318 838 3395 Πατρὸς.
878 3315 1028 3373 Ἐπεὶ
1065 3322 1154 3372 οῦν
1199 3317 1372 3391 Λόγος
1404 3315 1500 3389 μὲν
1535 3317 1720 3393 Κυρίου
1760 3318 1788 3373 ὁ
1821 3319 2034 3390 Σωτὴρ,

379 3407 476 3463 καὶ
509 3412 722 3482 Πνεῦμα
775 3409 868 3462 τοῦ
926 3406 1192 3475 στόματος
1254 3406 1411 3462 αὐτοῦ
1467 3405 1526 3460 τό
1588 3406 1742 3481 ἅγιον
1799 3413 2034 3485 Πνεῦμα,

379 3497 662 3576 ἀμφότερα
712 3494 765 3552 δὲ
825 3496 1130 3573 συνήργησε
1195 3501 1263 3570 τῇ
1308 3493 1476 3549 κτίσει
1522 3501 1626 3549 τῶν
1668 3496 1900 3573 οὐρανῶν
1950 3498 2038 3552 καὶ

379 3593 495 3643 τῶν
540 3585 595 3640 ἒν
640 3586 825 3647 αὐτοῖς
857 3583 1152 3659 δυνάμεων,
1187 3581 1272 3638 διὰ
1302 3589 1457 3639 τοῦτο
1507 3582 1719 3658 εἴρηται
1759 3601 1770 3614 ⁸
1813 3591 1894 3658 Τῷ
1929 3586 2036 3640 Λό-

379 3699 471 3755 γῳ
562 3676 746 3750 Κυρίου
831 3677 881 3730 οἱ
984 3673 1190 3750 οὐρανοὶ
1274 3671 1705 3748 ἐστερεώθησαν,
1795 3675 1880 3729 καὶ
1963 3681 2038 3748 τῷ

385 3765 665 3840 Πνεόματι
735 3771 827 3820 τοῦ
915 3762 1183 3836 στόματος
1271 3765 1427 3820 αὒτοῦ
1504 3767 1650 3817 πᾶσα
1727 3764 1760 3830 ἡ
1821 3761 2037 3834 δύναμις

383 3857 584 3912 αὐτῶν.
653 3852 811 3913 Οὐδὲν
870 3853 970 3930 γὰρ
1009 3852 1307 3930 ἁγιάζεται,
1364 3852 1406 3906 εί
1442 3851 1520 3924 μὴ
1550 3850 1645 3928 (8)
1693 3857 1754 3927 τῇ
1782 3854 2040 3931 παρουσίᾳ

383 3947 484 4001 τοῦ
543 3943 871 4018 Πνεῦματος,
911 3940 1184 4020 Ἀγγέλων
1235 3943 1358 4018 γοῦν
1389 3941 1487 4007 τὴν
1532 3941 1630 4014 μὲν
1661 3943 1733 4002 εἷς
1782 3944 1843 3998 τὸ
1888 3942 2035 3998 εἶναι

386 4033 618 4110 πάροδον
669 4035 696 4088 ὁ
758 4029 1080 4109 δημιουργὸς
1145 4031 1318 4106 Δὸγος
1380 4033 1405 4086 ὃ
1461 4031 1690 4096 ποιητὴς
1741 4036 1840 4087 τῶν
1899 4028 2038 4086 ὅλων

389 4121 725 4198 παρείχετο·
787 4121 878 4176 τὸν
937 4120 1204 4197 ἁγιασμὸν
1260 4116 1314 4173 δὲ
1370 4121 1548 4184 αὗτοϊς
1616 4121 1677 4175 τὸ
1736 4126 1949 4195 Πνεῦμα
1979 4123 2040 4176 τὸ

386 4209 540 4287 οῗγιον
572 4206 938 4287 συνεπέφερεν.
1011 4212 1082 4266 Οὔ
1130 4210 1230 4285 γὰρ
1278 4210 1459 4277 νήπιοι
1510 4209 1806 4273 κτισθέντες
1857 4212 1902 4266 οἱ
1933 4209 2038 4288 οἵγ-

389 4297 562 4377 γελοι,
597 4297 720 4353 εἶτα
757 4296 1123 4360 τελειωθέντες
1169 4298 1235 4371 τῇ
1269 4296 1389 4351 κατ’
1446 4295 1628 4374 ὀλίγον
1671 4299 1897 4376 μελέτῃ,
1945 4299 2036 4355 οῦ-

387 4412 492 4453 τως
554 4385 689 4451 ἄξιοι
752 4391 850 4452 τῆς
914 4393 1004 4442 τοῦ
1049 4387 1353 4458 Πντύματος
1407 4384 1684 4466 ὑποδοχῆς
1728 4389 2032 4466 γεγὸνασιν·

387 4476 507 4534 ἀλλ’
539 4480 593 4533 ἐν
642 4481 710 4553 τῇ
762 4475 947 4554 πρώτῃ
1006 4474 1250 4530 συστάσει
1310 4476 1399 4530 καὶ
1443 4479 1519 4546 τῷ
1574 4477 1728 4531 οἱονεὶ
1771 4477 2044 4555 φυράματν

385 4573 484 4634 τῆς
544 4565 722 4628 οὒτίας
765 4569 936 4624 αὒτῶν
993 4560 1522 4640 συγκαταϐΛηθεϊσαν
1577 4566 1654 4640 (9)
1711 4564 1877 4643 ἔσχον
1938 4567 2038 4631 τὴν

385 4657 670 4734 ἀγιὸτητα.
713 4657 804 4710 Διὸ
849 4658 938 4712 καὶ
969 4651 1344 4726 δυσμετάθετοί
1373 4653 1471 4707 εἱσι
1523 4655 1653 4730 πρὸς
1685 4655 1895 4726 κακίαν,
1943 4654 2034 4710 εῦ-

385 4748 498 4825 θὺς,

391 4835 632 4915 ἔχοντες.

466 4968 533 5019 68
560 4969 712 5032 Gen.
747 4984 838 5042 ιιι,
871 4967 964 5031 19.
1049 4965 1114 5016 69
1144 4965 1365 5046 Ephes.
1396 4981 1460 5041 ιι,
1487 4965 1546 5028 5.

473 5105 555 5187 (5)
593 5101 784 5187 Editio
816 5101 1003 5187 P_aris.
1030 5105 1058 5158 ὁ
1091 5100 1285 5187 Λόγος.
1321 5100 1438 5161 Sed
1473 5099 1643 5187 deest
1662 5101 1949 5187 articulus
1975 5105 2036 5187 in

390 5180 491 5248 seti
524 5180 807 5246 inSSJIOX
840 5182 985 5256 Reg.
1010 5180 1308 5244 secundus
1342 5188 1550 5256 Πνεῦμα
1582 5184 1642 5238 τὸ
1671 5181 1824 5258 ἅγιον
1854 5185 2034 5262 ἀτμίς.

472 5267 554 5343 (6)
588 5264 759 5328 Colb.
799 5265 1028 5344 primus
1051 5268 1085 5329 ἡ
1116 5264 1375 5341 οὖράνιος.

477 5341 560 5425 (⁸1)
593 5347 737 5421 Reg.
775 5341 1102 5405 tertius'lvz
1153 5345 1447 5425 voptaoib
1499 5341 1710 5425 Σωτήρ.
1760 5343 1882 5425 _\'0x
1936 5350 2036 5404 αῦ-

396 5422 508 5505 τοῦ,
543 5422 673 5505 quae
700 5425 963 5503 proxime
1013 5430 1310 5499 sequitur.
1369 5422 1537 5505 deest
1567 5422 1861 5505 in__multis
1896 5443 2040 5487 mss.

399 5502 513 5564 Sed
549 5500 677 5565 eam
694 5500 862 5587 :tnale
896 5505 1174 5587 omissam
1210 5521 1342 5564 esse
1380 5521 1413 5587 ο
1445 5500 1703 5564 librariis
1735 5515 2039 5587 putamus,

399 5592 519 5645 tum
553 5584 708 5664 quod
743 5584 803 5645 in
836 5587 1033 5647 multis
1063 5585 1200 5646 aliis
1226 5583 1758 5662 mss.legatur,tum
1786 5583 2040 5650 maxime

316 5703 318 5705 ›
394 5665 552 5745 quod
581 5665 1006 5726 inveniaturin
1042 5664 1346 5745 Eusebio:
1401 5680 1431 5724 a
1486 5681 1603 5745 quo
1654 5671 1840 5725 totum
1890 5666 2038 5729 illud

355 5770 360 5776 ·
389 5743 901 5824 fragmentummti
927 5746 983 5806 in
1013 5743 1354 5824 praefatione
1376 5743 2036 5825 ostenditur,sumptum

393 5822 505 5889 est:
538 5825 724 5887 Aliter
753 5829 826 5884 de
853 5825 977 5903 illo,
1013 5822 1072 5881 ἔοι
1096 5833 1191 5883 τοῦ
1224 5826 1448 5903 nuptis,
1476 5822 2037 5902 jmlicandumcen-

391 5924 615 5970 semus.
667 5906 814 5968 Cum
867 5905 1028 5967 enim
1073 5903 1246 5986 illud,
1291 5907 1352 5967 εκ
1380 5912 1474 5961 τοῦ
1507 5911 1737 5984 Πατρός,
1773 5905 1930 5970 desit
1979 5911 2040 5972 in

1633 4965 1901 5030 7010an.
1940 4985 1979 5043 ι,
2021 4971 2076 5032 1.

2122 3221 2381 3302 Spiritus
2407 3234 2515 3303 est,
2556 3235 2806 3304 uterque
2828 3230 3022 3286 autem
3049 3225 3107 3284 in
3141 3224 3305 3286 caelis
3337 3233 3623 3286 eteorum
3655 3221 3775 3282 vir-

2124 3313 2356 3376 tutibus
2381 3314 2656 3375 creandis
2685 3313 2904 3393 pariter
2956 3331 3199 3394 operam
3246 3313 3519 3392 contulit,
3551 3313 3775 3374 idcirco

2120 3402 2344 3463 dictum
2375 3413 2487 3464 est:
2505 3403 2691 3465 Verbo
2706 3403 3107 3465 Domim'cwti
3119 3404 3356 3483 ﬁrmati
3375 3411 3601 3483 sunt,et
3632 3403 3774 3480 Spi-

2122 3493 2247 3554 ritu
2260 3499 2389 3554 oris
2401 3495 2535 3571 ejus
2552 3495 2746 3555 omnis
2758 3494 2950 3554 uirtus
2965 3510 3171 3554 eorum
3183 3493 3367 3556 .Nihil
3383 3493 3542 3554 enim
3564 3492 3779 3554 sancti-

2123 3587 2296 3641 tatem
2331 3583 2962 3662 ailipiscitur,nisi-per
2992 3579 3252 3661 Spiritus
3278 3583 3467 3644 sancti
3501 3601 3770 3663 praesen-

2123 3671 2284 3732 tiam.
2324 3673 2527 3745 Itaque
2578 3671 2733 3751 quod
2786 3671 2979 3748 angeli
3009 3680 3172 3746 sunt,
3204 3671 3520 3751 abupifice
3575 3671 3771 3734 Verbo

2122 3761 2535 3820 universorum
2566 3761 2876 3821 conditore
2905 3759 3126 3822 habent
3161 3777 3174 3822 :
3205 3760 3290 3822 eis
3321 3779 3459 3822 vero
3483 3762 3771 3822 sanctita-

2121 3858 2236 3910 tem
2267 3851 2521 3923 St-ililus
2544 3861 2782 3912 sanctus
2805 3851 3284 3930 impertivit.Non
3316 3852 3478 3912 enim
3516 3851 3774 3912 infantes

2121 3941 2300 4000 creati
2328 3949 2463 4000 sunt
2492 3941 2716 4014 angeli,
2751 3941 2971 4002 deinde
2995 3941 3274 4019 paulatim
3313 3941 3594 4003 exercitio
3626 3957 3770 4020 per-

2121 4028 2285 4100 fecti,
2317 4031 2402 4091 sic
2437 4030 2579 4092 facti
2610 4039 2747 4092 sunt
2777 4029 2938 4109 digni
2971 4029 3072 4110 qui
3093 4027 3381 4110 Spiritum
3403 4030 3771 4109 reciperent;

2123 4121 2224 4180 sed
2257 4120 2314 4179 in
2343 4121 2527 4200 prima
2552 4121 2997 4200 constitutione,
3029 4128 3083 4180 et
3116 4138 3233 4180 una
3261 4137 3398 4181 cum
3429 4117 3776 4180 substantiae

2123 4226 2244 4270 sua:
2276 4211 2440 4288 quasi
2475 4211 2728 4272 mixtura
2785 4210 3037 4270 infusam
3074 4209 3337 4270 habuere
3369 4209 3767 4270 sanctitatem.

2125 4297 2498 4379 Quapropter
2531 4301 2704 4360 etiam
2737 4317 2891 4378 aegre
2918 4299 2989 4359 ad
3021 4297 3304 4359 malitiam
3330 4306 3678 4360 convertere
3709 4315 3774 4359 se

2123 4399 2390 4468 possunt,
2427 4391 2646 4469 quippe
2677 4396 2776 4470 qui
2809 4388 2972 4452 illico
2993 4389 3412 4468 sanctimonia,
3443 4389 3617 4450 veluti
3651 4387 3772 4462 tin-

2121 4487 2286 4538 ctura
2309 4480 2560 4558 quadam
2596 4479 2961 4540 corroborati
3023 4477 3161 4551 sint,
3207 4477 3671 4556 firmitatemque
3711 4477 3770 4537 in

2121 4564 2333 4627 virtute
2365 4587 2432 4628 ac
2459 4569 2848 4630 constantiam
2887 4568 3043 4629 dono
3100 4567 3360 4647 Spiritus
3389 4568 3576 4628 sancti
3608 4584 3775 4628 acce-

2122 4667 2345 4734 perint.

531 4745 685 4801 οἱονεὶ
726 4745 870 4824 βαφῇ
890 4765 1018 4821 τινι,
1080 4748 1156 4816 τῷ
1218 4742 1468 4818 ἁγιασμῳ
1513 4741 1896 4823 στομωθέντες,
1950 4745 2038 4800 καὶ
2087 4747 2148 4801 τὸ
2179 4747 2405 4820 μόνιμον
2455 4752 2530 4811 εἰς
2581 4749 2772 4825 ἀρετὴν
2803 4754 2868 4824 τῇ
2899 4747 3068 4824 δωρεᾷ
3111 4751 3201 4803 τοῦ
3249 4747 3404 4824 ἁγίου
3464 4748 3771 4821 Πνεύματος

2122 5109 2324 5169 multis
2359 5127 2526 5182 mss.,
2565 5125 2672 5168 nec
2703 5106 2930 5184 legatur
2959 5120 3199 5184 quoque
3221 5101 3774 5184 inﬂammentariis

2125 5189 2386 5264 Eusebii,
2423 5189 2482 5248 id
2518 5191 2634 5250 huc
2669 5182 2869 5267 inepte
2891 5182 3249 5248 accersitum
3283 5182 3464 5245 fuisse
3490 5182 3646 5245 haud
3676 5185 3771 5245 in-

2114 5269 2274 5348 juria
2307 5269 2470 5330 cxi-di
2507 5277 2716 5349 potest.
3117 5345 3144 5349 _
3189 5344 3226 5349 __
3414 5344 3427 5349 _
3511 5275 3514 5282 '

2207 5351 2280 5428 (ὃ)
2324 5350 2475 5410 Editi
2507 5344 2564 5408 et
2592 5351 2738 5427 Reg.
2783 5353 2983 5428 sextus
3014 5353 3073 5407 et
3103 5344 3272 5428 Co_l_b.
3330 5344 3570 5428 quintus
3593 5345 3635 5428 εἰ
3666 5347 3766 5416 μή.

2128 5425 2300 5493 Deest
2336 5435 2377 5486 εἰ
2410 5431 2470 5491 in
2517 5425 2756 5491 Eusebii
2791 5425 3270 5506 Commentariis,
3329 5434 3386 5486 et
3417 5425 3476 5485 in
3509 5425 3775 5506 quinque

2127 5529 2246 5571 mss
2310 5514 2441 5573 Mox
2502 5510 2680 5572 editio
2735 5508 2922 5571 Paris.
2982 5511 3009 5563 ὁ
3069 5503 3387 5582 δημιουργὸς
3419 5503 3694 5562 τιῦννὸλων
3746 5508 3772 5559 ὁ

2123 5597 2354 5660 ποιητὴς
2388 5593 2555 5668 Λόγος
2601 5591 2908 5668 παρείχετο,
2939 5590 3238 5668 confuse.
3273 5585 3662 5668 Restituirnlis
3713 5591 3774 5643 et

2125 5689 2194 5732 ex
2227 5681 2430 5732 mSS.ci
2457 5663 2522 5731 ex
2545 5663 2691 5749 ipsis
2709 5663 2952 5731 Eusebii
2971 5665 3426 5749 commentariis
3446 5663 3766 5744 pristinum

2123 5769 2191 5812 ac
2221 5756 2550 5822 urituinum
2573 5747 2904 5810 Vverborum
2936 5747 3233 5808 ordinem.
3483 5781 3487 5788 -

2207 5836 2293 5910 (ει)
2325 5832 2493 5893 Colb.
2527 5840 2773 5910 quartus
2825 5828 3392 5910 coy‘tztzElnﬂeicEcL
3427 5833 3544 5910 putt
3578 5831 3763 5910 recte.

2125 5904 2305 5977 Paulo
2334 5923 2467 5993 post
2494 5904 2756 5995 quinque
2779 5904 2924 5972 mss.
2955 5912 3028 5974 ὼς
3061 5909 3246 5969 ἀσκόν.
3287 5904 3444 5969 Editi
3470 5907 3616 5967 ὡσεί.
