4138 6386
251 338 367 404 345
1367 332 1694 398 HOMILIA
1739 332 1823 395 IN
1872 331 2240 394 PSALMUM
2286 332 2536 394 XXXII.
2725 396 2735 403 _
3512 333 3629 399 346

251 478 340 536 οὖν
365 474 610 553 βασιλεὺς
640 477 700 531 οὗ
728 475 868 552 παρὰ
913 476 1011 540 τὴν
1055 471 1261 540 πολλὴν
1305 472 1545 551 δύναμιν,
1580 469 1717 526 ἀλλὰ
1747 468 1918 546 παρὰλ

2009 484 2065 528 ir
2094 465 2271 546 igitur
2303 483 2405 528 rex
2440 480 2560 528 non
2588 485 2694 546 per
2726 466 2974 527 multam
3027 466 3345 545 virtutem,
3380 470 3485 532 sed
3518 489 3628 551 per

250 570 350 625 τὴν
380 567 520 623 θείαν
553 566 732 645 χάριν.
768 564 948 620 ’Ὥστε
1008 563 1179 631 ἁληθῆ
1237 564 1323 619 καὶ
1367 563 1570 625 τούτοις
1618 562 1760 617 εἶναι
1808 562 1897 614 τὸν

2009 555 2240 617 livinam
2267 557 2740 636 gratiam.Quare
2760 567 2818 617 et
2836 574 2974 635 erga
2996 559 3105 619 hos
3127 577 3261 620 vera
3283 571 3424 621 sunt
3447 561 3626 622 verba

252 656 432 733 λόγον,
496 658 574 710 ὁτι
639 654 820 731 Χάριτί
890 654 1008 710 ἐστε
1079 654 1433 727 σεσωσμένοι.
1497 649 1725 728 ’ᾬσπαρ
1785 646 1900 705 οὐδὲ

2012 646 2109 726 lla,
2136 646 2358 709 Gratia
2387 646 2608 708 saluati
2638 650 2783 708 estis
2799 647 2970 709 91.1ta
2993 667 3068 709 ne
3095 649 3355 726 agricola
3383 650 3626 730 quidem

253 748 489 824 γεωργὸς
544 754 789 802 τοσοῦτον
861 742 945 798 διὰ
1029 744 1127 810 τὴν
1213 741 1515 820 γεωργικὴν
1591 737 1900 811 ἐπιμέλειαν

2009 757 2092 798 ier
2117 737 2553 816 agricolationis
2586 736 2956 814 diligentiam
2989 746 3217 799 tantum
3251 739 3510 801 fructum
3538 758 3631 800 as-

254 832 507 914 τυγχάνει
551 837 641 889 τοῦ
683 841 976 912 γεωργικοῦ
1032 832 1246 910 μέρους,
1280 831 1404 887 ὅσον
1437 828 1522 885 διὰ
1553 831 1641 884 τὸν
1686 826 1902 893 αὔξοντα

2009 828 2570 908 sequitur,quantum
2590 846 2697 907 per
2713 830 2897 889 Deum
2914 837 3144 906 segetes
3156 839 3470 908 augentem
3483 828 3628 891 .Ne-

256 926 320 981 τὰ
383 923 754 1001 γεωργούμενα
836 920 989 979 Θεόν.
1069 919 1198 978 Οὔτε
1258 921 1357 997 γὰρ
1417 923 1443 975 6
1503 918 1737 998 φυτεύων
1795 916 1905 971 ἐστί

2009 936 2102 997 [ue
2117 924 2279 979 enim
2304 922 2411 997 qui
2431 917 2792 997 plantat,est
2814 916 3067 996 aliquid,
3089 935 3287 997 neque
3308 922 3413 998 qui
3436 922 3627 996 rigat;

253 1036 329 1092 τι,
401 1014 518 1068 οὒτε
572 1015 599 1067 6
658 1012 914 1091 ποτίζων,
975 1009 1093 1067 αλλ’
1144 1012 1172 1065 6
1226 1008 1458 1074 αὐξάνων
1511 1008 1661 1072 Θεός.
1733 1010 1788 1064 Εἰ
1848 1004 1901 1060 δὲ

2009 1009 2089 1069 red
2111 1008 2217 1087 qui
2240 1008 2673 1069 incrementum
2693 1008 2794 1068 dat
2813 1007 2970 1069 Deus
2990 1005 3243 1079 “.Quod
3269 1009 3320 1071 si
3353 1026 3457 1071 cor
3473 1011 3631 1089 regis

254 1101 438 1177 καρδία
510 1100 769 1177 βασιλέως
816 1102 868 1156 ἐν
925 1102 1066 1180 χειρὶ
1111 1106 1262 1172 Θεοῦ,
1309 1100 1368 1155 o6
1427 1100 1649 1168 σώζεται
1694 1096 1777 1154 διὰ
1807 1099 1902 1165 τὴν

2010 1118 2045 1158 n
2081 1116 2259 1159 manu
2289 1095 2395 1157 Dei
2415 1094 2470 1138 93
2495 1118 2507 1154 :
2537 1115 2656 1157 non
2691 1115 2795 1177 per
2814 1113 3114 1158 armorum
3142 1098 3497 1177 potentiam,
3523 1099 3629 1161 sed

256 1191 538 1259 ὁπλιτικὴν
595 1190 833 1265 δύναμιν,
868 1190 1005 1245 ἀλλὰ
1051 1188 1135 1245 διὰ
1190 1190 1283 1256 τὴν
1318 1192 1458 1245 θείαν
1505 1188 1889 1267 χειραγωγίαν,

2009 1206 2087 1248 μοι*
2110 1186 2374 1248 divinum
2410 1185 2753 1266 praesidium
2803 1195 3092 1247 servatur.
3131 1188 3193 1248 In
3229 1205 3403 1249 manu
3433 1196 3630 1249 autem

257 1281 346 1338 Ἐν
376 1284 516 1360 χειρὶ
549 1279 602 1336 δὲ
637 1289 769 1339 Θεοῦ
824 1281 967 1336 ἐστιν
1039 1281 1141 1359 οὔχ
1186 1281 1213 1334 6
1256 1280 1462 1359 τυχὼν,
1507 1278 1628 1333 ἀλλ’
1683 1280 1710 1333 6
1755 1274 1895 1342 ἄξιος

2009 1277 2089 1338 )ei
2120 1294 2236 1337 non
2273 1283 2362 1337 est
2391 1274 2670 1356 quilibet,
2699 1275 2804 1337 sed
2835 1274 2937 1356 qui
2963 1276 3178 1355 dignus
3213 1277 3446 1339 exsistit
3474 1278 3631 1357 regis

252 1376 351 1437 τῆς
410 1379 502 1427 τοῦ
559 1369 820 1446 βασιλέως
880 1370 1259 1447 προσηγορίας,
1321 1368 1601 1446 Ὠρίσαντο
1647 1365 1701 1421 δέ
1758 1387 1897 1430 τινες

2009 1365 2379 1445 ιρρθιιειιίοηθ
2394 1417 2401 1423 .
2414 1364 2788 1426 Deﬁnierunt
2809 1372 3005 1427 autem
3021 1365 3259 1446 quidam
3279 1384 3529 1446 regnum
3544 1386 3636 1429 es-

251 1460 525 1536 βασιλείαν
584 1464 722 1515 εἶναι
781 1460 880 1526 τὴν
931 1459 1150 1534 ἔννομον
1201 1460 1534 1530 ἐπιστασίαν,
1580 1457 1616 1525 ἢ
1673 1457 1772 1523 τὴν
1816 1456 1901 1511 ἐπὶ

2009 1474 2048 1516 .e
2063 1454 2391 1532 legitimnm
2407 1454 2904 1530 dominatum,aut
2916 1454 3312 1535 principatum
3327 1456 3388 1517 in
3401 1475 3631 1533 omnes,

250 1557 411 1607 πᾶσιν
466 1550 643 1628 ἀρχὴν
704 1548 1055 1607 ἀνυπεύθυνον
1150 1549 1400 1626 ἁμαρτίᾳ,
1462 1548 1561 1605 Καὶ
1620 1547 1771 1624 γίγας
1844 1547 1904 1601 οὗ

2009 1545 2069 1606 ;ic
2089 1552 2153 1605 ut
2176 1554 2417 1625 peccato
2444 1543 2741 1607 obnoxius
2767 1564 2884 1605 non
2908 1546 3005 1607 sit.
3035 1546 3119 1606 Et
3140 1547 3313 1625 gigas
3340 1564 3466 1609 non
3503 1547 3632 1609 sal-

253 1641 552 1708 σωθήσεται
625 1639 679 1694 ἐν
749 1638 939 1708 πλήθει
1025 1640 1207 1717 ἰσχύος
1267 1641 1447 1698 αὺτοῦ.
1518 1637 1746 1714 Γίγαντα
1808 1634 1902 1690 λέ-

2009 1635 2228 1697 iabitur
2242 1636 2310 1696 in
2321 1634 2725 1696 multitudine
2742 1637 2989 1698 virtutis
3006 1634 3477 1714 sum.Gigantem
3493 1637 3637 1700 dicit

252 1750 337 1806 γει
394 1731 483 1783 τὸν
540 1734 735 1807 φυσικῇ
796 1725 1007 1801 δυναμει
1057 1730 1142 1783 καὶ
1196 1727 1333 1800 τόνῳ
1383 1732 1673 1801 σωματικῷ
1706 1723 3636 1810 zexpn-Beum,quinaturalivietcorporalipolletrobore.Neque

253 1820 434 1892 μένον.
472 1815 601 1873 Ούτε
632 1817 720 1872 οὗν
748 1816 995 1893 βασιλεὺς
1045 1818 1143 1884 τὴν
1190 1821 1253 1873 ὲκ
1307 1826 1399 1874 τοῦ
1439 1816 1711 1872 ὁπλιτικου
1755 1815 1904 1890 βοή-

2014 1813 2170 1890 gitur
2197 1832 2302 1874 rex
2332 1832 2401 1875 ex
2431 1813 2615 1875 armis
2638 1813 2943 1876 sufﬁciens
2971 1814 3043 1875 ad
3075 1817 3324 1875 salutem
3350 1815 3633 1876 auxilium

252 1911 397 1963 θειαν
428 1907 685 1984 ἀρκοῦσαν
730 1905 846 1985 ἔχει
897 1908 1027 1984 πρὸς
1083 1908 1369 1984 σωτηρίαν,
1436 1904 1555 1962 οὔτε
1588 1908 1615 1960 6
1666 1906 1904 1981 ἀλδρεῐος

251 1999 426 2069 ἒαυτῷ
454 1997 584 2073 πρὸς
641 1997 810 2051 πάντα
842 1998 1100 2074 ἒπαρκεϊν
1168 1996 1310 2051 ἐστιν
1369 1995 1583 2060 ἱκανός,
1641 1993 1908 2052 Ἀσθένεια

255 2087 354 2163 γὰρ
407 2084 519 2140 ἐστι
591 2087 678 2141 καὶ
748 2085 1003 2160 ἀδυναμία
1087 2087 1259 2142 πάντα
1307 2088 1440 2161 ὁμοῦ
1487 2086 1552 2143 τὰ
1606 2085 1910 2164 ἀνθρώπινα

256 2176 388 2251 πρὸς
474 2175 570 2240 τὴν
651 2175 909 2241 ἀληθινὴν
995 2173 1211 2250 δύναμιν
1297 2173 1775 2251 παραϐαλλόμενα.
1816 2176 1912 2231 Διὰ

256 2275 414 2322 τοῦτο
485 2262 561 2318 Τὰ
626 2262 818 2329 ἀσθενῆ
889 2270 977 2318 τοῦ
1071 2264 1273 2338 κόσμου
1364 2262 1637 2328 ἐξελέξατο
1682 2267 1708 2319 6
1754 2266 1909 2343 Θεὸς,

262 2350 354 2408 ἴνα
454 2352 791 2430 καταισχύνῃ
875 2354 939 2407 τὰ
1024 2353 1237 2431 ἱσχυρά·
1332 2354 1420 2408 καὶ
1506 2352 1558 2405 ἐν
1643 2354 1911 2427 στόματος

262 2442 469 2508 νηπίων
550 2442 635 2496 καὶ
720 2440 1056 2513 θηλαζόντων
1143 2443 1495 2520 κατηρτίσατο
1555 2440 1685 2519 (38)
1730 2442 1909 2515 αἶνον,

260 2531 355 2586 ’ίνα
412 2528 682 2608 καταλύσῃ
764 2532 857 2586 τὸν
920 2532 1109 2610 ἐχθρὸν
1196 2532 1280 2586 καὶ
1365 2527 1667 2597 ἐκδικητὴν,
1732 2530 1908 2585 Μάλι-

264 2644 365 2677 στα
394 2621 494 2698 γὰρ
539 2620 777 2697 ἔλαμψεν
829 2626 863 2691 ἡ
902 2625 1012 2680 θεία
1063 2624 1221 2703 χάρις
1278 2622 1330 2677 ἐν
1384 2635 1503 2685 τοῖς
1561 2621 1769 2688 νηπίοις
1823 2622 1910 2676 καὶ

263 2711 512 2779 ἀνοήτοις
598 2713 974 2790 ἐνεργουμένη.
1067 2711 1274 2779 Ψεδδής
1378 2710 1547 2772 ἵππος

265 2801 472 2880 τηρίαν’
553 2799 606 2855 ἐν
693 2799 746 2856 δὲ
822 2801 1013 2872 πλήθει
1100 2800 1372 2875 δυνάμεως
1446 2804 1602 2858 αὐτοῦ
1679 2801 1739 2855 ού
1795 2820 1908 2853 σω-

265 2894 507 2957 θήσεται.
560 2888 915 2958 Ἐκϐἐϐληται
975 2896 1070 2961 τῆς
1129 2893 1377 2971 χρήσεως
1457 2896 1564 2945 τῶν
1634 2888 1798 2966 ἁγίων
1882 2890 1910 2943 6

267 2980 459 3044 ἵππος.
509 2983 606 3037 Καὶ
650 2979 767 3037 οὕτε
848 2981 901 3036 ἐν
954 2980 1212 3055 πολέμοις
1280 2980 1557 3055 εὐημερῶν
1606 2979 1633 3032 6
1692 2976 1912 3055 Ἰσραὴλ

1634 2712 1705 2773 εἱς
1790 2733 1907 2764 σω-

1992 1903 2397 1983 babet,neque
2411 1904 2577 1965 fortis
2589 1903 2887 1965 virsibiad
2908 1905 3107 1965 omnia
3119 1904 3399 1965 sufﬁcere
3413 1914 3630 1985 potest.

1991 1990 2376 2055 Imbecillitas
2389 1993 2547 2053 enim
2569 1992 3317 2057 etinﬁrmitassuntomnia
3329 1996 3506 2057 simul
3532 1996 3641 2056 hu-

1994 2083 2400 2157 mana,sicum
2420 2101 2559 2145 vera
2572 2083 2834 2163 potentia
2845 2093 3291 2164 comparentur.
3317 2088 3640 2165 Propterea

1993 2171 2246 2251 Inﬁrma
2260 2174 2477 2234 mundi
2497 2172 2677 2252 elegit
2704 2172 2961 2250 Deus,ut
2981 2175 3314 2252 confundat
3332 2176 3519 2254 fortia
3532 2176 3630 2251 9‘;

1998 2270 2057 2322 et
2074 2280 2140 2323 ex
2162 2262 2589 2323 oreintantium
2605 2270 2662 2323 et
2680 2262 3027 2323 lactentium
3051 2264 3645 2344 perfecitlaudem.ut

1997 2350 2263 2413 destruat
2282 2351 2593 2413 inimicum
2614 2359 2672 2412 et
2696 2351 2951 2413 ultorem
2965 2353 3049 2415 95.
3071 2352 3216 2415 Nam
3239 2354 3438 2416 divina
3451 2357 3640 2433 gratia

2003 2441 2131 2500 I41
2165 2440 2226 2500 in
2277 2439 2602 2501 infantibus
2659 2459 2729 2501 ac
2777 2442 3026 2503 rudibus
3074 2462 3350 2523 operans,
3387 2452 3642 2507 maxime

1992 2529 2620 2608 resplenduit.VEns.i
2639 2530 2690 2590 Ἰ.
2718 2529 3152 2611 Fallaxequus
3165 2534 3245 2595 ad
3258 2535 3539 2597 salutem:
3570 2542 3638 2597 in

1992 2618 2381 2681 multitudine
2392 2628 2600 2680 autem
2615 2621 2863 2681 virtutis
2877 2639 3006 2682 sua:
3017 2623 3639 2687 nonsalvabitur.Ex-

1994 2700 2193 2760 clusus
2216 2708 2308 2760 est
2328 2699 2401 2760 ab
2426 2718 2538 2760 usu
2562 2709 2904 2761 sanctorum
2934 2719 3150 2782 equus.
3177 2704 3296 2766 Sed
3322 2723 3522 2780 neque
3548 2707 3636 2766 ls-

1992 2788 2115 2850 rael
2140 2790 2282 2849 dum
2309 2789 2362 2849 ei
2382 2790 2554 2849 resin
2586 2788 2759 2850 bellis
2788 2807 2862 2851 ex
2891 2792 3075 2851 animi
3099 2794 3393 2856 sententia
3423 2811 3636 2854 succe-

1994 2879 2232 2959 derent,
2257 2896 2518 2958 unquam
2542 2880 2803 2957 equestri
2828 2888 3088 2959 potentia
3106 2901 3249 2944 usus
3263 2883 3445 2944 fuisse
3467 2902 3637 2944 com-

1996 2970 2449 3049 peritur,neque
2471 2969 2783 3049 quisquam
2807 2980 3146 3032 sanctorum
3169 2972 3439 3053 privatim
3466 2992 3639 3035 usum

268 3071 461 3145 ἱππικῇ
518 3066 730 3144 δυνάμει
789 3072 917 3127 ποτὲ
962 3072 1198 3149 φαίνεται
1264 3067 1630 3148 κεχρημένος,
1663 3066 1782 3123 οὔτε
1812 3065 1913 3139 ἰδίᾳ

2009 3076 2285 3138 equorum
2311 3060 2937 3121 velutconvenientem
2956 3062 3304 3126 admisit.At
3325 3082 3461 3125 vero
3478 3064 3643 3126 Pna-

268 3181 347 3221 τις
391 3166 497 3215 τῶν
538 3158 697 3236 ἁγίων
748 3160 847 3227 τὴν
902 3167 1102 3239 χρῆσιν
1153 3166 1257 3214 τῶν
1327 3158 1513 3213 ἳππων
1544 3158 1616 3221 ὡς
1649 3153 1910 3233 ἁρμόζουο

270 3271 368 3305 σαν
439 3246 774 3325 παρεδέξατσ
828 3251 1024 3325 Φαραὼ
1082 3248 1135 3303 δὲ
1193 3247 1348 3319 iii-mp
1395 3245 1516 3323 (39)
1564 3250 1788 3325 χρηται,
1828 3247 1914 3300 καὶ

273 3339 612 3416 Σεναχηρεὶμ
670 3340 697 3392 6
740 3340 1074 3416 ὑπερήφανος
1132 3340 1203 3413 τῇ
1258 3336 1533 3412 περιουσίᾳ
1573 3340 1680 3389 τῶν
1727 3337 1914 3389 ἳππων

270 3427 411 3505 μέγα
440 3439 626 3505 φρονεῖ
677 3426 872 3504 Διόπερ
937 3432 1022 3483 τού
1077 3426 1174 3501 μὲν
1220 3425 1419 3501 Φαραὼ
1461 3423 1633 3479 ’ίππον
1660 3425 1749 3478 καὶ
1779 3423 1913 3478 ἀνα-

269 3516 437 3584 ϐάτην
499 3514 703 3592 ἕῤῥιψεν
756 3519 828 3579 εἱς
887 3515 1176 3572 θάλασσαν’
1265 3524 1360 3572 τοῦ
1435 3512 1489 3568 δὲ
1568 3513 1913 3591 Σεναχηρεὶυ.

270 3605 550 3671 ἐνύσταξαν
600 3606 791 3671 πάντες
838 3609 885 3663 οἱ
936 3603 1314 3672 ἐπιϐεϐηκότες
1365 3617 1485 3668 τοῖς
1543 3602 1758 3664 ἵπποις·
1796 3600 1911 3657 ὅθεν

270 3699 359 3755 καὶ
399 3700 427 3753 6
477 3694 562 3754 διὰ
593 3697 857 3761 Μωῦσὲως
908 3698 1069 3770 νόμος
1113 3696 1178 3751 τὰ
1225 3696 1344 3770 περὶ
1371 3691 1633 3771 βασιλέων
1669 3690 1790 3771 (40)
1818 3715 1913 3748 νο-

273 3788 531 3863 μοθετῶν,
596 3788 669 3844 Οὐ
734 3785 1041 3861 πληθυνσϊ,
1097 3787 1299 3862 φησὶν,
1359 3785 1530 3858 ἐαυτῷ
1576 3783 1767 3841 ἵππον.
1821 3781 1912 3839 Ἐν

272 3878 327 3934 δὲ
398 3879 588 3948 πλήθει
647 3878 916 3955 δυνάμεως
974 3878 1133 3934 αὐτοῦ
1201 3875 1260 3933 οὗ
1336 3875 1658 3944 σωθήσεται.
1728 3869 1911 3930 ’Ὅταν

1996 3166 2099 3209 rao
2114 3150 2375 3229 equitatu
2408 3149 2687 3223 utitur93,
2717 3165 2775 3211 et
2796 3151 3089 3231 superbus
3108 3153 3209 3214 ille
3232 3153 3640 3216 Sennacherib

2001 3238 2074 3299 de
2104 3256 2398 3315 equorum
2433 3239 2809 3301 multitudine
2826 3242 3116 3318 gloriatur
3133 3243 3215 3305 97.
3242 3244 3641 3317 Quamobrem

1998 3328 2326 3389 Pharaonis
2340 3348 2556 3409 equum
2573 3338 2630 3389 et
2642 3348 3019 3392 ascensorem
3039 3335 3290 3411 projecit
3302 3334 3361 3395 in
3377 3353 3539 3396 mare
3552 3336 3637 3395 98:

1997 3435 2208 3478 omnes
2236 3436 2379 3479 vero
2402 3420 2815 3481 Sennacherib
2835 3420 3065 3500 equites
3083 3424 3640 3489 dormitaverunt99.

1996 3508 2172 3569 Unde
2204 3507 2381 3568 etiam
2417 3508 2533 3569 lata
2564 3527 2674 3588 per
2704 3509 2941 3589 Moysen
2974 3512 3050 3571 de
3078 3531 3285 3591 regum
3320 3514 3531 3576 ofﬁciis
3551 3516 3644 3579 lex

1995 3596 2075 3657 ita
2096 3597 2324 3658 sancit:
2354 3596 2487 3660 Non
2508 3598 2942 3679 multiplicabit
2960 3602 3079 3663 sibi
3099 3604 3479 3684 equitatum‘
3523 3652 3538 3667 .
3569 3605 3644 3668 In

1993 3687 2985 3753 multitudineautemvirtutissuae
2998 3693 3645 3761 nousalvabitur.Cum

1994 3777 2866 3858 enim,inquit,inﬁrmor,tunc
2890 3788 3095 3861 potens
3113 3799 3247 3845 sum
3264 3785 3494 3861 5..Nam
3514 3803 3644 3846 cor-

1994 3885 2311 3949 porearum
2342 3868 2555 3930 virium
2587 3869 2908 3933 multitudo
2940 3871 3117 3933 saluti
3148 3873 3397 3954 Spiritus
3424 3874 3640 3937 obstat.

271 3968 371 4046 γὰρ
414 3968 636 4047 ἀσθενῶ,
671 3970 823 4049 φησὶ,
854 3969 974 4026 τότε
1002 3966 1221 4031 δυνατός
1251 3967 1381 4043 εἶμι,
1414 3966 1483 4023 Τὸ
1512 3962 1565 4021 δὲ
1597 3962 1801 4031 πλῆθος
1842 3963 1940 4031 τῆς
1972 3965 2288 4035 σωματικῆς
2311 3958 2587 4035 δυνάμεως
2634 3960 2891 4037 ἒμπόδιόν
2922 3966 3034 4020 ἔστι
3079 3967 3210 4041 πρὸς
3246 3966 3347 4033 τὴν
3374 3968 3642 4047 σωτηρίαν

272 4065 365 4121 τοῦ
392 4058 691 4132 πνεύματος
702 4107 715 4121 ,

359 4146 458 4210 10.
520 4146 650 4203 Ἰδοὺ
706 4149 753 4204 οἱ
818 4148 1077 4228 ὀφθαλμοὶ
1156 4152 1341 4229 Κυρίου
1413 4148 1498 4205 ἐπὶ
1541 4148 1663 4212 τοὺς
1718 4143 1919 4227 φοϐου-

2085 4142 2373 4208 tO.Vsns.
2390 4142 2651 4207 18.Ecce
2672 4145 2835 4206 oculi
2855 4144 3105 4207 Domini
3117 4162 3300 4226 super
3317 4154 3647 4210 metuentes

274 4236 463 4314 μὲνούς
538 4235 715 4295 αὒτόν.
793 4235 1070 4318 Ἀλλαχοῦ
1150 4241 1249 4314 μὲν
1314 4238 1548 4317 ε’ίρηται’
1626 4235 1918 4318 Ὀιρθαλμοὶ

2009 4250 2166 4297 eum.
2200 4232 2355 4296 Alibi
2388 4233 2632 4310 quidem
2691 4234 2912 4297 dictum
2974 4244 3110 4300 est:
3170 4236 3346 4300 Oculi
3396 4240 3647 4301 Domini

277 4328 465 4408 Κυρίου
511 4325 595 4383 ἐπὶ
638 4324 888 4392 διιιαίουςο
964 4327 1184 4385 ἐνταῦθα
1239 4330 1326 4409 κὲ,
1401 4327 1524 4387 Ἐπὶ
1563 4328 1686 4391 τοὺς
1759 4322 1918 4406 φοόου

2009 4341 2189 4403 super
2207 4326 2400 4402 iustos
2423 4323 2451 4366 3
2483 4323 2605 4400 ;hic
2628 4342 2984 4406 vero,super
3012 4332 3345 4391 metuentes
3367 4326 3650 4392 eum.Ubi

352 4463 760 4547 9‘_Eph93-_".
794 4465 856 4528 5-
940 4464 1001 4514 99
1027 4463 1053 4525 Ι
1083 4463 1218 4547 Cgr.
1252 4480 1339 4547 ιιι,
1361 4469 1434 4547 1.
1507 4464 1582 4547 95
1602 4466 1775 4526 Prov.
1803 4479 1918 4547 xxi,

2009 4462 2147 4547 ._94
2175 4461 2200 4519 Ι
2230 4460 2369 4523 Cor.
2382 4478 2436 4547 ι,
2469 4458 2580 4547 27._
2652 4460 2718 4547 95
2748 4462 2904 4525 Psal.
2931 4463 3144 4547 “11,33.
3216 4461 3501 4547 _9§_Exod.
3526 4480 3652 4539 xlv,

274 4538 612 4689 $623.5'P97
632 4544 708 4688 ἓν
741 4547 886 4624 Reg.
922 4562 1042 4688 ξιξ,
1080 4544 1186 4609 23.
1269 4538 1335 4596 93
1360 4543 1547 4609 Exod.
1572 4561 1670 4622 xv,
1704 4548 1760 4607 1.
1844 4538 1916 4593 99'
1934 4538 2011 4606 1V
2037 4541 2185 4621 Reg.
2216 4558 2342 4623 xux,
2376 4541 2475 4606 35.
2561 4541 2583 4584 ¹
2643 4542 2819 4607 Deut.
2846 4560 2991 4622 xvu,
3024 4538 3125 4610 i6.
3210 4543 3241 4595 9
3269 4542 3322 4605 Il
3349 4547 3488 4608 Cor.
3544 4538 3649 4621 xu.

363 4674 377 4690 .
564 4646 624 4689 sa
660 4643 908 4705 .xxxm,
1026 4676 1040 4690 .

360 4760 489 4842 (38)
516 4759 630 4825 Ubi
660 4761 880 4841 legitur
906 4760 968 4821 in
1001 4759 1266 4824 editione
1320 4758 1511 4842 Paris.
1538 4767 1596 4821 et
1626 4761 1687 4842 in
1719 4760 1990 4824 multisD
2014 4762 2156 4842 time
2185 4776 2352 4842 vero,
2383 4764 2431 4842 si
2464 4758 2713 4842 scribas,
2742 4760 3027 4842 perfecit,
3057 4767 3124 4823 ut
3155 4760 3453 4823 destruat.

272 4859 425 4917 mss.
456 4840 790 4923 κατηρτίσω,
822 4842 1147 4923 perfecisti,
1178 4842 1467 4921 scriptum
1488 4840 1832 4904 invenimus
1863 4844 1922 4904 in

279 4922 430 5001 Reg.
465 4921 676 5003 quarto
710 4932 768 4984 et
806 4921 868 5004 in
898 4921 1062 4985 Colb.
1100 4923 1314 5004 quinto
1344 4924 1925 5004 xampctqacomerfe-

282 5005 386 5085 cit,
417 5011 475 5065 et
492 5002 577 5085 ita
607 5003 925 5085 legendum
957 5021 1091 5065 esse
1130 5003 1505 5065 arbitramur.
1569 5002 1738 5065 Cum
1767 5002 1926 5066 enim

280 5084 422 5146 ante
455 5084 740 5165 scriptum
800 5084 895 5157 sit,
931 5086 1007 5142 Τὰ
1058 5085 1251 5152 ἀσθενῆ
1286 5093 1380 5142 τοῦ
1408 5087 1613 5165 κόσμου
1659 5085 1930 5152 ἐξελέξατο

281 5163 624 5256 ὁρεὸςζςίνα
654 5165 1015 5256 καταισχύνῃ.
1048 5166 1131 5256 τὰῼ
1163 5166 1381 5246 ἰσχυρά,
1406 5163 1549 5256 ζηῄι
1566 5182 1669 5256 _1_na
1716 5167 1932 5256 mundi

283 5246 466 5327 elegit
482 5246 1085 5327 Deus,utconfundat
1095 5246 1642 5327 fortia,verisimile
1658 5247 1831 5307 nobis
1845 5247 1928 5321 fit,

285 5324 529 5406 hicﬁilegi
553 5324 775 5389 debere
809 5326 1194 5406 κατηρτίσατο,
1225 5326 1319 5383 ’ίνα
1346 5326 1930 5406 καταλύσῃφϐνῖϐοἱῑ,

286 5405 667 5483 utdestruat,
691 5414 811 5471 etc.
838 5404 982 5468 Nam
1015 5406 1130 5467 hoc
1164 5414 1332 5486 pacto
1367 5407 1579 5468 melius
1609 5404 1935 5469 cohaerebit

268 5485 502 5549 oratio.
531 5487 698 5559 Quod
724 5489 778 5548 si
813 5486 1111 5566 ejusmodi
1144 5485 1294 5548 ratio
1344 5486 1535 5548 levior
1581 5486 1930 5551 videbitur:

291 5566 441 5627 illud
473 5568 731 5646 gravius,
754 5568 910 5646 quod
944 5567 1131 5629 editio
1167 5576 1223 5629 et
1252 5567 1427 5629 Basil.
1456 5577 1513 5629 et
1545 5586 1755 5629 omnes
1789 5585 1932 5629 mss.

293 5646 611 5728 praeferant
637 5646 936 5728 καταλύσῃ,
962 5648 1348 5721 destruat,uti
1374 5666 1684 5728 perperam
1709 5648 1934 5710 editum

292 5726 383 5790 est
409 5727 471 5791 in
506 5726 772 5790 editione
800 5726 1146 5792 Parisiensi.
1169 5730 1285 5791 Sed
1317 5726 1609 5808 si'legeris
1636 5730 1937 5806 καταλύσῃ,

298 5810 460 5889 legas
488 5811 846 5883 κατηρτίσατο
875 5808 1050 5889 plane
1070 5826 1320 5871 necesse
1338 5817 1448 5871 est.
1484 5810 1615 5873 Non
1640 5809 1801 5872 enim
1833 5828 1939 5871 co-

295 5888 547 5955 hairebit
563 5889 832 5971 oratio,si
855 5888 1378 5971 dicas.perfe’cisti,
1394 5897 1462 5953 ut
1479 5889 1751 5953 destruat
1777 5908 1797 5953 :
1820 5897 1939 5972 ‘op-

2092 4839 2216 4921 (39)
2246 4838 2405 4903 Editi
2431 4850 2489 4901 et
2531 4838 3097 4921 Colber’tiniitertius
3130 4850 3187 4902 et
3216 4852 3423 4902 sextus
3468 4838 3651 4921 ἵππῳ.

2008 4917 2125 4985 Alii
2148 4917 2415 5012 quinque
2446 4920 2923 5012 mssdmmfﬁmbi
2946 4922 3471 5012 supplerioportet
3493 4917 3655 5012 δυνά,-

2012 5026 2125 5081 μει.
2164 5000 2289 5065 Hoc
2314 5000 2441 5083 ipso
2475 5003 2534 5063 in
2570 5001 2701 5063 loco
2732 5001 2949 5081 legitur
2977 5000 3039 5062 in
3062 5000 3361 5083 aliquibus
3392 5000 3658 5083 mssas-

2012 5079 2239 5164 χρηται.
2272 5079 2546 5145 subinde
2595 5079 2824 5163 septem
2859 5101 3002 5144 mss.
3036 5079 3177 5163 μέγα
3217 5096 3424 5163 φρονεῖ,
3458 5079 3656 5143 Editio

2017 5164 2204 5227 Paris.
2240 5165 2655 5245 tie-yaloqipove't.

2092 5246 2219 5323 (40)
2248 5243 2443 5306 Editio
2463 5242 2663 5307 Paris.
2697 5247 2814 5324 περί
2835 5247 2940 5302 τῶν
2962 5242 3245 5322 βασιλέων.
3273 5246 3352 5305 At
3381 5260 3523 5305 mss.
3555 5261 3661 5305 sex

2015 5328 2133 5401 περὶ
2156 5326 2441 5402 βασιλέων.
2475 5326 2659 5404 ᾸΕενο
2683 5335 2775 5386 est
2791 5324 3336 5404 Combeﬁsio,quod
3361 5324 3660 5404 interpres

2018 5406 2078 5466 in
2106 5406 2365 5467 editione
2380 5404 2642 5467 Romana
2654 5408 2860 5485 Graeca
2881 5408 2969 5467 sic
2983 5404 3480 5485 reddiderit,Non
3501 5409 3658 5467 mul-

2017 5485 2316 5563 tiplicabit
2344 5488 2466 5547 sibi
2495 5504 2738 5565 equum.
2780 5484 3096 5548 Contendit
3123 5486 3267 5547 verti
3298 5484 3659 5565 Oportuisse,

2018 5566 2157 5629 Non
2178 5565 2615 5647 multiplicabit
2633 5567 2751 5629 sibi
2771 5570 3152 5647 equites,isen
3175 5565 3661 5647 equitatumﬁed

2022 5644 2661 5725 conquieriturmtmihi
2684 5644 2928 5728 quidem
2950 5644 3331 5728 videtur,n_on
3348 5644 3662 5725 jure.Nam

2024 5729 2138 5820 hoc
2158 5730 2527 5820 locosquum
2554 5745 2662 5820 pro
2684 5726 2951 5820 equitatu
2981 5729 3137 5820 sumi
3173 5726 3264 5820 vel
3295 5744 3452 5820 caeco
3474 5743 3662 5807 appa-

2020 5818 2135 5873 ret.
2190 5804 2419 5890 Vellem
2481 5804 2649 5890 prius
2704 5804 2946 5887 legisset
2993 5814 3166 5868 notaa
3199 5804 3446 5887 Nobilii,
3478 5804 3664 5885 quam

2008 5892 2163 5952 “eum
2184 5888 2694 5971 reprehendisset.
