4138 6424
328 426 448 499 357

1434 424 1756 490 HOMILIA
1800 416 1885 489 IN
1928 408 2298 487 PSALMUM
2344 419 2622 486 XXXIII.

3578 402 3713 491 ass

326 594 426 635 νει,
465 566 659 637 Μηδεὶς
691 562 1038 645 ταραχώδης,
1073 561 1210 639 μηδὲ
1262 560 1701 642 τεθορυϐημένος,
1749 559 1887 636 μηδὲ
1918 560 1977 616 ἐκ

2077 553 2525 620 ιεευηιίι.Νοῐηο
2560 553 2959 637 turbulentus,
2985 574 3160 617 nemo
3185 556 3709 641 perturbatus,nec

326 670 433 717 τῶν
462 663 643 715 παθῶν
674 662 771 724 τῆς
801 660 996 723 σαργὸς
1051 656 1147 722 τὴν
1206 658 1391 733 ψυχήν
1452 658 1786 730 παροιστρῶν
1848 649 1971 730 (70)

324 750 747 829 ἒγκαταμιγήτω
779 769 868 822 μοι
898 762 911 776 ⁸
950 743 1071 801 ἀλλ’
1117 745 1270 818 ὑμεῖς
1301 746 1347 799 οἱ
1379 755 1595 822 πραεῖς,
1643 744 1689 797 οἱ
1721 742 1781 797 τὸ
1802 739 1973 829 βεϐη-

326 828 418 903 κὸς
470 840 557 894 καὶ
615 838 860 894 εὐσταθὲς
916 839 1015 901 τῆς
1062 838 1248 913 ψυχῆς
1310 832 1741 910 κατωρθωκότες,
1803 832 1865 887 τὸ
1921 828 1973 885 δὲ

326 931 523 1007 νωθρὸν
578 928 666 983 καὶ
722 923 954 988 ὑπνωδες
998 925 1129 1001 πρὸς
1162 924 1254 987 τὰς
1285 927 1391 978 τῶν
1439 923 1781 988 καθηκόντων
1827 919 1973 997 ἐνερτ

326 1019 471 1098 γείας
535 1015 933 1090 ἀποσειόμενοι,
1010 1016 1167 1089 ὒμεϊς
1240 1012 1571 1090 μεγαλύνατε
1644 1012 1732 1066 τὸν
1788 1011 1974 1088 Κύριον

327 1111 417 1166 σὺν
464 1108 607 1183 ἐμοί.
664 1105 955 1183 Μεγαλύνει
1000 1103 1053 1159 δὲ
1098 1104 1189 1159 τὸν
1240 1102 1425 1181 Κύριον
1459 1104 1486 1157 6
1533 1100 1745 1178 μεγάλῃ
1775 1098 1977 1171 διανοίᾳ

326 1200 415 1255 καὶ
472 1198 652 1277 γαύρῳ
710 1200 790 1269 τῷ
842 1193 1141 1275 φρονήματι
1195 1193 1282 1249 καὶ
1335 1190 1621 1269 ἐπηρμένῳ
1676 1190 1796 1255 τοὺς
1848 1189 1977 1277 ὑπερ

326 1293 425 1357 τῆς
486 1283 745 1350 εὑσεϐείας
817 1284 1143 1359 πειρασμι.ὺς
1222 1280 1522 1355 ὑπομένων.
1598 1277 1846 1337 ’Ἔπειτα
1923 1276 1976 1334 δὲ

327 1380 414 1437 καὶ
459 1380 485 1433 6
532 1376 744 1453 μεγάλῃ
790 1380 857 1450 τῇ
916 1372 1118 1445 διανοίᾳ
1166 1373 1256 1427 καὶ
1314 1372 1622 1449 θεωρήμασι
1668 1369 1976 1446 βαθυτάτοις

326 1470 393 1525 τὰ
424 1466 623 1544 μεγέθη
656 1466 751 1533 τῆς
796 1465 1019 1527 κτίσεως
1069 1460 1330 1539 καθορῶν,
1386 1457 1463 1515 ’ἶν’
1495 1460 1554 1515 ἐκ
1602 1466 1694 1516 τοῦ
1725 1459 1974 1537 μεγέθους

328 1558 415 1615 καὶ
464 1562 564 1623 τῆς
618 1553 888 1620 καλλονῆς
949 1558 1053 1607 τῶν
1127 1553 1437 1625 κτισμάτων
1506 1551 1595 1607 τὸν
1669 1570 1977 1627 γενεσιουρ-

2058 650 2370 727 quisquam
2403 645 2505 727 qui
2526 664 2877 708 carnearum
2909 647 3289 709 aﬂ'ectionum
3312 656 3492 711 (estro
3512 651 3703 713 exsti-

2060 736 2243 797 mulet
2274 735 2714 817 animam,mihi
2746 736 3128 816 adjungatur:
3153 736 3257 798 sed
3279 755 3381 799 vos
3411 741 3704 803 mansueti

2057 823 2554 906 quistabilitatem
2594 825 3248 905 ﬁrmitatemqueanimi
3279 829 3582 891 consecuti
3605 848 3704 892 es-

2058 913 2154 993 tis,
2190 914 2522 975 socordiam
2558 922 2755 976 autem
2787 934 2854 977 ac
2903 933 3180 996 soporem
3213 917 3285 978 ad
3317 917 3509 980 ofﬁcia
3530 937 3706 981 exse-

2060 1002 2296 1084 quenda
2328 1004 2691 1079 excussistis,
2718 1023 2821 1066 vos
2844 1005 3208 1084 magniﬁcate
3230 1007 3549 1069 Dominum
3580 1027 3709 1071 me-

2060 1111 2198 1154 cum
2259 1093 2601 1171 Magniﬁcat
2657 1102 2851 1154 autem
2902 1092 3221 1157 Dominum
3268 1096 3341 1170 is,
3372 1098 3468 1177 qui
3501 1115 3711 1176 magna

2063 1190 2285 1257 mente,
2334 1191 2392 1244 et
2420 1183 2574 1245 elato
2630 1202 2698 1245 ac
2731 1189 2930 1246 erecto
2964 1184 3175 1264 spiritu
3212 1188 3569 1249 tentationes
3601 1206 3708 1267 pro

2062 1273 2282 1354 pietate
2304 1271 2813 1336 sustinet.Deinde
2840 1273 3153 1351 etiam,qui
3189 1293 3400 1355 magno
3424 1279 3620 1338 animo
3653 1285 3711 1339 et

2062 1363 2546 1444 profundissimis
2593 1362 3206 1443 contemplationibus
3267 1366 3710 1446 magnitudines

2061 1452 2391 1514 creationis.
2414 1452 2781 1526 considerat,
2810 1460 2876 1514 ut
2904 1470 2972 1513 ex
3026 1454 3438 1532 magnitudine
3468 1467 3709 1519 creatu-

2060 1560 2261 1605 rarum
2283 1550 2344 1605 et
2368 1541 2816 1623 pulchritudine
2832 1550 2995 1604 ortus
3013 1561 3216 1605 earum
3240 1553 3543 1609 auctorem
3569 1566 3711 1609 con-

328 1650 423 1725 γὸν
484 1643 605 1725 (71)
665 1647 834 1702 αὐτῶν
893 1642 1159 1719 θεωρήσῃ.
1218 1637 1382 1713 ’Ὂσῳ
1432 1639 1531 1717 γάρ
1561 1661 1641 1701 τις
1673 1638 1758 1695 ἐπὶ
1787 1638 1980 1696 πλεῖον

2077 1630 2890 1725 templeturLQuanto-enim
2936 1633 3070 1713 quis
3099 1632 3275 1696 altius
3308 1642 3583 1715 penetrat
3610 1655 3712 1699 ra-

330 1721 604 1812 έμϐοθύνει
662 1745 782 1797 τοῖς
841 1731 1025 1809 λόγοις
1082 1728 1200 1785 καθ’
1247 1731 1335 1791 οὒς
1397 1728 1681 1806 γεγένηται
1727 1729 1793 1783 τὰ
1826 1727 1981 1809 ὄντα,

2077 1722 2283 1801 tiones,
2314 1721 2533 1803 quibus
2558 1721 2795 1812 condita
2824 1729 2971 1812 sunt;
3000 1740 3065 1783 ac
3095 1731 3383 1812 reguntur
3412 1725 3710 1800 universa,

337 1810 417 1884 καὶ
477 1821 594 1881 καθ’
655 1824 741 1881 οὓς
804 1823 1188 1895 οἰκονομεῖται,
1248 1818 1484 1891 τοσούτῳ
1534 1816 1739 1893 μᾶλλον
1789 1820 1982 1895 θεωρεῖ

2077 1820 2227 1874 tanto
2262 1814 2446 1892 magis
2477 1811 2713 1874 Domini
2743 1810 3241 1889 magniﬁcentiam
3275 1813 3641 1893 speculatur,
3658 1821 3717 1876 et

328 1914 428 1980 τὴν
485 1909 951 1991 μεγαλοπρέπειαν
994 1917 1085 1965 τοῦ
1144 1906 1353 1985 Κυρίου,
1427 1908 1515 1961 καὶ
1581 1907 1643 1960 τὸ
1702 1903 1825 1961 ὅσον
1897 1904 1979 1984 ἐφ’

2077 1909 2354 1978 quantum
2379 1902 2438 1963 in
2472 1918 2535 1962 se
2568 1902 3009 1991 est,Dominum
3035 1901 3393 1991 magniﬁcat.
3422 1902 3713 1975 Quoniam

331 2003 521 2076 ἑαυτῷ,
574 1990 874 2079 μεγαλύνει
935 1998 1025 2054 τόν
1095 1996 1306 2069 Κύριον,
1364 1994 1516 2052 Ἐπεὶ
1573 1997 1661 2051 οὖν
1719 1995 1805 2057 εἷς
1861 2002 1980 2060 νοῦς

2077 1991 2245 2070 gitur
2274 2009 2389 2052 una
2421 1998 2682 2066 mens,et
2711 1990 2890 2052 unius
2914 1990 3018 2052 viri
3048 1990 3355 2053 meditatio
3378 2011 3454 2054 ne
3478 1993 3550 2054 ad
3586 1992 3714 2055 bre-

330 2095 416 2149 καὶ
475 2094 587 2158 ἐνὸς
640 2089 824 2167 ἂνδρὸς
888 2086 1112 2164 μελέτη,
1157 2084 1275 2142 οὐδὲ
1325 2086 1455 2163 πρὸς
1507 2086 1682 2164 βραχὺ
1729 2085 1982 2163 αὒταρκεῐ

2077 2099 2135 2141 ve
2163 2080 2405 2158 quidem
2440 2089 2679 2160 tempus
2710 2079 2931 2141 sufﬁcit
2959 2080 3029 2141 ad
3066 2082 3373 2160 magniﬁca
3407 2100 3589 2163 opera
3608 2082 3717 2144 Dei

331 2185 463 2261 πρὸς
496 2184 593 2249 τὴν
624 2181 729 2236 τῶν
763 2175 1062 2256 μεγαλείων
1119 2177 1214 2231 τοῦ
1244 2182 1377 2231 Θεοῦ
1406 2173 1743 2249 κατάληψιν,
1779 2176 1979 2237 πάντας

2077 2168 2633 2249 comprehendenda
2658 2186 2671 2230 :
2700 2186 2909 2230 omnes
2930 2168 3106 2230 simul
3135 2179 3475 2233 mansuetos
3504 2171 3579 2233 ad
3604 2172 3709 2233 hu-

335 2258 470 2348 ὁμοῦ
494 2271 615 2333 τοὺς
643 2281 833 2347 πραεῖς
890 2268 963 2329 εἰς
1018 2266 1113 2331 τὴν
1144 2264 1421 2320 κοινωνίαν
1455 2264 1651 2330 ταύτης
1695 2268 1794 2331 τῆς
1832 2264 1979 2341 ἐνερ-

2077 2260 2156 2335 ius
2192 2259 2444 2320 actionis
2476 2258 2822 2348 societatem
2851 2258 3122 2348 assumit.
3157 2258 3408 2340 Oportet
3432 2261 3592 2323 enim
3644 2261 3720 2323 ab

336 2346 483 2440 γείας
537 2346 965 2436 παραλαμϐάνει.
1034 2365 1129 2409 Δεῖ
1188 2354 1288 2431 γὰρ
1342 2360 1517 2409 πᾶσαν
1570 2353 1781 2430 σχολὴν
1833 2352 1982 2431 ἄγειν

2077 2348 2334 2411 externis
2356 2347 2712 2410 tumultibus
2736 2346 2981 2409 omnino
3018 2348 3154 2409 146
3197 2367 3425 2428 vacare,
3460 2359 3518 2412 et
3555 2349 3720 2413 omni

333 2437 438 2507 ἀπὸ
493 2448 724 2527 θορύϐων
753 2452 859 2502 τῶν
900 2444 1111 2517 ἔξωθεν,
1164 2444 1257 2498 καὶ
1298 2447 1475 2497 πᾶσαν
1522 2443 1755 2521 ἡσυχίαν
1806 2442 1858 2498 ἐν
1908 2448 1984 2517 τῷ

2077 2437 2267 2527 quiete
2290 2438 2351 2498 in
2375 2437 2732 2501 abscondito
2756 2438 2953 2499 cordis
2971 2456 3215 2501 recessu
3245 2444 3718 2517 constituta,tum

332 2526 565 2620 191:1:th
606 2538 705 2605 τῆς
749 2534 962 2613 καρδίας
1027 2531 1389 2610 βουλευτηρίῳ
1437 2532 1762 2605 ποιήσαντα,
1818 2530 1980 2596 οὕτως

2077 2526 2306 2587 demum
2342 2527 2603 2588 veritatis
2626 2526 3120 2607 contemplationi
3141 2528 3408 2590 animum
3431 2529 3721 2610 adjicere.

334 2615 644 2687 ἐπιϐάλλειν
686 2633 754 2705 τῇ
817 2626 1007 2703 θεωρίᾳ
1075 2629 1175 2690 τῆς
1253 2621 1527 2688 ἀληθείας,
1582 2619 1822 2685 Ἀκούεις
1891 2627 1982 2680 τοῦ

2077 2615 2253 2705 Audis
2284 2618 2670 2705 conﬁtentem
2711 2616 3196 2705 peccatum,quid
3219 2616 3391 2679 dicit?
3424 2616 3725 2682 Turbatus

333 2701 821 2797 ἐξομολογουμένου
892 2701 992 2782 τὴν
1068 2712 1351 2789 ἁμαρτίαν,
1413 2711 1463 2767 τί
1521 2732 1733 2790 φησιν;
1816 2712 1981 2769 Ἔτει-

2077 2713 2149 2767 est
2180 2704 2256 2766 ab
2286 2710 2381 2766 ira
2411 2704 2620 2767 oculus
2676 2721 2847 2767 meus
2875 2701 2950 2763 ³9.
2987 2706 3118 2767 Non
3151 2715 3348 2768 autem
3382 2706 3472 2768 ira
3502 2708 3719 2785 solum,

336 2810 511 2889 ράχθη
577 2795 682 2863 ἀπὸ
737 2809 905 2880 θυμοῦ
959 2805 986 2858 6
1051 2798 1322 2881 ὀφθαλμός
1396 2824 1521 2889 μου,
1584 2804 1655 2859 Οὐ
1714 2801 1873 2875 μόνον
1929 2798 1981 2855 δὲ

2077 2795 2707 2889 sed_concupiscentia
2759 2795 2937 2889 etiam
2991 2795 3387 2889 et_timiditas,
3415 2806 3471 2858 et
3500 2796 3725 2859 invidia

335 2884 524 2977 θυμὸς,
586 2894 722 2952 ἀλλὰ
778 2896 864 2949 καὶ
915 2892 1186 2967 ἐπιθυμία,
1249 2892 1335 2947 καὶ
1407 2887 1598 2962 δειλία,
1656 2892 1741 2946 καὶ
1794 2894 1983 2969 φθόνος

2077 2884 2304 2947 oculum
2338 2884 2555 2946 animaa
2580 2884 2935 2966 conturbat;
2974 2892 3031 2946 et
3062 2886 3121 2946 in
3152 2886 3518 2967 universum,
3551 2905 3724 2949 com-

337 2974 609 3068 ὀφθαλμὸν
647 2984 830 3063 ψυχῆς
878 2982 1230 3059 ἐκταράσσει⁶
1293 2980 1380 3035 καὶ
1428 2978 1753 3068 ἀπαξαπλῷς
1815 2982 1984 3036 πάντα

2077 2974 2368 3037 motiones
2401 2993 2612 3036 omnes
2637 2974 2827 3037 aciem
2863 2974 3047 3035 animi
3078 2983 3251 3055 atque
3300 2977 3727 3057 perspicacita-

333 3062 399 3136 ea;
443 3077 586 3143 πάθη
647 3062 945 3153 συγχυτικα
988 3072 1076 3127 καὶ
1127 3070 1483 3148 ἐκταρακτικὰ
1534 3068 1627 3124 τοῦ
1686 3067 1984 3147 διορατικοῠ

2077 3071 2192 3125 tem
2218 3064 2592 3126 confundunt
2621 3082 2689 3127 ac
2725 3063 3101 3145 perturbant.
3126 3062 3200 3125 Et
3220 3065 3725 3146 quemadmodum

334 3174 432 3236 τῆς
491 3170 677 3245 ψυχῆς
735 3163 870 3222 ἐστι.
949 3163 1045 3218 Καὶ
1125 3162 1197 3223 ὡς
1259 3160 1319 3215 οὒ
1371 3156 1589 3216 δυνατὸν
1638 3158 1984 3235 τεθολωμὲνῳ

2077 3154 2357 3245 βενὶᾃηοη
2385 3160 2581 3245 potest
2602 3160 2676 3245 ut
2698 3161 2998 3245 accurate,
3033 3153 3206 3216 oculo
3234 3154 3481 3245 turbato
3514 3154 3730 3245 depref

342 3242 820 3337 hepﬁuAptiiﬁxpﬁﬁ
862 3247 1049 3351 λαϐεῖν
1100 3255 1199 3304 τῶν
1238 3251 1447 3351 ἑρατὸἶν
1496 3250 1594 3316 τὴν
1651 3247 1984 3351 κατάληψιν,

2077 3243 2415 3345 hendantur
2445 3242 2702 3351 visibiliIa
2727 3260 2758 3346 τ’
2801 3243 2887 3305 sic
2918 3246 3099 3345 etiam
3135 3242 3367 3351 turbato
3408 3245 3611 3321 corde,
3655 3244 3731 3307 ad

340 3332 502 3411 oiitw;
547 3342 661 3403 οὒδὲ
702 3332 1053 3416 τεθολωμένῃ
1129 3335 1315 3417 καρδίᾳ
1370 3338 1439 3414 τῇ
1493 3339 1816 3408 κατανοήσει
1892 3344 1984 3406 τῆς

2077 3333 2344 3396 veritatis
2376 3333 2941 3415 contemplationem
2972 3332 3325 3397 incumbere
3357 3353 3475 3397 non
3507 3354 3718 3416 possu-

340 3436 586 3505 ἀληθείας
640 3430 939 3490 ἐπιϐαλεῖν.
996 3427 1380 3508 Ἀναχωρῆσαι
1440 3430 1528 3484 οὗν
1587 3426 1672 3485 δεῖ
1742 3431 1847 3485 τῶν
1897 3435 1984 3485 τοῦ

2077 3440 2229 3484 mus.
2282 3422 2583 3485 Secedere
2614 3422 2793 3501 igitur
2845 3429 3084 3503 oportet
3130 3441 3165 3485 a
3196 3424 3401 3486 mundi
3430 3425 3634 3505 rebus,
3669 3433 3728 3487 et

337 3527 539 3603 κόσμου
588 3521 938 3604 πραγμάτων,
1005 3519 1093 3575 καὶ
1153 3517 1291 3593 μὴτε
1346 3514 1414 3572 δι’
1478 3516 1791 3597 ὀφθαλμῶν,
1850 3520 1989 3593 μήτε

338 3616 405 3674 δι’
466 3614 643 3687 ὤτων,
708 3612 845 3686 μήτε
887 3608 952 3665 δι’
999 3607 1168 3675 ἄλλης
1198 3607 1342 3668 τινὸς
1365 3605 1658 3673 αἰσθήσεως
1684 3607 1988 3686 ἐπεισάγειν

340 3706 646 3785 ἀλλοτρίους
677 3701 968 3781 λογισμοὺς
1021 3705 1091 3775 τῇ
1146 3703 1322 3777 ψυχῇ.
1381 3694 1625 3776 Θορύόων
1656 3698 1755 3777 γὰρ
1790 3698 1989 3775 ἀσιγή-

341 3818 445 3855 των
504 3796 591 3852 καὶ
643 3792 880 3849 στάσεων
943 3788 1313 3846 ἆδιαλλάκτων
1372 3785 1761 3862 ἀναπιμπλῶσι
1807 3788 1871 3843 τὰ
1913 3785 1993 3844 ἔν-

340 3886 429 3945 δον
483 3888 529 3944 οἱ
575 3893 668 3943 τοῦ
700 3882 1042 3963 φρονήματος
1076 3883 1173 3946 τῆς
1204 3878 1401 3956 σαρκὸς
1441 3875 1852 3953 ἐπανιστάμενοι
1882 3880 1990 3934 πό-

342 3977 518 4053 λεμοι,
577 3973 907 4045 Ἐξεζήτησα
964 3972 1056 4026 τὸν
1118 3969 1326 4047 Κύριον,
1387 3969 1473 4024 καὶ
1530 3966 1796 4037 ἐπήκουσέ
1857 3989 1986 4043 μου.

341 4074 540 4140 Ταῦτα,
598 4066 780 4143 φησὶν,
839 4060 1218 4116 ἀκουσάτωσαν
1260 4059 1305 4113 οἱ
1364 4070 1581 4137 πραεῖς,
1642 4056 1723 4114 ὅτι
1775 4057 1885 4135 ἐγὼ
1935 4057 1990 4113 ἐν

340 4157 419 4218 τῶ
447 4160 615 4231 καιρῷ
645 4151 827 4222 ἐκείνῳ
854 4156 931 4224 τῷ
961 4147 1211 4229 χαλεπῷ,
1247 4147 1335 4204 ὅτε
1387 4153 1489 4213 πᾶς
1537 4146 1635 4222 μὲν
1678 4149 1843 4223 θυμὸς
1884 4153 1991 4204 τῶν

345 4240 814 4322 μνησικακούντων
874 4238 1107 4294 ἐκινεῖτο
1159 4235 1284 4315 (72)
1349 4235 1475 4293 κατ’
1529 4235 1683 4316 ἐμοῦ,
1744 4243 1891 4294 πᾶσα
1936 4235 1991 4293 δὲ

344 4335 467 4416 χεὶρ
508 4330 594 4388 ἐπ’
645 4329 741 4405 ἐμὲ
797 4325 1084 4416 ὡπλίζετο,
1144 4326 1353 4416 γυμνὸς,
1398 4324 1452 4381 δὲ
1495 4324 1604 4403 ἐγὼ
1655 4325 1993 4416 καὶᾼᾶοπλος

2072 3530 2272 3589 neque
2294 3530 2403 3592 per
2419 3512 2853 3593 oculos,neque
2873 3530 2979 3593 per
2990 3530 3395 3594 aures,neque
3418 3533 3527 3595 per
3544 3515 3723 3576 alium

2072 3603 2263 3665 ullum
2296 3620 2541 3665 sensum
2572 3603 2963 3683 cogitationes
2985 3604 3209 3666 alienas
3248 3604 3309 3666 in
3339 3604 3599 3667 animam
3628 3604 3725 3664 in-

2075 3690 2565 3764 troducere.Quae
2586 3691 2746 3753 enim
2775 3709 2843 3753 ex
2868 3693 3069 3756 carnis
3093 3692 3353 3755 elatione
3374 3694 3729 3756 exoriuntur

2075 3780 2625 3857 bella,tumultibus
2648 3782 2947 3845 continuis
2980 3791 3037 3845 et
3068 3782 3548 3863 implacabilibus
3573 3782 3728 3844 sedi-

2075 3869 2337 3933 tionibus
2366 3870 2653 3934 interiora
2686 3872 3012 3953 complent.
3050 3875 3258 3947 (Vatis.
3281 3874 3369 3955 5.)
3398 3874 3731 3956 Exquisivi

2078 3961 2430 4034 Dominum,
2466 3968 2524 4024 et
2546 3962 2868 4024 exaudivit
2890 3982 3003 4026 me.
3038 3965 3204 4045 Haec,
3236 3964 3449 4045 inquit,
3481 3962 3732 4029 audiant

2078 4050 2556 4132 mansueti,quod
2581 4070 2689 4131 ego
2714 4050 2937 4113 diﬁicili
2963 4051 3063 4114 illo
3088 4060 3358 4134 temqore
3377 4072 3514 4115 cum
3533 4054 3734 4118 omnis

2076 4140 2459 4203 inimicorum
2512 4142 2601 4203 ira
2653 4150 2994 4204 moveretur
3024 4150 3230 4205 contra
3272 4162 3391 4219 me,
3420 4144 3733 4225 omnisque

2078 4248 2287 4294 manus
2311 4230 2595 4294 adversus
2628 4249 2725 4292 me
2750 4240 3102 4310 armaretur,
3141 4251 3249 4313 ego
3283 4251 3418 4296 vero
3450 4233 3646 4297 nudus
3678 4242 3737 4297 et

2077 4320 2328 4383 inermis
2351 4320 2425 4382 ad
2448 4338 2627 4383 omne
2648 4320 3005 4402 supplicium
3052 4323 3473 4403 perferendum
3501 4325 3737 4405 exposi-

346 4409 562 4500 ἕτοιμος
622 4421 694 4483 εἷς
742 4423 915 4474 πᾶσαν
960 4414 1133 4471 αἰκίαν
1186 4412 1467 4490 εξεκείμην
1515 4428 1638 4477 τοῖς
1687 4414 1984 4491 πολεμίοις¹

2080 4421 2174 4472 tus
2204 4409 2477 4472 hostibus
2508 4428 2733 4492 essem,
2766 4430 2885 4472 non
2913 4419 3113 4473 tamen
3138 4421 3275 4474 tunc
3299 4413 3584 4476 confusus
3603 4432 3735 4476 sum

348 4536 469 4573 τοτε
501 4514 560 4570 οὒ
618 4506 914 4589 συνεχύθην
960 4508 1078 4570 τούς
1134 4501 1511 4581 διαλογισμοὺς
1565 4510 1642 4579 τῷ
1685 4502 1854 4584 φόϐῳ,
1903 4507 1984 4563 οὖν

2080 4506 2281 4563 animo
2313 4517 2434 4580 praa
2457 4500 2826 4581 timore,non
2861 4518 2994 4564 sum
3026 4519 3059 4563 a
3087 4501 3192 4566 Dei
3224 4503 3588 4583 cogitatione
3608 4523 3740 4567 avo-

347 4602 690 4684 ἒξεκρούσθην
747 4598 807 4655 ἐκ
864 4594 961 4664 τῆς
1004 4602 1098 4652 τοῦ
1151 4592 1569 4684 ρεᾴοὖΔ-ἒννοίας,
1629 4597 1725 4653 οὐκ
1754 4593 1984 4684 ἀπέγνω,

2083 4597 2403 4663 catus,non
2428 4589 2681 4652 salutem
2717 4608 2907 4651 meam
2943 4591 3394 4673 desperavi,sed
3427 4594 3738 4674 exquisivi

349 4669 707 4769 ciig'kpuutoﬁ
761 4685 1052 4765 σωτηρίας,
1114 4681 1237 4740 ἀλλ’
1288 4681 1580 4754 ἐξεζήτησα
1623 4685 1715 4741 τὸν
1781 4669 1984 4764 Κύριον⁴

2091 4677 2591 4769 DominumNon
2620 4679 2865 4761 quaesivi
2896 4669 3089 4742 solum
3115 4669 3376 4761 simplici
3399 4669 3655 4760 quadam
3683 4690 3741 4744 et

356 4767 514 4865 06le
546 4782 779 4853 ἐζήτησα
824 4777 983 4854 μόνον
1042 4773 1226 4865 ἁπλῆν
1279 4794 1397 4830 τινα
1441 4774 1530 4865 καὶ
1579 4774 1839 4855 χρονικὴν
1872 4776 1984 4865 προι

2085 4769 2450 4865 temporaria
2472 4768 2534 4831 in
2565 4767 2881 4865 Dominum
2913 4787 3043 4865 spe,
3078 4769 3182 4830 sed
3218 4770 3550 4865 exquisivi._
3577 4772 3736 4865 itte:

350 4861 661 4952 τὸν-*Κύριον
685 4865 893 4943 ἐλπίδα,
927 4864 1046 4922 ἀλλ’
1082 4864 1399 4935 ὲξεζήτησα.
1436 4862 1635 4921 Πλεϊον
1668 4865 1766 4944 γάρ
1794 4885 1844 4920 τι
1877 4861 1999 4945 (73)

351 4965 512 5035 δηλοῖ
554 4960 696 5039 παρὰ
755 4958 816 5013 τὸ
870 4960 1101 5027 ζητῆσαι
1145 4956 1180 5023 ἡ
1244 4952 1472 5034 ἔμφασις
1532 4961 1625 5012 τοῦ
1684 4954 1997 5035 ἐκζητῆσαι,

355 5059 426 5123 ὣς
471 5053 556 5111 καὶ
610 5050 754 5127 παρὰ
805 5046 902 5114 τὴν
957 5046 1168 5124 ἔρευναν
1240 5045 1273 5112 ἠ
1319 5043 1672 5123 ἐξερεύνησις.
1722 5042 1997 5109 Ἐξέλιπον

352 5146 452 5225 γὰρ
532 5140 900 5219 ἐξερευνῶντες
937 5132 1364 5225 --ἐξερευνῆσειᾳ
1437 5132 1651 5201 Πολλὴν
1730 5135 1820 5225 οὖν
1878 5155 1997 5225 τινα

351 5219 563 5316 ἀχρλὴν
617 5228 706 5285 καὶ
761 5221 1043 5303 ἀταραξίαν
1096 5224 1125 5279 ὁ
1169 5219 1329 5300 λόγος
1397 5225 1685 5302 παρίστησι
1744 5220 1829 5279 διὰ
1899 5223 1997 5292 τῆς

356 5322 721 5397 ὶχζητήσεως.

438 5484 501 5535 ευ
530 5480 687 5545 Psal.
720 5494 804 5550 v1,
838 5481 900 5539 8.
986 5475 1051 5526 30
1079 5477 1238 5540 Psal.
1270 5491 1440 5551 unt,
1474 5475 1536 5539 '7.

443 5642 575 5802 (7οζ
600 5638 697 5702 Sic
721 5637 889 5699 multi
922 5654 1066 5727 mss.
1100 5636 1178 5730 At
1206 5636 1351 5705 editi
1382 5637 1811 5728 ἐμπαροιστρών.

446 5726 537 5802 (Ἠ
581 5722 801 5786 Nostra
822 5716 1005 5779 editio
1016 5717 1532 5802 Paris.0pe_rarum
1556 5724 1811 5802 oscitant

446 5726 801 5810 (71)Nostra
822 5726 1005 5779 editio
1019 5726 1532 5810 Paris.ope_rarum
1556 5726 1873 5811 oscitantis

362 5802 671 5886 νεσιουργόν
701 5815 808 5881 pro
838 5801 1228 5886 γενεσιουργόν,
1251 5808 1344 5886 uit
1366 5816 1435 5886 tt}
1463 5815 1609 5861 mss.
1643 5799 1879 5877 legitur.

365 5893 467 5954 tim
498 5877 646 5965 B'e'g.
682 5877 983 5944 secundus
1004 5887 1252 5938 τοσοῦτον
1288 5878 1516 5954 μᾶλλον,

581 5722 801 5786 Nostra
822 5716 1005 5779 editio
1016 5717 1532 5799 Paris.operarum
1556 5716 1873 5780 oscitantis
1886 5738 2007 5861 giv-

581 5802 671 5861 γόν
701 5815 808 5861 pro
838 5801 1228 5861 γενεσιουργόν.
1251 5797 1340 5861 uti
1371 5798 1435 5859 in
1463 5815 1609 5861 mss.
1643 5798 1879 5861 lezitur.
1930 5804 2007 5860 ta-

2086 4860 2207 4922 nim
2257 4859 2561 4940 emphasis
2591 4857 2760 4922 verbi
2790 4863 3113 4939 acquirere
3170 4859 3425 4939 amplius
3454 4858 3736 4941 quiddam

2085 4949 2400 5031 signiﬁcat,
2433 4966 2608 5030 quam
2641 4947 2888 5012 verbum
2917 4948 3735 5030 quaerere,quemadmodum

2084 5040 2260 5103 etiam
2296 5040 2692 5120 perscrutatio
2730 5038 2866 5120 plus
2891 5038 3037 5103 dicit
3068 5057 3246 5121 quam
3274 5040 3582 5103 scrutatio.
3611 5040 3736 5103 De-

2076 5134 2355 5208 feecrunt
2405 5132 2567 5192 enim
2619 5136 3070 5210 perscmtantes
3114 5128 3734 5212 perscrutationes'”.

2082 5219 2333 5284 Multum
2363 5219 2543 5301 igitur
2602 5218 2708 5281 otii
2763 5238 2834 5282 ac
2895 5219 3343 5300 tranquillitatis
3370 5220 3614 5285 exhibet
3642 5221 3739 5284 hic

2081 5328 2281 5375 sermo
2316 5326 2424 5390 per
2442 5308 2603 5372 illam
2638 5309 3125 5390 exquisitionem.

2173 5635 2305 5717 (72)
2333 5634 2478 5717 Reg.
2514 5636 2724 5717 tertius
2752 5633 3047 5717 ἐκεκίνητο,
3093 5637 3224 5697 Mox
3255 5632 3652 5717 Reg.gtertius
3678 5638 3739 5695 in

2090 5714 2372 5808 comest!
2399 5715 2720 5808 mmsis)“:
2755 5714 2818 5777 ίη
2845 5716 3132 5808 emine
3164 5733 3303 5808 νθιερ
3331 5715 3735 5808 διαλογιςμούς·

2167 5796 2295 5877 (73)
2329 5796 2417 5859 lta
2458 5793 2628 5855 multi
2664 5811 2808 5877 mss.
2845 5793 3047 5860 Editio
3076 5813 3219 5859 vero
3248 5794 3436 5859 Paris.
3484 5796 3585 5873 γάρ
3628 5818 3738 5859 τοι.

2096 5874 2309 5941 Statim
2339 5876 2488 5954 Reg.
2522 5874 2825 5939 secundus
2856 5877 3149 5943 ἐξέλειπον.
