4138 6402
365 314 477 381 561

1467 312 1788 383 HOMILIA
1832 311 1915 379 IN
1956 310 2325 380 PSALMUM
2370 318 2649 382 XXXIII.

3628 315 3752 385 562

364 450 489 531 τέρα
545 459 637 511 106
658 451 877 517 σκότους
909 451 996 508 καὶ
1021 459 1115 510 106
1154 455 1315 533 πυρὸς
1348 460 1441 511 τοῦ
1475 453 1686 511 αἰωνίου
1714 454 1748 520 ἡ
1781 451 1992 532 αἰσχύνη

2096 446 2220 513 brae
2251 460 2309 513 et
2338 453 2495 533 ignis
2519 460 2780 517 aeternus
2792 470 2927 516 cum
2950 452 3199 534 vestigia
3221 453 3472 516 admissi
3487 454 3547 516 in
3562 470 3746 519 carne

364 541 531 622 ἐστὶν,
691 541 948 617 μέλλουσι
1009 542 1418 615 συνδιαιωνίζειν
1449 543 1496 601 οἱ
1539 544 1873 621 ἁμαρτωλοὶ,
1931 540 2012 598 ἀεὶ

362 633 417 687 ἒν
497 631 794 709 ὀφθαλμοῖς
866 630 1084 712 ἔχοντες
1129 633 1195 689 τὰ
1250 632 1389 713 ῗχντ,
1425 639 1525 700 τῆς
1558 632 1613 687 ὲν
1646 634 1799 710 σαρκὶ
1831 633 2011 707 ἁμαρ·-

362 722 497 784 τίαςε
561 721 718 777 οἱονεί
778 743 914 784 τινος
952 722 1126 801 βαφῆς
1166 721 1513 798 ἆνεκπλύτου,
1574 727 1642 798 τῇ
1671 722 1860 797 μνήμῃ
1909 724 2009 787 τῆς

361 812 543 893 ψυχῆς
603 818 775 873 αὐτῶν
805 816 876 878 εἰς
909 817 970 871 τὸ
1033 813 1273 882 διηνεκὲς
1334 814 1728 893 παραμένοντα.
1781 812 2009 890 Ὀλίγων

359 903 414 963 δέ
469 905 579 962 ἐστι
612 909 673 963 τὸ
744 906 1056 985 προσελθεῖν
1094 913 1171 981 τῷ
1200 910 1333 988 φωτὶ
1363 914 1439 982 τῷ
1462 907 1721 985 ἀληθινῷ,
1755 906 1840 963 καὶ
1865 905 2007 961 ἀπο-

358 994 624 1076 καλύψαι,
660 996 746 1053 καὶ
778 996 913 1071 μετὰ
937 996 1038 1065 τὴν
1090 996 1428 1074 ἀποκάλυψιν
1472 997 1579 1054 τῶν
1611 1000 1880 1076 κρυπτῶν,
1931 996 2008 1071 μὴ

2098 541 2321 619 peccati
2378 544 2440 604 in
2463 543 2708 605 modum
2736 542 3075 605 indelebilis
3105 542 3421 622 cujusdam
3464 548 3743 610 tinctura;

2094 646 2336 709 semper
2366 632 2484 694 sint
2517 631 2776 694 habituri
2825 631 2901 694 ob
2936 633 3162 695 oculos:
3196 648 3330 713 quae
3360 640 3648 714 perpetuo
3677 634 3742 697 in

2095 718 2311 785 animae
2342 739 2547 785 eorum
2588 723 2876 787 memoria
2906 740 3294 804 permensum
3312 731 3472 786 sunt.
3506 720 3741 786 Pauco-

2094 825 2226 869 rum
2257 818 2456 873 antem
2490 820 2580 875 est
2598 812 2887 875 accedere
2907 812 2981 873 ad
3011 828 3210 874 veram
3230 811 3453 894 lucem,
3479 830 3547 875 ac
3566 831 3741 877 reve-

2092 896 2239 978 lare,
2285 908 2345 961 et
2377 910 2510 982 post
2559 901 2928 965 occultorum
2960 902 3393 964 revelationem
3432 902 3586 966 facie
3617 921 3738 967 non

2090 988 2341 1051 confusa
2359 990 2550 1055 abire.

358 1083 609 1145 ἀπελθεῖν
635 1086 1013 1167 αἰσχυνθέντας
1046 1088 1111 1145 τὰ
1142 1087 1425 1167 πρόσωπα.

439 1174 497 1235 5.
534 1176 697 1239 Οὗτος
731 1178 758 1231 6
829 1178 1053 1255 πτωχὸς
1087 1174 1357 1254 ἐκέκραξε,
1411 1179 1500 1233 καὶ
1555 1178 1583 1233 6
1646 1175 1830 1253 Κύριος
1887 1175 1992 1229 εἰσ-

2165 1167 2225 1231 5.
2262 1170 2444 1234 Van.
2474 1172 2535 1235 7.
2585 1172 2702 1234 Hie
2725 1187 2967 1253 pauper
2995 1173 3306 1247 clamavit,
3351 1180 3410 1235 et
3439 1174 3737 1239 Dominus

357 1266 586 1332 ἤκουσεν
642 1264 823 1326 αὐτοῦ.
897 1266 1004 1323 Οὒκ
1052 1266 1131 1321 ἀεὶ
1172 1265 1422 1334 ἐπαινετὴ
1471 1268 1504 1334 ἡ
1552 1266 1819 1345 πτωχεία,
1881 1261 1992 1318 ἀλλ1

2084 1258 2404 1323 exaudivit
2426 1277 2581 1326 eum.
2608 1262 2741 1324 Non
2759 1279 3001 1343 semper
3026 1260 3337 1324 laudabilis
3358 1269 3449 1324 est
3470 1281 3735 1345 pauper-

354 1357 389 1422 ἡ
435 1355 494 1410 ἑκ
551 1357 907 1433 προαιρέσεως
939 1357 1072 1412 κατᾶ
1096 1361 1187 1412 τὸν
1219 1355 1561 1435 εύαγγελικὸν
1597 1356 1796 1412 σκοπὸν
1862 1376 1992 1409 γατ-

2084 1348 2309 1426 tas,sed
2343 1368 2477 1430 quae
2488 1350 2659 1431 juxta
2688 1351 3094 1429 evangelicum
3116 1350 3431 1416 consilium
3454 1369 3527 1416 ex
3548 1353 3739 1417 libera

356 1444 669 1523 ορθουμὲνη.
734 1444 928 1502 Πολλοὶ
983 1446 1083 1524 γὰρ
1138 1448 1349 1525 πτωχοὶ
1401 1446 1499 1519 μὲν
1568 1452 1637 1522 τῇ
1692 1443 1992 1523 περιουσίᾳ,

2081 1435 2378 1525 voluntate
2404 1439 3042 1523 perﬁcitur.Siquidem
3059 1443 3231 1503 multi
3252 1448 3724 1523 suntpauperes,

353 1535 865 1592 πλεονεκτικώτατοι
925 1533 979 1590 δὲ
1037 1542 1105 1610 τῇ
1159 1535 1459 1614 προαιρέσει
1490 1535 1865 1615 τυγχάνουσινο
1910 1532 1992 1595 οὕς

2082 1523 2388 1590 facultates
2410 1530 2461 1590 si
2482 1538 2716 1611 Spectes
2747 1549 2761 1594 :
2796 1538 2853 1592 at
2876 1531 3178 1612 proposito
3210 1531 3542 1594 avarissimi
3569 1541 3730 1610 sunt,

353 1624 453 1702 οὐχ
500 1627 534 1693 ἡ
594 1623 761 1683 ἔνδεια
796 1625 975 1703 σώζει,
1047 1622 1167 1680 ἀλλ’
1236 1626 1270 1692 ἡ
1303 1624 1607 1703 προαίρεσις
1664 1621 1992 1699 κατακρίνει,

2083 1632 2233 1703 quos
2257 1636 2377 1678 non
2409 1619 2596 1681 salvat
2654 1620 3010 1699 indigentia,
3050 1620 3155 1683 sed
3180 1619 3550 1701 pr0positum
3581 1641 3734 1685 con-

353 1717 425 1771 Ού
484 1714 652 1772 τοίνυν
696 1717 722 1769 ὁ
782 1711 960 1781 ἐνδεὴς
991 1715 1205 1777 πάντως
1230 1702 1580 1791 μακαριστὸς,
1620 1711 1740 1768 ἀλλ’
1776 1714 1803 1768 6
1826 1713 1992 1789 κρείτ-

2083 1702 2485 1793 demnat.Non
2512 1708 2691 1788 igitur
2714 1710 2817 1791 qui
2841 1716 2997 1790 eget,
3030 1710 3314 1770 continuo
3348 1710 3556 1774 beatus
3587 1730 3735 1793 prae-

351 1825 478 1859 τονα
506 1803 853 1881 ηγησάμενος
881 1808 987 1859 τῶν
1042 1810 1135 1859 106
1164 1804 1369 1877 κόσμου
1418 1807 1692 1881 θησαυρῶν
1750 1803 1851 1868 τὴν
1900 1801 1992 1857 ἐν-

2084 1792 2375 1857 dicandus
2408 1799 2634 1874 est,sed
2658 1799 2760 1879 qui
2780 1798 2997 1862 Christi
3017 1798 3357 1860 mandatum
3378 1792 3735 1866 mundithe—

349 1890 514 1959 τιιλὴν
572 1898 664 1949 106
718 1899 960 1970 Χριστοῦ.
1016 1893 1242 1956 Τούτους
1303 1894 1389 1949 καὶ
1423 1895 1450 1948 6
1483 1893 1666 1969 Κύριος
1721 1892 1992 1969 μακαρίζει

2080 1884 2272 1945 sauris
2304 1887 2612 1967 antiquius
2640 1886 2841 1952 habet.
2876 1887 3000 1951 Hos
3025 1894 3083 1949 et
3105 1888 3396 1952 Dominus
3419 1888 3629 1953 beatos
3647 1892 3735 1953 di-

348 1979 540 2058 λέγων⁶
602 1983 862 2059 Μακάριοι
935 1982 982 2036 οἰ
1050 1983 1263 2060 πτωχοὶ
1319 1989 1397 2055 τῷ
1454 1982 1736 2056 πνεύματι·
1786 1984 1889 2060 οὐχ
1947 1984 1992 2036 οἱ

2080 1970 2181 2061 cit,
2207 1971 2623 2038 dicenszBeati
2641 1994 2942 2057 pauperes
2967 1978 3193 2058 spiritu
3213 1974 3415 2059 ‘3;non
3438 1980 3732 2061 qui,quod

349 2071 574 2138 πένητες
625 2072 760 2127 κατὰ
818 2071 914 2139 τὴν
972 2072 1297 2150 περιουσίαν,
1341 2070 1461 2127 ἀλλ’
1514 2072 1687 2137 οἱτὴν
1717 2071 1992 2150 πτωχείαν

2080 2060 2151 2121 ad
2182 2060 2497 2126 facultates
2527 2068 2761 2142 attinet,
2798 2085 3090 2147 pauperes
3119 2075 3277 2148 sunt,
3313 2067 3419 2131 sed
3448 2071 3549 2149 qui
3579 2060 3730 2151 pau—

348 2160 408 2217 ὲκ
465 2159 578 2231 (79)
624 2164 807 2238 ψυχῆς
867 2158 1239 2239 προελόμενοι.
1268 2158 1428 2219 Οὐδὲν
1457 2160 1555 2238 γὰρ
1586 2166 1693 2216 τῶν
1716 2159 1992 2238 ἀπροαιρέ-

2080 2157 2372 2239 pertatem
2401 2172 2471 2215 ex
2490 2156 2693 2217 animo
2725 2155 3401 2237 selegerunt.Quidquid
3434 2159 3592 2220 enim
3621 2179 3727 2223 vo-

346 2272 453 2306 των
483 2237 832 2323 μακαριστόν.
897 2237 1040 2304 Διότι
1087 2255 1231 2304 πᾶσα
1268 2248 1460 2329 ἀρετὴ,
1494 2248 1728 2324 μάλιστα
1756 2246 1812 2304 δὲ
1856 2237 1992 2316 αὕτη

2080 2237 2401 2329 luntarium
2437 2262 2562 2305 non
2610 2244 2969 2320 est,beatum
3015 2246 3129 2308 dici
3161 2265 3279 2308 non
3301 2256 3562 2328 oportet.
3583 2249 3730 2314 Nam

350 2339 450 2414 πρὸ
508 2337 745 2416 πάντων,
778 2338 856 2411 τῷ
902 2335 1033 2416 (80)
1063 2338 1283 2411 ἑκουσίῳ
1319 2340 1790 2417 χαρακτηρίζεται.
1824 2344 1992 2401 Ούτος

2080 2328 2263 2417 virtus
2295 2331 2511 2408 omnis,
2540 2340 2599 2394 et
2630 2334 2756 2395 haec
2790 2335 3070 2416 maxime,
3104 2336 3166 2397 in
3197 2336 3406 2416 primis
3428 2337 3615 2401 libero
3641 2359 3733 2404 ar-

348 2426 457 2506 o6v,
532 2414 776 2507 φησὶν,ο
830 2414 1052 2506 πτωχὸς
1098 2414 1368 2505 ἒκέιιραξεν,
1402 2414 1408 2416 ﬁ
1446 2432 1523 2503 Τῇ
1555 2414 1793 2503 δεικτικῇ
1844 2432 1992 2506 φωνῇ

2080 2414 2261 2479 bitrio
2306 2438 2414 2481 ceu
2451 2422 2796 2513 charactere
2824 2414 3728 2513 insignitur.Hicigitur,inquit,

345 2518 432 2574 επὶ
478 2518 568 2572 τὸν
640 2516 991 2596 πτωχεύοντα
1054 2518 1191 2573 κατὰ
1221 2518 1375 2596 Θεὸν,
1411 2518 1499 2572 καὶ
1556 2522 1852 2597 πεινῶντα,
1904 2518 1992 2573 καὶ

2080 2512 3351 2601 pauperclamavit.Demonstrativavocead
3376 2536 3727 2601 pauperem,

346 2606 603 2682 διψῶντα,
637 2607 724 2663 καὶ
772 2606 1197 2684 γυμνητεύοντα,
1259 2606 1359 2674 τὴν
1412 2603 1647 2662 διάνοιάν
1702 2628 1797 2662 σου
1852 2627 1991 2683 προ-

2080 2603 2137 2657 ει
2165 2597 2558 2674 esurientem,
2595 2609 2652 2662 et
2682 2601 3009 2678 sitientem,
3045 2613 3103 2666 et
3136 2597 3727 2675 nudum’sec'undum

345 2696 615 2754 καλεῖται’
709 2695 872 2758 Οὗτος
928 2698 955 2752 6
1040 2701 1290 2775 πτωχὸς,
1384 2696 1674 2775 μονονουχὶ
1754 2693 1992 2769 δακτύλῳ

2080 2687 2292 2779 Deum,
2305 2688 2597 2779 protrahit
2618 2698 2880 2753 mentem
2907 2699 3084 2754 tuam:
3104 2695 3214 2755 Hic
3229 2712 3489 2779 pauper,
3499 2705 3727 2764 tantum

345 2785 567 2850 δεικνύς·
632 2784 797 2848 Οὗτος
857 2788 884 2841 6
939 2785 1185 2860 μαθητὴς
1246 2792 1492 2865 Χριστοῦ.
1532 2786 1761 2844 Δυνατὸν
1806 2788 1892 2843 καὶ
1923 2787 1992 2851 εἰς

2082 2794 2199 2837 non
2226 2776 2411 2869 digito
2428 2779 2759 2869 ostendens
2789 2801 2804 2841 :
2850 2780 2960 2843 Hic
2982 2780 3203 2845 Christi
3238 2776 3584 2869 discipulus.
3619 2787 3731 2854 Po-

348 2877 572 2955 Χριστὸν
635 2875 816 2940 ἁνάξαι
875 2876 966 2932 τὸν
1006 2874 1166 2953 λόγον
1201 2874 1350 2956 (81),
1390 2873 1469 2956 ὅς,
1532 2874 1783 2941 πλούσιος
1826 2875 1900 2932 ὥν
1928 2882 1992 2952 τῇ

2080 2874 2193 2956 test
2225 2878 2285 2927 et
2311 2868 2384 2928 ad
2418 2865 2719 2931 Christum
2748 2870 2848 2932 hic
2878 2888 3073 2933 sermo
3103 2873 3336 2955 referri,
3370 2865 3473 2956 qui
3517 2887 3727 2943 natura

344 2967 518 3045 φύσει,
574 2963 706 3021 διότι
766 2966 938 3021 πάντα
986 2967 1051 3024 τὰ
1103 2973 1198 3024 τοῦ
1258 2967 1461 3044 [Ιατρὸς
1518 2965 1670 3022 αὐτοῦ
1726 2967 1864 3039 ἔστι,
1926 2957 1992 3020 δι’

2081 2954 2249 3045 dives
2278 2975 2412 3018 cum
2447 2966 2626 3039 esset,
2654 2970 2972 3040 propterea
3002 2962 3160 3042 quod
3195 2954 3405 3028 omnia
3425 2966 3582 3031 bona
3611 2968 3729 3033 Pa-

343 3026 518 3131 iipﬁq’
556 3055 919 3135 ἐπτώχευσεν,
981 3055 1072 3111 ’ἵνα
1132 3057 1297 3131 ἡμεῖς
1493 3056 1692 3113 ἐκείνου
1750 3026 1992 3136 πτώχείᾳ

2081 3043 2188 3105 tris
2212 3044 2402 3140 ipsius
2423 3055 2583 3124 sunt,
2612 3026 2625 3039 ’
2639 3026 2885 3140 propter
2916 3026 3037 3112 nos.
3056 3070 3285 3140 panper
3308 3026 3637 3140 factus—est,
3656 3026 3730 3122 ut

345 3134 759 3220 πλουτήσωμεν.
792 3143 998 3225 Σχεδὸν
1039 3146 1139 3225 γὰρ
1178 3147 1376 3210 παντὸς
1410 3144 1562 3225 ἔργου
1587 3155 1679 3204 106
1721 3134 1992 3226 προάγον-

2080 3152 2188 3195 nos
2217 3134 2378 3226 illius
2404 3145 2753 3217 paupertate
2774 3138 3205 3202 ditesceremus
3226 3139 3300 3206 4‘.
3324 3141 3555 3207 Etenim
3591 3134 3726 3210 0-m-

347 3257 433 3297 τος
506 3234 593 3291 ἐπὶ
621 3235 713 3290 τὸν
768 3224 1119 3312 μακαρισμὸν
1161 3235 1315 3301 αὐτὸς
1345 3233 1501 3313 ἦρξεν
1531 3237 1558 3291 6
1619 3224 1830 3313 Κύριός,
1876 3224 1991 3292 *πι-

2080 3224 2366 3318 nem_fere
2386 3226 2677 3318 actionem
2703 3244 2838 3318 quis
2854 3247 2962 3290 nos
2979 3228 3053 3291 ad
3074 3229 3506 3298 beatitudinem
3522 3255 3728 3318 provo-

347 3323 599 3402 ρὰδειγμα
648 3337 767 3387 τοῖς
825 3323 1171 3399 μανθάνουσιν
1218 3325 1403 3383 ἑαυτὸν
1448 3324 1712 3403 προτιθείς
1786 3322 1991 3382 Ἐπᾶν-

346 3436 443 3481 ηκε
525 3414 609 3470 ἐπὶ
698 3415 821 3477 τοὺς
894 3416 1287 3492 μακαρισμοὺς,
1344 3414 1433 3471 καί
1472 3413 1697 3470 ἕκαστον
1746 3413 1991 3479 ἐξετάσας

343 3504 602 3582 εὑρήσεις,
637 3503 718 3560 ὅτι
776 3503 1035 3583 προέλαϐε
1080 3504 1182 3573 τήν
1210 3503 1271 3560 ἐκ
1321 3511 1413 3561 τοῦ
1442 3502 1604 3582 λόγου
1656 3502 1991 3561 διδασκαλίαν

344 3607 455 3661 τοῖς
504 3593 699 3672 ἔργοις,
769 3594 1029 3672 Μακάριοι
1101 3597 1148 3650 οἱ
1206 3607 1422 3673 πραεῖς.
1459 3599 1576 3657 Πῶς
1611 3592 1699 3650 οὖν
1731 3593 1990 3669 μάθωμεν

343 3684 442 3751 τὴν
500 3684 827 3762 πραότητα;
880 3683 1083 3739 Μάθετε
1138 3682 1234 3739 ἀπ’
1276 3683 1428 3759 ἐμοῦ,
1464 3685 1644 3763 φησὶν,
1691 3683 1771 3738 ὃτι
1818 3682 1990 3760 πρᾶός

341 3776 447 3849 εἰμι
505 3774 592 3829 καὶ
663 3775 913 3838 ταπεινὸς
972 3778 1040 3849 τῇ
1096 3770 1303 3852 καρδίᾳ,
1354 3772 1616 3849 Μακάριοι
1673 3774 1719 3827 οἱ
1778 3773 1992 3849 εἰρηνο-

341 3863 505 3921 ποιοί.
562 3863 649 3926 Τίς
682 3865 826 3938 ἡμᾶς
882 3860 1073 3928 διδάξει
1117 3863 1179 3918 τὸ
1209 3867 1307 3929 τῆς
1336 3862 1548 3940 εἰρήνης
1578 3859 1743 3917 καλόν
1776 3880 1791 3936 ;
1826 3861 1991 3925 Αύτὸς

338 3956 366 4009 6
426 3954 784 4029 εἰρηνοποιὸς,
818 3954 846 4009 ὀ
874 3958 1044 4010 ποιῶν
1093 3953 1333 4031 εἰρήνην,
1366 3954 1453 4008 καὶ
1498 3949 1992 4008 ἁποκαταλλάσσων

339 4042 459 4103 τοὺς
518 4039 609 4098 δύο
667 4044 739 4105 εἰς
797 4041 889 4099 ἕνα
946 4042 1129 4099 καινὸν
1186 4040 1479 4121 ἂνθρωπον⁴
1509 4044 1535 4097 6
1580 4040 1991 4120 εἰρηνοποιήσας

337 4128 423 4185 διὰ
463 4135 556 4185 106
588 4130 819 4204 αἳματος
872 4137 963 4189 τοῦ
1000 4133 1225 4212 σταυροῦ
1282 4133 1440 4189 αὐτοῦ
1472 4128 1586 4187 εἴτε
1656 4130 1721 4187 τὰ
1770 4129 1824 4186 ἐν
1867 4142 1991 4196 τοῖς

339 4223 582 4296 οὐρανοῖς
616 4217 727 4275 εἴτε
787 4221 852 4278 τὰ
887 4220 969 4277 ἐπὶ
1001 4226 1096 4287 τῆς
1139 4225 1265 4298 γῆς.
1328 4222 1591 4301 Μακάριοι
1638 4221 1685 4277 οἱ
1747 4221 1983 4301 πτωχοί.

2074 3311 2492 3409 cat,Dominus_
2523 3317 2658 3409 ipse
2668 3316 3015 3409 auspicatus
3044 3327 3160 3409 est,
3192 3340 3258 3385 se
3290 3323 3485 3405 ipsum
3512 3311 3728 3409 prepo-

2075 3418 2226 3502 nens
2258 3401 2600 3502 exemplum
2624 3403 3021 3502 discentibus.
3039 3408 3189 3502 Redi
3209 3412 3282 3473 ad
3300 3401 3725 3502 beatitudines;

2076 3499 2137 3551 et
2158 3491 2408 3570 singulis
2430 3492 2730 3572 expensis,
2740 3512 2876 3557 eum
2899 3494 3171 3559 invenies
3191 3502 3478 3580 operibus
3500 3491 3727 3571 doctri;

2076 3598 2212 3642 nam
2244 3580 2409 3642 verbi
2441 3582 2848 3662 praevertisse.
2882 3584 3065 3649 Beati
3095 3590 3275 3652 mites
3303 3589 3377 3650 ⁸⁵.
3415 3592 3726 3667 Quomodo

2078 3670 2254 3748 igitur
2279 3670 2676 3733 didicerimus
2700 3672 2836 3734 148
2858 3679 3406 3742 mansuetudinem?
3434 3685 3662 3749 Discite
3690 3707 3731 3751 a

2078 3759 2569 3842 me,inquit,quia
2581 3762 2749 3824 mitis
2769 3779 2903 3824 sum
2920 3771 2975 3826 et
2994 3766 3250 3831 humilis
3269 3772 3451 3835 corde
3469 3772 3730 3839 “.Beati

2074 3849 2390 3946 paciﬁci".
2424 3849 2537 3946 Qui
2562 3868 2674 3946 nos
2698 3851 2939 3916 docebit
2968 3856 3133 3935 pacis
3156 3858 3382 3923 bonum
3417 3871 3446 3929 ?
3466 3863 3600 3946 Ipse
3624 3867 3728 3930 ille

2078 3940 2382 4022 paciﬁcus,
2419 3939 2523 4021 qui
2553 3939 2705 4003 facit
2732 3959 2962 4023 pacem,
2991 3950 3051 4006 et
3077 3950 3428 4013 recouciliat
3484 3939 3636 4018 duos
3666 3957 3727 4018 in

2077 4049 2261 4125 unum
2293 4048 2509 4125 novum
2541 4030 2844 4095 hominem
2882 4032 3073 4115 ‘3;qui
3103 4038 3437 4117 paciﬁcavit
3457 4063 3571 4125 per
3593 4063 3728 4109 san-

2074 4120 2314 4202 guinem
2346 4119 2714 4216 crucissuae,
2741 4128 2865 4183 tum
2889 4142 3019 4205 quat
3041 4126 3103 4186 in
3126 4128 3324 4216 ctelis,
3359 4119 3485 4194 tum
3517 4136 3725 4216 quaain

2074 4220 2234 4307 terra
2252 4207 2486 4307 sunt”.
2513 4209 2690 4307 Beati
2700 4228 3001 4307 pauperes
3023 4215 3242 4307 59.1pse
3262 4207 3352 4283 est
3372 4225 3476 4303 qui
3500 4207 3728 4307 pauper

339 4308 506 4372 Αὒτός
558 4311 701 4365 ἔστιν
764 4312 791 4365 6
851 4310 1197 4388 πτωχεύσεις,
1234 4312 1324 4367 καὶ
1365 4312 1601 4375 κενώσας
1628 4312 1813 4367 ἑαυτὸν
1834 4314 1889 4367 ἒν
1920 4318 1988 4388 τῇ

2080 4302 2271 4379 fuit,et
2290 4320 2353 4365 se
2384 4299 2580 4381 ipsum
2614 4298 2675 4361 in
2707 4300 2895 4364 forma
2924 4305 3081 4367 servi
3101 4298 3588 4389 eiinanivi—t“;ut
3617 4298 3729 4378 nos

337 4406 430 4456 τοῦ
479 4396 666 4456 δούλου
726 4404 924 4478 μορφῇ,
960 4398 1053 4454 ἵνα
1082 4400 1247 4474 ἡμεῖς
1300 4400 1494 4463 πάντες
1525 4398 1585 4456 ἐκ
1635 4410 1728 4459 106
1756 4402 1985 4475 πληρώ-

338 4510 503 4566 ματος
548 4488 704 4546 αύτοῦ
773 4486 1043 4565 λάϐωμεν,
1101 4489 1190 4545 καὶ
1234 4489 1393 4570 χάριν
1438 4490 1550 4545 ἀντὶ
1615 4489 1862 4570 χάριτος.
1918 4489 1984 4548 Εἴ

334 4602 417 4643 τις
471 4582 582 4656 οὖν,
644 4579 751 4636 ἀπὸ
782 4586 873 4636 τοῦ
915 4576 1048 4659 (8‘2)
1092 4579 1245 4659 ἁγίου
1289 4580 1377 4636 καὶ
1422 4578 1792 4659 φιλανθρώπου
1821 4578 1983 4635 Πνεύέ

569 4669 844 4750 ἂιιοάμενη,
907 4671 984 4744 μὴ
1018 4676 1222 4751 φρονῶν
1270 4669 1350 4751 ἐφ’
1386 4671 1582 4745 ἐαυτῷ,
1619 4669 1757 4726 ἀλλὰ
1790 4693 1983 4726 ταπει-

338 4692 501 4745 ματος
565 4670 844 4750 ἀχνύμενος,

336 4768 436 4817 νῶν
508 4762 714 4841 ἑκυτὸει,
750 4762 839 4817 in:
870 4766 989 4825 τους
1036 4760 1227 4825 ἄλλους
1260 4760 1474 4839 ὑψώσῃ,
1508 4760 1687 4839 κραζοι
1724 4767 1801 4833 τῷ
1833 4763 1987 4836 μνεύ·

337 4872 464 4925 ματι
512 4852 579 4907 τὰ
627 4850 839 4929 μεγάλα
895 4851 1212 4931 εὐχόμενος,
1247 4854 1335 4907 καὶ
1395 4847 1563 4926 μηδὲν
1625 4852 1990 4929 μικροπρεπὲς

334 4939 469 5014 μηδὲ
555 4943 802 4996 ταπεινὸν
881 4940 1162 5020 φθέγγοιτο
1256 4942 1315 4997 ἐκ
1360 4946 1451 4995 106
1520 4940 1584 4995 τὰ
1647 4939 1854 5018 ἐπίγεια
1905 4944 1991 4997 καὶ

414 5097 467 5143 ⁴³
502 5101 701 5161 Matth.
741 5119 793 5179 v,
828 5099 884 5164 3.
975 5101 1036 5151 44
1064 5098 1113 5162 ll
1144 5099 1274 5163 Cor.
1314 5117 1438 5179 vm,
1470 5098 1531 5161 9.
1618 5100 1680 5151 ιδ
1708 5100 1917 5163 Matth.
1951 5118 2014 5177 ν,
2050 5102 2107 5164 5.
2196 5095 2260 5144 46
2283 5091 2604 5179 Μειῑξῂκκι,
2638 5092 2738 5153 29.
2786 5172 2800 5179 _
2824 5090 2888 5179 f7
2923 5091 3129 5159 Matth.

334 5197 400 5257 ιι,
438 5149 925 5242 ιε”“’ῖίόὀὲ›ἰοέἐ.
963 5149 1286 5255 rima
1314 5149 1599 5258 ιᾱὲιὶίιῖξν,
1637 5149 1991 5245 3.’“’ἐὶ’ἷ›ἰιίί

2080 5179 2307 5257 1.11,?

417 5342 533 5415 {79)
564 5342 707 5423 Reg.
747 5344 955 5404 tertius
986 5345 1032 5400 oi
1076 5344 1170 5424 τήν
1203 5344 1383 5424 πενίαν
1416 5342 1504 5424 ἐκ..
1538 5339 1771 5403 lbidem
1831 5341 1978 5424 Reg.

2080 5343 2155 5424 ιον
2187 5338 2380 5424 λόγως,
2403 5338 2465 5393 in

335 5431 578 5498 quartus
605 5420 868 5499 ἐλύμενοι.
909 5426 1040 5487 Mox
1074 5423 1196 5502 Reg
1246 5422 1454 5484 tertius
1479 5420 1557 5477 ὅτι
1592 5429 1757 5484 πᾶσα.

419 5502 539 5584 (80)
571 5502 653 5565 Ita
687 5512 1121 5584 septemimss”
1157 5514 1219 5566 et
1248 5504 1329 5565 ita
1363 5502 1477 5584 legi
1507 5512 1812 5584 ,0portere
1844 5509 1986 5565 satis

337 5582 719 5719 perspicuum
755 5581 864 5645 est.
900 5583 1056 5645 Editi
1089 5602 1226 5647 vero
1258 5601 1393 5646 cum
1418 5581 1589 5645 Colb.
1615 5585 1825 5663 quinto
1865 5586 1979 5659 μά-

374 5684 492 5719 ιστα
523 5666 586 5719 οῆ
618 5665 832 5719 πάντων
861 5668 959 5719 τῶ-

374 5684 492 5720 ιστα
523 5664 587 5731 δὴ
618 5665 832 5721 πάντων
861 5668 959 5737 τῷ,

421 5742 547 5823 (81)
579 5741 792 5807 Totum
831 5744 1002 5826 illud,
1031 5744 1245 5803 δυνατὸν
1276 5747 1363 5802 καὶ
1387 5747 1461 5809 εἰς
1527 5747 1750 5826 Χριστὸν
1800 5743 1981 5809 ἆνάξαι

2069 4410 2280 4455 omnes
2322 4408 2393 4483 ex
2415 4389 2559 4483 ejus
2578 4390 2953 4483 plenitudine
2975 4397 3364 4482 accipiamus,
3396 4411 3454 4464 et
3474 4404 3725 4483 gratiam

2069 4500 2175 4576 pro
2204 4480 2389 4576 gratia
2412 4478 2561 4576 “._Si
2587 4480 2724 4562 quis
2744 4481 2927 4576 igitur
2952 4502 2987 4546 a
3007 4495 3213 4550 sancto
3233 4499 3292 4552 et
3308 4478 3568 4573 benigno
3591 4493 3725 4576 Spi-

2067 4572 2186 4635 ritu
2214 4569 2546 4662 ductus,in
2575 4572 2905 4653 semetipso
2940 4593 3060 4639 non
3082 4578 3419 4662 elatus,sed
3453 4569 3586 4647 sese
3608 4569 3727 4648 hu-

2071 4661 2401 4737 milians,ut
2423 4660 2572 4753 alios
2604 4662 2847 4753 exaltet,
2883 4665 3102 4743 spiritu
3135 4660 3357 4732 clamet
3389 4690 3601 4753 magna
3629 4692 3729 4738 ro-

2071 4771 2236 4834 gans,
2277 4770 2385 4813 nec
2416 4748 2738 4844 quidquam
2771 4749 3075 4829 abjectum
3106 4765 3207 4818 aut
3253 4748 3725 4844 humile—loqua-

2073 4854 2185 4917 tur,
2216 4862 2285 4904 ex
2315 4859 2386 4904 eo
2418 4838 2576 4929 quod
2610 4847 2849 4929 terrena
2897 4850 2955 4903 et
2982 4845 3282 4909 mundana
3313 4857 3563 4929 quaerat,
3591 4838 3727 4916 talis

2071 4933 2184 4997 viri
2214 4932 2440 4993 clamor
2469 4948 2503 4990 a
2531 4927 2783 4991 Domino
2819 4929 3191 4995 exaudiatur.
3228 4927 3513 5009 Quisnam
3546 4940 3728 5021 igitur

3166 5113 3222 5173 ν,
3254 5098 3317 5160 9.
3403 5100 3725 5185 48-Ephes.

2393 5168 2657 5233 52Joa‘n.
2702 5186 2745 5247 ι,
2776 5171 2881 5236 16.

2066 5343 2155 5397 τὸν
2187 5338 2347 5429 λόγον
2403 5336 2776 5423 ἰηυῳιίηψιθ
2811 5350 2957 5398 mss.
2981 5352 3100 5398 non
3122 5336 3379 5431 legitur:
3406 5344 3513 5407 sed
3536 5360 3722 5427 repe-

2066 5421 2219 5485 ritur
2247 5436 2308 5478 ιι]
2340 5383 2549 5506 ilegus
2562 5420 2777 5506 quarto
2804 5422 2862 5477 et
2889 5424 3055 5480 sexto
3088 5426 3147 5481 et
3176 5437 3240 5481 in
3302 5420 3473 5491 Colb.
3509 5425 3721 5506 quinto

2070 5518 2245 5584 atque
2259 5515 2333 5584 ac
2362 5495 2426 5557 in
2441 5490 2656 5584 editis.

2148 5575 2275 5660 (82)
2309 5575 2393 5639 Ita
2418 5575 2687 5656 quinque
2714 5592 2859 5640 mss.
2912 5576 3112 5644 Editio
3154 5599 3296 5646 vero
3348 5582 3539 5650 Paris.
3619 5587 3721 5643 ὑπὸ

2064 5668 2183 5727 106.
