4138 6386
321 304 441 371 365
1410 303 1741 370 HOMILIA
1787 305 1869 370 IN
1913 305 1940 366 Ι

2024 304 2281 368 LLMUM
2325 300 2608 370 XXXIII.
3593 305 3717 376 866

309 440 559 508 ἀληθείας
628 438 871 519 δόγματα
920 440 1005 498 ἐπὶ
1064 439 1223 499 πλέον
1278 442 1672 518 βατανίσαντες,
1706 438 1940 509 δυνηθῶ-

2030 437 2298 518 ipsorum
2309 439 2679 520 experientia
2694 457 2809 522 app
2823 440 3452 507 rehendere.Gustate
3469 454 3672 509 autem
3685 495 3701 523 ,

310 551 406 606 μεν
450 536 519 605 τῇ
577 530 743 602 οἱκείᾳ
788 528 940 607 πείρᾳ
990 530 1087 597 τὴν
1132 530 1485 609 χρηστότητα
1514 526 1842 585 καταλαϐεῖν
1872 551 1940 586 τοι

2046 527 2255 609 inquit.
2284 546 2399 589 non
2430 537 2629 592 autem
2660 530 3061 610 impleamini.
3094 530 3241 594 Nam
3270 551 3432 595 nunc
3452 534 3700 615 quidem

313 621 524 699 Κυρίου,
601 620 861 676 Γεύσασθε
904 617 983 697 δὲ,
1047 619 1195 693 εἶπε,
1256 622 1344 676 καί
1406 620 1528 698 οὐχὶ
1587 617 1935 694 ἐμπλήσθητε

2046 635 2117 679 ex
2139 625 2306 697 parte
2337 620 2838 697 cognoscimus,et
2862 637 2968 699 per
2987 621 3294 700 speculum
3323 641 3393 685 ac
3427 642 3533 703 per
3557 624 3702 686 aani-

306 709 438 767 διοτι
472 716 559 766 νῦν
589 710 686 783 μὲν
717 709 776 765 ἐκ
806 708 998 789 μέρους
1032 709 1393 787 γινώσκομεν,
1445 710 1535 766 καὶ
1589 707 1657 764 δι’
1703 708 1940 783 ἐσόπτροι

2044 723 2180 783 gma
2209 706 2481 768 videmus
2524 706 2910 770 veritatem“
2939 730 2953 772 :
2988 710 3185 775 veniet
3232 718 3429 774 autem
3465 719 3701 793 tempus

306 799 573 877 βλέπομεν
626 801 712 856 καὶ
771 800 1076 877 αἰνίγματος
1120 801 1221 867 τὴν
1280 798 1531 869 ἀλήθειαν
1589 797 1682 865 ἦξε
1729 797 1785 854 δέ
1830 821 1940 855 ποτε

2044 814 2179 856 cum
2205 814 2469 875 praesens
2493 796 2770 871 arrhabo,
2789 806 2848 860 et
2868 798 2966 860 hic
2988 800 3185 878 gratim
3213 809 3422 879 gustus
3451 801 3523 863 ad
3560 821 3700 883 per-

307 888 395 946 ὅτε
458 891 487 945 ὁ
530 895 618 946 νῦν
668 886 930 967 ἀρραϐὼν,
968 890 1054 946 καὶ
1096 892 1157 945 τὸ
1200 896 1373 967 γεῦμα
1405 896 1561 945 τοῦτο
1606 893 1705 955 τῆς
1733 888 1940 968 χάριτος

2044 885 2256 947 tectam
2290 886 2635 949 fruitionem
2670 886 2844 949 nobis
2898 897 3157 952 veretur.
3194 886 3264 953 Ut
3294 893 3452 952 enim
3502 891 3543 952 ii
3597 893 3703 973 qui

309 980 382 1043 εἷς
440 978 756 1045 τελειότητα
812 981 846 1047 ἡ
900 993 996 1054 μϊν
1045 984 1143 1046 τῆς
1205 978 1551 1042 ἀπολαύσεως
1609 979 1940 1047 καταντήσει

2044 977 2352 1064 stomacho
2382 975 2663 1038 laborant
2696 985 3104 1059 nauseantque
3132 986 3473 1042 aversantes
3504 982 3695 1064 cibos,

307 1067 530 1146 ’Ὥσπερ
560 1066 613 1124 δὲ
642 1070 689 1125 οἱ
739 1078 1138 1148 στομαχοῦντες
1166 1070 1255 1126 καὶ
1282 1071 1329 1125 οἱ
1360 1067 1657 1142 κακόσιτοι,
1694 1067 1940 1146 ἀποστρε-

2044 1063 2117 1125 ab
2148 1064 2259 1125 hac
2283 1065 2532 1135 molesta
2553 1066 2869 1129 affectione
2894 1075 3183 1130 curantur
3201 1086 3235 1130 ι
3250 1068 3579 1151 medicis,si
3601 1063 3703 1152 ap-

307 1160 528 1238 φόμενοι
556 1159 623 1215 τὰ
658 1159 823 1236 σιτία,
882 1160 985 1214 ὑπὸ
1037 1164 1143 1215 τῶν
1200 1160 1393 1238 ἰατρῶν
1451 1157 1835 1236 θεραπεύονται
1893 1158 1940 1213 τέ

2045 1154 2369 1233 potentiam
2390 1155 2655 1218 excitent
2678 1175 2785 1237 per
2806 1158 3127 1234 quemdam
3150 1157 3421 1220 ciborum
3441 1178 3697 1239 appara-

306 1246 647 1327 δυσάρεστον,
708 1246 1073 1326 διεγειρόντων
1122 1250 1216 1314 τὰς
1262 1248 1456 1327 ὀρέξεις
1516 1246 1600 1306 διά
1640 1270 1781 1311 τινος
1827 1246 1940 1303 ἐπι-

2042 1250 2191 1320 tum;
2225 1244 2378 1307 adeo
2406 1252 2681 1324 ut,sensu
2713 1265 2820 1325 per
2850 1247 3013 1308 illam
3036 1246 3411 1310 condituram
3444 1249 3699 1325 irritata,

304 1337 598 1405 τηδεύσεως
628 1342 727 1405 τῆν
757 1338 810 1395 ἐν
859 1351 977 1401 τοῖς
1035 1339 1333 1417 βρώμασιν,
1384 1337 1546 1411 ὥστε,
1578 1338 1679 1394 ὑπὸ
1710 1341 1809 1404 τῆς
1845 1358 1940 1393 κα-

2039 1334 2383 1413 appetentia
2414 1334 2603 1414 magis
2624 1355 2693 1398 ac
2724 1337 2910 1415 magis
2938 1354 3181 1418 semper
3204 1344 3512 1414 augeatur:
3532 1339 3610 1401 ita
3643 1346 3703 1401 et

304 1430 509 1506 ρυκείας
565 1428 770 1495 ἐκείνης
828 1428 1199 1503 ἐρεθιζομένης
1283 1432 1382 1493 τῆς
1460 1428 1754 1498 αἰσθήσεως
1796 1475 1813 1505 ,
1870 1426 1940 1481 ἀεῖ

2039 1422 2101 1483 in
2133 1424 2314 1485 verbo
2342 1424 2787 1506 veritatis,Ipsa,
2812 1424 3405 1506 inquit,experientia
3435 1427 3509 1489 ad
3532 1427 3700 1491 insa-

302 1520 433 1596 πρὸς
486 1520 549 1574 τὸ
590 1517 779 1574 πλεῖον
839 1516 970 1597 (89)
1017 1517 1365 1575 ἐπιτείνεσθαι
1425 1518 1520 1579 τὰς
1554 1514 1777 1595 ὀρέξεις·
1816 1514 1940 1573 οὕτιι

2041 1512 2305 1575 tiabilem
2331 1516 2661 1595 appetitum
2708 1534 2810 1577 vos
2841 1532 3083 1596 semper
3128 1515 3699 1596 provocabit.ldcir-

301 1609 388 1663 καὶ
436 1607 522 1663 ἐπὶ
576 1617 670 1665 τοῦ
719 1606 880 1685 λόγου
931 1607 1030 1675 τῆς
1076 1606 1351 1687 ἀληθείας,
1389 1607 1557 1686 Αὐτὴ,
1603 1608 1786 1686 φησὶν,
1818 1607 1940 1680 ὑμᾶι

2039 1603 2533 1684 co,ait,Gustate,
2559 1618 2624 1664 ut
2646 1603 2803 1665 beati
2826 1602 2957 1665 sitis
2984 1621 3223 1683 semper
3253 1603 3595 1666 esurientes
3610 1604 3701 1667 si-

301 1698 335 1764 ἡ
364 1710 527 1774 πεῖρα
552 1698 685 1767 πρὸς
716 1698 777 1753 τὸ
810 1697 1101 1775 ἀκόρεστον
1131 1700 1228 1765 τῆς
1263 1695 1540 1763 ἐπιθυμίας
1598 1695 1678 1751 ἀεὶ
1707 1716 1940 1772 προσκα-

2042 1692 2376 1773 tientesque
2393 1693 2954 1773 justitiam.Beatus
2978 1696 3076 1753 vt'r
3097 1695 3206 1772 qui
3228 1700 3435 1772 sperat
3450 1700 3517 1755 in
3537 1712 3695 1759 eum.

300 1784 534 1845 λὲσεται.
575 1787 673 1843 Διὰ
698 1792 875 1858 τοῦτο,
914 1788 1067 1865 φησὶ,
1100 1787 1381 1859 Γεύσασθε,
1442 1782 1537 1842 ἵνα
1567 1785 1824 1863 μακάριοι
1856 1782 1940 1861 γέ·

2039 1779 2152 1852 Qui
2177 1781 2400 1860 jugiter
2429 1781 2595 1845 verbi
2621 1782 2922 1846 desiderio
2955 1782 3285 1857 tenetur,in
3308 1782 3470 1844 nulla
3501 1802 3568 1845 re
3585 1784 3703 1845 alia

301 1879 457 1941 νησθε
506 1875 589 1931 ἀεὶ
620 1882 905 1939 πεινῶντες
931 1877 1020 1932 καί
1050 1875 1310 1950 διψῶντες
1339 1876 1438 1941 τὴν
1460 1873 1940 1941 δικαιοσύνὴν.Μα-

2040 1888 2217 1950 quam
2241 1871 2301 1931 in
2332 1870 2585 1933 Domino
2618 1890 2787 1951 spem
2806 1880 3081 1951 reponet.
3107 1872 3701 1951 (VER8.10.)Tz'mete

300 1964 480 2040 κάριος
510 1964 646 2042 ἀνὴρ
681 1962 743 2028 ὅς
776 1964 974 2036 ἐλπίζει
1018 1963 1104 2021 ἐπ’
1138 1964 1314 2026 αὐτόν.
1366 1964 1425 2020 Ὀ
1484 1964 1563 2019 ἀεὶ
1622 1963 1676 2020 ἐν
1708 1961 1940 2036 ἐπιθυμίᾳ

2042 1961 2609 2034 Dominum,omnes
2629 1962 2827 2023 sancti
2846 1964 2975 2037 ejus
2993 1981 3007 2020 :
3023 1966 3314 2041 quoniam
3325 1978 3449 2023 non
3462 1970 3549 2026 est
3567 1965 3702 2027 ino-

298 2056 373 2108 ῶν
408 2059 501 2109 1:06
530 2053 713 2131 λόγου,
747 2053 832 2111 ἐπ’
874 2052 1018 2111 οὐδὲν
1075 2052 1252 2132 ἕτερον
1309 2055 1527 2123 θήσεται
1572 2053 1669 2119 τὴν
1702 2048 1887 2108 ἐλπίδα
1918 2050 1940 2106 ί

2038 2052 2143 2129 pia
2163 2051 2517 2113 timentibus
2539 2048 2750 2113 eum.N
2760 2051 2831 2110 isi
2855 2051 3034 2113 timor
3050 2051 3375 2112 instituerit
3391 2053 3569 2114 vitam
3593 2073 3699 2115 no-

298 2145 385 2199 ἐπὶ
410 2143 502 2198 τὸν
549 2143 754 2221 Κύριον.
789 2141 1070 2213 Φοϐήθητε
1102 2145 1190 2201 τὸν
1253 2144 1464 2222 Κύριον,
1496 2142 1692 2206 πάντες
1721 2144 1770 2199 oi
1800 2141 1940 2219 ἅγιοι

2026 2140 2637 2214 stram,sanctimonia
2654 2139 2714 2200 in
2728 2158 2978 2221 corpore
2992 2141 3329 2221 comparari
3343 2160 3466 2203 non
3480 2151 3697 2226 potest,

301 2232 478 2289 αὐτοῦ·
554 2232 634 2288 ὅτι
692 2236 786 2291 οὐκ
854 2232 994 2289 ἔστιν
1070 2232 1348 2309 ὒστὲρημα
1419 2245 1539 2296 τοῖς
1597 2230 1940 2311 φοϐουμένοις

2034 2227 2298 2307 Conﬁge,
2326 2230 2540 2308 inquit,
2566 2230 2791 2291 timore
2816 2237 2918 2291 tuo
2936 2246 3145 2291 carnes
3173 2248 3333 2293 meas
3352 2231 3432 2292 ⁵⁵.
3465 2230 3699 2304 Quem-

303 2322 480 2381 αὐτόν.
542 2318 669 2377 Ἐὰν
714 2323 790 2397 μὴ
849 2319 1010 2401 φόϐος
1044 2319 1265 2398 παιδεύη
1296 2324 1451 2396 ἡμῶν
1483 2322 1584 2388 τὴν
1614 2322 1756 2392 ζωὴν
1794 2318 1940 2399 (90),

2033 2316 2360 2379 admodum
2392 2318 2552 2379 enim
2585 2318 2689 2399 qui
2711 2318 2892 2381 clavis
2928 2319 3192 2381 transfixi
3222 2328 3384 2402 sunt,
3425 2321 3698 2383 membra

300 2411 589 2491 ἀμήχανον
632 2411 1024 2491 κατορθωθῆναι
1080 2412 1172 2466 τὸν
1231 2412 1497 2489 ἁγιασμὸν
1526 2411 1581 2467 ἐν
1608 2416 1684 2484 τῷ
1713 2410 1940 2484 σώματι.

2037 2408 2309 2485 corporis
2339 2406 2413 2467 ad
2437 2407 2732 2486 agendum
2759 2408 3095 2470 immobilia
3127 2408 3392 2473 habent:
3434 2410 3522 2473 sic
3551 2430 3702 2492 quo-

303 2500 629 2568 Καθῆλωσον
721 2502 843 2578 γὰρ,
924 2502 1077 2579 φησὶ,
1162 2500 1223 2557 ἐκ
1298 2510 1391 2559 τοῦ
1474 2496 1638 2580 φόϐου
1712 2520 1805 2555 σου
1861 2499 1940 2559 ται

2038 2512 2170 2555 rum
2201 2497 2398 2557 anima
2425 2496 2623 2560 divino
2681 2498 2891 2561 timore
2934 2506 3209 2578 correpta
3238 2511 3350 2575 est,
3383 2500 3426 2561 ii
3456 2520 3700 2564 omnem

303 2587 501 2669 σάρκας
564 2613 688 2665 μου.
751 2588 846 2654 Ὠς
894 2591 994 2668 γὰρ
1052 2592 1099 2646 oi
1146 2591 1249 2647 ὑπὸ
1293 2608 1401 2659 τῶν
1458 2588 1605 2657 ἥλων
1658 2586 1940 2663 διαπεπαρ

2039 2583 2517 2663 pertubationem
2541 2603 2613 2647 ex
2635 2587 2865 2667 peccati
2896 2587 3309 2649 affectionibus
3336 2591 3698 2668 provenian-

303 2679 453 2756 μένοι
509 2681 576 2737 τὰ
627 2679 768 2755 μέλη
826 2688 919 2737 τοῦ
972 2679 1220 2755 σώματος
1292 2679 1523 2747 ἀκίνητα
1579 2678 1768 2759 ἔχουσι
1827 2678 1940 2753 πρὸέ

2042 2681 2159 2734 tem
2198 2674 2359 2735 vitat.
2386 2672 2647 2737 Timenti
2681 2675 2884 2755 itaque
2915 2695 3037 2737 non
3068 2684 3158 2737 est
3175 2677 3407 2758 inopia;
3440 2679 3554 2740 hoc
3584 2687 3697 2761 est,

303 2768 592 2849 ἐνέργειαν,
626 2768 792 2834 οὕτως
831 2773 878 2827 οἱ
908 2774 984 2845 τῷ
1037 2772 1159 2844 θείῷ
1207 2766 1355 2849 φόϐῳ
1386 2769 1482 2836 τὴν
1515 2770 1701 2849 ψυχὴν
1762 2787 1940 2823 κατει·

2041 2762 2140 2842 qui
2177 2781 2283 2842 per
2304 2762 2582 2825 timorem
2601 2764 2676 2825 ab
2700 2764 2866 2825 omni
2918 2764 3204 2826 indecora
3225 2774 3284 2829 et
3305 2765 3574 2829 absurda
3594 2787 3701 2831 ac-

303 2859 570 2934 λημμὲνοι
632 2866 807 2917 πᾶσαν
860 2861 960 2927 τὴν
1026 2860 1088 2915 ἐκ
1134 2860 1238 2916 τῶν
1294 2861 1474 2915 παθῶν
1530 2864 1629 2926 τῆς
1698 2857 1940 2935 ἁμαρτίαι

2044 2851 2203 2929 tione
2233 2854 2559 2955 θερείαν,θί
2587 2853 3017 2955 nihil-deestad
3040 2854 3369 2935 quamlibet
3390 2857 3697 2922 virtutem.

296 2949 586 3029 ἐνόχλησιν
656 2948 1017 3029 διαφεύγουσι.
1080 2957 1167 3025 Τῷ
1197 2948 1287 3007 οὖν
1318 2946 1629 3027 φοϐουμένῳ
1658 2947 1754 3005 οὐκ
1808 2947 1940 3003 ἐστιι

2040 2944 2142 3001 sed
2180 2942 2483 3022 perfectus
2504 2943 2792 3017 est,nullo
2824 2943 2981 3005 bono
3001 2944 3278 3007 humanae
3308 2954 3536 3007 naturae
3558 2965 3701 3009 con-

292 3040 581 3118 ὑστέρημα·
663 3039 926 3119 τουτέστι,
987 3042 1118 3112 πρὸς
1209 3036 1454 3114 οῶεμίαν
1530 3038 1725 3112 ἀρετὴν
1802 3035 1940 3092 ἐστιν

2035 3031 2298 3092 venienti
2312 3031 2736 3097 destitutus.Ut
2748 3034 2908 3094 enim
2925 3034 3225 3114 perfectus
3237 3042 3297 3096 in
3314 3053 3565 3117 corpore
3578 3056 3700 3099 non

294 3125 518 3195 ἐλλιπὴς
578 3131 604 3185 ὁ
656 3130 757 3186 ὑπὸ
810 3135 902 3186 τοῦ
966 3126 1130 3209 φόϐου
1188 3129 1294 3185 ἀπὸ
1340 3128 1519 3195 πάσης
1576 3127 1778 3186 ἀτόπου
1806 3126 1940 3205 πρά-

2033 3126 2149 3194 est,
2185 3121 2284 3182 cui
2309 3120 2509 3202 aliqua
2545 3139 2685 3202 pars
2716 3125 3061 3186 necessaria
3080 3122 3369 3205 desit,sed
3402 3124 3693 3205 imperfe-

294 3215 422 3283 ξεως
470 3217 830 3295 κωλυόμενος,
884 3217 1021 3275 ἀλλὰ
1080 3218 1287 3283 τέλειός
1348 3219 1484 3291 ἐστι,
1550 3216 1781 3290 μηδενὸς
1840 3222 1949 3272 τῶν

294 3304 686 3365 ἐπιϐαλλόντων
739 3311 805 3386 τῇ
856 3308 1160 3384 ἀνθρωπίνῃ
1208 3307 1359 3387 φύσει
1407 3305 1588 3363 καλῶν
1640 3304 1947 3362 ἀπολειπό-

298 3416 478 3469 μενος.
513 3397 609 3462 Ὠς
640 3398 741 3477 γὰρ
773 3400 867 3455 οὐκ
898 3397 1007 3453 ἔστι
1060 3395 1259 3461 τέλειος
1320 3395 1374 3451 ἐν
1405 3400 1482 3468 τῷ
1513 3396 1721 3470 σώματι
1754 3392 1883 3473 (91)
1921 3395 1945 3449 5

298 3485 350 3542 ἔν
395 3508 501 3544 τινι
540 3499 688 3566 μερει
714 3494 822 3545 τῶν
853 3488 1157 3566 ἅνάγκαίων
1210 3485 1589 3562 ἐλλιμπάνων,
1639 3482 1760 3541 ἀλλ’
1813 3484 1946 3541 ἀτε-

294 3574 394 3647 λής
451 3576 562 3634 ἐστι
628 3577 748 3634 καθ’
815 3579 844 3633 ὃ
902 3575 1160 3634 ἐλλείπει·
1219 3574 1356 3633 οὕτω
1408 3577 1498 3631 καὶ
1547 3576 1575 3630 ὁ
1643 3574 1760 3652 περὶ
1817 3572 1944 3648 μίαν

293 3668 396 3725 τῶν
463 3670 692 3724 ἐντολῶν
787 3672 1260 3748 καταφρονητικῶς
1317 3663 1669 3739 διακείμενος,
1729 3661 1814 3720 διὰ
1882 3662 1945 3717 τὸ

292 3759 533 3837 ὑστερεῖν
594 3759 786 3838 αὐτῆς,
839 3756 1036 3827 ἀτελής
1122 3759 1234 3813 ἐστι
1318 3756 1455 3812 κατὰ
1530 3756 1590 3811 τὸ
1666 3752 1941 3830 ἐλλεῖπον,

294 3847 354 3906 Ὀ
395 3836 449 3904 δὲ
524 3850 616 3905 τὸν
694 3836 899 3905 τέλειον
950 3845 1112 3926 φόϐον
1186 3844 1515 3925 ἀνειληφὼς,
1577 3845 1668 3901 καὶ
1742 3843 1917 3900 πάντα
2010 3839 2407 3907 καταπτήσσων
2464 3836 2531 3892 δι’

1340 3937 1446 4016 οὐχ
1492 3933 1594 4002 ἔξει
1664 3931 1719 3990 δὲ
1830 3930 2125 4010 ὑστέρημα,
2201 3934 2277 4001 τῷ
2340 3926 2425 3983 ἐπὶ
2508 3926 2683 3983 πάντα
2741 3925 2967 4005 διαρκῶς
3038 3941 3291 4007 παρεῖναι
3360 3930 3504 4002 αὐτῷ
3584 3931 3680 3985 τὸν

292 3959 447 3996 σεται
516 3944 594 4013 τῷ
661 3936 890 4015 μηδενὸς
947 3938 1231 4017 ὑπερορᾷν*

293 4025 459 4102 φόϐον
470 4076 485 4090 ,

2033 3220 2167 3272 ctus
2191 3220 2283 3273 est
2303 3210 2633 3273 secundum
2664 3230 2795 3273 eam
2821 3212 3135 3289 quaadeest
3158 3216 3500 3293 partemzita
3515 3214 3694 3276 etiam

2031 3306 2132 3380 qui
2187 3300 2274 3360 vel
2306 3318 2489 3360 unum
2551 3310 2918 3381 praeceptum
2951 3310 3330 3383 aspernatur,
3377 3312 3695 3385 propterea

2030 3388 2189 3469 quod
2225 3406 2295 3450 eo
2328 3396 2513 3463 caret,
2553 3389 2941 3471 imperfectus
2986 3399 3074 3453 est
3099 3393 3269 3470 juxta
3292 3393 3351 3455 id
3395 3393 3552 3474 quod
3584 3394 3693 3455 de-

2030 3478 2173 3540 ﬁcit.
2209 3477 2450 3558 Contra,
2475 3484 2577 3558 qui
2615 3480 2953 3558 perfectum
2978 3480 3256 3542 timorem
3306 3482 3590 3563 suscepit,
3622 3500 3692 3545 ac

2025 3570 2228 3629 omnia
2248 3568 2589 3629 timetcircu
2608 3576 2882 3648 mspecto
2896 3570 3237 3644 metu,nihil
3251 3572 3690 3651 pecoabit,cum

2028 3656 2177 3718 nihil
2200 3664 2568 3731 contemnat;
2602 3655 2866 3737 inopiam
2910 3665 3110 3720 autem
3144 3676 3283 3720 nom
3315 3660 3684 3740 experietur,

2027 3751 2309 3828 quoniam
2344 3753 2635 3825 perpetuo
2665 3747 2723 3807 ei
2753 3746 2921 3808 adest
2952 3754 3132 3809 timor
3161 3749 3224 3810 in
3254 3748 3563 3813 omnibus.

2631 3835 2929 3909 εὐλάϐειαν,
3018 3836 3165 3898 οὐδὲν
3225 3839 3324 3914 μὲν
3422 3842 3677 3920 ἁμαρτή-

366 4116 433 4176 7.
493 4114 743 4173 Πλούσιοι
826 4113 1176 4195 ἐπτῶχευσαν
1258 4120 1345 4173 καὶ
1414 4116 1707 4173 ἐκείνασαν⁸
1769 4114 1818 4170 0i
1888 4109 1940 4168 δὲ

2072 4106 2359 4171 7.VEIts.t
2375 4106 2400 4166 l
2418 4106 2672 4195 .inites
2688 4113 2993 4186 eguerunt
3014 4113 3069 4169 et
3090 4107 3680 4187 esurierunt;inqui-

286 4202 629 4274 ἐκζητοῦντες
737 4206 829 4260 τὸν
954 4205 1144 4282 Κύριον
1254 4206 1348 4262 οὐκ
1472 4204 1933 4271 ἐλαττωθήσονται

285 4314 484 4357 παντος
546 4292 763 4370 ἀγαθοῦ.
848 4288 1208 4363 Οἱκοδομείτω
1296 4292 1391 4367 μὲν
1459 4294 1604 4367 ἡμᾶς
1648 4292 1736 4347 καὶ
1802 4292 1934 4370 πρὸς

288 4383 386 4452 τὴν
436 4382 830 4461 καταφρόνησιν
889 4382 983 4437 τοῦ
1040 4390 1350 4456 σωματικοῦ
1401 4380 1631 4439 πλούτου
1674 4382 1703 4437 ὁ
1745 4378 1931 4459 λόγος,

286 4475 348 4530 τὸ
395 4469 646 4530 ἀϐέϐαιον
701 4475 801 4539 τῆς
874 4472 978 4527 τῶν
1023 4470 1323 4549 χρημάτων
1385 4470 1689 4549 περιουσίας
1722 4466 1934 4525 ἐκδιδά-

285 4583 451 4626 σκων.
514 4561 935 4639 Εὐμετάπτωτος
964 4559 1063 4639 γὰρ
1095 4560 1123 4617 ὁ
1152 4556 1376 4635 πλοῦτο,
1435 4561 1523 4616 καὶ
1582 4560 1738 4616 οἱονεὶ
1792 4564 1934 4634 κῦμα

364 4723 426 4773 54
458 4724 481 4785 Ι
524 4720 658 4785 Cor.
698 4739 826 4797 xm,
856 4718 955 4786 l2.
1040 4721 1105 4773 55
1131 4719 1296 4784 Psal.
1325 4735 1529 4800 cxvm,
1568 4717 1704 4782 120.

368 4883 493 4963 (89)
547 4881 630 4944 Ita
677 4882 947 4965 quinque
1032 4900 1176 4944 mss.
1256 4879 1417 4943 Editi
1476 4895 1617 4941 vero
1670 4881 1801 4958 πρὸς
1880 4881 1942 4935 τὸ

287 4964 545 5022 πλεῖστον
558 5013 571 5026 .

285 5133 314 5197 ζ
362 5045 492 5196 ξςθθ)
550 5042 837 5107 Nonnulli
886 5062 1030 5106 mss.
1091 5043 1261 5125 φόϐος
1320 5044 1478 5119 ἡμῶν
1554 5039 1786 5098 παιδεύει
1838 5044 1936 5108 τὴν

318 5147 362 5181 ω
406 5151 455 5184 ν.

318 5147 455 5184 ωην.

2016 4203 2222 4259 rentes
2244 4202 2444 4258 autem
2465 4194 2794 4257 Dominum
2814 4213 2938 4258 non
2960 4198 3310 4259 minuentur
3330 4199 3494 4259 omni
3509 4197 3681 4269 bona,

2020 4286 2131 4350 Hic
2159 4302 2359 4347 sermo
2393 4283 2778 4346 abundantiae
2810 4285 3170 4364 pecuniariae
3221 4286 3681 4348 inconstantiam

2019 4376 2422 4455 edocens,nos
2454 4382 2609 4436 etam
2632 4372 2706 4435 ad
2740 4375 3083 4455 corporales
3122 4375 3365 4438 divitias
3389 4393 3685 4457 spernen-

2017 4466 2125 4528 das
2144 4464 2427 4527 aediﬁcet.
2459 4461 2607 4525 Nam
2640 4463 2816 4528 facile
2845 4462 3194 4527 dilabuntur
3230 4464 3473 4545 divitias,
3497 4472 3557 4527 et
3578 4464 3680 4527 in-

2012 4561 2139 4618 star
2161 4553 2333 4617 undis
2355 4553 2415 4617 γι
2437 4560 2747 4616 ventorum
2791 4555 2908 4617 huc
2947 4554 3092 4619 illuc
3144 4555 3342 4618 solent
3371 4553 3681 4619 diﬁluere.

2030 4880 2276 4955 mentio,
2304 4892 2499 4957 neque
2528 4874 2687 4957 apud
2722 4874 3043 4957 Ducaaum.
3075 4891 3270 4957 neque
3298 4874 3485 4957 (quod
3511 4873 3680 4957 equi-

2025 4959 2161 5019 dem
2189 4953 2955 5048 sciamfapud—quemquam
2990 4953 3200 5048 alium.
3225 4953 3528 5048 Suspicari
3550 4953 3677 5048 for-
3718 5002 3721 5005 ν

2020 5047 2180 5099 tasse
2231 5033 2415 5118 possit
2455 5033 2999 5118 quispiam,_'unum
3048 5034 3308 5118 aliquem
3344 5033 3677 5100 librarium

2019 5114 2641 5209 scriptum_reperisse
2663 5115 2724 5176 in
2754 5115 2953 5209 aliquo
2977 5114 3274 5209 codiceév
3296 5124 3437 5209 χρῷ,
3458 5118 3677 5209 iam...

371 5205 493 5286 (91η
526 5203 943 5288 Εόὶρυλιξειτξε.
973 5204 1179 5288 τέλειος
1212 5203 1266 5259 ἐν
1288 5208 1368 5288 τῷ
1397 5200 1940 5288 σῴματιφθνΐεϐιῑρθ

2025 5196 2197 5288 pore,
2228 5197 2331 5260 sed
2364 5196 2440 5288 de
2469 5214 2601 5277 suo,
2634 5196 2793 5288 quod
2824 5196 2949 5288 vitii
2988 5196 3217 5288 aliquid
3245 5196 3498 5288 subesse
3526 5197 3675 5288 falso

285 5290 353 5365 in
370 5279 844 5365 eorporeEditio
862 5284 1113 5347 Basil.et
1135 5281 1331 5365 nostri
1356 5279 1648 5365 undecim
1672 5298 1818 5344 mss.
1851 5282 1940 5365 τέ-

2028 5279 2421 5365 existimaret,
2478 5294 2586 5358 pro
2643 5279 2699 5333 ἐν
2759 5284 2880 5357 χρῷ
2940 5279 3213 5358 posuisse
3241 5279 3429 5365 Evn-:66
3456 5280 3674 5365 μυρίῳ,

284 5364 429 5431 λειος
456 5359 509 5421 ἕν
528 5372 603 5438 τῷ
626 5368 817 5445 Καρίῳ,
842 5365 1148 5446 perfectus
1182 5373 1249 5427 in
1292 5359 1644 5426 Dominan
1667 5380 1785 5446 quo
1810 5362 1942 5446 pri-

286 5463 448 5506 mum
475 5451 657 5505 miror
680 5441 1000 5510 lectionem
1020 5446 1454 5518 Basileensem,
1479 5460 1667 5523 quam
1688 5441 1940 5522 ineptis-

285 5526 498 5587 simam
532 5542 666 5587 esse
689 5545 864 5589 nemo
890 5525 1344 5600 inﬁciabitur,in
1369 5531 1456 5585 tot
1483 5522 1792 5585 codicibus
1816 5534 1936 5583 tam

284 5613 628 5687 constanter
652 5607 908 5687 reperiri
936 5627 949 5687 ς
978 5603 1939 5687 deinde,quaauctoritate_,_quove

2028 5361 2289 5441 hincque
2314 5358 2692 5441 factumesse
2714 5364 2780 5417 ut
2802 5374 2971 5441 error
2987 5376 3059 5421 ex
3075 5376 3203 5441 uno
3215 5358 3428 5441 codice
3451 5358 3513 5418 in
3532 5358 3681 5422 alios

2028 5459 2161 5503 sese
2189 5434 2682 5501 iransl‘uderit.Ut
2704 5443 2769 5499 ut
2800 5439 2925 5501 haec
2955 5437 3272 5514 sunt,nihil
3298 5439 3357 5499 in
3387 5445 3675 5500 contextu

2025 5520 2371 5601 mutandum
2399 5516 2767 5601 censuimus.
2794 5523 2878 5583 Eo
2911 5519 3119 5601 magis,
3153 5517 3313 5601 quod
3338 5517 3413 5601 ad
3434 5534 3679 5601 sensum

2024 5601 2174 5663 nihil
2204 5599 2448 5672 referat,
2481 5597 2605 5660 sive
2658 5598 2713 5654 ἐν
2746 5607 2887 5682 χρῷ,
2935 5596 3060 5663 sive
3090 5600 3143 5658 ἂν
3171 5596 3274 5676 τεῷ
3315 5598 3522 5677 σώματι
3579 5596 3679 5660 le-

284 5685 634 5781 testimonio
657 5682 885 5780 editum
903 5686 980 5749 sit
990 5706 1039 5781 ,ιι
1058 5682 1441 5781 typographis
1462 5682 1875 5781 Pariensi‘busn
1885 5684 1940 5781 ἐν
2024 5682 2210 5764 geris.

282 5775 361 5844 τῷ
392 5767 627 5848 σώματι,
658 5784 791 5831 cum
825 5767 961 5848 ejus
990 5763 1264 5831 lectionis
1306 5763 1613 5847 nusquam
1669 5764 1793 5828 ulla
1840 5763 1944 5827 ﬁat
