4138 6406
371 309 478 376 371

1718 310 1779 371 S.
1833 307 2115 371 BASILII
2157 306 2409 370 MAGNI

3634 302 3752 369 372

373 447 750 510 intolerabile
779 443 997 508 Christi
1024 419 1740 524 tribunal,quaeso,cogita
1768 462 1781 505 :
1808 442 1870 505 in
1904 462 2009 526 quc

2104 439 2284 501 ’Ὅταν
2329 441 2533 520 μέλλῃς
2561 441 2648 498 ἐπί
2689 461 2806 497 τινα
2841 444 3011 520 ὃρμᾷν
3059 440 3340 521 ἁμαρτίαν,
3373 439 3627 507 ἐννόησόν
3655 463 3751 516 μοι

374 538 648 619 praesidet
678 535 917 618 quidem
945 532 1129 613 judex
1153 532 1215 593 in
1243 533 1359 595 alto
1392 533 1647 615 quodam
1683 542 1741 594 et
1773 532 2017 595 sublimi

371 624 814 709 throno,omnis
840 641 977 686 vero
1000 634 1275 685 creatura
1292 623 1366 685 ob
1383 624 1706 704 gloriosum
1730 626 1861 701 ejus
1879 642 2021 686 con-

368 725 636 798 spectum
663 715 1134 778 contremiscens
1156 722 1327 791 astat;
1356 717 1475 775 imo
1488 733 1628 777 vero
1652 713 1911 775 futurum
1931 720 2020 777 est

368 818 432 871 ut
460 806 677 886 singuli
704 805 1315 877 adilucamur,eorum
1341 824 1475 885 quae
1496 805 1557 866 in
1579 805 1698 868 vita
1719 801 2019 882 egerimus

370 915 615 959 examen
647 893 1165 957 subituri.Deinde
1200 894 1388 975 ei,qui
1415 895 1599 957 multa
1624 894 1776 956 mala
1796 911 1902 973 per
1922 891 2016 954 vi-

368 994 484 1049 tam
519 982 1300 1067 perpetraverit,horribiles
1326 984 1570 1060 quidam
1596 1003 1662 1046 ac
1683 982 2019 1046 morosian-

366 1077 483 1157 geli
513 1075 801 1149 assident,
837 1075 1033 1153 ignem
1069 1091 1138 1134 ex
1176 1073 1363 1136 oculis
1423 1074 1786 1155 emittentes,
1820 1075 2016 1154 ignem

366 1168 691 1248 spirantes,
726 1172 970 1246 propter
1001 1162 1186 1224 animi
1218 1163 1635 1237 acerbitatem,
1673 1164 1834 1227 nocti
1861 1164 2017 1226 vultu

300 1322 303 1323 ν
364 1255 614 1330 similes,
656 1253 730 1316 ob
763 1254 934 1315 faciei
968 1252 1345 1315 tetricitatem
1378 1254 1765 1316 ethominum
1786 1254 2013 1317 odium.

366 1345 580 1409 Postea
601 1346 801 1408 animo
834 1344 940 1405 tibi
966 1343 1153 1423 fingas
1173 1342 1515 1406 barathrum
1546 1343 2018 1425 profundum,te-

368 1435 585 1498 nebras
600 1432 1317 1517 impenetrabiles,ignem
1338 1434 1674 1515 splendoris
1688 1439 2015 1515 expertem,

363 1526 481 1586 vim
513 1525 753 1606 quidem
790 1522 1003 1585 urendi
1026 1523 1087 1583 in
1110 1523 1381 1584 tenebris
1407 1522 1861 1604 habentem,sed
1886 1523 2020 1586 luce

365 1616 737 1676 destitutum:
763 1612 1023 1675 subinde
1048 1612 1337 1674 vermium
1371 1612 1666 1693 quoddam
1695 1631 1885 1692 genus
1914 1632 2017 1676 ve-

365 1712 645 1766 nenatum
674 1722 743 1765 ac
776 1703 1177 1778 carnivorum,
1205 1703 1389 1764 edens
1420 1702 1864 1779 insatiabiliter,
1901 1722 2019 1767 nec

2102 532 2277 590 ἐκεῖνο
2306 534 2367 589 τὸ
2408 531 2624 613 φρικτὸν
2682 531 2769 588 καὶ
2819 530 3133 589 ἀνύποιστον
3185 539 3279 590 τοῦ
3330 536 3555 609 Χριστοῦ
3596 528 3756 587 δικα-

2101 625 2346 702 στήριον,
2410 625 2463 679 ἐν
2516 630 2561 695 ᾦ
2622 621 2998 702 προκαθέζεται
3063 624 3157 686 μὲν
3216 620 3304 679 ὲπὶ
3361 620 3547 699 θρόνου
3603 622 3750 686 τινὸς

2100 714 2309 791 ὑψηλοῦ
2366 715 2452 769 καὶ
2507 712 2811 791 ἒπηρμὲνου
2870 715 2896 769 6
2940 712 3148 791 κριτὴς,
3183 709 3485 791 παρέστηκε
3516 709 3570 766 δὲ
3600 716 3752 768 πᾶσα

2101 806 2136 873 ἡ
2190 806 2359 868 κτίσις
2390 804 2759 882 ὑποτρέμουσα
2788 802 2885 871 τὴν
2934 802 3245 882 ἐπιφανειαν
3300 802 3459 859 αὐτοῦ
3510 801 3608 869 τὴν
3663 799 3754 857 ἕν-

2104 893 2249 960 δοξον
2289 914 2303 929 '
2362 894 2689 970 παράγεσθαι
2742 890 2796 948 δὲ
2848 891 3118 968 μέλλομεν
3167 891 3289 948 καθ’
3348 891 3441 948 ἕνα
3467 892 3540 953 εἰς
3572 889 3752 956 ἐξέτα-

2105 1007 2186 1041 σιν
2239 991 2345 1041 τῶν
2396 981 2736 1060 βεϐιωμένων
2793 984 2954 1058 ἡμῖν,
3018 982 3158 1039 Εἶτα
3215 983 3291 1054 τῷ
3341 980 3516 1038 πολ)ὰ
3544 981 3756 1059 πονηρὰ

2102 1075 2424 1143 πεποιηκότι
2484 1074 2623 1132 κατὰ
2652 1075 2742 1129 τὸν
2777 1073 2888 1149 βίον
2919 1070 3132 1153 φοϐεροί
3174 1093 3314 1136 τινες
3374 1070 3460 1127 καὶ
3491 1081 3755 1148 κατηγετς

2096 1166 2446 1243 ’παρίστανται
2502 1162 2745 1243 ἄγγελοι,
2807 1169 2907 1240 πῦρ
2940 1162 3251 1238 βλέποντες,
3306 1170 3408 1239 πῦρ
3451 1159 3751 1217 ἀναπνέον-

2101 1277 2213 1328 τες,
2273 1252 2358 1312 διὰ
2414 1255 2511 1322 τὴν
2564 1254 2777 1332 πικρίαν
2834 1257 2932 1320 τῆς
2979 1251 3360 1331 προαιρέσεως,
3394 1251 3539 1307 νυκτὶ
3568 1250 3754 1307 ἐοικό-

2102 1367 2189 1408 τες
2218 1346 2284 1401 τὰ
2326 1344 2609 1422 πρόσωπα,
2668 1342 2751 1400 διὰ
2801 1344 2863 1400 τὸ
2914 1344 3154 1422 κατηφὲς
3205 1344 3292 1398 καὶ
3343 1341 3746 1419 μισάνθρωπον.

2106 1440 2240 1493 Εἶτα
2294 1436 2551 1514 βάραθρον
2610 1434 2762 1510 βαθὺ,
2835 1434 2924 1490 καὶ
2987 1433 3179 1493 σκότος
3243 1429 3619 1510 ἀδιεξόδευτον,
3665 1431 3757 1486 καὶ

2102 1535 2202 1606 πῦρ
2233 1525 2478 1601 ἀλαμπὲς
2512 1542 2526 1556 ·
2578 1524 2631 1581 ἐν
2675 1528 2751 1597 τῷ
2780 1523 2958 1580 σκότει
2989 1523 3088 1589 τὴν
3121 1524 3218 1597 μὲν
3260 1520 3555 1588 καυστικὴν
3588 1518 3757 1576 δύνα-

2103 1638 2193 1691 μιν
2224 1613 2378 1695 ἕχον,
2412 1614 2473 1670 τὸ
2503 1611 2557 1669 δὲ
2588 1613 2786 1693 φέγγος
2848 1611 3219 1691 ἀφῃρημένον,
3280 1610 3418 1667 Εἶτα
3451 1606 3755 1678 σκωλήκων

2102 1704 2255 1781 γένος
2304 1702 2513 1761 ἰοϐόλον
2563 1704 2652 1759 καὶ
2710 1703 3068 1780 σαρκοφάγον,
3114 1699 3406 1770 ἀπλήστως
3439 1698 3632 1772 ἐσθίον,
3664 1698 3754 1754 καὶ

365 1812 623 1875 unquam
651 1791 1443 1867 exsatiatum,intolerabiles
1466 1793 1708 1855 dolores
1722 1793 2009 1855 morsibus

2106 1793 2373 1870 μηδέποτε
2441 1793 2840 1872 κορεννυμένον,
2885 1788 3178 1871 ἀφορήτους
3252 1787 3437 1851 ὀδύνας
3496 1787 3752 1863 ἐμποιοῦν

365 1883 659 1946 inducens
691 1902 704 1946 :
743 1892 1047 1965 postremo
1070 1883 1432 1964 supplicium
1454 1882 1722 1945 omnium
1748 1882 2009 1959 gravissi'

2104 1890 2171 1960 τῇ
2227 1880 2581 1959 καταϐρώσει.
2625 1890 2761 1939 Εἶτα
2790 1886 2889 1948 τὴν
2936 1885 3118 1937 πασῶν
3152 1875 3552 1958 χαλεπωτάτην
3577 1875 3753 1933 κόλαο

364 1973 846 2055 mum,probrum
874 1973 1017 2036 illud
1055 1982 1113 2034 et
1137 1974 1398 2036 dedecus
1421 1991 1544 2034 sem
1555 1972 2009 2052 piternum.Haac

2103 1995 2210 2045 σιν,
2241 1974 2333 2029 τὸν
2365 1969 2663 2045 ὀνειδισμὸν
2694 1970 2899 2027 ἐκεῖνον
2932 1970 3019 2025 καὶ
3050 1970 3148 2035 τήν
3181 1968 3442 2047 αἰσχύνην
3486 1968 3584 2033 τὴν
3618 1966 3753 2023 αἰώ-

364 2053 601 2135 time.et
635 2064 746 2125 hoc
771 2065 987 2125 timore
1012 2062 1488 2143 eruditus,quasi
1507 2062 1677 2122 freno
1699 2061 1957 2141 quodam
1986 2081 2009 2122 ε

2104 2084 2235 2125 νιον,
2298 2067 2472 2119 Ταῦτα
2520 2057 2686 2139 φοϐοῦ
2718 2078 2733 2091 ⁸
2796 2060 2884 2115 καὶ
2933 2058 3105 2130 τούτῳ
3145 2064 3221 2131 τῷ
3264 2054 3415 2136 φόϐῳ
3439 2053 3755 2130 παιδευόμε-

365 2152 560 2234 pravis
596 2154 1102 2236 concupiscentiis
1122 2161 1283 2215 tuam
1307 2152 1526 2214 cohibe
1554 2150 2009 2215 animam.Hunc

2101 2174 2211 2230 νος,
2268 2150 2425 2206 οἱονεὶ
2459 2148 2668 2229 χαλινῷ
2711 2171 2811 2204 τινι
2843 2148 3109 2204 ἀνάκοπτε
3140 2148 3238 2214 τὴν
3287 2147 3474 2226 ψυχὴν
3519 2146 3626 2202 ἀπὸ
3654 2148 3751 2215 τῆς

364 2242 603 2305 Domini
632 2234 905 2305 timorem
944 2240 1078 2305 I52
1111 2244 1425 2304 docturum
1478 2259 1542 2302 se
1575 2258 1688 2301 nos
1722 2248 1889 2319 pater
1916 2240 2009 2301 ille

2099 2242 2230 2321 πρὸς
2261 2242 2327 2297 τὰ
2386 2238 2559 2318 φαῦλα
2620 2238 2927 2314 ἐπιθυμίας.
2978 2239 3173 2295 Τοῦτον
3201 2238 3292 2293 τὸν
3325 2234 3488 2315 φόϐον
3519 2241 3610 2293 τοῦ
3642 2245 3752 2295 Κυ-

365 2333 635 2412 promisit
664 2354 679 2409 ;
712 2352 831 2394 non
863 2331 1384 2395 indiscriminatim
1410 2330 1655 2407 quidem
1674 2329 2009 2405 docturum,

2100 2333 2208 2409 ρίου
2236 2328 2499 2389 διδάσκειν
2544 2330 2691 2405 ἡμᾶς
2722 2331 2749 2384 ὁ
2779 2328 2957 2406 πατὴρ
2982 2326 3342 2405 ἐπηγγείλατο
3368 2342 3383 2356 ⁹
3433 2327 3536 2405 οὐχ
3565 2324 3750 2388 ἁπλῶς

361 2420 467 2484 sed
497 2440 621 2497 eos,
658 2422 761 2503 qui
813 2421 868 2482 ei
900 2422 1238 2484 auscultare
1288 2420 1510 2485 volunt.
1548 2438 1666 2481 non
1699 2420 1802 2482 diu
1831 2419 2009 2481 colla-

2099 2421 2381 2494 διδάσκειν,
2448 2418 2585 2476 ἀλλὰ
2628 2420 2754 2483 τοὺς
2802 2419 3015 2476 ἀκούειν
3074 2420 3232 2475 αὐτοῦ
3280 2415 3741 2494 προαιρουμένους,

354 2528 513 2592 psos,
554 2512 658 2574 sed
694 2530 821 2594 eos,
858 2511 959 2594 qui
995 2518 1239 2593 propter
1267 2509 1475 2572 salutis
1503 2509 1871 2571 desiderium
1902 2527 2005 2572 ac-

2095 2516 2151 2571 οὖ
2173 2503 2301 2575 τοὺς
2329 2510 2536 2588 μακρὰν
2594 2508 2964 2571 ἆποπεσόντας
3010 2507 3119 2586 (6),
3152 2505 3290 2563 ἀλλᾶ
3342 2506 3463 2571 τοὺς
3509 2503 3578 2561 δι’
3624 2505 3751 2562 ἐπι-

355 2609 625 2662 currunt:
651 2621 768 2664 non
790 2612 1111 2666 emtraneos
1138 2620 1175 2664 a
1217 2602 1613 2665 Testamentis
1634 2600 1719 2680 64,
1746 2600 1850 2662 sed
1878 2618 2003 2674 eos,

2095 2603 2275 2677 θυμίαν
2337 2602 2430 2657 τοῦ
2478 2602 2715 2666 σωθῆναι
2766 2597 3200 2677 προστρέχοντας
3226 2612 3241 2628 ⁸
3291 2601 3351 2655 οὐ
3393 2596 3518 2660 τοὺς
3576 2594 3753 2661 ξένους

352 2689 453 2770 qui
479 2708 549 2752 ex
584 2690 943 2772 baptismate
993 2692 1177 2755 verbo
1223 2690 1562 2773 adoptionis
1593 2691 1648 2752 ei
1699 2688 2009 2768 conjuncti

2095 2698 2196 2748 τῶν
2258 2692 2561 2763 Διαθηκῶν,
2616 2687 2753 2744 ἀλλὰ
2798 2689 2919 2749 τοὺς
2964 2687 3025 2742 ἐκ
3093 2695 3188 2744 τοῦ
3237 2686 3605 2761 βαπτίσματος
3652 2690 3753 2754 τῆς

352 2789 508 2844 sunt.
543 2782 887 2860 Propterea,
919 2782 1141 2863 inquit,
1176 2781 1396 2856 venite;
1430 2782 1545 2842 hoc
1574 2789 1684 2857 est,
1717 2797 1824 2860 per
1855 2779 2009 2841 bona

2095 2781 2347 2843 υἱοθεσίας
2395 2776 2786 2853 οἰκειουμένους
2844 2784 2923 2850 τῷ
2977 2776 3147 2853 λόγῳ.
3218 2775 3315 2830 Διὰ
3370 2780 3550 2851 τοῦτο,
3597 2777 3752 2856 φησὶ,

354 2888 538 2950 opera
567 2872 1038 2953 appropinquate
1088 2870 1161 2932 ad
1207 2870 1465 2951 me,ﬁlii,
1497 2869 1663 2948 digni
1693 2868 1877 2929 habiti
1908 2867 2009 2947 qui

2095 2869 2235 2930 δεῦτε
2270 2887 2284 2901 '
2330 2868 2596 2940 τουτέστι,
2631 2866 2717 2923 διὰ
2745 2872 2852 2923 τῶν
2888 2867 3099 2943 ἀγαθῶν
3135 2864 3304 2941 ἔργων
3334 2863 3583 2942 ὲγγίσατέ
3630 2888 3750 2940 μοι,

354 2978 461 3040 per
490 2952 1006 3036 regenerationem
1043 2960 1150 3022 filii
1200 2959 1350 3021 lucis
1381 2958 1596 3020 essetis
1622 2958 1708 3017 65.
1755 2956 2003 3030 Audite,

2095 2961 2270 3032 τέκνα,
2317 2960 2416 3014 υἱοὶ
2473 2959 2647 3035 φωτὸς
2721 2954 2964 3033 γενέσθαι
3020 2952 3107 3009 διὰ
3180 2953 3277 3020 τῆς
3337 2952 3750 3030 παλιγγενεσίας

350 3068 451 3111 vos
480 3051 583 3131 qui
614 3069 789 3112 aures
820 3050 1017 3112 cordis
1050 3048 1284 3111 habetis
1300 3055 1559 3128 apertas;
1586 3048 1861 3135 timorem
1886 3044 2008 3135 Do-

2095 3043 2522 3112 καταξιωθέντες,
2590 3042 2903 3116 Ἀκούσατε,
2983 3046 3029 3098 οἱ
3084 3040 3307 3121 ἔχοντες
3374 3042 3442 3098 τὰ
3507 3042 3622 3098 ὦτα
3676 3043 3751 3116 (7)

348 3140 505 3202 mini
531 3141 745 3203 docebo
776 3156 921 3214 vos;
977 3156 1114 3199 eum
1173 3136 1455 3198 videlicet
1487 3154 1663 3215 quem
1700 3134 1865 3195 vobis
1893 3131 2007 3194 ali-

2095 3136 2186 3202 τῆς
2272 3131 2486 3212 καρδίας
2566 3133 2873 3211 ἐνεῳγμένα
2905 3148 2921 3163 ⁸

351 3236 574 3308 quanto
605 3236 744 3289 ante
778 3226 1231 3306 descripsimus.

431 3404 954 3480 9.Vsns.13.Quis
972 3410 1058 3466 est
1079 3405 1253 3467 homo
1272 3403 1518 3486 quivult
1532 3400 2008 3481 vitam,dil'igens

351 3496 482 3558 dies
498 3496 703 3557 videre
723 3495 903 3557 bonos
923 3500 951 3557 ?
974 3493 1035 3557 Si
1059 3494 1218 3574 quis,
1244 3492 1459 3575 inquit,
1498 3493 1621 3555 vult
1653 3494 1853 3565 vitam,
1885 3510 2005 3555 non

352 3603 737 3648 communem
762 3586 935 3659 hanc,
977 3602 1154 3665 quam
1184 3591 1242 3645 et
1292 3582 1465 3644 bruta
1494 3582 1715 3664 vivunt,
1748 3585 1851 3647 sed
1873 3602 2004 3646 eam

350 3696 488 3754 quae
519 3693 661 3737 vere
709 3674 829 3735 vita
852 3681 965 3755 est,
997 3682 1055 3735 et
1101 3680 1291 3734 morte
1323 3692 1442 3733 non
1476 3672 1801 3737 dirimitur.
1836 3673 2005 3735 Nunc

352 3762 1087 3846 enim,inquit,morimini,
1099 3762 1151 3824 Ε
1155 3770 1175 3825 ι
1188 3766 1313 3826 vita
1333 3769 1545 3826 nostra
1560 3771 1646 3827 est
1658 3764 2007 3827 abscondita

348 3875 483 3919 cum
498 3855 735 3918 Christo
751 3855 818 3916 in
837 3853 953 3916 Deo
981 3874 995 3911 :
1018 3870 1156 3915 cum
1177 3870 1315 3915 vero
1331 3851 1607 3915 Christus
1617 3855 2004 3936 apparuerit,

348 3948 478 4010 vita
496 3948 876 4018 nostra,tunc
896 3951 950 4005 et
978 3960 1084 4005 vos
1095 3941 1466 4023 apparebitis
1480 3961 1621 4006 cum
1640 3946 1772 4024 ipso
1789 3950 1857 4005 in
1880 3943 2012 4025 glo-

348 4039 447 4100 ria
465 4034 555 4100 66.
588 4033 771 4114 Igitur
799 4050 940 4097 vere
1000 4033 1119 4094 vita
1171 4039 1262 4095 est
1289 4032 1580 4105 Christus,
1619 4041 1676 4095 et
1706 4043 1906 4095 nostra
1946 4039 2007 4093 in

349 4133 478 4207 ipso
510 4123 883 4187 conversatio
931 4121 1051 4183 vita
1082 4139 1221 4183 vera
1250 4132 1364 4183 est.
1395 4119 1685 4184 Similiter
1713 4130 1913 4184 autem
1949 4130 2007 4182 et

348 4216 478 4277 dies
508 4214 605 4276 alii
640 4222 776 4275 sunt
820 4211 1148 4292 boni,quos
1180 4211 1241 4272 in
1296 4209 1692 4290 promissione
1727 4210 2009 4291 proponit

3015 3130 3190 3188 Φόϐον
3284 3132 3470 3210 Κυρίου
3559 3128 3753 3196 διδάξω

2089 3227 2224 3299 ὑμᾶς
2263 3243 2273 3256 ⁸
2337 3230 2543 3298 τοῦτον,
2596 3223 2655 3279 ’ὃν
2695 3228 2871 3301 μικρῷ
2908 3222 3131 3300 πρόσθεν
3177 3223 3205 3278 6
3249 3220 3410 3300 λόγος
3470 3222 3600 3296 ὑμῖν
3646 3221 3753 3277 ὃπ-

2092 3315 2322 3393 έγραψεν
2335 3362 2349 3375 .

2169 3404 2233 3466 9.
2294 3404 2380 3469 Τίς
2462 3405 2606 3460 ἐστιν
2674 3400 2944 3481 ἅνθρωπος
3025 3405 3053 3459 ὁ
3146 3401 3314 3459 θέλων
3394 3400 3539 3472 ζωὴν
3610 3400 3752 3478 ἀγα-

2088 3500 2203 3551 πῶν
2256 3492 2462 3571 ἡμέρας
2534 3490 2668 3548 ἰδεῖν
2725 3491 2980 3569 ἀγαθάς;
3061 3492 3129 3550 Εἴ
3204 3513 3283 3556 τις
3350 3488 3515 3569 θέλει,
3594 3490 3752 3569 φησὶ,

2087 3585 2253 3657 ζωὴν,
2317 3587 2377 3642 οὒ
2432 3584 2528 3651 τὴν
2572 3582 2765 3649 κοινὴν
2822 3583 3023 3650 ταύτην
3076 3583 3141 3651 ἢν
3194 3583 3283 3639 καὶ
3327 3582 3393 3637 τὰ
3446 3579 3618 3658 ἄλογα
3661 3585 3749 3657 ζῇ,

2088 3672 2226 3730 ἀλλὰ
2256 3673 2355 3740 τὴν
2387 3671 2555 3736 ὅντως
2584 3672 2728 3742 ζωὴν
2761 3672 2860 3738 τὴν
2900 3672 3111 3745 θανάτῷ
3165 3672 3243 3747 μὴ
3292 3669 3449 3727 διαιιο
3462 3671 3747 3736 πετομένην.

2091 3768 2193 3820 Νῦν
2238 3763 2361 3839 γὰρ,
2424 3762 2608 3839 φησὶν,
2644 3760 3033 3837 (Ξιποθνπιςσκετε³
3089 3762 3189 3820 Καὶ
3226 3762 3262 3828 ἡ
3307 3760 3421 3831 ζωὴ
3462 3761 3616 3835 ἡμῶν
3661 3758 3749 3839 (8)

2088 3851 2375 3929 κέκρυπται
2434 3852 2524 3907 σὺν
2582 3857 2660 3924 τῷ
2713 3856 2925 3928 Χριστῷ
2982 3850 3037 3905 ἒν
3085 3850 3163 3924 τῷ
3215 3855 3332 3923 Θεῷ
3360 3865 3377 3880 ⁸
3435 3846 3563 3906 ὅταν
3613 3847 3668 3905 δὲ
3723 3851 3750 3906 6

2091 3949 2313 4018 Χριστος
2409 3943 2688 4021 φανερωθῇ
2720 3988 2736 4014 ,
2824 3942 2859 4008 ἡ
2944 3940 3058 4010 ζωὴ
3154 3939 3310 4015 ἡμῶν
3346 3986 3363 4009 ,
3452 3938 3575 3995 τότε
3659 3931 3749 3995 καὶ

2088 4033 2244 4105 ὑμεῖς
2311 4030 2403 4085 σὺν
2462 4033 2605 4103 αὒτῷ
2685 4030 3121 4107 φανερωθήσεσθε
3194 4028 3249 4084 ἐν
3327 4024 3477 4104 δόξῃ.
3541 4029 3742 4088 Ούκοῦν

2091 4121 2239 4188 καὶὴ
2270 4119 2435 4181 ὄντως
2470 4120 2580 4189 ζωὴ
2633 4120 2661 4174 6
2719 4120 2967 4197 Χριστὸς,
3028 4120 3115 4175 καὶ
3163 4120 3199 4187 ἡ
3248 4117 3485 4195 ἡμετέρα
3513 4117 3567 4175 ἐν
3600 4120 3743 4194 αὐτῷ

2089 4207 2331 4285 διαγωγὴ
2375 4208 2487 4279 ζωή
2522 4206 2661 4265 ἐστιν
2694 4207 2944 4276 ἀληθινὴ,
3004 4205 3234 4283 Ὀμοίως
3277 4205 3332 4263 δὲ
3386 4208 3475 4263 καὶ
3504 4210 3555 4264 αἱ
3592 4206 3740 4282 ἡμέ-

350 4301 825 4382 Propheta.Quis
838 4307 924 4363 est
937 4300 1115 4363 homo
1131 4298 1377 4380 quivult
1391 4299 1865 4379 vitam,diligens
1876 4300 2006 4362 dies

2095 4320 2174 4378 ραι
2206 4296 2359 4353 ἄλλαι
2424 4300 2551 4353 εἰσὶν
2608 4298 2820 4377 ἀγαθαὶ,
2873 4296 2934 4362 ἃς
2994 4297 3047 4356 ἐν
3078 4297 3375 4377 ἐπαγγελίᾳ
3433 4296 3747 4377 προτίθησιν

349 4372 555 4454 vide-re
580 4372 790 4452 bonos?
819 4390 958 4452 Dies
989 4372 1159 4451 enim
1179 4389 1359 4468 hujus
1384 4390 1615 4463 saeculi,
1644 4372 1782 4450 mali
1814 4396 1951 4450 sunt
1988 4409 2001 4449 :

2095 4372 2117 4445 δ
2187 4389 2497 4467 Προφήτης.
2559 4372 2668 4453 Τίς
2716 4372 2859 4444 ἐστιν
2924 4372 3293 4467 ἄνθρωπος’-ὁ
3363 4372 3531 4444 θέλων
3577 4388 3744 4463 ζωὴν,

350 4480 647 4562 siquidem
668 4487 725 4541 et
744 4480 858 4541 hoc
881 4480 1479 4558 saeculum,mensura
1495 4496 1629 4539 cum
1660 4476 1736 4539 sit
1770 4478 1998 4555 mundi,

352 4570 425 4631 de
447 4589 565 4648 quo
593 4569 815 4655 dictum
850 4576 943 4631 est
977 4590 993 4630 :
1020 4566 1287 4630 Mundus
1330 4573 1488 4630 totus
1505 4569 1571 4629 in
1592 4570 1867 4649 maligno
1886 4586 2001 4648 po-

351 4665 507 4722 situs
536 4668 627 4723 est
652 4659 736 4735 67,
774 4666 996 4720 naturae
1028 4656 1257 4738 mundi,
1281 4676 1460 4739 quem
1492 4657 1824 4734 dimetitur,
1848 4658 2000 4720 assi-

355 4749 613 4815 milatur.
648 4749 721 4812 Hi
740 4756 940 4811 autem
964 4747 1090 4809 dies
1105 4754 1302 4827 partes
1322 4755 1461 4810 sunt
1483 4747 1664 4827 hujus
1688 4747 1999 4827 temporis.

353 4840 723 4923 Quapropter
745 4839 889 4901 dicit
932 4836 1253 4919 Apostolus
1282 4858 1295 4898 :
1331 4836 1720 4900 Redimenles
1743 4841 2000 4919 tempus,

350 4932 648 5010 quoniam
677 4931 808 4993 dies
839 4928 991 4991 mali
1019 4933 1162 4990 sunt
1181 4927 1549 5008 38.1temque
1580 4925 1787 4990 Jacob:
1828 4926 1997 5004 Dies,

348 5020 870 5101 inquit,mm0rum
883 5036 1152 5082 meorum
1161 5020 1347 5100 pauci
1360 5025 1420 5080 et
1435 5018 1592 5080 mali
1610 5025 1750 5081 sunt
1769 5016 1856 5082 39.
1879 5017 2000 5080 Ita-

2087 4479 2310 4557 ἀγαπῶν
2375 4476 2581 4555 ἡμέρας
2640 4475 2772 4534 ἰδεῖν
2834 4477 3079 4555 ἀγαθάς;
3142 4479 3205 4533 Αἱ
3272 4477 3373 4556 γὰρ
3416 4484 3510 4534 τοῦ
3553 4477 3745 4542 αἰῶνος

2086 4570 2270 4627 τούτου
2317 4568 2513 4645 ἡμέραι
2585 4571 2836 4646 πονηραὶ,
2887 4564 3072 4634 ἐπειδὴ
3140 4566 3231 4623 καί
3282 4569 3310 4622 6
3382 4567 3510 4623 αἰὼν
3561 4569 3741 4647 οὗτος,

2086 4679 2177 4716 του
2231 4658 2436 4734 κόσμου
2491 4656 2685 4737 μέτρον
2741 4657 3022 4737 ὑπάρχων,
3090 4660 3205 4733 περὶ
3248 4656 3309 4712 οὗ
3365 4656 3605 4735 εἴρηται,
3661 4657 3743 4714 ὅτι

2088 4748 2147 4806 Ὀ
2200 4749 2401 4824 κόσμος
2445 4746 2566 4814 ὅλος
2597 4746 2651 4804 ἒν
2677 4753 2754 4821 τῷ
2801 4751 3023 4825 πονηρῷ
3079 4758 3284 4820 κεῖται,
3342 4755 3743 4828 συναφομοιοῦ-

2085 4860 2170 4894 ται
2229 4844 2297 4915 τῇ
2341 4837 2491 4917 φύσει
2536 4844 2626 4895 τοῦ
2665 4837 2871 4911 κόσμου
2930 4836 2988 4891 ὃν
3038 4838 3313 4915 ἶεκμετρετ.
3354 4835 3500 4916 Μέρη
3532 4834 3586 4893 δὲ
3648 4844 3743 4894 τοῦ

2085 4929 2283 5008 χρόνου
2342 4927 2525 4984 τούτου
2583 4928 2635 4983 αἱ
2700 4924 2889 5005 ἡμέραι
2934 4924 3109 4988 αὗται.
3174 4926 3271 4985 Διὰ
3317 4932 3471 4983 τοῦτο
3516 4948 3679 5006 φησιν
3708 4929 3738 4983 6

2084 5015 2421 5081 Ἀπόστολος
2459 5034 2472 5048 ⁸
2562 5015 3046 5095 Ἐξαγοραζόμενοι
3130 5018 3220 5072 τὸν
3292 5017 3496 5093 καιρὸν,
3554 5014 3634 5072 ὅτι
3690 5018 3743 5072 αἱ

429 5180 494 5231 ϐι
512 5180 735 5262 Ephes.
767 5179 951 5262 11,12.
1034 5178 1152 5237 651
1182 5176 1398 5242 Thess.
1443 5196 1500 5259 ν,
1532 5179 1593 5242 5.
1680 5176 1748 5229 66
1776 5178 2006 5243 Coloss.

2095 5196 2125 5255 ι,
2160 5180 2221 5254 3,
2277 5179 2337 5241 4.
2421 5175 2545 5238 671
2598 5177 2770 5240 Joau.
2831 5193 2888 5251 ν,
2926 5175 3021 5238 19.
3108 5176 3173 5227 68
3235 5174 3458 5256 Ephes.
3515 5191 3570 5250 v,
3638 5172 3734 5237 16.

351 5260 417 5313 69
446 5260 598 5326 Gen.
633 5260 827 5339 XLVII,
851 5261 913 5324 9.

435 5424 523 5502 (6)
571 5426 703 5487 Τοὺς
761 5424 968 5501 μακρὰν
1012 5417 1405 5494 ἀποπεσόντας,
1466 5428 1682 5484 verte:
1741 5437 1839 5484 eos
1897 5422 2003 5501 qui

347 5507 569 5586 praeut
580 5505 744 5586 lapsi
772 5508 940 5564 sunt.
980 5502 1216 5586 Marum.

436 5586 515 5666 (7;
545 5579 965 5666 Itai'mss.,non
991 5580 1180 5666 pauci.
1200 5579 1361 5643 Editi
1382 5579 1603 5661 ἔχοντες
1628 5580 2001 5644 ὧτα.1θὶἁεω

351 5663 521 5731 CG“).
599 5665 789 5727 rimus
811 5663 1149 5740 ἠνεῳγμένα,

436 5747 520 5827 (8)
549 5685 646 5811 ἓίο
670 5751 887 5808 mss.et
907 5743 1091 5807 editio
1123 5742 1149 5806 Ι

592 5745 646 5809 ic
670 5751 887 5808 mss.et
907 5743 1091 5807 editio
1123 5742 1450 5808 Basil.cum
1476 5742 1715 5823 vulgato
1741 5743 2006 5825 Scriptu-

2086 5438 2169 5483 rae
2200 5429 2385 5484 textu.
2413 5417 2607 5481 Editio
2640 5416 2830 5479 Paris.
2881 5416 2994 5486 ζωὴ
3024 5416 3195 5490 ὑμῶν.
3246 5412 3356 5497 Illa
3397 5433 3531 5494 quae
3559 5416 3739 5497 paulo

2089 5501 2245 5564 infra
2269 5502 2569 5580 leguntur,
2625 5498 2746 5553 τότε
2776 5496 2878 5580 mi
2898 5498 3061 5580 {41.814-
3084 5497 3175 5552 σὺν
3222 5495 3364 5572 αότῷ
3423 5495 3738 5580 φανερωθήτ

2084 5587 2235 5640 asses
2265 5546 2499 5662 ὲνθδόξῃ,
2533 5546 2749 5662 desunt
2778 5546 3022 5662 quidem
3045 5576 3105 5637 in
3129 5546 3591 5662 qua_tu0r__rhss.r,
3627 5546 3736 5641 εέά

2084 5656 2567 5745 reperiuntur'in
2594 5657 2731 5722 aliis
2756 5656 3008 5739 perinde
3036 5656 3217 5739 atque
3247 5658 3305 5720 iu
3330 5657 3529 5722 editis.
