4138 6440
304 342 423 410 373

1390 336 1717 401 HOMILIA
1757 334 1844 397 IN
1886 328 2251 395 PSLLMUM
2300 327 2577 393 XXVIII.

3576 320 3695 385 374

300 480 495 560 ἡμέραι
547 479 775 558 πονηραί
826 478 948 553 εἱσι,
1016 477 1113 535 Καὶ
1144 476 1173 533 6
1202 473 1396 534 Ἰακώό
1424 474 1480 532 δὲ
1538 472 1648 554 (9),
1694 474 1764 534 At
1796 468 1935 540 ἡμέ-

2043 485 2145 546 tua
2176 490 2335 534 nunc
2366 475 2426 535 in
2463 475 2572 538 vita
2604 494 2724 537 non
2754 474 3098 549 sumus,sed
3130 473 3192 534 in
3224 466 3689 560 morteJdcirco

301 594 413 653 ραι,
470 571 622 651 φησὶ,
693 573 801 625 τῶν
851 566 985 622 ἐτῶν
1049 586 1151 640 μου
1192 567 1372 644 μικραὶ
1401 566 1488 622 καὶ
1518 563 1768 641 πονηραί,
1804 562 1949 620 Οὔκ-

302 652 392 719 οὔν
476 670 561 717 νῦν
628 657 723 733 μὲν
786 655 881 713 οὒκ
912 656 1071 719 ἐσμὲν
1146 656 1199 711 ὲν
1258 662 1396 733 ζωῇ,
1454 653 1573 710 ἀλλ’
1620 654 1674 709 ὲν
1717 652 1945 726 θανάτῳ,

307 751 401 808 Διὸ
458 749 545 805 καὶ
581 746 777 826 ηὔχετο
841 747 868 801 6
894 744 1245 823 Ἀπὸστολος,
1283 743 1477 823 λέγων’
1514 744 1602 808 Τίς
1634 764 1701 818 με
1740 742 1948 821 ῥύσεται

302 841 363 898 ἐκ
410 837 502 895 τοῖ’)
562 836 811 903 σώματος
900 842 992 891 τοῦ
1060 835 1283 891 θανάτου
1355 836 1589 913 τούτους
1650 830 1842 899 ”Αλλη
1895 830 1951 888 δέ

300 928 379 993 τίς
438 926 550 983 ἐστι
602 926 739 1004 ζωὴ,
801 924 929 999 πρὸς
983 922 1045 991 ἦν
1078 927 1236 981 καλεῖ
1284 926 1424 998 ἡμᾶς
1471 923 1703 1000 ὁλόγος·
1742 924 1829 979 καὶ
1864 929 1950 979 νῦν

302 1018 399 1095 μὲν
461 1018 511 1072 αἱ
573 1014 766 1095 ἡμέραι
797 1015 950 1089 ἡμῶν
1011 1014 1263 1091 πονηραὶ,
1339 1012 1490 1070 ἄλλαι
1528 1012 1584 1068 δέ
1635 1012 1775 1075 τινές
1822 1013 1952 1067 εἰσιν

302 1106 517 1186 ἀγαθαὶ,
574 1102 636 1170 ἃς
695 1102 778 1169 νὺξ
839 1105 898 1161 οὒ
952 1101 1250 1159 διακόπτει·
1284 1102 1434 1159 ἔσται
1466 1104 1567 1181 γὰρ
1613 1105 1640 1158 6
1690 1104 1817 1167 Θεὸς
1850 1105 1950 1160 αὒ-

300 1203 408 1255 τῶν
449 1200 560 1275 φῶς
618 1194 851 1272 αἰώνιον,
904 1192 1273 1267 καταλάμπων
1317 1193 1477 1255 αὗιὰς
1535 1198 1611 1267 τῷ
1655 1193 1791 1270 φωτὶ
1851 1191 1949 1258 τῆς

301 1287 486 1342 ἑαυτοῦ
541 1282 718 1350 δόξης.
780 1284 868 1350 Μὴ
894 1282 1089 1361 τοίνυν,
1125 1280 1252 1337 ὅταν
1284 1282 1518 1358 ἀκούσῃς
1550 1284 1764 1359 ἡμερῶν
1809 1280 1951 1358 ἀγα-

300 1379 426 1450 θῶν,
481 1374 577 1442 τὴν
630 1372 847 1431 ἐνταῦθα
902 1394 990 1428 σοι
1047 1372 1269 1448 νομίσῃς
1331 1372 1474 1443 ζωὴν
1509 1371 1563 1428 ἐν
1612 1370 1953 1449 ἐπαγγελίαις

301 1467 642 1544 προκεῖσθαι.
694 1463 927 1540 Φθαρταὶ
980 1461 1080 1539 γάρ
1111 1462 1240 1517 εἰσιν
1300 1463 1475 1535 αὗται,
1528 1460 1590 1527 ἅς
1622 1464 1648 1518 6
1705 1460 1953 1527 αἰσθητὸς

2037 561 2215 623 etiam
2249 564 3025 646 orabatApostolus,dicens
3052 586 3065 627 :
3098 564 3252 640 Quis
3282 580 3374 624 me
3404 556 3693 621 liberabit

2034 652 2105 713 de
2120 672 2371 735 corpore
2385 659 2603 719 mortis
2628 657 2808 737 hujus
2827 656 3046 718 70?Alia
3062 664 3256 717 autem
3282 650 3549 733 quaedam
3573 647 3689 710 vita

2036 744 2227 817 est,ad
2260 764 2438 826 quam
2460 756 2673 809 vocant
2704 766 2812 808 nos
2834 748 3040 809 isthaec
3070 750 3339 819 verba;et
3368 759 3525 802 nunc
3548 738 3687 820 qui-

2036 834 2175 895 dem
2207 833 2337 896 dies
2368 836 2553 897 nostri
2576 837 2715 898 mali
2747 846 2907 909 sunt,
2966 837 3066 898 alii
3096 853 3234 896 vero
3266 832 3506 914 quidam
3552 835 3689 889 sunt

2035 922 2359 1004 boni,quos
2385 945 2496 987 nox
2526 944 2643 988 non
2677 924 3132 989 intercidit.Ertt
3164 923 3487 987 enimDeus
3520 920 3688 999 ipso-

2034 1032 2166 1075 rum
2195 1016 2289 1076 lux
2313 1017 2811 1095 sempiterna,eos
2834 1017 3039 1091 gloriae
3061 1034 3182 1077 sua:
3204 1015 3334 1074 luce
3358 1012 3685 1072 illustrans.

2035 1106 2126 1167 Ne
2158 1104 2337 1183 igitur
2360 1126 2491 1168 cum
2527 1107 2792 1168 audieris
2823 1107 2951 1168 dies
2992 1106 3202 1177 bonos,
3225 1108 3573 1183 praesentem
3602 1098 3688 1160 is-

2037 1200 2152 1255 tam
2169 1195 2345 1256 vitam
2372 1196 2674 1258 existimes
2692 1197 2797 1257 tibi
2823 1198 3069 1277 proponi
3089 1196 3147 1256 in
3164 1189 3687 1277 promissionibus.

2035 1282 2182 1346 Nam
2209 1301 2357 1365 quos
2388 1284 2514 1347 dies
2545 1286 2632 1347 sol
2656 1276 2960 1348 sensibilis
2980 1284 3281 1367 peragit,ii
3301 1289 3437 1343 sunt
3456 1276 3683 1341 caduci:

2038 1373 2184 1435 nihil
2217 1381 2413 1435 autem
2448 1375 2740 1437 caducum
2775 1376 2989 1455 poterit
3021 1393 3153 1437 esse
3186 1369 3550 1435 conveniens
3580 1369 3686 1430 do-

2042 1482 2183 1524 num
2216 1465 2613 1543 corruptionis
2645 1465 2894 1545 experti.
2933 1465 3168 1528 Etenim
3192 1463 3239 1524 si
3266 1462 3465 1524 anima
3484 1476 3693 1519 corru-

305 1554 457 1623 ἤλιος
506 1553 881 1632 ἀπεργάζεταν
959 1549 1107 1609 οὐδὲν
1194 1548 1249 1606 δὲ
1310 1553 1535 1630 φθαρτὸν
1620 1550 1953 1629 ἁρμ›ζόντως

2043 1553 2237 1632 ptioni
2269 1573 2641 1636 nequaquam
2675 1555 2933 1618 obnoxia
2982 1563 3093 1635 est,
3125 1573 3238 1615 nec
3270 1551 3443 1614 etiam
3478 1566 3691 1611 corru-

300 1644 361 1701 ἄν
412 1641 576 1722 δῶρον
633 1640 840 1719 γένοιτο
895 1647 973 1714 τῷ
1033 1636 1306 1719 ἀφθάρτῳ.
1345 1641 1401 1697 El
1466 1641 1566 1719 γὰρ
1616 1639 1873 1718 ἄφθαρτος
1919 1640 1953 1705 ἡ

2043 1643 2231 1723 ptioni
2256 1644 2508 1706 obnoxia
2542 1646 2755 1707 fuerint
2779 1645 2967 1726 ipsius
2988 1644 3167 1707 dona.
3186 1641 3469 1704 Praeterit
3490 1646 3684 1701 autem

303 1735 486 1812 ψυχὴ,
534 1730 768 1811 ἄφθαρτα
811 1733 976 1796 αὐτῆς
1022 1731 1107 1785 καὶ
1160 1730 1226 1784 τὰ
1255 1730 1585 1809 χαρίσματα,
1643 1730 1739 1788 Καὶ
1807 1735 1953 1806 Παρ-

2043 1732 2250 1813 ﬁgura
2276 1734 2458 1813 huius
2483 1736 2692 1798 mundi
2711 1734 2788 1797 τί.
2823 1734 2989 1808 Quod
3020 1734 3068 1796 si
3096 1737 3183 1795 lex
3220 1730 3489 1793 umbram
3512 1726 3693 1790 habet

301 1806 421 1901 άγέί
466 1822 527 1878 τὸ
576 1806 772 1898 σχῆμα
850 1826 941 1875 τοῦ
1018 1818 1223 1894 κόσμου
1259 1806 1512 1879 ητούτου.
1576 1821 1634 1877 El
1694 1817 1747 1874 δὲ
1804 1819 1953 1876 σκιὰν

2043 1806 2375 1886 futurorum
2428 1824 2720 1887 bonorum
2740 1824 2815 1903 79,
2850 1806 3091 1904 efﬁngas
3111 1823 3286 1885 velim
3309 1819 3509 1883 animo
3535 1816 3688 1880 Sab-

301 1909 419 1990 ἓχει
450 1912 477 1967 6
544 1910 705 1984 νόμος
728 1913 837 1963 τῶν
899 1906 1207 1982 μελλόντων
1274 1906 1506 1985 ἀγαθῶν,
1534 1906 1641 1963 νόει
1695 1908 1785 1982 μοί
1838 1929 1953 1963 τινα

2043 1912 2174 1975 bata
2221 1914 2493 1991 quaedam
2522 1916 2809 1995 jucunda,
2863 1926 3086 1987 sancta,
3117 1933 3184 1975 ex
3209 1909 3447 1974 aeternis
3477 1906 3691 1969 diebus

303 1997 548 2056 Σάϐϐατα
597 1997 845 2077 τρυφερὰ,
908 1997 1059 2075 ἃγια,
1136 1995 1197 2052 ἐκ
1250 2002 1358 2053 τῶν
1431 1998 1655 2053 αἰωνίων
1716 1998 1953 2073 ἡμερῶν,

2043 2003 2319 2077 conﬂata,
2370 2013 2687 2065 nascentes
2710 2005 2903 2084 lunas,
2928 2004 3077 2066 festa
3110 2025 3123 2061 :
3155 2001 3259 2064 sed
3289 1998 3551 2077 intelligo
3580 1996 3685 2071 ita,

302 2088 610 2163 νεομηνίας,
674 2086 883 2162 ἑορτάςο
945 2086 1034 2142 καὶ
1093 2084 1200 2142 νόει
1234 2106 1325 2149 μοι
1377 2084 1531 2151 ἀξίως
1560 2092 1654 2143 τοῦ
1710 2105 1949 2159 πνευμα-

2043 2099 2105 2154 ut
2128 2092 2320 2171 legem
2340 2091 2708 2172 spiritualem
2728 2085 3540 2173 decet.(VEns.lli.)Prohibe
3562 2086 3690 2146 lin-

300 2176 451 2235 τικοῦ
494 2176 682 2252 νόμου.
743 2181 950 2232 Παῦσον
1053 2177 1153 2241 τὴν
1232 2174 1481 2255 γλῶσσάν
1541 2197 1632 2231 σου
1688 2174 1795 2230 ἀπὸ
1854 2195 1953 2229 κα-

2043 2200 2221 2262 guam
2239 2189 2407 2244 tuam
2421 2201 2459 2244 a
2475 2185 2725 2257 malo,et
2738 2183 2907 2245 labia
2922 2189 3025 2245 tua
3037 2202 3110 2243 ne
3123 2175 3686 2261 loquanturdolum.

298 2276 417 2341 κοῦ,
490 2269 579 2323 καὶ
653 2266 816 2343 χείλη
878 2286 969 2321 σου
1025 2274 1119 2323 τοῦ
1211 2265 1288 2340 μὴ
1373 2264 1606 2334 λαλῆσαι
1664 2262 1843 2321 δολον.
1894 2264 1952 2320 Εἰ

2043 2270 2100 2335 Si
2126 2272 2214 2335 vis
2259 2271 2320 2333 in
2350 2270 2568 2334 diebus
2587 2290 2719 2334 esse
2740 2271 2995 2347 bonis,si
3014 2272 3207 2350 diligis
3237 2270 3437 2347 vitam,
3462 2283 3689 2347 praece-

295 2354 474 2434 βούλει
529 2354 584 2411 ἒν
640 2367 762 2415 ταῖς
820 2351 1047 2431 ἡμέραις
1116 2352 1355 2443 γενέσθαι
1416 2367 1539 2418 ταῖς
1584 2354 1841 2432 ἀγαθαῖς,
1907 2352 1951 2407 εἷ

2043 2369 2203 2443 ptum
2232 2363 2363 2423 vita;
2383 2359 3389 2442 perﬁce.Quienim,inquit,diligit
3410 2372 3693 2435 me,prae-

296 2447 510 2527 ἀγαπᾷς
540 2448 635 2514 τὴν
661 2445 827 2519 ζωὴν,
864 2446 1089 2512 ποίησον
1118 2446 1219 2512 τὴν
1250 2442 1470 2514 ἐντολὴν
1492 2450 1591 2512 τῆς
1620 2447 1764 2515 ζωῆς
1797 2444 1951 2523 (10).

2043 2442 2211 2531 cepta
2234 2468 2365 2513 mea
2399 2451 2659 2513 servabit
2689 2452 2772 2515 ⁷³.
2811 2452 3069 2513 Primum
3096 2456 3292 2513 autem
3328 2453 3690 2528 praeceptum

296 2536 359 2596 Ὀ
440 2537 541 2615 γὰρ
621 2534 844 2613 ἀγαπῶν
932 2555 1027 2613 με,
1111 2535 1264 2612 φησὶ,
1352 2534 1444 2597 τὰς
1527 2531 1747 2597 ἐντολάς
1854 2555 1957 2609 μου

296 2627 543 2705 τηρήσει.
606 2623 800 2703 Πρώτη
846 2620 901 2679 δὲ
931 2622 1121 2691 ἐντολὴ
1157 2624 1235 2695 :6,
1284 2626 1493 2680 παῦσαι
1553 2624 1653 2691 τὴν
1710 2621 1957 2701 γλῶσσαν

299 2717 405 2773 ἀπὸ
433 2712 623 2788 κακοῦ,
676 2714 760 2770 καὶ
812 2711 975 2792 χείλη
1008 2711 1099 2769 τοῦ
1132 2714 1208 2788 μὴ
1241 2712 1472 2781 Ααλῆσαι
1504 2711 1687 2769 δόλόν.
1749 2709 1957 2792 Σχεδὸν

298 2807 397 2886 γὰρ
468 2807 500 2874 ἡ
562 2802 955 2884 προχειροτάτη
987 2804 1075 2860 καὶ
1132 2801 1466 2877 πολύτροπος
1498 2803 1736 2881 ἁμαρτία
1783 2804 1817 2871 ἡ
1873 2799 1958 2857 διὰ

299 2896 551 2977 γλώσσης
625 2895 767 2953 ἔστὶν
850 2893 1226 2973 ἐνεργουμένη,
1333 2893 1671 2973 Ὠργίσθηςς
1743 2895 1831 2950 καὶ

300 2984 519 3066 γλῶσσα
570 2980 856 3064 προτρέχει
900 2982 992 3040 Ἐν
1024 2981 1324 3053 ἐπιθυμίαις
1356 2984 1412 3040 εἶ
1441 3003 1456 3064 ;
1485 2984 1573 3040 καὶ
1631 2983 1728 3050 τὴν
1761 2981 1949 3061 γλῶσ-

2045 2539 2484 2621 est,prohibere
2512 2540 2771 2620 linguam
2799 2560 2833 2603 a
2864 2542 3105 2622 malo,et
3135 2540 3311 2611 labia,
3331 2556 3405 2598 ne
3438 2538 3689 2618 loquan-

2042 2637 2136 2691 tur
2156 2629 2383 2691 dolum.
2417 2628 2736 2692 Peccatum
2768 2630 2929 2693 enim
2961 2630 3117 2710 quod
3152 2648 3257 2711 per
3286 2628 3546 2705 linguam
3579 2625 3690 2686 ad-

2047 2718 2322 2791 mittitur,
2359 2719 2625 2779 omnium
2661 2719 2788 2781 fere
2824 2718 3350 2780 familiarissimum
3375 2723 3487 2787 est,
3509 2723 3689 2791 atque

2049 2806 2448 2887 multiplicem
2474 2807 2722 2870 formam
2752 2808 2951 2871 habet.
2977 2808 3167 2871 Iratus
3198 2807 3313 2871 es?
3337 2806 3457 2887 jam
3492 2804 3692 2880 lingua

2043 2896 2376 2978 praecurrit.
2410 2899 2831 2979 Concupiscis?
2854 2899 3028 2961 etiam
3053 2906 3189 2959 ante
3216 2896 3688 2975 omnialinguam

2040 2986 2227 3049 habes
2240 2987 2410 3066 quasi
2428 2988 2752 3067 quamdam
2769 2989 2966 3051 lenam
2986 2986 3692 3064 etconciliatricem,pec-

302 3096 398 3131 σαν
454 3073 602 3151 ἔχεις
657 3074 758 3152 πρὸ
812 3072 1025 3135 πάντων
1096 3074 1253 3129 οἱονεί
1317 3095 1429 3132 τινα
1486 3075 1808 3151 μαστρωπὸν
1865 3075 1952 3129 καὶ

2043 3076 2155 3138 cati
2196 3076 2329 3137 155
2371 3077 2751 3157 adjutricem,
2788 3097 2855 3141 ac
2878 3079 3195 3141 verborum
3219 3074 3517 3139 lenocinio
3550 3090 3689 3154 pro-

301 3166 639 3244 προαγωγὸν,
700 3163 1320 3242 συγκαταπρασσομὲνην
1393 3169 1461 3240 τῇ
1517 3164 1767 3243 ἁμαρτίᾳ,
1813 3167 1951 3220 καθ-

300 3252 721 3332 υποκρὶνομένην
806 3252 929 3327 (11(
988 3252 1108 3315 τοὺς
1189 3253 1441 3320 πλησίον.
1496 3255 1593 3312 Καὶ
1650 3251 1815 3310 ὅπλοι
1870 3274 1951 3309 σοι

306 3344 438 3421 πρὸς
488 3344 584 3409 τὴν
652 3340 853 3397 ἀδικίαν
923 3342 958 3409 ἡ
1017 3339 1255 3419 γλῶσσα,
1321 3344 1399 3418 μὴ
1457 3343 1523 3398 τὰ
1574 3342 1680 3398 ἀπὸ
1727 3340 1939 3422 καρδίας

304 3430 660 3510 φθεγγομένη,
720 3428 857 3490 ἀλλά
914 3430 979 3486 τὰ
1008 3432 1140 3508 πρὸς
1185 3430 1398 3498 ἀπάτην
1449 3431 1806 3508 προφέρουσα.
1850 3431 1945 3488 Καὶ

300 3521 352 3577 τί
406 3518 489 3578 δεῖ
541 3521 714 3577 πάντα
774 3524 849 3593 τῷ
876 3517 1024 3598 λόγῳ
1086 3518 1345 3585 ἐπεξιέναι
1408 3521 1511 3576 τῶν
1559 3517 1644 3575 διὰ
1701 3519 1951 3596 γλώσσης

303 3608 802 3689 ἁμαρτανομένων,
842 3608 1195 3689 Πεπλήρωται
1226 3611 1382 3685 ἡμῶν
1453 3612 1477 3664 ὁ
1532 3610 1644 3686 βίος
1686 3614 1792 3665 τῶν
1849 3608 1953 3665 ἀπὸ

302 3698 553 3779 γλώσσης
613 3698 957 3775 πταισμάτων
1031 3698 1183 3778 (12),
1243 3698 1631 3780 Αἰσχρολογία,
1689 3700 1948 3777 εὐτραπε-

303 3787 411 3862 λὶα,
486 3787 810 3869 μωρολογία,
872 3788 936 3845 τὰ
996 3791 1091 3847 οὐκ
1146 3788 1442 3869 ἀνήκοντα,
1473 3786 1818 3862 καταλαλιαὶ,
1854 3786 1952 3843 λό-

304 3900 397 3957 γος
447 3879 634 3959 ἀργὸς,
688 3878 946 3956 ἐπιορκίαι
1018 3877 1163 3957 (13),
1240 3876 1707 3957 ψευδομαρτυρίαι,
1777 3878 1952 3935 πάντα

304 3975 467 4026 ταῦτα
520 3970 588 4024 τὰ
643 3968 806 4041 κακὰ,
881 3968 968 4024 καὶ
998 3965 1075 4024 ἔτι
1104 3967 1274 4025 πλείω
1307 3969 1537 4048 τούτων,
1568 3973 1665 4036 τῆς
1698 3967 1950 4046 γλώσσης

304 4057 414 4115 ἐστὶ
463 4056 925 4137 δηκιουργήματα.
982 4060 1043 4114 Ol
1150 4056 1205 4113 δὲ
1268 4057 1572 4136 ἀνοίγοντες
1646 4060 1704 4114 τὲ
1779 4059 1953 4131 στόμα

303 4147 441 4204 κατὰ
495 4146 591 4212 τῆς
631 4143 785 4212 δόξης
843 4154 936 4204 τοῦ
981 4153 1132 4221 Θεοῦ,
1195 4150 1281 4204 καὶ
1325 4146 1528 4204 ἀδικίαν
1560 4150 1631 4213 el,-
1694 4149 1753 4204 τὸ
1819 4146 1951 4224 ὕψος

305 4234 612 4311 λαλοῦντες,
654 4230 818 4308 ’ἄλλῳ
845 4237 945 4291 τινὶ
1002 4238 1100 4304 τὴν
1157 4235 1400 4294 ἀσέϐειαν
1428 4240 1515 4295 καὶ
1549 4240 1673 4319 οὐχὶ
1720 4245 1796 4313 τῷ
1869 4240 1956 4315 ὀρ-

305 4325 453 4403 γάνῳ
482 4330 580 4392 τῆς
605 4322 858 4403 γλώῑσης
896 4322 1203 4401 ἐργάζονται
1240 4345 1256 4406 ς
1307 4325 1525 4395 Ἐπειδὴ
1558 4331 1646 4383 οὖν
1701 4329 1795 4386 Ἐκ
1849 4334 1955 4385 τῶν

2038 3167 2233 3229 ximos
2266 3165 2725 3231 subducentem.
2761 3167 2914 3241 Quin
2948 3169 3124 3231 etiam
3158 3168 3359 3247 lingua
3386 3172 3688 3228 armorum

2038 3256 2170 3318 loco
2205 3256 2312 3318 tibi
2342 3265 2432 3319 est
2469 3258 2542 3319 ad
2576 3257 3119 3339 iniquitatem,cum
3152 3276 3227 3321 ex
3250 3256 3435 3319 corde
3466 3273 3585 3316 non
3608 3251 3695 3314 lo-

2040 3350 2259 3425 quitur,
2288 3346 2393 3408 sed
2426 3346 2808 3410 fraudulenta
2835 3347 3224 3429 proponit.Et
3249 3345 3387 3427 quid
3426 3361 3573 3425 opus
3604 3350 3694 3404 est

2037 3434 2231 3497 verbis
2263 3436 2543 3517 persequi
2586 3439 2784 3499 omnia
2810 3438 3031 3517 linguae
3052 3435 3459 3519 peccata?Vita
3489 3441 3691 3495 nostra

2039 3525 2257 3587 referta
2290 3534 2386 3589 est
2412 3525 2633 3606 linguas
2652 3523 3692 3601 delictis.Verbaobscena,scurrili-

2037 3620 2145 3694 tas,
2176 3614 2768 3697 stultiloquium,alia
2794 3635 2910 3678 non
2932 3613 3690 3684 convenientia.obtrecta-

2038 3703 2252 3785 tiones,
2288 3705 2518 3769 otiosus
2547 3724 2770 3780 sermo,
2808 3708 3092 3788 perjuria,
3140 3706 3290 3767 falsa
3324 3701 3690 3784 testimonia,

2037 3793 2239 3855 omnia
2269 3795 2398 3857 haec
2428 3797 2607 3871 mala,
2642 3805 2703 3859 et
2733 3796 2826 3858 his
2845 3798 3040 3859 adhuc
3074 3797 3267 3877 plura,
3309 3794 3523 3872 linguae
3553 3798 3692 3855 sunt

2038 3883 2421 3962 opiﬁcia.Qui
2450 3902 2588 3947 vero
2606 3886 3003 3948 adversusDei
3024 3886 3269 3965 gloriam
3304 3903 3368 3945 os
3389 3882 3687 3963 aperiunt,

2035 3980 2094 4034 et
2122 3973 2511 4055 iniquitatem
2537 3976 2597 4036 in
2625 3977 2927 4038 excelsum
2952 3971 3508 4056 eﬂ‘utiunt,perquid
3528 3971 3690 4033 aliud

2037 4063 2148 4123 nisi
2189 4083 2296 4144 per
2318 4064 2538 4143 lingua;
2571 4067 3037 4129 instrumentum
3058 4064 3420 4145 impietatem
3454 4061 3690 4140 perlici-

2042 4152 2200 4213 unt?
2232 4154 2525 4228 Quoniam
2552 4155 2733 4236 igitur
2762 4156 2998 4219 Extuis
3027 4156 3223 4218 verbis
3242 4150 3690 4232 iustiﬁcaberis,

2041 4249 2097 4304 et
2129 4261 2206 4305 ex
2236 4246 2429 4307 verbis
2460 4248 2584 4308 tuis
2634 4246 3149 4309 condemnaberis
3194 4245 3279 4319 74,
3310 4240 3561 4323 prohibe
3590 4239 3702 4302 lin-

2040 4350 2219 4411 guam
2252 4343 2409 4396 tuam
2442 4353 2476 4397 a
2508 4334 2686 4417 malo,
2708 4354 2818 4398 nec
2852 4336 3163 4397 thesauros
3191 4334 3393 4412 lingua
3423 4330 3698 4393 mendaci

306 4412 484 4491 λόγων
558 4435 651 4470 σου
711 4412 1061 4488 δικαιωθήσῃ,
1150 4415 1236 4469 καὶ
1295 4416 1356 4471 ἐκ
1419 4421 1524 4472 τῶν
1597 4414 1772 4495 λόγων
1862 4440 1953 4473 σου

2043 4422 2260 4516 elﬁcias
2316 4443 2517 4516 vanos.
2556 4412 2924 4506 Insuperque
2966 4424 3225 4505 prohibe
3263 4422 3421 4485 labia
3464 4428 3584 4516 tua,
3619 4438 3697 4481 ne

307 4504 697 4583 κατακριθήσῃ,
760 4508 960 4560 παῦσον
1008 4502 1109 4569 τὴν
1159 4501 1406 4580 γλῶσσάν
1465 4526 1557 4562 σου
1603 4505 1708 4569 ἀπὸ
1766 4508 1949 4581 καγοῦ,

2043 4513 2363 4593 loquantur
2392 4513 2622 4576 dolum:
2650 4501 2761 4577 hoc
2794 4501 2904 4588 est,
2948 4501 3136 4578 totum
3163 4529 3449 4592 organum
3474 4510 3545 4571 ad
3575 4526 3698 4572 ser-

306 4593 502 4669 καὶμὴ
534 4592 823 4671 ἐνεργήσας
869 4592 1268 4668 θησαυρίσματα
1317 4590 1539 4670 γλώσσῃ
1599 4595 1792 4669 ψευδεῖ
1844 4597 1956 4669 μά-

304 4703 451 4744 ταια,
490 4688 695 4740 Παῦσον
727 4680 781 4739 δὲ
811 4682 899 4738 καὶ
955 4682 1021 4737 τὰ
1077 4680 1240 4761 χείλη
1299 4702 1391 4737 σου
1446 4682 1538 4738 τοῦ
1568 4682 1667 4758 ’μὴ
1724 4682 1953 4753 λαλῆσαι

304 4769 478 4829 δόλον·
514 4773 626 4829 ἀντὶ
653 4780 766 4853 τοῦ,
795 4770 973 4830 ”Ολον
1001 4774 1063 4828 τὸ
1094 4770 1315 4851 ὄργανον
1350 4773 1406 4828 εὸ
1450 4774 1578 4850 πρὸς
1619 4773 1717 4841 τὴν
1764 4772 1952 4833 διακο-

2046 4604 2238 4663 monis
2268 4621 2479 4664 munus
2513 4603 2620 4665 tibi
2653 4623 2871 4667 conces
2893 4623 3021 4667 sum
3052 4624 3087 4665 a
3118 4620 3293 4684 prava
3351 4599 3697 4681 operatione

2049 4710 2359 4754 coerceas.
2390 4692 2491 4754 Est
2512 4700 2710 4755 autem
2756 4695 2929 4755 dolus
2963 4695 3257 4755 occultum
3316 4690 3693 4762 maleﬁcium,

2044 4781 2155 4843 sub
2192 4782 2536 4845 officiorum
2564 4784 2763 4864 specie
2794 4784 3062 4864 proximo
3096 4784 3346 4845 illatum.

304 4861 416 4952 νίαν
448 4860 738 4952 τοῦλόγου
769 4884 850 4919 σοι
882 4858 1158 4937 δεδομένον
1190 4860 1478 4952 σχολάζειν
1508 4861 1614 4918 ἀπὸ
1673 4869 1774 4952 τῆς
1830 4876 2067 4949 πονηρᾶς
2140 4872 2400 4952 ἐνεργείας
2458 4858 2709 4942 ποίηᾶον.
2776 4858 2943 4931 ,ςεστι
2994 4872 3049 4929 δὲ
3108 4876 3135 4929 ὅ
3192 4870 3341 4936 δόλος
3412 4869 3699 4927 “Inﬁma

305 4949 525 5030 λαθραία
548 4950 602 5009 ἐν
646 4953 1003 5030 προσποιήσει
1033 4958 1139 5008 τῶν
1171 4950 1494 5029 βελτιόντιον
1526 4974 1602 5027 τῳ
1638 4951 1867 5020 πλησίον
1900 4949 2324 5041 προσφερομένη,

382 5110 445 5162 70
468 5109 647 5179 Rom.
678 5128 779 5187 vu,
811 5110 913 5173 24.
998 5108 1098 5173 ἠΙ
1135 5111 1275 5176 Cor.
1302 5129 1435 5192 vm,
1464 5112 1565 5177 31.
1651 5111 1705 5156 ’⁷2
1728 5112 1910 5179 Hebr.
1949 5135 1953 5181 :

2048 5122 2105 5182 1.
2191 5120 2246 5165 ⁷⁸
2267 5120 2445 5185 Joan.
2480 5139 2598 5204 XIV,
2625 5121 2726 5187 23.
2808 5122 2871 5172 ’τι
2897 5120 3106 5185 Matth.
3138 5136 3242 5202 xu,
3273 5118 3375 5182 3’7.

307 5350 513 5515 δέ’(10)
547 5433 632 5516 Ita
661 5444 893 5516 septem
928 5433 1262 5516 mss.Editi
1295 5456 1435 5501 vero
1481 5435 1713 5511 τήρησον
1746 5440 1838 5504 τὰς
1868 5445 1965 5507 τῆς

305 5520 451 5587 ζωῆς
474 5515 712 5582 ἐντολάς.
734 5514 958 5579 ’δίαιίω
993 5514 1179 5577 editio
1209 5518 1398 5581 Basil.
1437 5524 1496 5580 et
1521 5516 1796 5580 nonnulli
1824 5537 1968 5582 mss.

308 5594 555 5673 γλῶσσάν
586 5618 754 5661 σου...
790 5596 952 5674 γείλη
986 5620 1103 5660 σου.
1140 5596 1368 5662 Vocula
1402 5622 1497 5655 σου
1531 5597 1701 5661 deest
1732 5599 1794 5660 in
1837 5600 1968 5662 edi-

310 5674 473 5757 tione
502 5674 690 5738 Paris.
719 5684 777 5739 et
807 5680 865 5739 in
892 5676 1406 5757 aliisgquibusdam
1436 5695 1580 5740 mss.

393 5755 516 5839 (11)
551 5757 770 5820 Nostra
801 5756 985 5821 editio
1016 5755 1209 5824 Paris.
1241 5759 1804 5838 καθυποκλινομὲνην,
1828 5761 1966 5825 Εάί.

339 5353 364 5409 ἐ
394 5272 474 5353 (9)
503 5271 701 5339 Editio
734 5272 923 5337 Paris.
959 5271 1155 5333 Ἰακώϐ
1183 5296 1269 5335 σε.
1315 5274 1398 5337 At
1428 5282 1547 5337 tres
1579 5292 1722 5339 mss.
1777 5276 1973 5336 Ἰακὼϐ

2066 5281 2145 5344 tio
2179 5281 2361 5347 Basil.
2407 5283 2955 5363 καθυποκριναμένην.
2999 5280 3075 5342 At
3120 5298 3261 5344 mss.
3311 5287 3695 5361 καθυποκρινο-

2050 5386 2238 5438 μενην,

2138 5443 2189 5523 (4
2204 5445 2264 5521 2)
2298 5444 2493 5507 Editio
2522 5445 2703 5507 Basil.
2739 5452 2795 5505 et
2821 5451 2940 5523 tres
2972 5460 3109 5503 mss.
3160 5448 3262 5500 τῶν
3307 5444 3414 5499 ἀπὸ
3444 5441 3692 5523 γλώσσης

2055 5520 2422 5599 πταισμάτων.
2506 5524 2696 5586 Editio
2785 5522 2975 5587 Paris.
3020 5527 3125 5579 τῶν
3154 5524 3259 5579 ἀπὸ
3309 5524 3407 5590 τῆς
3439 5520 3690 5599 γλώσσης

2054 5626 2145 5666 πτ.
2181 5605 2301 5668 Alii
2334 5610 2591 5681 quatuor
2612 5615 2671 5666 et
2693 5623 2835 5667 mss.
2873 5610 2975 5661 τῶν
3018 5602 3108 5660 ἀπ’
3142 5606 3304 5671 αὐτῆς
3333 5625 3423 5681 τιτ.

2135 5685 2252 5761 (t3)
2283 5679 2533 5748 Codices
2562 5686 2826 5766 quinque
2858 5702 3000 5749 mss.
3034 5684 3318 5763 ἐπιορκίαι.
3366 5679 3521 5745 Editi
3550 5695 3686 5740 cum

2052 5765 2201 5847 Reg.
2235 5774 2442 5849 quarto
2469 5765 2734 5848 émcpxla.
