4138 6392
325 373 439 442 377
1425 363 1750 431 HOMILIA
1792 364 1872 428 IN
1918 361 2285 427 PSALMUM
2334 362 2615 425 XXXIII.
3584 361 3700 425 378

324 510 515 588 τόπον,
547 509 599 563 αἱ
630 506 727 579 μὲν
778 503 1038 585 ὀφθαλμοὶ
1088 501 1358 577 λέγονται,
1394 503 1471 574 τῷ
1518 500 1614 569 τὴν
1668 500 1991 567 ἐπισκοπὴν.

2088 496 2231 573 cnli,
2265 496 2424 578 quod
2455 494 2864 559 concreditum
2897 495 2983 556 eis
3019 494 3097 555 sit
3121 513 3336 557 munus
3369 514 3481 558 nos
3510 496 3706 578 inspi-

326 600 481 675 ἡμῶν
501 585 877 670 πιστευθῆναι,
940 596 993 650 αἱ
1036 591 1089 648 δὲ
1118 594 1253 664 ὦτα,
1290 592 1366 665 τῷ
1394 589 1786 670 παραδέχεσθαι
1815 594 1970 667 ἡμῶν

2084 586 2277 659 iendi,
2311 586 2444 649 aliae
2473 585 2843 667 aures,quod
2870 597 3120 675 nostras
3132 602 3344 666 preces
3373 586 3704 666 excipiant.

326 690 420 753 τὰς
451 686 678 757 δεήσεις.
734 694 836 744 Νῦν
895 683 983 739 οὖν
1023 684 1121 749 τὴν
1181 681 1477 747 ἐποπτικὴν
1521 682 1673 754 ἡμῶν
1720 678 1963 755 δύναμιν,

2084 680 2108 741 ἶ
2116 695 2230 739 unc
2260 676 2441 755 igitur
2474 678 2796 756 potentiam
2825 693 2957 756 qua;
2979 694 3085 737 nos
3109 674 3374 756 inspicit,
3403 684 3466 739 et
3498 686 3709 757 poten.

324 780 415 836 καὶ
483 777 585 843 τὴν
643 782 749 831 τῶν
811 778 987 853 εὐχῶν
1044 770 1458 843 ἀντιληπτικὴν,
1493 772 1792 849 ὀφθαλμοὺς
1825 770 1971 826 εἶπει

2084 766 2194 826 iam
2226 785 2359 847 qua;
2382 785 2591 846 preces
2639 765 2908 845 suscipit,
2946 765 3153 826 oculos
3201 764 3349 827 dixit
3382 773 3439 827 et
3498 784 3695 828 aures.

328 870 414 924 καί
492 869 628 927 ὦτα.
703 862 997 943 Ὀφθαλμοὶ
1074 862 1162 919 οὗν
1234 862 1421 937 Κυρίου
1519 859 1603 915 ἐπὶ
1688 859 1918 925 δικαίους
1953 907 1969 939 ,

2084 855 2241 919 )cuh‘
2270 858 2462 936 igitur
2486 856 2731 919 Domini
2756 873 2936 936 super
2946 857 3168 935 justas,
3195 864 3250 917 et
3281 873 3459 918 aures
3488 857 3615 935 ejus
3639 857 3709 918 in

328 958 415 1013 καὶ
464 956 575 1013 ὦτα
653 956 809 1012 αὐτοῦ
889 954 963 1015 εἱς
1050 949 1229 1019 δέησιν
1299 950 1493 1009 αὐτῶν.
1558 947 1776 1016 Ἐπειδὴ
1830 956 1977 1006 πᾶσα

2084 964 2263 1009 preces
2293 947 2825 1019 eorum.Quoniam
2850 946 3047 1006 omnis
3061 944 3212 1024 justi
3233 945 3387 1006 actio
3414 946 3589 1025 digna
3614 952 3711 1008 est

328 1042 510 1124 πρᾶξις
563 1046 656 1100 τοῦ
710 1041 912 1099 δικαίου
964 1039 1079 1106 ἀξία
1130 1039 1226 1107 τῆς
1278 1040 1495 1110 θεωρίας
1556 1047 1649 1095 τοῦ
1700 1046 1854 1116 Θεοῦ,
1890 1040 1976 1095 καί

2084 1054 2191 1116 [uie
2219 1055 2253 1097 a
2283 1034 2405 1096 Deo
2436 1036 2806 1115 inspiciatur,
2837 1042 2891 1096 et
2916 1052 3094 1096 omne
3114 1033 3529 1110 verbum,cum
3558 1035 3708 1096 nihil

329 1142 433 1193 πᾶν
492 1135 662 1213 ῥῆμα,
724 1140 802 1208 τῷ
857 1131 1025 1209 μηδὲν
1110 1132 1284 1210 ἀργῶς
1370 1131 1613 1208 λέγεσθαι
1688 1131 1829 1203 παρὰ
1885 1137 1979 1186 τοῦ

2084 1126 2250 1187 ιιὶοεε
2280 1145 2313 1187 a
2335 1127 2497 1205 justo
2531 1125 2785 1201 dicatur,
2822 1134 3129 1187 actuosum
3157 1134 3246 1188 est
3274 1132 3332 1187 et
3365 1124 3708 1201 elﬁcax,id-

329 1222 551 1299 δικαίου,
614 1223 825 1302 ἐνεργόν
870 1222 982 1279 ἐστι
1042 1223 1127 1278 καί
1188 1219 1514 1299 ἔμπρακτον,
1564 1219 1649 1277 διὰ
1700 1226 1853 1276 τοῦτο
1895 1221 1974 1276 ἀεὶ

2084 1216 2219 1277 :irco
2241 1217 2471 1295 justum
2502 1235 2744 1297 semper
2776 1215 3043 1295 conspici
3075 1224 3132 1278 et
3164 1233 3404 1296 semper
3438 1214 3711 1278 exaudiri

331 1314 614 1394 ἑφορᾶσθαι
663 1315 751 1369 καὶ
803 1314 884 1369 ἀεὶ
935 1312 1293 1368 εἷσακούεσθαι
1350 1314 1441 1367 τὸν
1501 1310 1698 1368 δίκαιον
1743 1313 1770 1366 ὁ
1815 1310 1974 1389 λόγος

2084 1325 2188 1367 tam
2208 1306 2309 1367 illa
2323 1305 2506 1367 verba
2530 1307 3022 1384 docent.(VERs.t
3038 1306 3067 1365 7
3081 1312 3116 1380 .)
3135 1305 3349 1368 Vultus
3372 1315 3575 1368 autem
3590 1307 3703 1368 Do-

330 1403 482 1482 φησί,
537 1402 829 1479 Πρόσωπον
907 1401 961 1457 δὲ
1035 1400 1222 1479 Κυρίου
1281 1400 1366 1456 ἐπὶ
1434 1403 1716 1465 ποιοῦντας
1786 1400 1922 1457 κακᾶ
1955 1445 1972 1477 ,

2084 1396 2214 1457 nini
2242 1412 2425 1475 super
2448 1396 2741 1474 facientes
2759 1395 2942 1471 mata,
2970 1403 3034 1457 ut
3057 1394 3274 1475 perdat
3299 1395 3373 1456 de
3396 1402 3570 1457 terra
3592 1412 3714 1457 me-

328 1502 421 1552 τοῦ
505 1492 867 1569 ὲξολοθρεῠσαι
926 1495 986 1548 ὲκ
1056 1494 1157 1569 γῆς
1213 1492 1274 1546 τὸ
1373 1490 1712 1565 μνημόσυνον
1778 1491 1970 1547 αὐτῶν

2084 1486 2316 1547 noriam
2341 1501 2579 1547 eorum.
2614 1484 2889 1547 Arbitror
2916 1493 3185 1563 apertum
3218 1503 3286 1546 ac
3319 1485 3708 1563 conspicuum

332 1583 623 1661 Πρόσωπον
678 1580 802 1663 (20)
884 1582 1049 1657 αἷμαι
1116 1581 1213 1644 τὴν
1286 1578 1830 1658 πεπαῤῥησιασμένην
1889 1582 1976 1637 καὶ

2084 1574 2297 1636 )omini
2326 1573 2399 1635 ad
2425 1574 2718 1653 judicium
2749 1575 3071 1636 adventum
3103 1573 3223 1634 dici
3254 1574 3504 1637 vultum.
3541 1574 3706 1646 Qua‘

329 1674 556 1752 ιρανερὰν
610 1681 704 1729 τοῦ
760 1662 944 1751 Κυρίου
982 1671 1267 1745 ἐπιδημίαν
1325 1672 1421 1737 τὴν
1479 1672 1564 1727 ἐπὶ
1607 1678 1705 1739 τῆς
1752 1672 1975 1751 κρίσεως

2084 1673 2303 1743 »τυρίον
2333 1671 2390 1725 et
2419 1663 2578 1725 oculi
2604 1662 2864 1739 Domini,
2894 1663 3053 1723 velut
3095 1664 3289 1752 adhuc
3336 1664 3573 1725 eminus
3605 1680 3715 1723 nos

329 1750 597 1841 λέγεσθαι.
654 1764 746 1818 Διὸ
821 1750 910 1818 καὶ
966 1761 1228 1840 ὀφθαλμοὶ
1304 1761 1514 1841 Κυρίου,
1578 1764 1649 1827 ὡς
1709 1750 1795 1819 ἔτι
1853 1760 1975 1840 (21)

2084 1753 2453 1834 nspicientis,
2456 1754 2683 1832 justum
2710 1753 2930 1815 intueri
2954 1753 3231 1814 dicuntur
3248 1750 3297 1793 3*
3332 1773 3347 1829 ;
3371 1757 3499 1833 ipse
3515 1760 3713 1813 autem

332 1850 597 1929 πόρῤωθεν
647 1853 1061 1914 ἐπισκοποῦντος
1092 1850 1259 1927 ἡμὰς,
1295 1848 1599 1907 ἐπιϐλέπειν
1644 1854 1732 1908 τὸν
1778 1852 1976 1909 δίκαιον

2084 1844 2267 1905 vultus
2297 1843 2513 1905 dicitur
2541 1846 2944 1924 appariturus,
2976 1844 3056 1904 ad
3108 1861 3347 1905 omnem
3386 1841 3715 1922 iniquitatis

332 1940 598 2017 εἴρηνται·
634 1944 761 1997 αὐτὸ
832 1939 886 1996 δὲ
931 1944 993 1997 τὸ
1043 1942 1329 2019 πρόσωπον
1390 1940 1833 2019 ἐπιφανήσεσθαι,
1898 1942 1986 1997 ἐπὶ

2084 1934 2421 1996 memoriam
2455 1934 2530 1995 de
2559 1943 2717 1995 terra
2748 1933 3090 1998 delendam.
3115 1934 3273 1996 Cave
3305 1935 3468 1996 enim
3493 1931 3715 2011 cogites

330 2032 393 2086 τὸ
426 2029 785 2109 ἐξολοθρεῦσαι
818 2032 879 2086 ἐκ
909 2032 1010 2109 γῆς
1041 2037 1144 2087 πᾶν
1229 2031 1288 2085 τὸ
1346 2035 1443 2097 τῆς
1474 2032 1730 2109 πονηρίας
1762 2032 1983 2106 μνημό-

2084 2024 2178 2087 Dei
2204 2025 2425 2085 vultum
2458 2024 2747 2104 corporali
2793 2023 2995 2103 specie
3046 2041 3179 2085 esse
3239 2024 3701 2085 conformatum.

333 2142 510 2182 συνον,
573 2121 660 2187 Mr‘;
706 2122 806 2199 γὰρ
865 2143 953 2195 μοι
1008 2124 1326 2194 σωματικῶς
1398 2118 1859 2197 διαπεπλασμένον
1920 2124 1979 2177 τὸ

2084 2112 2349 2194 Alioquin
2366 2113 2450 2174 ita
2459 2131 2695 2193 quoque
2710 2112 3033 2175 absurdum
3059 2114 3360 2177 videbitur
3375 2112 3536 2193 quod
3549 2110 3713 2175 Scri-

339 2209 624 2287 πρόσωπον
655 2217 747 2266 τοῦ
791 2216 924 2267 Θεοῦ
980 2211 1178 2284 νοήσῃς
1210 2208 1359 2287 (22)·
1418 2209 1532 2265 ἐπεὶ
1592 2209 1725 2266 οὕτω
1782 2234 1843 2290 γε
1894 2214 1977 2269 καὶ

332 2297 528 2375 ἄλογον
588 2297 732 2354 εἶναι
793 2296 925 2363 δόξει
975 2300 1036 2354 τὸ
1086 2301 1231 2376 παρὰ
1279 2303 1377 2365 τῆς
1433 2305 1643 2377 Γραφῆς
1675 2302 1976 2379 εἰρημένον,

331 2385 433 2459 ἰδίᾳ
489 2388 585 2461 μὲν
643 2387 944 2468 ὀφθαλμοὺς
988 2388 1249 2467 ὑπάρχειν
1308 2388 1708 2463 ἐπιλάμποντας
1754 2396 1830 2464 τῷ
1894 2389 1978 2446 δι-

333 2477 487 2552 καίῳ,
523 2476 625 2549 ἰδίᾳ
655 2476 709 2533 δὲ
754 2480 815 2534 τὸ
846 2486 1132 2555 πρόσωπον
1187 2479 1568 2558 ἐπιφερόμενον
1632 2494 1752 2546 τοῖς
1800 2505 1978 2549 πονη-

333 2580 470 2645 ροῖς.
538 2567 719 2625 Καίτοι
772 2565 889 2625 οὔτε
946 2566 1206 2646 ὀφθαλμοὶ
1264 2570 1433 2648 χωρίς
1492 2570 1778 2647 προσώπου
1826 2569 1977 2651 (23),

334 2655 452 2713 οὕτε
476 2658 763 2735 πρόσωπον
796 2655 1080 2736 ὀφθαλμῶν
1130 2658 1272 2714 ἐστιν
1345 2658 1587 2738 ἄμοιρον.
1652 2659 1980 2741 ’Ἄνθρωπος

334 2746 431 2821 μὲν
482 2749 571 2803 οὗν
624 2752 683 2805 οὺ
727 2748 804 2821 μὴ
864 2745 956 2823 ἴδῃ
1010 2749 1071 2803 τὸ
1124 2750 1409 2823 πρόσωπον
1459 2751 1667 2828 Κυρίου,
1701 2752 1788 2806 καὶ
1819 2753 1984 2822 ζήσε-

334 2856 447 2893 ται’
481 2838 529 2894 οἱ
575 2835 629 2892 δὲ
662 2834 878 2915 ἄγγελοι
927 2844 1034 2893 τῶν
1094 2840 1148 2893 ἐν
1205 2839 1273 2915 τῇ
1328 2836 1619 2911 Ἐκκλησία
1676 2847 1879 2919 μικρῶν
1902 2841 1987 2897 διὰ

335 2928 534 2989 παντὸς
570 2925 824 3003 βλέπουσι
854 2928 914 2982 τὸ
943 2926 1230 3003 πρόσωπον
1274 2935 1368 2984 τοῦ
1411 2930 1617 3007 [ἰατρὸς
1665 2932 1822 2997 ἡμῶν
1853 2931 1981 3011 (24)

2063 2210 2238 2284 ptura
2266 2200 2434 2279 dixit,
2468 2220 2741 2265 seorsum
2778 2202 3016 2283 quidem
3035 2204 3240 2265 oculos
3270 2222 3409 2266 esse
3435 2204 3535 2283 qui
3554 2202 3714 2282 justo

2064 2293 2408 2373 aﬂ‘ulgeant,
2439 2311 2713 2356 seorsum
2743 2311 2886 2356 vero
2927 2293 3146 2355 vultum
3177 2294 3279 2374 qui
3305 2296 3365 2356 in
3396 2294 3587 2355 malos
3620 2298 3719 2353 in-

2066 2389 2261 2444 tentus
2284 2384 2381 2447 sit.
2406 2382 2477 2444 Et
2496 2400 2639 2446 vero
2662 2400 2860 2465 neque
2884 2384 3037 2446 oculi
3062 2383 3194 2446 sine
3215 2384 3375 2445 vultu
3399 2391 3565 2461 sunt,
3601 2399 3717 2443 ne-

2067 2492 2183 2553 que
2207 2474 2402 2535 vultus
2432 2490 2650 2553 expers
2679 2482 2770 2536 est
2799 2474 3131 2536 oculorum.
3168 2475 3363 2537 Homo
3386 2473 3567 2553 igitur
3596 2489 3719 2532 non

2064 2562 2288 2623 videbit
2310 2562 2521 2624 faciem
2541 2561 2800 2637 Domini,
2829 2570 2887 2623 et
2916 2560 3175 2623 vivet”:
3214 2562 3411 2643 angeli
3442 2580 3579 2624 vere
3609 2579 3717 2623 eo-

2071 2670 2206 2715 rum
2238 2653 2336 2733 qui
2360 2652 2421 2712 in
2446 2652 2710 2715 Ecclesia
2735 2650 2935 2732 pusilli
2959 2660 3369 2733 sunt,semper
3393 2651 3599 2715 vident
3627 2650 3721 2711 fa-

2070 2743 2225 2805 ciem
2251 2742 2441 2804 Patris
2457 2743 2665 2817 nostri,
2689 2744 2788 2822 qui
2818 2743 2879 2803 in
2912 2741 3079 2804 cmlis
3110 2752 3202 2804 est
3220 2740 3296 2802 ⁸³.
3333 2740 3525 2813 Quare
3553 2759 3715 2802 nunc

2071 2833 2314 2915 quidem
2346 2833 2476 2894 ﬁeri
2508 2850 2627 2893 non
2657 2840 2871 2912 potest,
2908 2840 2971 2893 ut
3000 2852 3133 2905 nos,
3164 2831 3441 2912 gloriosae
3469 2830 3718 2893 visionis

2070 2923 2479 3005 aSpectum,ob
2492 2922 2687 2984 carnis
2701 2921 3073 2984 debilitatem
3089 2941 3198 2985 nos
3212 2922 3720 2997 circumdantem,

336 3022 427 3070 τοῦ
449 3018 504 3072 ἒν
537 3016 659 3078 τοῖς
724 3015 967 3084 οὒρανοτς
1045 3018 1189 3073 Διότι
1248 3024 1335 3074 νῦν
1388 3018 1484 3094 μὲν
1538 3024 1788 3099 χωρῆσαι
1840 3023 1985 3097 ἡμᾶς

2084 3013 2594 3096 ιρρῐείιεηιίεωιιδ
2623 3032 2640 3090 ;
2671 3014 2865 3093 angeli
2922 3033 3086 3097 vero,
3121 3014 3281 3093 quod
3325 3013 3557 3075 nullum
3596 3013 3719 3075 tale

337 3106 433 3173 τὴν
480 3104 602 3161 θέαν
644 3110 741 3173 τῆς
793 3103 999 3171 ἐνδόξου
1055 3108 1359 3187 ἐπιφανείας
1421 3105 1505 3162 διὰ
1561 3114 1660 3174 τὴν
1720 3110 1992 3170 ἀσθένειαν

339 3200 437 3262 τῆς
468 3197 660 3274 σαρκὸς
691 3196 790 3263 τὴν
824 3196 1198 3275 περικειμένην
1254 3200 1389 3273 ἡμῖν
1432 3198 1742 3279 ἀμήχανον·
1779 3203 1826 3259 oi
1857 3202 1989 3278 μέν·

343 3307 423 3340 τοι
468 3285 711 3366 ἄγγελοι,
766 3294 844 3361 τῷ
902 3286 1068 3363 μηδὲν
1127 3286 1274 3367 ’ἐχειν
1331 3287 1690 3365 προκάλυμμα
1720 3300 1991 3353 τοιοῠντον

343 3374 713 3453 παραπλήσιον
769 3382 837 3453 τῇ
883 3377 1116 3455 ἡμετέρᾲ
1173 3381 1350 3458 σαρκὶ,
1401 3378 1492 3435 ὑπ’
1555 3378 1762 3444 οὖδεδὸς
1824 3384 1991 3458 ἐμποο

342 3462 565 3537 δίζονται
634 3467 901 3535 διηνεκῶς
990 3468 1301 3539 ἐνατενίζειν
1378 3474 1456 3542 τῷ
1548 3471 1820 3548 προσώπῳ
1888 3478 1985 3541 τῆς

342 3552 495 3623 δόξης
557 3562 650 3614 τοῦ
692 3557 845 3619 Θεοῦ,
912 3557 1089 3614 ’Ὥστε
1118 3560 1203 3614 καὶ
1233 3561 1419 3634 ἡμεῖς,
1469 3559 1682 3616 ἐπειδὰν
1714 3562 1990 3640 γενώμεθα

343 3649 439 3705 νὶοὶ
469 3649 563 3717 τῆς
595 3650 959 3727 ἀναστάσεως,
995 3651 1115 3708 τότέ
1144 3650 1652 3729 καταξιωθησόμεθα
1696 3656 1793 3724 τῆς
1833 3659 1990 3736 πρόσ-

344 3760 491 3795 ωπον
549 3740 679 3817 πρὸς
735 3741 1020 3819 πρόσωπον
1078 3740 1347 3820 γνώσεως.
1416 3743 1540 3801 Τότε
1590 3741 1644 3799 δὲ
1674 3746 1849 3820 οἱμὲν
1908 3746 1984 3804 δί-

345 3851 484 3887 καιοι
556 3828 611 3885 ἐν
662 3830 974 3909 ἀγαλλιάσει
1043 3833 1144 3898 τῆς
1193 3830 1311 3899 θέας
1360 3833 1453 3889 τοῦ
1509 3833 1794 3912 προσώπου
1854 3858 1989 3894 κατ-

2076 3105 2475 3167 velamentum
2489 3104 2713 3165 habent
2728 3102 2891 3165 carni
2911 3112 3128 3167 nostra;
3144 3103 3547 3171 consimile.re
3561 3102 3726 3164 nulla

2077 3193 2489 3277 impediuntur
2517 3192 2838 3274 quominus
2868 3194 3079 3258 faciem
3123 3194 3327 3274 gloriae
3374 3192 3480 3254 Dei
3507 3192 3727 3271 jugiter

2076 3282 2784 3367 contemplentur.0uare
2811 3292 2871 3347 et
2891 3303 3024 3360 nos,
3056 3294 3442 3365 posteaquam
3464 3281 3570 3343 ﬁlii
3590 3281 3728 3344 facti

2076 3374 2369 3436 fuerimus
2401 3374 2884 3455 resurrectionis,
2917 3383 3056 3437 tunc
3076 3393 3146 3436 ea
3166 3392 3301 3456 quas
3332 3385 3421 3435 est
3448 3372 3625 3435 facile
3651 3370 3724 3432 ad

2075 3466 2286 3527 faciem
2305 3464 2647 3541 cognitione
2658 3464 3232 3544 dignabimur.Tunc
3251 3466 3411 3525 enim
3425 3463 3729 3542 justicon-

2077 3563 2347 3635 spectum
2369 3552 2611 3635 quidem
2632 3554 2824 3616 vultus
2840 3554 2900 3615 in
2925 3554 3323 3616 exsultatione
3343 3569 3726 3632 consequen-

2079 3654 2196 3721 tur,
2224 3651 2571 3725 peccatores
2617 3661 2754 3705 vero
2796 3643 3101 3724 injudicio
3129 3665 3145 3725 ;
3171 3662 3308 3706 cum
3338 3643 3608 3704 futurum
3627 3640 3725 3715 sit,

2082 3745 2150 3797 ut
2180 3740 2488 3816 peccatum
2521 3752 2699 3796 omne
2721 3735 2884 3815 justa
2905 3734 3014 3796 Dei
3044 3734 3341 3797 sententia
3359 3731 3730 3797 extermine-

2082 3837 2199 3892 tur.

344 3918 752 3990 ἆξιωθήσονταν
785 3924 833 3977 οἱ
862 3920 917 3977 δὲ
950 3920 1075 4003 (25)
1133 3921 1440 4000 ἁμαρτωλοὶ
1469 3924 1525 3978 ἓν
1554 3924 1743 4003 κρίσει,
1778 3926 2081 4002 μελλούσης
2115 3919 2538 4000 ἐξολοθρεύεσθαι
2583 3918 2727 3998 παρὰ
2782 3923 2881 3985 τῆς
2926 3916 3130 3982 διγαίας
3189 3919 3410 3996 κρίσεως
3442 3919 3537 3971 τοῦ
3598 3920 3731 3971 Θεοῦ

346 4009 526 4077 πάσης
548 4015 647 4077 τῆς
676 4012 959 4089 ἁμαρτίας,

428 4099 529 4162 42.
590 4097 905 4179 Ἐκέκραξαν
962 4103 1006 4159 οἱ
1067 4100 1284 4184 δίκαιοι,
1370 4106 1458 4162 καὶ
1535 4108 1563 4161 ὁ
1634 4107 1818 4185 Κύριος
1878 4111 1994 4168 είσ-

2168 4110 2262 4170 12.
2295 4100 2478 4165 Vsns.
2528 4098 2625 4161 18.
2668 4098 3116 4161 Ctamaverunt
3145 4098 3327 4177 justi,
3356 4102 3412 4158 et
3442 4096 3735 4157 Dominus

350 4186 577 4255 ἤκουσεν
621 4187 817 4262 αὐτῶν,
878 4192 965 4247 καὶ
1013 4192 1074 4248 ἐκ
1130 4198 1316 4249 πασῶν
1378 4196 1485 4253 τῶν
1529 4184 1759 4272 θλίψεων
1825 4201 1991 4256 αὐτῶν

2084 4194 2405 4261 exaudivit
2432 4208 2551 4265 eos,
2580 4193 2635 4251 et
2664 4206 2743 4252 ea:
2773 4189 3050 4251 omnibus
3098 4184 3597 4249 tribulationibus
3628 4201 3731 4247 eo-

353 4274 600 4355 ξῤῥόσατο
658 4278 871 4341 αὐτούς.
907 4282 1092 4369 Νοητὴ
1142 4289 1247 4339 τῶν
1297 4281 1508 4342 δικαίων
1563 4288 1599 4354 ἡ
1662 4290 1893 4369 κραυγὴ,
1940 4290 1991 4346 ἐν

2084 4305 2219 4350 rum
2251 4283 2529 4347 liberavit
2558 4297 2677 4342 eos.
2714 4278 3014 4361 Spiritalis
3036 4286 3127 4340 est
3144 4277 3447 4369 justorum
3479 4276 3733 4369 clamor,

350 4373 429 4462 τῴ
470 4373 689 4462 κρυπτῶ
730 4372 827 4462 τῆς
884 4366 1104 4462 καρδίας
1155 4370 1256 4462 τὴν
1317 4372 1719 4462 μεγαλοφωνίαν
1769 4366 1991 4459 ἔχουσα,

2084 4377 2141 4438 in
2163 4374 2403 4438 occulto
2426 4370 2628 4434 cordis
2646 4386 2889 4434 recessu
2912 4388 3116 4431 vocem
3141 4368 3317 4431 altam
3342 4366 3733 4462 eden_s,quip-

351 4453 616 4547 δυναμένη
662 4456 931 4539 ἐφικέσθαι
989 4457 1115 4539 (26)
1176 4460 1265 4517 καὶ
1307 4461 1484 4519 αὐτῶν
1532 4453 1639 4521 τῶν
1708 4453 1862 4524 ὤτων
1904 4467 1991 4525 τοῦ

2084 4485 2157 4547 pe
2186 4463 2291 4547 qui
2321 4462 2395 4524 ad
2415 4461 2579 4543 ipsas
2599 4461 2775 4523 etiam
2810 4460 2917 4525 Dei
2940 4477 3115 4523 aures
3155 4464 3334 4540 queat
3362 4457 3734 4547 pertingere.

353 4553 507 4608 Θεοῦ.
572 4543 632 4605 Ὀ
704 4549 805 4628 γὰρ
862 4547 1072 4627 μεγαλα
1122 4551 1308 4621 αἰτῶν,
1366 4556 1454 4610 καὶ
1511 4556 1629 4633 περί
1677 4555 1991 4636 ἐπουρανίων

2084 4543 2385 4629 Qui—enim
2416 4570 2629 4632 magna
2650 4552 2821 4634 petit,
2855 4560 3333 4633 apprecaturque
3360 4547 3650 4623 cmlestia,
3683 4545 3737 4608 is

354 4636 671 4719 εὐχόμενος,
745 4640 896 4703 οὗτος
948 4638 1152 4715 κοάζει,
1228 4641 1315 4698 καὶ
1372 4641 1637 4711 ἀκουστὴν
1696 4644 1991 4723 ἂναπέμπεί

2084 4644 2299 4709 damst
2318 4650 2377 4705 et
2398 4660 2609 4724 preces
2637 4661 2774 4721 quas
2801 4640 3198 4705 sxaudiantur
3225 4639 3298 4701 ad
3324 4640 3514 4702 Deum
3534 4648 3739 4701 trans-

436 4795 485 4841 εί
519 4795 677 4864 Psal.
711 4814 917 4877 sum,
946 4798 1046 4865 16.
1132 4795 1188 4882 εξ
1214 4800 1405 4864 Exod.
1437 4814 1648 4881 χχχιιι,
1682 4806 1783 4870 20.
1873 4804 1930 4852 ⁸⁸
1954 4811 1991 4874 D1

2084 4811 2166 4874 th.
2196 4810 2490 4881 xvm,10.

441 4961 570 5042 (90)
608 4960 767 5025 Editi
790 4979 925 5047 cum
942 4979 1076 5047 uno
1104 4980 1217 5047 ms.
1253 4966 1538 5047 πρόσωπον
1560 4964 1636 5029 δέ.
1662 4964 1729 5029 In
1751 4967 2006 5047 reliquis

363 5059 501 5104 vero
536 5041 685 5103 mss.
710 5041 918 5104 vocula
938 5042 993 5099 δέ
1018 5041 1333 5106 omittitur.
1360 5044 1730 5120 Ibidem,ubi
1748 5049 1807 5109 in
1831 5041 2006 5115 editis

365 5121 605 5209 legitur,
641 5126 738 5209 τὴγ
788 5122 1331 5209 πεπεβὲηῖιασμέγην
1383 5128 1471 5185 καὶ
1519 5125 1769 5209 φοϐεράν,
1798 5137 2007 5193 mani-

362 5205 676 5291 festumac
692 5202 1147 5291 formidabilem
1167 5202 1807 5291 adventum,scriptum
1837 5210 2007 5275 inve-

367 5284 562 5372 nimus
582 5287 646 5347 in
670 5303 879 5347 novem
904 5302 1047 5347 mss.
1082 5287 1188 5372 191v
1212 5284 1750 5372 πεπαῤῥησιασμένην
1780 5294 1869 5351 καὶ
1897 5316 2006 5372 φα-

366 5366 863 5447 νερᾷν,αρϐνίῑι1η
894 5374 951 5428 et
978 5366 1368 5447 conspicuum
1392 5366 1745 5433 adventum.

608 5445 761 5528 Οοιο
811 5464 953 5508 mss.
990 5445 1069 5505 διὸ
1122 5445 1386 5528 ὂφθαλμοὶ
1431 5453 1530 5527 μὲν
1584 5455 1657 5519 ὡς
1717 5452 1815 5514 ἔτι.
1880 5450 2039 5516 Mox.

374 5522 556 5614 ""319
579 5526 833 5614 πὶεὲχέῖτῖ
859 5534 958 5614 τιῖξ·
1115 5609 1125 5614 ,
1174 5522 1183 5528 ’
1301 5522 1310 5527 ’
1432 5522 1442 5527 ⁷
1895 5612 1904 5614 _
2134 5522 2145 5536 ’
2190 5534 2308 5614 (‘25)
2336 5534 2395 5591 Οἱ
2426 5529 2995 5614 8é,etc.Peccatores
3024 5522 3625 5614 iniudictoxSupple
3648 5522 3752 5579 ἆπὺ

450 5605 567 5695 (Q2)
594 5605 751 5695 Editi
782 5606 1059 5683 ἐννοήσῃς.
1096 5609 1175 5695 At
1205 5617 1432 5695 septem
1458 5628 1614 5695 mss1
1642 5612 1991 5690 vovschli-

2094 5604 2301 5695 κοινοῦ,
2360 5604 2631 5695 τῆσθέξις
2693 5620 2784 5695 τοῦ
2868 5604 3155 5695 προσώπου
3235 5604 3746 5695 καταξιωθήσονται,

369 5693 594 5776 quanto
628 5694 763 5776 post
792 5704 934 5776 mss.
970 5682 1202 5776 εοιιῐδίᾳ
1231 5682 1349 5776 γᾷρ.
1388 5691 1549 5776 Editi
1576 5692 1677 5767 ἰδίᾳ
1703 5682 1822 5772 μέν.
1858 5695 2003 5776 Reg.
2095 5682 2424 5776 consp’ecju
2478 5691 2680 5776 vultus
2711 5682 3162 5776 dignabuntur,
3198 5688 3303 5776 sed
3342 5682 3748 5749 tremebundi.

369 5715 594 5765 quuuw
628 5715 762 5767 μυδι
792 5715 934 5751 ιιιδδ.
970 5715 1071 5749 sex
1104 5715 1202 5763 ιοιᾳ
1231 5715 1300 5771 γα
1338 5741 1349 5754 .
1388 5715 1549 5753 nam
1579 5715 1677 5767 ιοιᾳ
1703 5716 1822 5772 μεν.
1858 5715 1983 5776 neg

361 5774 608 5849 quartus
637 5774 696 5831 et
724 5764 896 5831 Golb.
934 5767 1224 5851 septimus
1251 5715 1352 5846 ἰδίᾳ
1382 5774 1702 5853 ὀφθαλμούς.

2095 5715 2424 5775 οοηερεσιιι
2478 5715 2680 5754 vuttus
2711 5715 3162 5829 atsguaauntur,
3198 5715 3303 5750 seu
3343 5715 3383 5749 ιι

2183 5776 2308 5855 (26)
2334 5770 2484 5853 Reg.
2519 5772 2735 5835 tertius
2793 5774 3061 5856 υναμένην
3093 5771 3383 5853 ἐφικέσθαι.

2172 4970 2303 5053 (23)
2336 4965 2495 5033 Editi
2526 4969 2694 5053 χωρὶς
2718 4974 2810 5053 τοῦ
2840 4963 3155 5053 προσώπου.
3180 4962 3255 5053 ᾼι
3288 4977 3431 5022 mss.
3599 4974 3747 5039 pau-

2094 5055 2149 5135 ci
2382 5038 2694 5135 προσὶὗτπιὲξυἶ
2732 5038 2894 5135 Mog
2917 5044 3048 5135 loco
3098 5043 3454 5135 verborum.
3482 5038 3748 5135 illorum,

2095 5119 2225 5192 cii-c2.
2266 5119 2568 5211 πρόσωπον-
2608 5128 2917 5211 ὀφθαλμῶν-
2955 5125 3097 5182 ἐστιν
3160 5123 3408 5211 ἄμοιρον,
3438 5119 3659 5211 legitur
3681 5119 3752 5211 ‘ill

2096 5199 2357 5277 editioue
2416 5208 2596 5273 Basil.
2650 5199 3103 5287 οὕτεπρόσωπον
3154 5199 3322 5286 χωρίς
3372 5199 3516 5261 εστιν
3546 5199 3748 5281 ὀφθαλ-

2104 5320 2317 5456 μωῖεὶδι)
2350 5372 2433 5434 [ta
2464 5388 2608 5433 mss.
2638 5378 2891 5452 septem.
2916 5366 3075 5432 Editi
3105 5383 3240 5428 cum
3264 5364 3413 5443 Reg.
3439 5370 3607 5426 sexto
3630 5368 3749 5420 Πα-

2102 5454 2222 5536 τρὸς
2259 5454 2455 5536 αὐτῶνέ
