2069 3191
222 172 283 206 379
887 173 919 205 S.
941 173 1083 206 BASILII
1113 174 1238 207 MAGNI
1857 176 1919 211 380

223 240 322 272 mittit.
340 239 557 272 Clamaverunt
572 239 674 279 itaque
688 240 763 278 iusti
773 251 780 276 ;
794 240 867 271 nihil
883 240 1031 280 abjectum

1089 245 1127 279 τῷ
1150 245 1208 280 Θεῷ
1230 242 1278 276 τὴν
1301 242 1397 283 εὐχὴν,
1418 241 1578 283 Ἐκέκραξαν
1596 245 1641 273 οῦν
1662 245 1686 274 οἱ
1715 244 1840 274 δίκαιοιό
1858 245 1916 275 ὖδὲν

223 285 298 317 nihil
314 285 556 323 terrenum,nihil
568 284 680 316 humile
693 284 1038 327 inquisieruntProptert

1088 287 1281 327 μικροπρεπὲς,
1303 287 1357 317 ὧδὲ
1373 289 1481 329 γήϊνον,
1506 288 1564 318 οῦδὲ
1580 291 1709 319 ταπεινὸν
1730 290 1912 326 ἐπεζήτησαν·

225 340 261 362 ea
275 340 378 361 vocem
393 332 525 371 ipsorum
540 329 673 370 suscepit
689 330 845 369 Dominus,
865 330 933 361 155
958 338 987 362 et
1012 342 1038 363 ei

1090 333 1139 360 Διὰ
1173 336 1250 361 τοῦτο
1287 334 1372 362 αὐτῶν
1402 333 1560 373 παρεδέξατο
1590 335 1638 369 τὴν
1660 336 1780 376 φωνὴνδ
1809 337 1915 377 Κύριος,

226 376 365 406 omnibus
377 374 622 407 tribulationibus
637 383 740 405 eorum
756 375 892 406 liberavit
905 385 967 408 eos.
984 376 1038 408 Ta-

1088 377 1131 405 καὶ
1157 376 1187 405 ἑκ
1208 380 1301 406 πασῶν
1326 381 1378 406 τῶν
1406 378 1522 417 θλίψεων
1556 380 1643 408 αὑτῶν
1665 374 1787 420 ἓῤῥύσστο
1808 374 1914 413 αὑτούςί

224 430 293 452 men
306 430 364 452 non
375 425 433 451 tam
444 429 495 451 eos
509 429 525 450 a
540 419 631 450 rebus
645 419 779 452 adversis
794 420 939 462 liberavit,
957 431 1038 462 quan

1089 424 1119 451 οὒ
1134 423 1258 451 τοσοῦτον
1275 422 1415 451 ἀπολλύων
1428 425 1522 456 αὐτοὺς
1533 428 1585 453 τῶν
1596 424 1736 465 ὀχληρῶν,
1753 425 1815 454 ὅσον
1830 427 1915 466 κρείτ-

224 475 275 497 eos
283 469 454 496 eventorum
466 465 593 496 victores
599 464 818 511 eﬂ‘ecit.(Vsns.
835 466 999 511 19.)Pr0pe
1007 476 1036 497 es

1088 478 1167 499 τονας
1212 472 1264 496 τῶν
1307 467 1504 506 συμϐαινόντων
1556 464 1770 506 κατασκευάζων,
1818 464 1916 511 Ἐγγὺς

224 510 377 542 Dominus
383 511 422 542 iis
429 511 482 556 qui
487 510 621 556 contrito
628 514 699 556 sunt
708 510 841 556 corde,et
850 510 977 542 humiles
987 511 1037 551 spi

1089 511 1185 552 Κύριος
1225 520 1284 545 τοῖς
1325 514 1555 553 συντετριμμένοις
1594 515 1643 549 τὴν
1692 514 1799 555 καρδίαν
1817 540 1826 556 ,
1858 510 1916 545 καὶ

222 557 284 588 ritu
291 556 419 587 salvabit
426 554 593 595 .Suaipsius
600 554 734 586 bonitate
741 554 879 586 omnibus
891 558 1036 597 appropiu

1090 558 1149 589 τοὺς
1185 559 1326 590 ταπεινοὺς
1359 559 1396 596 τῷ
1433 560 1565 599 πρεύμασί
1619 559 1711 592 σώσει.
1729 554 1781 599 ντῇ
1817 554 1916 590 -ἓαυτοῦ

220 606 289 642 quat
304 601 448 632 Dominus
463 610 469 630 :
489 609 542 631 nos
560 609 629 631 vero
642 609 833 630 removemus
848 603 1038 641 nosmetipsos

1087 603 1233 641 ἆγαθότητι
1262 606 1346 631 πᾶσιν
1369 604 1477 643 ἐγγίζει·
1519 604 1686 644 μακρῦνομεν
1729 604 1756 633 δὲ
1803 606 1912 637 ἑαυτοὺς

221 656 274 687 per
290 650 457 687 peccatum.
473 645 553 677 Ecce
568 646 661 685 enim,
676 644 785 685 inquit,
800 646 853 686 qui
864 646 1038 687 clangunt“

1088 648 1171 685 ἡμεῦς
1201 647 1243 676 διὰ
1271 649 1321 682 τῆς
1352 648 1495 687 ἁμαρτίας.
1518 648 1586 678 Ἰδοὺ
1611 650 1672 690 γὰρ,
1697 650 1788 690 φησὶν,
1807 651 1831 679 oi
1855 662 1911 688 μα-

220 691 275 723 abs
286 692 469 732 te,peribunt
480 701 517 725 si.
532 690 720 731 Quapropter
730 691 845 731 Moyses
860 690 922 722 Deo
933 700 1038 732 appro-

1086 693 1224 732 κρύνοντες
1269 694 1376 725 ἑαυτοὺς
1416 693 1469 722 ἀπὸ
1508 698 1555 723 σοῦ
1572 719 1580 735 ,
1624 694 1811 726 ἀπολοῦνται..
1863 696 1912 724 Διὰ

219 740 365 777 pinquare
374 735 482 767 dicitur
491 735 518 757 ⁸⁵
531 746 539 773 ;
550 738 581 767 et
591 737 614 765 si
629 735 679 775 qui
689 735 765 766 alius
774 735 802 766 ei
812 736 918 767 similis
929 741 984 773 est,
990 745 1038 776 per

1084 741 1161 767 τοῦτο
1193 741 1309 772 Μωῦσῆς
1340 739 1453 778 ἐγγίζειν
1478 739 1584 778 λέγεται
1611 742 1650 776 τῷ
1672 743 1741 776 Θεῷ”
1771 741 1816 769 καὶ
1831 739 1910 771 εἴτις

221 780 362 821 praeclara
373 780 504 811 facinora
519 783 549 810 et
564 780 698 811 actiones
713 779 805 810 bonas
817 779 878 810 Deo
888 788 979 821 prope
990 789 1038 811 σοι

1084 782 1165 815 ἄλλος
1190 782 1374 822 παραπλίσιος
1400 784 1505 824 ἐκείνῳ,
1546 783 1579 812 δι’
1612 783 1835 824 ἀνδραγαθήματα
1866 786 1910 813 καὶ

219 825 311 857 cedit.
328 824 397 863 Haec
404 829 502 856 autem
515 824 607 856 verba
623 824 810 870 prophetiam
824 824 966 856 adventus
980 826 1038 856 Do-

1082 828 1188 867 πραΈεις
1216 828 1314 867 ἀγαθὰς
1340 828 1419 868 ἐγγὺς
1455 829 1554 868 γίνεται
1591 829 1636 858 τοῦ
1668 833 1747 859 Θεοῦ.
1779 834 1911 870 Λντικρυς

219 870 294 902 mini
309 870 406 911 palam
423 870 587 910 continent,
600 869 849 914 consentiuntqne
858 879 924 900 cum
938 870 1038 910 priori-

1083 872 1111 901 δὲ
1133 873 1280 913 ποφητείαν
1308 872 1365 913 ἔχει
1395 874 1408 901 ὁ
1431 873 1511 913 λογὸς
1547 876 1596 907 τῆς
1621 873 1764 912 ἐπιδημίας
1788 879 1836 904 τοῦ
1852 880 1908 904 Κυ-

219 915 285 947 bus.
303 915 366 946 lllic
380 918 460 945 enim
476 913 650 945 dicebatur:
673 913 779 945 Vultus
802 915 927 946 Domini
950 924 1038 955 super

1087 919 1151 957 ρίου,
1181 918 1224 946 καὶ
1259 918 1399 958 σύμφωνος
1423 922 1462 956 τῷ
1485 919 1642 958 προάγοντι.
1668 918 1745 947 Ἐκεῖ
1785 919 1835 957 μὲν
1860 920 1908 959 γὰρ

216 960 362 1000 facientes
374 961 467 997 mala,
480 959 538 990 hoc
549 962 605 996 est,
617 959 682 999 ejus
693 959 724 989 in
736 959 852 999 judicio
866 964 1038 1000 conspectus

1086 962 1205 1001 ἐλέγετο·
1247 963 1393 1002 Πρόσωπον
1438 961 1497 1002 (27)
1540 963 1633 1002 Κυρίου
1679 962 1721 991 ἐπὶ
1767 964 1907 995 πόιοῦντας

218 1005 255 1036 ad
264 1005 495 1046 disperdendam
503 1013 623 1035 omnem
635 1003 821 1042 iniquitatem
834 1004 952 1036 ﬁet:hic
961 1014 1038 1046 vero5

1087 1007 1166 1036 κακά·
1196 1008 1344 1045 τουτέστιν,
1371 1008 1389 1041 ἡ
1413 1006 1554 1047 ἐπιφάνεια
1584 1008 1664 1037 αὐτοῦ
1689 1008 1757 1037 κατὰ
1784 1008 1835 1042 τὴν
1849 1009 1910 1048 κρί-

219 1050 316 1091 Prape
324 1053 368 1082 est
377 1050 523 1081 Dominus
530 1049 569 1080 iis
577 1050 631 1089 qui
645 1050 776 1080 contrito
783 1052 855 1080 sunt
865 1050 963 1092 corde,
982 1049 1038 1081 Do-

1088 1063 1129 1081 σιν
1153 1052 1195 1080 ἐπὶ
1218 1052 1361 1092 ἀφανισμῷ
1388 1052 1478 1086 πάσης
1494 1053 1622 1092 πονήρίας
1641 1053 1795 1091 γενήσεται·
1813 1053 1907 1082 ἐνταῦ-

219 1087 293 1126 mini
305 1095 335 1126 in
345 1104 435 1126 carne
441 1087 600 1125 adventum
610 1087 1043 1135 pranuntiat,appropinquau-

219 1143 277 1172 lem
288 1141 361 1180 jam,
375 1144 405 1170 et
416 1148 475 1170 non
489 1138 592 1179 procul
605 1139 776 1171 distantem.
788 1139 886 1180 Atque
899 1139 986 1179 hujus
999 1140 1043 1171 rei

217 1184 306 1216 faciat
320 1184 373 1215 tibi
398 1184 486 1215 ﬁdem
516 1183 674 1224 prophetia
698 1183 946 1224 lsaize:Spiritus
962 1184 1042 1215 enim

198 1260 202 1263 _
217 1229 340 1261 Domini
350 1238 445 1269 super
451 1237 514 1259 me:
532 1232 659 1269 propter
666 1228 744 1268 quod
755 1232 845 1260 unxit
853 1237 1043 1270 me:evange—

217 1275 313 1306 lizare
327 1273 508 1315 pauperibus
515 1274 600 1304 misit
609 1283 785 1314 me,sanare
793 1274 936 1305 contritas
943 1275 1040 1314 corde,

213 1319 384 1360 praedicare
393 1320 520 1359 captivis
529 1320 786 1359 remissionem,et
795 1322 879 1350 cacis
893 1319 992 1350 visum
1002 1318 1039 1351 ³⁸.

215 1366 290 1396 Cum
314 1364 395 1396 enim
424 1364 560 1395 medicus
589 1364 762 1395 mitteretur
784 1364 920 1396 contritis
938 1365 1039 1400 cmde,

220 1409 279 1441 Pro
283 1409 594 1450 pe,inquit,Dominus
606 1413 667 1441 est:
679 1408 763 1440 vobis
777 1408 844 1440 dico
853 1409 905 1449 qui
914 1409 1042 1440 humiles

216 1455 413 1495 estis,quique
425 1455 532 1485 fastum
547 1458 682 1485 vestrum
693 1454 942 1492 contrivistis,vos
952 1454 1039 1484 simul

214 1500 428 1537 laetiﬁcaturus,
441 1504 470 1531 et
481 1508 535 1540 per
549 1498 689 1539 gaudium
705 1507 807 1529 rerum
823 1498 987 1530 futurarum
1003 1499 1040 1529 ad

1085 1098 1127 1133 θα,
1167 1096 1262 1135 Ἐγγὺς
1299 1097 1312 1124 ὁ
1351 1096 1443 1134 Κύριος
1486 1102 1545 1129 τοῖς
1584 1097 1815 1137 συννετριμμένοις
1860 1098 1909 1131 τὴν

1086 1141 1203 1182 καρδίαν,
1241 1142 1290 1175 τὴν
1332 1140 1475 1179 ἐπιδημίαν
1502 1141 1553 1175 τὴν
1589 1145 1635 1170 τοῦ
1669 1142 1761 1181 Κυρίου
1795 1142 1844 1176 τὴν
1883 1141 1910 1170 έν

1085 1186 1164 1226 σάρκὲ
1189 1185 1378 1225 προαγγέλλει,
1415 1186 1569 1225 ἐγγίζουσαν
1598 1185 1661 1224 ἤδη,
1690 1187 1734 1214 καὶ
1755 1186 1785 1214 οὗ
1802 1187 1906 1226 μακρὰν

1085 1232 1279 1271 ἀφεστηκυῖαν.
1306 1232 1355 1259 Καὶ
1381 1231 1458 1259 τοῦτό
1473 1242 1516 1259 σοι
1544 1232 1638 1259 πιστὸν
1661 1231 1690 1259 ἐκ
1717 1233 1778 1265 τῆς.
1795 1229 1909 1260 Ἠσαίου

1084 1277 1246 1316 προφητείας
1275 1275 1402 1315 γενέσθω,
1433 1275 1539 1314 Πνεῦμα
1563 1277 1613 1315 γὰρ
1642 1275 1735 1315 Κυρίου
1763 1275 1808 1304 ἐπ’
1846 1276 1906 1316 ἐμὲ,

1084 1322 1114 1350 οὗ
1154 1320 1241 1349 ἕνεκεν
1283 1320 1375 1360 ἔχρισέ
1411 1330 1457 1358 με’
1501 1320 1718 1360 εὐαγγελίσασθαι
1777 1328 1905 1361 πτωχοῖς

1083 1364 1234 1394 ἀπέσταλκε
1292 1375 1337 1403 με,
1387 1365 1490 1393 ἷάσαθαι
1547 1365 1609 1397 τοὺς
1668 1364 1907 1405 συντετριμμένους

1082 1411 1132 1444 τὴν
1158 1409 1264 1450 καρδίαν
1280 1434 1288 1449 ,
1335 1408 1442 1449 κηρύξαι
1483 1409 1669 1450 αἰχμαλώτοις
1703 1410 1795 1450 ἄφεσιν
1814 1434 1822 1447 ,
1866 1411 1907 1439 καὶ

1082 1455 1195 1495 τυφλοῖς
1224 1453 1380 1492 ἀνάϐλεψιν.
1405 1453 1517 1488 Ἐπειδὴ
1560 1455 1610 1494 γὰρ
1638 1455 1727 1493 ἰατρὸς
1770 1454 1905 1483 ἀπεστέλ-

1082 1500 1144 1529 λετο
1184 1500 1237 1528 τῶν
1279 1499 1511 1537 συντετριμμένων
1552 1500 1602 1533 τὴν
1644 1499 1762 1538 καρδίαν,
1801 1499 1907 1538 Ἐγγὺς,

216 1544 403 1576 tolerantiam
420 1544 609 1575 iuducturus.
637 1543 782 1575 Contritio
813 1548 912 1574 autem
941 1543 1038 1575 cordis

1082 1546 1157 1586 φησὶ,
1180 1544 1272 1585 Κύριός
1302 1545 1384 1573 ἐστιν’
1412 1545 1477 1582 ὑμῖν
1506 1544 1577 1583 λέγω
1605 1549 1664 1575 τοῖς
1685 1549 1829 1574 παπεινοϊς
1861 1544 1905 1571 καὶ

215 1590 387 1630 exstirpatio
399 1590 649 1620 esthumanarum
663 1588 947 1628 cogitationum.Qui
961 1598 1039 1628 pra;-

216 1635 313 1666 sentia
328 1634 519 1675 contempsit,
535 1643 570 1665 ac
590 1642 623 1665 se
648 1633 715 1678 ipse
737 1634 789 1678 Dei
809 1633 921 1665 addixit
936 1633 1038 1678 verbo,

215 1684 410 1718 mentemque
422 1688 506 1710 suam
529 1678 565 1710 ad
582 1687 632 1710 eas
648 1677 845 1718 cogitationes
860 1687 925 1718 quae
940 1677 1039 1709 homié

214 1734 283 1756 nem
300 1728 453 1765 superant,
470 1733 505 1756 ac
531 1723 625 1763 magis
648 1723 755 1754 divinae
775 1727 856 1763 sunt,
873 1723 996 1763 appulit,
1014 1723 1040 1754 is

215 1770 318 1811 utique
331 1769 421 1801 fuerit
433 1769 484 1810 qui
492 1768 653 1800 contritum
666 1777 718 1799 cor
728 1767 943 1809 habet,quique
951 1777 1039 1798 suum

213 1824 267 1847 cor
290 1814 469 1846 sacriﬁcium
492 1813 571 1854 quod
587 1822 604 1843 a
625 1813 752 1844 Domino
778 1822 838 1844 non
862 1812 1037 1853 despicitur,

213 1859 324 1892 eﬂecit.
343 1859 401 1891 Cor
415 1859 498 1891 enim
510 1859 676 1889 contritum
691 1861 719 1889 et
745 1857 945 1889 humiliatum
960 1859 1040 1889 Deus

212 1912 269 1933 non
275 1902 430 1941 despiciet“
434 1903 530 1939 .Prope
536 1906 574 1931 est
583 1903 672 1938 igitur
679 1901 810 1931 Dominus
817 1902 941 1931 contriti:
948 1902 1037 1936 corde,

212 1953 240 1981 et
246 1948 496 1990 humilesspiriiu
502 1947 632 1979 salvabit
637 1947 882 1984 .Quinihilhabet
888 1947 1037 1989 elationis,

212 2004 311 2036 neque
323 1994 361 2025 ob
377 1993 468 2025 ullam
494 2002 557 2024 rem
586 1993 746 2024 humanam
777 1993 920 2034 superbit,
938 1994 986 2024 hic
1010 1997 1039 2024 et

212 2040 357 2071 contritus
373 2043 418 2070 est
429 2038 532 2079 corde,
546 2042 576 2069 et
586 2038 708 2069 humilis
723 2038 841 2079 spiritu.
853 2038 904 2069 Est
916 2038 1037 2079 quidem

211 2084 335 2116 humilis
350 2088 381 2115 et
396 2083 421 2115 is
434 2083 483 2124 qui
500 2083 531 2113 in
547 2089 669 2123 peccato
686 2083 827 2122 ambulat,
844 2093 912 2115 cum
928 2092 1037 2124 pecca-

214 2133 278 2161 tum
294 2128 430 2160 omnium
448 2128 580 2159 maxime
592 2128 736 2160 humilem
752 2128 868 2160 reddat.
879 2128 956 2160 Hinc
968 2128 1041 2159 dici-

214 2183 282 2205 mus
296 2173 482 2205 humiliatam
498 2182 564 2205 esse
580 2179 610 2205 et
620 2183 685 2205 eam
702 2183 769 2213 quaa
783 2177 923 2214 corrupta
938 2178 994 2211 est,
1005 2182 1041 2204 ac

1081 1590 1250 1630 συντρίψασ.ν
1277 1590 1376 1618 ἑαυτῶν
1404 1590 1436 1617 τὸ
1464 1589 1589 1628 φρόνημα
1617 1587 1695 1627 (28),
1723 1588 1904 1625 εὖθυμοποιῶν

1081 1636 1148 1673 ὑμᾶς
1162 1635 1207 1664 καί
1221 1636 1258 1667 εὶς
1270 1634 1450 1673 μακροθυμίαν
1465 1633 1567 1672 ἐνάγων
1592 1635 1627 1670 τῇ
1652 1635 1725 1672 χαρᾷ
1752 1634 1805 1661 τῶν
1819 1644 1905 1671 προσ-

1082 1679 1251 1719 δοκωμένων.
1269 1678 1435 1719 Συντριμμός
1463 1677 1488 1705 δὲ
1505 1676 1612 1713 καρδίας
1634 1678 1704 1706 ἐστὶν
1722 1679 1735 1706 ὁ
1756 1678 1903 1718 ἀφονισμὸς

1081 1728 1133 1755 τῶν
1162 1725 1332 1766 ἀνθρωπίνων
1360 1723 1509 1761 λογισμῶν,
1548 1721 1577 1751 '0
1611 1723 1816 1762 καταφρονήσας
1853 1726 1906 1751 τῶν

1080 1771 1156 1811 τῇδε,
1172 1771 1217 1799 καὶ
1245 1767 1421 1799 ἀποδεδωκὼς
1450 1767 1543 1796 ἑαυτὸν
1558 1770 1597 1805 τῷ
1613 1766 1685 1807 λόγῳ
1699 1773 1746 1797 τοῦ
1761 1771 1838 1808 Θεοῦ,
1862 1769 1906 1796 καὶ

1080 1810 1242 1855 ἐμπαρέχων
1267 1813 1361 1841 ἑαυτοῦ
1385 1813 1415 1841 τὸ
1443 1812 1604 1852 ἡγεμονικὸν
1625 1818 1685 1844 τοῖς
1715 1812 1780 1851 ὑπὲρ
1802 1810 1906 1851 ἄνθρω-

1080 1873 1131 1890 πον
1159 1860 1202 1889 καὶ
1225 1857 1366 1897 θειοτέροις
1396 1856 1537 1897 νοήμασιν,
1568 1856 1644 1889 οὗτος
1670 1856 1701 1884 ἂν
1730 1857 1775 1890 εἳη
1804 1857 1817 1885 ὁ
1842 1868 1907 1885 συν-

1080 1903 1258 1944 τετριμμένην
1286 1903 1360 1943 ἕχων
1382 1902 1433 1936 τὴν
1461 1900 1580 1941 καρδίαν,
1610 1902 1655 1930 καὶ
1689 1902 1805 1936 ποιήσας
1821 1901 1903 1935 αὐτὴν

1079 1949 1167 1979 θυσίαν
1199 1949 1246 1976 οὒκ
1275 1946 1486 1985 ἔξουδενωμένην
1515 1947 1567 1975 ὑπὸ
1593 1949 1639 1975 τοῦ
1653 1944 1761 1985 Κυρίου.
1795 1945 1907 1986 Καρδίαν

1080 1994 1130 2034 γὰρ
1167 1992 1230 2033 (29)
1266 1991 1492 2032 συντετριμμένην
1530 1992 1575 2019 καὶ
1613 1990 1846 2028 τεταπεινωμένην
1892 1992 1906 2020 ὁ

1081 2040 1146 2071 Θεὸς
1182 2039 1230 2067 οὒκ
1269 2036 1447 2069 ἐξουδενῶσει,
1488 2036 1585 2075 Ἐγγὺς
1627 2035 1672 2064 οὖν
1717 2035 1810 2075 Κύριος
1846 2042 1905 2068 τοῖς

1081 2082 1312 2122 συντετρίμμένοις
1353 2081 1403 2115 τὴν
1441 2079 1560 2120 καρδίαν,
1592 2080 1637 2108 καὶ
1676 2079 1737 2112 τοὺς
1764 2080 1905 2112 ταπεινοὺς

1080 2132 1119 2166 τῷ
1147 2128 1277 2165 πνεύματι
1302 2126 1394 2158 σώσει,
1418 2125 1449 2155 ’0
1479 2124 1563 2163 μηδὲν
1598 2125 1671 2165 ἔχων
1696 2124 1813 2165 ἔπαρμα,
1837 2125 1906 2163 μηδέ

1081 2176 1184 2213 φρονῶν
1198 2172 1241 2201 ἐπί
1262 2183 1314 2200 τινι
1342 2175 1395 2200 τῶν
1424 2171 1606 2210 ἀνθρωπίνων,
1634 2171 1710 2203 οὗτος
1738 2170 1783 2199 καὶ
1810 2181 1905 2199 συντε-

213 2218 392 2259 virginitatis
404 2218 634 2249 sanctimoniam
650 2219 758 2249 amisit.
777 2218 827 2249 Sic
842 2219 971 2257 Amnon,
990 2217 1038 2247 in-

1081 2217 1224 2258 τριμμένος
1249 2217 1304 2246 ἐστὶ
1326 2218 1361 2254 τῇ
1381 2214 1486 2255 καρδίᾳ,
1503 2215 1549 2243 καὶ
1569 2215 1693 2247 ταπεινὸς
1707 2217 1746 2251 τῷ
1760 2215 1902 2253 πνεύματι·

214 2263 353 2304 quit,vim
367 2262 498 2294 Thamar
507 2263 639 2295 inferens
650 2265 691 2301 88,
706 2263 889 2295 Humiliavit
899 2261 1036 2302 ipsam”.

215 2308 677 2349 Quicunqueigitur-altitudinem
685 2319 718 2339 ac
725 2308 938 2339 sublimitatem
946 2308 1039 2340 animi

214 2353 355 2391 amisere,
369 2363 423 2394 per
435 2358 589 2394 peccatum
606 2354 635 2385 in
654 2359 761 2385 terram
778 2353 899 2393 dejecti,
914 2357 942 2384 et
953 2351 1038 2391 quasi

214 2400 367 2440 prostrati,
385 2408 445 2429 non
460 2399 548 2430 aliter
563 2399 734 2438 gradientes
755 2407 844 2439 quam
867 2403 1035 2438 serpentes,

213 2442 411 2484 decumbunt;
422 2452 548 2484 cumque
558 2444 647 2473 iidem
656 2444 737 2474 nullo
748 2441 836 2473 modo
848 2441 1038 2481 surrigerese

212 2487 491 2529 possint,humiliati
499 2493 568 2519 sunt
579 2489 713 2529 quidem,
726 2496 785 2517 non
796 2491 894 2518 tamen
906 2487 1011 2527 spiritu
1026 2495 1034 2518 :

212 2542 274 2564 non
286 2532 366 2564 enim
375 2532 533 2564 laudabilis
543 2537 589 2564 est
599 2533 717 2563 illorum
730 2531 954 2568 humilitas.Qui
965 2540 1036 2563 vero

212 2577 326 2609 habent
337 2578 463 2619 spiritus
474 2579 569 2610 sancti
577 2578 715 2619 gratiam,
727 2576 806 2608 haud
822 2577 905 2608 inviti
917 2586 949 2608 se
957 2576 1039 2617 ipsos

1079 2262 1163 2292 ’Ἔστι
1181 2263 1231 2301 μὲν
1248 2263 1373 2292 ταπεινὸς
1399 2261 1445 2289 καὶ
1460 2261 1474 2289 ὁ
1488 2260 1557 2289 κατὰ
1577 2260 1627 2294 τὴν
1642 2259 1775 2299 ἁμαρτίαν
1792 2261 1905 2300 πορευό-

1080 2319 1173 2348 μενος,
1192 2307 1259 2337 διότι
1281 2306 1463 2339 ταπεινωτικὴ
1499 2304 1616 2343 μάλιστα
1645 2305 1752 2333 πάντων
1772 2305 1790 2339 ἡ
1819 2306 1906 2345 ἀμαρ-

1079 2354 1133 2383 τία.
1165 2353 1235 2383 Καθὸ
1263 2353 1308 2382 καὶ
1331 2352 1381 2385 τὴν
1410 2349 1578 2390 ὶφθαρμένην
1600 2349 1643 2378 καὶ
1665 2348 1836 2378 ἀπολέσασαν
1859 2351 1904 2380 τὸν

1080 2401 1129 2432 τῆς
1154 2398 1293 2437 παρθενίας
1316 2396 1450 2436 ἀγιασμὸν
1480 2395 1593 2434 λέγομεν
1622 2396 1821 2427 ταπεινοῦσθαι,
1857 2395 1904 2429 Ὠς

1080 2444 1094 2472 ὃ
1119 2441 1238 2481 Ἀμνὼν,
1283 2441 1376 2482 φησὶν,
1405 2440 1555 2472 ἐπαναστὰς
1582 2442 1617 2478 τῇ
1645 2440 1750 2479 Θάμαρ,
1777 2439 1904 2469 Ἐταπεί-

1077 2498 1161 2517 νωσεν
1184 2488 1279 2522 αὐτήν.
1294 2485 1379 2515 ’Ὄσοἰ
1399 2485 1443 2513 οὖν
1472 2485 1502 2513 τὸ
1531 2484 1673 2522 ἀνάστημα
1702 2485 1792 2513 καὶτὸ
1806 2483 1905 2525 διαρμα

1077 2536 1127 2567 τῆς
1143 2535 1235 2573 ψυχῆς
1252 2530 1455 2560 ἀπολωλέκασιν
1473 2528 1549 2570 (30),
1567 2530 1618 2558 ὑπὸ
1633 2531 1682 2564 τῆς
1698 2528 1829 2567 ἁμαρτίας
1849 2540 1902 2557 γα-

1079 2578 1254 2612 ταϐληθέντες
1283 2577 1319 2609 εἷς
1341 2576 1408 2616 γῆυ,
1433 2575 1477 2603 καὶ
1495 2575 1574 2604 οἱονεὶ
1593 2573 1785 2614 ἐδαφισθέντες,
1802 2573 1901 2611 ὁμοίως

253 2662 286 2688 84
310 2662 390 2695 Psal.
414 2672 508 2705 um,
538 2663 589 2696 27.
632 2663 664 2690 85
691 2661 785 2695 Exod.
815 2671 894 2701 xx1v,
924 2663 955 2694 9.
996 2661 1031 2688 88

1081 2672 1116 2696 ιι.
1146 2672 1207 2704 ιιι,
1237 2663 1264 2695 1.
1306 2661 1337 2687 87
1352 2659 1432 2693 Psal.
1453 2667 1484 2699 ιι,
1504 2659 1552 2691 19.
1592 2656 1665 2690 ⁸811
1678 2655 1752 2698 Reg.
1768 2665 1832 2698 xm,
1850 2657 1901 2692 14.

212 2703 244 2729 39
259 2704 347 2736 Deut.
359 2712 434 2744 nn,
449 2703 499 2735 29.

253 2785 319 2825 (27)
333 2784 383 2816 Sic
399 2794 469 2817 mss.
488 2795 539 2817 sex
554 2784 634 2816 Editi
649 2786 791 2826 πρόσωπον
812 2784 852 2817 δε.

337 2826 412 2867 Beg.
430 2827 536 2858 tertius
547 2828 579 2856 τὰ
591 2827 761 2867 φρονήματα.

335 2864 412 2908 Εάἷιὶ
430 2868 489 2908 γὰρ,
509 2864 606 2908 φησίνξν
616 2866 709 2908 ρθθει
722 2866 802 2908 φησίν
817 2864 847 2896 in
858 2873 936 2908 mss.

256 2904 320 2945 (30)
334 2904 376 2936 Ita
386 2904 680 2946 quinque'mssEditi
690 2904 759 2937 cum
770 2905 843 2945 Reg.
853 2904 1037 2938 ἀπολώλασιν,

1078 2785 1145 2816 Mox
1156 2785 1232 2825 Reg.
1243 2782 1393 2816 secundus
1415 2781 1593 2825 auyxérrtopm
1608 2778 1650 2825 Si,
1663 2777 1904 2825 Aliquintopost

1080 2834 1116 2857 ex
1133 2820 1265 2857 [πεδί’τοῦ
1280 2825 1433 2861 Πνεύματας
1449 2820 1496 2850 τοῦ
1510 2822 1597 2862 ἁγίου,
1630 2820 1709 2853 Εάίῐὶ
1734 2829 1801 2851 cum
1827 2820 1901 2861 Reg.

1081 2869 1164 2897 sexto
1180 2867 1226 2895 τοῦ
1241 2865 1316 2905 ἆγίου
1332 2864 1498 2902 Πνέύματος,
