4138 6422
472 286 587 359 387

920 680 1001 740 IN
1047 677 1401 743 PSALMUM
1446 681 1651 745 XLIV.

461 769 536 833 In
564 772 773 851 ﬁnem,
803 774 1025 853 prolis
1077 775 1185 853 qui
1234 776 1743 840 immutat/untur.
1776 778 1924 853 ﬁliis
1962 778 2112 841 Core

662 853 739 913 ad
766 852 1153 927 intellectum,
1189 858 1492 917 canticum
1518 875 1630 936 pro
1660 852 1901 919 dilecto.

544 954 862 1019 l.Videtur
893 966 951 1017 et
975 957 1073 1017 hic
1099 957 1363 1036 psalmus
1388 958 1459 1018 ad
1488 960 1911 1038 perﬁciendam
1930 971 2108 1024 natu-

453 1061 578 1106 ram
600 1046 918 1107 humanam
944 1046 1196 1107 idoneus
1211 1058 1557 1127 esse,atque
1573 1047 1643 1108 iis
1657 1050 1755 1129 qui
1771 1051 2105 1111 secundum

456 1134 731 1196 virtutem
786 1136 986 1197 vivere
1018 1144 1369 1211 statuerunt,
1409 1138 1480 1199 ad
1520 1139 1886 1218 propositum
1926 1140 2104 1201 finem

456 1224 900 1300 assequendum
934 1224 1119 1287 utilis.
1153 1226 1301 1288 Nam
1356 1226 1804 1307 proﬁcientibus
1840 1247 1990 1308 opus
2022 1240 2111 1291 est

454 1311 733 1376 doctrina
752 1315 822 1375 ad
849 1314 1304 1396 perfectionem,
1335 1335 1507 1396 quam
1535 1315 1631 1376 hic
1655 1318 1911 1396 psalmus
1935 1320 2106 1379 exhi-

452 1399 1222 1484 bet,comparandam.Ejus
1241 1413 1436 1467 autem
1461 1406 1771 1486 inscriptio
1804 1408 1929 1469 haec
1964 1417 2054 1469 est
2091 1428 2103 1471 :

445 1490 520 1551 In
550 1492 735 1570 ﬁnem
760 1511 875 1572 pro
896 1498 971 1555 iis
1004 1497 1113 1574 qni
1153 1496 1665 1557 immolabantur.
1702 1496 1881 1559 Tecte
1906 1506 2101 1559 autem

448 1578 615 1654 dixit,
648 1600 757 1658 pro
789 1584 1164 1646 hominibus.
1196 1586 1317 1647 Nos
1343 1584 1527 1665 enim,
1555 1586 1809 1647 maxime
1835 1588 2099 1647 omnium

449 1668 850 1745 rationalium,
889 1673 1271 1734 varietatibus
1304 1692 1371 1734 ac
1429 1674 1855 1737 mutationibus
1888 1675 2101 1738 diebus

447 1757 696 1836 singulis
718 1780 785 1822 ac
819 1762 943 1823 fere
973 1763 1135 1823 horis
1162 1762 1757 1845 subjicimur.Neque
1788 1768 1946 1827 enim
1973 1785 2100 1827 cor-

447 1864 591 1926 pore
625 1869 823 1931 neque
861 1864 1061 1914 mente
1092 1854 1269 1913 iidem
1306 1872 1415 1914 nos
1469 1873 1693 1919 sumus.
1730 1854 1846 1917 Sed
1883 1874 2098 1935 corpus

445 1937 685 2015 quidem
714 1950 983 2002 nostrum
1010 1962 1249 2023 semper
1271 1944 1491 2005 ﬂuxum
1518 1963 1587 2005 ac
1610 1945 2098 2025 dissipationiob-

1827 302 1887 363 S.
1939 302 2209 364 BASILIl
2259 303 2504 366 MAGNI

3735 296 3851 366 388

2135 699 2174 741 Α
2612 692 2716 742 ΕΙΣ
2763 694 2892 743 TON
2942 684 3057 741 MA'
3109 691 3424 742 ΨΑΛΜΟΝ.

2198 779 2284 840 Εἷς
2317 780 2376 833 τὸ
2408 776 2586 855 τέλος,
2622 778 2749 856 ὑπὲρ
2800 784 2903 833 τῶν
2956 777 3493 851 ἆλλοιωθησομένων,
3554 790 3673 841 τοῖς
3706 781 3845 843 uio“:

2360 858 2491 937 Κορὲ
2536 860 2609 920 εἷς
2655 860 2883 937 σύνεσιν,
2919 857 3029 932 ῴδη
3068 858 3198 935 ὅπερ
3231 865 3321 913 τοῦ
3372 858 3677 935 ἀγαπητοῦ,

2276 948 2332 1007 1.
2390 948 2641 1004 Φαίνεται
2694 949 2789 1022 μὲν
2847 950 2932 1003 καὶ
2980 948 3130 1010 οὗτος
3181 950 3207 1001 6
3240 945 3455 1021 ψαλμὸς
3502 947 3843 1014 τελειωτικός

2190 1059 2271 1100 τις
2323 1036 2397 1092 ὢν
2456 1043 2556 1104 τῆς
2614 1038 2944 1114 ἅνθρωπίνης
2986 1038 3216 1116 φύσεως,
3279 1038 3367 1091 καὶ
3428 1038 3502 1097 εἷς
3532 1039 3591 1093 τὸ
3624 1042 3839 1117 προκείο

2191 1147 2347 1199 μενον
2394 1125 2545 1191 τέλος
2588 1140 2703 1191 τοῖς
2736 1126 2854 1181 κατ’
2888 1126 3081 1204 ἀρετὴν
3112 1126 3255 1200 βιοῦν
3312 1125 3703 1203 προῃρημένοις
3739 1128 3838 1194 τὴν

2189 1216 2448 1294 ὠφέλειαν
2480 1218 2872 1296 παρεχόμενος.
2931 1226 3057 1277 Τοῖς
3109 1217 3208 1293 γὰρ
3254 1213 3616 1292 προκόπτουσι
3680 1221 3838 1296 χρεία

2190 1311 2286 1372 τῆς
2350 1308 2422 1369 εἷς
2457 1309 2515 1362 τὸ
2547 1305 2890 1372 τελειωθῆναι
2934 1303 3294 1383 διδασκαλίας,
3334 1303 3399 1371 ἦν
3432 1307 3457 1359 6
3504 1304 3719 1380 ψαλμὸς
3752 1310 3838 1363 οὗ·

2192 1417 2279 1457 τος
2339 1396 2656 1476 παρέχεται,
2719 1395 3017 1474 ἐπιγραφὴν
3076 1394 3243 1474 ἔχων,
3291 1396 3375 1458 Εἷς
3434 1396 3673 1460 τὸτέλος
3704 1398 3834 1475 ὑπὲρ

2187 1492 2293 1540 τῶν
2392 1484 2928 1561 ἆλλοιωθησομένων,
3027 1484 3416 1563 Κεκρυμμένως
3507 1483 3561 1541 δὲ
3648 1487 3828 1567 εἶπεν,

2185 1575 2313 1655 ὑπὲρ
2366 1582 2471 1631 τῶν
2528 1576 2837 1652 ἀνθρώπων.
2891 1575 3084 1648 Ἡμεῖς
3132 1576 3230 1652 γάρ
3292 1573 3446 1648 ἐσμεν
3497 1578 3541 1630 οἱ
3602 1575 3831 1651 μάλιστα

2185 1667 2396 1721 πάντων
2456 1667 2561 1721 τῶν
2613 1664 2844 1742 λογικῶν
2896 1662 3211 1719 ἂλλοιώσεσί
3242 1686 3297 1719 τε
3330 1667 3417 1719 καὶ
3450 1679 3676 1743 τροπαῖς
3709 1682 3829 1731 ταῖς

2184 1756 2265 1835 ἐφ’
2320 1757 2551 1823 ἐκὶστης
2604 1755 2805 1832 ἡμέρας
2867 1757 2951 1809 καὶ
3010 1754 3149 1831 ὥρας
3211 1753 3406 1832 σχεδὸν
3468 1756 3824 1829 ὑποκείμενοι,

2185 1844 2313 1903 Οὔτε
2370 1848 2467 1924 γὰρ
2508 1847 2715 1920 σώματι
2777 1842 2893 1901 οὕτε
2952 1844 3143 1920 γνώμῃ
3210 1845 3255 1899 οἱ
3305 1845 3451 1901 αὖτοί
3493 1844 3651 1919 ἐσμεν
3696 1846 3825 1901 ἑαυ-

2182 1950 2321 2015 τοῖς,
2371 1935 2507 1991 ἀλλὰ
2538 1937 2595 1990 τὸ
2632 1935 2728 2009 μὲν
2762 1940 2914 2005 σῶμα
2952 1935 3123 2008 ἡμῶν,
3161 1933 3238 1987 ἀεὶ
3296 1932 3411 2008 ῥέον
3458 1935 3543 1988 καὶ
3599 1933 3821 1990 σκεδαν-

442 2032 683 2090 noxium
705 2030 763 2090 in
780 2041 939 2091 motu
955 2050 1021 2092 ac
1039 2019 1363 2093 mutatione
1379 2041 1669 2110 versatur,
1707 2019 1805 2095 aut
1823 2054 1891 2096 ex
1919 2055 2086 2115 parvo

2183 2027 2423 2100 νόμενον,
2459 2025 2517 2080 ἐκ
2548 2025 2756 2093 κινήσει
2790 2023 2897 2078 ἐστὶ
2949 2024 3035 2077 καὶ
3093 2019 3389 2101 μεταϐολῆ,
3437 2022 3472 2088 ἦ
3505 2023 3609 2078 ἀπὸ
3639 2033 3827 2102 μικροῦ

444 2118 638 2195 majus
660 2118 905 2199 factum,
941 2128 1041 2181 aut
1064 2140 1133 2183 ex
1162 2123 1427 2201 perfecto
1452 2123 1523 2184 ad
1556 2123 1845 2185 minorem
1876 2127 2091 2186 molem

440 2208 971 2269 contractum.Non
1000 2211 1157 2271 enim
1189 2230 1336 2291 puer
1362 2212 1457 2291 qui
1478 2212 1601 2290 jam
1635 2211 1899 2273 scholam
1927 2216 2091 2296 petit,

439 2297 579 2356 etad
603 2306 762 2359 artes
783 2317 851 2359 ac
874 2298 1221 2379 disciplinas
1234 2300 1652 2380 percipiendas
1668 2300 1917 2362 idoneus
1932 2306 2091 2364 inve-

442 2384 621 2459 nitur,
651 2387 803 2448 idem
836 2396 923 2448 est
954 2406 1022 2449 ac
1052 2388 1154 2450 ille
1186 2389 1286 2470 qui
1321 2408 1512 2469 nuper
1544 2401 1718 2452 natus
1753 2400 1842 2451 est
1875 2392 2087 2457 infans.

438 2474 612 2536 Alius
643 2486 839 2538 autem
862 2495 1069 2539 rursus
1090 2478 1163 2539 ab
1186 2478 1288 2539 illo
1316 2489 1405 2541 est
1430 2478 1561 2540 sine
1584 2480 1763 2541 dubio
1794 2482 2084 2564 ephebus,

435 2566 539 2641 qui
570 2567 687 2644 jam
712 2567 1013 2647 juveniles
1046 2569 1502 2631 exercitationes
1562 2570 1821 2650 experiri
1868 2580 2081 2652 potest.

436 2654 632 2734 Atque
649 2655 719 2717 ah
749 2656 981 2737 ephebo
1035 2658 1189 2720 alius
1220 2667 1313 2719 est
1346 2659 1452 2733 vir,
1491 2668 1549 2720 et
1572 2660 1849 2722 ﬁrmitate
1878 2671 1936 2724 et
1967 2683 2084 2724 ma-

437 2746 747 2822 gnitudine
786 2748 1078 2827 corporis,
1112 2761 1172 2809 et
1227 2748 1472 2809 rationis
1505 2751 1894 2829 perfectione.
1933 2753 2078 2814 Cum

436 2842 631 2895 autem
660 2836 735 2897 ad
769 2838 1033 2915 vigorem
1073 2838 1614 2919 pervenerit,atque
1646 2841 1829 2901 astatis
1858 2841 2084 2903 stabili-

433 2930 608 2985 tatem
636 2925 812 2986 fuerit
833 2934 1439 3002 consecutus,iterum
1466 2928 1744 3006 paulatim
1774 2930 1962 2990 minui
1997 2933 2081 2992 in-

430 3013 909 3095 cipit,dil'ﬂuente
923 3018 1146 3078 sensim
1162 3021 1433 3098 corporis
1448 3018 1634 3096 ipsius
1660 3018 1876 3096 vigore,
1902 3035 1950 3079 at
1965 3039 2079 3099 que

427 3105 736 3184 corporeis
750 3104 970 3166 viribus
984 3105 1499 3180 decrescentibus;
1535 3106 1726 3167 donec
1754 3125 1871 3186 prae
1896 3126 2075 3169 sene-

430 3201 591 3254 ctute
609 3194 1243 3270 incurvutus,ultimam
1258 3194 1472 3255 virium
1488 3194 1919 3256 detractionem
1940 3215 2076 3276 per-

430 3282 833 3361 petiatur.Nos
850 3302 993 3359 ergo
1017 3302 1221 3346 sumus
1244 3284 1347 3361 qui
1379 3291 1699 3359 muta'nur;
1729 3303 1799 3345 ac
1831 3303 1939 3347 nos
1962 3287 2073 3348 ho-

2178 2116 2248 2180 εἷς
2281 2117 2340 2170 τὸ
2372 2123 2557 2190 μεῖζον
2590 2114 2718 2192 (50)
2762 2110 3070 2186 αὖξάμενον,
3123 2113 3157 2178 ἢ
3188 2112 3293 2166 ἀπὸ
3328 2120 3417 2166 τοῦ
3448 2111 3649 2168 τελείου
3694 2118 3821 2191 πρὸς

2177 2205 2237 2259 τὸ
2269 2202 2488 2259 ἔλαττον
2541 2200 2981 2274 συστελλόμενον.
3017 2200 3087 2256 Οὔ
3136 2203 3236 2276 γὰρ
3286 2202 3312 2255 6
3368 2204 3525 2263 αὐτὸς
3581 2205 3690 2258 ἔστι
3746 2210 3821 2277 τῷ

2176 2292 2443 2371 ἁρτιγενεϊ
2488 2292 2677 2364 παιδίῳ
2721 2292 2747 2346 ὀ
2782 2292 2852 2353 εἰς
2886 2288 3257 2346 διδασκαλεῖον
3291 2298 3488 2369 φοιτῶν
3520 2290 3623 2359 ἤδη
3658 2307 3814 2368 παῖς,

2175 2386 2262 2438 καὶ
2311 2385 2441 2462 πρὸς
2485 2385 2551 2438 τὰ
2600 2389 2704 2437 τῶν
2750 2387 2960 2459 τεχνῶν
3004 2382 3089 2435 καὶ
3134 2381 3467 2454 μαθημάτων
3521 2382 3816 2457 ἀναλήψεις

2173 2473 2482 2539 ἒπιτηδείως
2511 2471 2656 2551 ἔχων
2692 2490 2704 2504 ⁸
2756 2469 2933 2547 ἕτερος
2965 2468 3019 2525 δὲ
3076 2470 3234 2527 πάλιν
3288 2472 3430 2547 παρὰ
3474 2479 3658 2528 τοῦτον
3692 2476 3817 2547 ὁμου

2172 2562 2505 2639 λογονμένως
2567 2563 2709 2617 ἐστὶν
2743 2564 2769 2616 6
2812 2560 3033 2641 ἔφηὸος,
3085 2559 3186 2626 ἤδη
3228 2567 3335 2616 τῶι
3368 2569 3621 2617 νεανικῶν
3650 2562 3816 2620 ἅπτε-

2171 2657 2285 2709 σθαι
2332 2652 2640 2729 δυνάμενος.
2685 2653 2780 2708 Καὶ
2835 2653 2975 2726 παρὰ
3025 2653 3114 2705 τὸν
3165 2647 3362 2729 ἔφηϐον
3394 2653 3421 2707 6
3466 2652 3598 2730 ἀνὴρ
3658 2653 3816 2718 ἄλλος

2167 2745 2243 2800 τίς
2292 2745 2402 2799 ἐστι
2451 2746 2535 2799 καὶ
2580 2742 2887 2818 στερρότητι
2946 2744 3030 2796 καὶ
3070 2742 3281 2817 μεγέθει
3328 2741 3598 2821 σώματος,
3637 2745 3721 2799 καὶ
3750 2750 3816 2819 τῇ

2165 2842 2257 2890 τοῦ
2307 2834 2467 2911 λόγου
2498 2830 2902 2907 συμπληρώσει,
2958 2833 3049 2894 Eli:
3102 2831 3279 2905 ἀκμὴν
3312 2829 3364 2886 δὲ
3399 2831 3585 2906 ἐλθὼν,
3623 2836 3710 2889 καὶ
3754 2836 3813 2890 τὸ

2164 2924 2422 2998 στάσιμον
2467 2926 2563 2991 τῆς
2609 2920 2821 2989 ἡλικίας
2855 2918 3161 2993 ἀπολαϐὼν,
3200 2920 3357 2977 πάλιν
3392 2919 3617 3000 ἄρχεται
3677 2926 3812 2983 κατὰ

2164 3015 2353 3089 μικρὸν
2430 3013 2668 3092 ὕφαιρεϊν
2756 3012 2886 3086 πρὸς
2966 3012 3028 3065 τὸ
3116 3008 3355 3089 ἔλαττον,
3453 3009 3811 3087 ὑπορρεούσης

2163 3102 2306 3175 αὐτῷ
2363 3100 2667 3167 λεληθὸτως
2725 3103 2821 3165 τῆς
2885 3107 2975 3155 τοῦ
3039 3099 3289 3174 σώματος
3336 3098 3520 3176 ἕξεως,
3565 3102 3651 3155 καὶ
3696 3106 3804 3155 τῶν

2162 3196 2481 3266 σωματικῶν
2511 3194 2679 3246 τόνων
2740 3188 3162 3265 ἐλαττουμένων,
3197 3187 3297 3251 ἕως
3328 3186 3418 3260 ἂν,
3466 3189 3569 3244 ὑπὸ
3629 3190 3809 3266 γήρως

2161 3281 2576 3357 καταλαμφθεὶς,
2632 3280 2730 3346 τὴν
2796 3282 2868 3344 εἰς
2922 3278 3152 3359 ἔσχατον
3206 3277 3477 3354 δυνάμεως
3538 3278 3806 3358 ὑφαίρεσιν

429 3373 621 3433 mines
634 3373 903 3451 perhanc
928 3392 1129 3435 vocem
1145 3374 1242 3435 hic
1260 3372 1520 3452 psalmus
1553 3374 1861 3453 sapienter
1882 3376 2073 3455 signi-

2165 3372 2442 3447 ὒπομείνῃ,
2479 3368 2673 3445 Ἡμεῖς
2731 3369 2902 3425 τοίνυν
2954 3370 3116 3443 ἐσμὲν
3179 3369 3226 3425 οἱ
3271 3367 3668 3448 ἀλλοιούμενοι,
3722 3372 3809 3425 καὶ

424 3459 636 3523 ficavit.
674 3463 804 3524 Non
859 3461 1019 3523 enim
1076 3463 1465 3527 mutationem
1499 3463 1821 3525 admittunt
1849 3467 2070 3544 angeli.

422 3547 628 3610 Nullus
642 3550 800 3613 enim
825 3552 977 3612 inter
995 3553 1129 3615 illos
1158 3570 1307 3633 puer
1332 3559 1441 3628 est,
1471 3552 1670 3613 nullus
1693 3552 2067 3632 adolescens,

419 3657 600 3702 senex
621 3642 841 3705 nullus:
871 3642 974 3703 sed
1003 3642 1063 3704 in
1087 3661 1202 3722 quo
1228 3651 1381 3703 statu
1407 3641 1667 3703 abinitio
1694 3644 1879 3707 creati
1903 3655 2066 3728 sunt,

416 3729 476 3790 in
506 3749 573 3790 eo
600 3741 972 3811 permanent;
994 3750 1132 3792 cum
1152 3750 1354 3793 eorum
1382 3730 1713 3793 substantia
1731 3733 1983 3814 simplex
2008 3746 2066 3796 et

414 3818 804 3881 immutabilis
829 3824 1373 3885 conservetur.Nos
1403 3828 1601 3882 autem
1639 3830 2061 3904 mutamur,se-

415 3910 672 3972 cundum
695 3911 1594 3992 corpusquidem,utiostensum
1612 3916 2061 3985 est;secundum

411 4000 673 4060 animam
696 4017 832 4061 vero
860 3998 1273 4060 etinteriorem
1307 4000 1609 4060 hominem
1627 4003 1676 4069 ,1
1694 4001 1786 4061 59
1811 4008 2059 4065 senten-

415 4094 522 4150 tias
553 4108 667 4150 una
699 4108 833 4149 cum
865 4088 1281 4150 accidentibus
1315 4088 1493 4149 rebus
1525 4108 1767 4169 semper
1796 4110 2062 4154 commu-

408 4179 753 4240 tamus.Alii
781 4197 1037 4253 namque
1062 4179 1421 4239 sumusdum
1440 4178 2059 4262 lzctamur,omniaque

407 4268 468 4329 in
500 4276 616 4329 vita
648 4267 820 4328 nobis
851 4268 1107 4328 feliciter
1136 4268 1485 4329 succedunt:
1520 4270 1617 4331 alii
1652 4288 1791 4331 vero
1823 4272 2061 4334 calami-

405 4356 549 4418 tosis
580 4356 969 4437 temporibus,
1003 4376 1137 4418 cum
1172 4358 1231 4418 in
1263 4359 1494 4438 aliquas
1528 4378 1621 4420 res
1651 4359 1927 4421 adversas
1959 4362 2075 4423 in-.

405 4446 751 4509 ciderimus.
810 4450 1194 4508 lmmutamur
1246 4456 1302 4508 et
1354 4453 1413 4507 in
1448 4448 1760 4528 ira,ferino
1792 4451 2048 4529 quodam

402 4543 552 4597 statu
578 4538 1308 4617 assumpto.lmmutamur
1338 4545 1395 4598 et
1425 4537 1481 4597 iu
1516 4539 2047 4623 concupiscentiis,

402 4625 593 4687 brutis
621 4626 848 4687 similes
878 4626 1098 4701 effecti,
1131 4644 1236 4705 per
1266 4626 1397 4687 vita:
1431 4625 1765 4689 libidinem.
1805 4627 1953 4709 Equi
1988 4630 2047 4691 in

2158 3469 2333 3541 σοφῶς
2364 3462 2505 3536 ἡμᾶς
2538 3460 2658 3522 τοὺς
2691 3459 2995 3538 ἀνθρώπους
3029 3456 3113 3514 διὰ
3170 3457 3266 3525 τῆς
3318 3457 3495 3536 φωνῆς
3540 3457 3735 3523 ταύτης
3781 3460 3808 3514 6

2157 3551 2371 3626 ψαλμὸς
2404 3548 2749 3629 παρῃνίξατο,
2779 3550 2851 3606 Οὐ
2882 3550 2980 3626 γὰρ
3043 3546 3262 3625 ἄγγελοι
3309 3544 3650 3626 ἐπιδέχονται
3719 3548 3809 3615 τὴν

2154 3640 2462 3704 ἀλλοίωσιν,
2496 3636 2672 3702 Οὐδεὶς
2709 3640 2808 3716 γὰρ
2840 3639 2964 3716 παρ’
3017 3637 3237 3700 ἐκείνοις
3290 3637 3452 3711 παῖς,
3502 3633 3618 3693 οὐδὲ
3674 3658 3805 3692 νεα--

2152 3732 2349 3807 νίσκος,
2394 3728 2510 3788 οὐδὲ
2560 3726 2854 3807 πρεσϐύτης
2906 3729 3052 3807 (51),
3101 3726 3220 3783 ἀλλ’
3276 3726 3331 3782 ἐν
3376 3728 3511 3804 ᾗπερ
3540 3723 3591 3790 ἐξ
3622 3726 3803 3804 ἀρχῆς

2147 3821 2460 3887 ἐκτίσθησαν
2513 3839 2865 3897 καταστασει,
2928 3818 2980 3872 ἐν
3042 3818 3210 3893 ταύτῃ
3256 3814 3613 3891 διαμένουσιν,
3669 3815 3801 3872 ἀκει-

2144 3912 2295 3989 ραίας
2356 3912 2537 3972 αὖτοῒς
2597 3910 2685 3964 καὶ
2743 3908 3001 3986 ἄτρεπτον
3060 3912 3157 3973 τῆς
3204 3907 3509 3968 συστάσεως
3545 3905 3797 3980 σωζομέ-

2146 4023 2265 4067 νης,
2334 4000 2523 4073 Ἡμεῖς
2582 3996 2635 4052 δὲ
2696 3996 3068 4072 ἀλλοιούμεθα,
3138 3998 3271 4051 κατὰ
3342 3996 3438 4071 μὲν
3491 3997 3551 4051 τὸ
3611 4000 3790 4071 σῶμα,

2144 4091 2216 4150 ὡς
2249 4087 2528 4166 δέδεικται,
2562 4087 2697 4141 κατὰ
2730 4084 2783 4140 δὲ
2822 4088 2917 4153 τὴν
2978 4085 3162 4164 ψυχὴν
3194 4087 3279 4141 καὶ
3324 4087 3416 4140 τὸν
3449 4083 3555 4140 ἔσω
3588 4083 3785 4160 ἅνθρωο

2142 4198 2267 4255 πον,
2318 4188 2437 4238 τοῖς
2516 4175 2595 4229 ἀεὶ
2667 4178 3055 4251 προσπίπτουσι
3120 4182 3396 4253 πράγμασι
3458 4194 3792 4249 συμμετατιρ

2140 4266 2313 4330 θέντες
2360 4266 2451 4327 τὰς
2508 4262 2759 4329 διανοίας.
2798 4262 3000 4321 ’Ἄλλοι
3034 4265 3132 4340 μὲν
3183 4266 3282 4343 γάρ
3336 4264 3494 4340 ἐσμεν
3545 4264 3795 4338 εὐθυμου-

2142 4378 2317 4434 μενοι,
2350 4356 2437 4412 καὶ
2481 4355 2692 4411 πάντων
2738 4357 2874 4431 ἡμτν
2928 4359 3032 4411 τῶν
3064 4356 3201 4412 κατὰ
3229 4358 3317 4410 τὸν
3350 4356 3460 4431 βίον
3496 4355 3631 4411 κατὰ
3674 4354 3794 4431 ῥοῦν

2138 4447 2477 4525 προϊόντωνο
2526 4444 2676 4501 ἄλλοι
2728 4442 2782 4501 δὲ
2838 4448 2894 4500 ἒν
2937 4458 3054 4510 τοῖς
3102 4458 3489 4521 πνευματικοῖς
3549 4457 3789 4521 καιροῖς,

2135 4535 2346 4597 ἐπειδάν
2410 4558 2512 4592 τινι
2572 4540 2677 4591 τῶν
2736 4532 3047 4605 ἀϐουλήτων
3117 4536 3595 4614 προσπταίσωμεν.
3659 4532 3794 4590 Ἀλοι

2134 4626 2418 4703 λοιούμεθα
2473 4623 2526 4680 δὲ
2581 4626 2668 4681 καὶ
2720 4626 2857 4681 κατὰ
2886 4626 2979 4690 τὰς
3012 4626 3195 4705 ὀργὰς,
3245 4622 3480 4703 θηριώδη
3514 4626 3633 4681 τινὰ
3684 4647 3789 4680 κα-

401 4716 651 4778 feminas
680 4716 942 4777 furentes
972 4714 1109 4775 facti
1160 4726 1296 4777 sunt
1326 4716 1387 4791 ii,
1433 4716 1535 4796 qui
1564 4735 1768 4778 amore
1802 4737 2045 4780 uxorem
2073 4783 2086 4796 ,

2167 4716 2388 4772 ἀστασιν
2468 4713 2952 4789 ἀναλαμϐάνοντες,
3032 4714 3417 4791 Ἀλλοιούμεθα
3500 4715 3587 4771 καὶ
3651 4715 3789 4772 κατὰ

401 4806 654 4885 proximi
706 4803 1012 4865 insaniunt
1064 4804 1138 4862 η.
1204 4806 1276 4867 Ει
1338 4806 1580 4867 dolosus
1612 4806 1853 4886 quidem
1888 4808 2045 4887 vulpi

2071 4783 2112 4832 D

2132 4807 2224 4868 τὰς
2283 4804 2585 4878 ἐπιθυμίας,
2664 4804 2953 4871 κτηνώδεις
3031 4806 3297 4883 γινόμενοι
3378 4803 3461 4861 διὰ
3520 4804 3612 4860 τοῦ
3670 4803 3785 4860 καθ’

395 4904 799 4975 comparatur,
839 4896 923 4955 uti
972 4891 1241 4956 Herodes
1271 4896 1327 4946 ‘5
1361 4916 1374 4959 :
1416 4895 1736 4973 impudens
1766 4915 1907 4957 vero
1940 4916 2043 4958 ca-

2168 4893 2322 4961 δονὴν
2367 4894 2501 4969 βίου.
2548 4891 2755 4951 ’Ἵπποι
2791 4894 3119 4970 θηλυμανεϊς
3174 4894 3501 4973 ἐγενήθησαν
3555 4897 3602 4951 οἱ
3662 4906 3782 4959 ταῖς

396 4990 487 5045 nis
512 4994 769 5061 vocatur,
806 4992 867 5045 ut
890 4982 1073 5046 Nabal
1107 4985 1436 5047 Carmelius
1469 4984 1541 5048 ‘6.
1572 4984 1752 5047 Vides
1787 4987 2041 5048 varieta-

394 5084 509 5135 tem
541 5094 612 5137 ac
640 5074 1073 5137 immutationis
1108 5086 1325 5138 nostra:
1355 5075 1794 5149 diversitatem?
1824 5076 2039 5137 Admi-

2129 4982 2325 5063 γυναιξὶ
2350 4989 2455 5039 τῶν
2514 4982 2742 5051 πλησίον
2794 4982 3220 5061 ἑπιμαινᾶμενοι.
3276 4987 3371 5044 Καὶ
3404 4989 3430 5041 6
3478 4986 3577 5059 μὲν
3620 4981 3779 5038 δολε-

2129 5077 2217 5153 ρὸς
2250 5073 2485 5131 ἀλώπεκι
2520 5078 2913 5154 παρεικάζεναι,
2960 5077 3032 5138 ὡς
3085 5075 3327 5153 Ἡρώδης
3362 5092 3374 5105 ·
3428 5078 3454 5130 6
3508 5073 3559 5127 δὲ
3621 5073 3776 5125 ἀναι-

387 5182 521 5226 rare
555 5164 733 5243 igitur
784 5183 919 5225 eum
972 5165 1070 5244 qui
1122 5166 1439 5227 commode
1491 5165 2041 5246 convenienterque

2165 5167 2217 5234 ἧς
2263 5165 2402 5223 κύων
2452 5167 2923 5244 προσαγορεύεται,
2987 5168 3059 5228 ὡς
3126 5163 3306 5223 Νάϐαλ
3357 5167 3384 5219 ὁ
3439 5157 3771 5237 Καρμήλιος,

386 5253 539 5314 hanc
570 5254 743 5315 nobis
775 5253 1240 5335 appellationem
1274 5254 1517 5336 aptavit.

382 5344 537 5411 ἡμῶν
571 5364 585 5411 ;
624 5348 904 5411 Θαύμασον
940 5347 1029 5401 οὖν
1060 5349 1150 5403 τὸν
1180 5348 1495 5411 προοφόρως

422 5368 537 5420 μων
571 5364 585 5424 ;

466 5505 527 5555 14
555 5507 677 5569 Jer.
710 5523 771 5583 v,
801 5506 863 5570 8.

628 5666 1024 5751 Pieg.quart_us
1056 5676 1115 5729 et
1143 5666 1310 5751 COlb.
1336 5675 1537 5729 sextus
1564 5672 1691 5751 πρὸς
1726 5675 1787 5728 τὸ
1820 5680 2027 5748 μεῖζον.

392 5745 619 5813 ibidem
654 5745 812 5827 Reg.
832 5748 1043 5809 tertius
1073 5750 1446 5827 αὐξανόμενον.
1497 5745 1709 5815 Statim
1769 5745 2034 5836 quinque

2123 5258 2280 5337 Ὀρᾷς
2352 5258 2412 5310 τὸ
2470 5254 2711 5312 ποικίλον
2772 5256 2860 5311 καὶ
2948 5252 3221 5314 πολυειδὲς
3279 5253 3371 5317 τῆς
3430 5248 3772 5313 ἀλλοιώσεως

624 5348 904 5421 Θαύμασον
940 5347 1029 5401 οὖν
1060 5349 1150 5403 τὸν
1180 5348 1495 5425 προσφόρως
1528 5347 1623 5413 τὴν
1656 5350 2014 5425 προσηγορίαν
2048 5350 2245 5414 ταύτην
2273 5348 2410 5421 ἡμῖν
2441 5344 2836 5426 ἐφαρμόσαντα.

955 5507 1015 5557 15
1034 5510 1180 5569 Luc.
1216 5523 1343 5588 xm,
1381 5506 1482 5570 39.
1570 5506 1630 5558 ίϐ
1659 5507 1683 5569 Ι
1711 5507 1856 5588 Reg.
1894 5527 2031 5588 xxv,
2067 5509 2127 5591 3,
2159 5526 2286 5590 seq.
2320 5503 2513 5568 LXX.

2117 5688 2262 5734 mss.
2298 5671 2427 5749 προς
2462 5670 2522 5723 τὸ
2552 5665 2797 5749 ἔλαττον.

2196 5752 2324 5833 (51)
2343 5746 2533 5813 (ΞΟΠ).
2573 5746 2800 5834 primus
2830 5747 3199 5835 πρεσϐύτερος.
