4138 6396
441 283 547 349 391

1802 291 1862 352 S.
1915 286 2189 352 BASILII
2234 289 2479 353 MAGNI

3703 287 3818 356 392

430 429 568 484 sunt
596 420 923 495 beneﬁcio,
955 421 1067 482 hoc
1102 439 1167 482 se
1209 419 1429 483 cantici
1475 422 1609 484 filiis
1640 426 1789 487 Core
1823 423 2072 486 edidisse

2168 419 2312 496 ᾠδὴν
2361 423 2556 491 ταύτην
2616 423 2958 482 ἐκδεδωκέναι
3018 438 3138 488 τοῖς
3182 425 3318 490 υἱοῖς
3368 426 3501 503 Κορέ
3561 447 3725 508 φησιν
3783 428 3811 482 6

428 512 846 574 ait.Canticum
879 511 1038 571 enim
1066 518 1302 590 est,non
1338 511 1600 591 psalmus
1635 513 1896 594 :quippe
1929 513 2086 576 nuda

427 620 823 680 v0ce,organo
854 620 970 661 non
1002 601 1179 661 simul
1207 619 1416 661 sonum
1441 602 1818 676 edente,cum
1843 604 2085 666 concin-

428 693 674 754 navocis
693 689 1093 752 modulatione
1118 691 1402 751 emissum
1431 692 1859 755 est.Canticum
1884 702 2079 754 autem

431 801 535 862 pro
569 779 1036 843 dilecto.Tibine
1071 779 1344 841 indicabo
1378 800 1538 851 eum,
1572 801 1748 862 quem
1774 782 2079 863 Scriptura

427 872 568 934 dicit
592 871 916 932 dilectum?
964 889 1038 931 an
1077 875 1250 930 etiam
1287 871 1448 948 prius
1496 873 1649 932 nosti
1683 892 1857 953 quam
1893 891 2076 933 enar—

427 960 947 1039 rem,evangelic:e
972 960 1136 1020 vocis
1162 965 1420 1020 memor?
1442 959 1560 1021 Hic
1584 967 1669 1022 est
1694 962 1887 1023 Filius
1910 979 2078 1022 meus

426 1050 681 1113 dilectus
704 1052 769 1112 in
798 1068 916 1129 quo
948 1048 1102 1110 mihi
1127 1049 1272 1110 bene
1301 1049 1876 1129 c0mplacui,ipsum
1901 1052 2073 1112 audi-

425 1139 724 1204 Ie’5.Nam
752 1140 1004 1201 dilectus
1025 1137 1180 1200 Patri
1212 1137 1454 1218 quidem
1488 1149 1577 1199 est
1600 1148 1660 1200 ut
1697 1140 2073 1217 Unigenitus;

425 1231 588 1292 omni
623 1249 761 1291 vero
801 1238 1090 1290 creatum
1147 1238 1211 1288 ut
1267 1237 1435 1308 pater
1467 1227 1761 1306 benignus
1793 1240 1850 1291 et
1884 1229 2077 1290 bonus

429 1340 671 1402 praeses.
707 1319 869 1380 Idem
904 1326 1103 1379 autem
1137 1326 1226 1378 est
1258 1326 1466 1378 natura
1489 1327 1545 1378 et
1575 1318 1854 1380 dilectum
1891 1327 1947 1378 et
1977 1318 2074 1378 bo-

425 1409 970 1488 num.Quapropter
985 1417 1145 1468 recte
1169 1407 1293 1486 jam
1317 1407 1680 1468 deﬁnierunt
1702 1406 2076 1488 quidam,bo-

425 1519 566 1561 num
598 1518 730 1560 esse
751 1500 908 1579 quod
935 1503 1134 1558 omnia
1164 1498 1614 1577 expetunt.Non
1646 1507 1842 1558 autem
1877 1499 2075 1577 cujus-

423 1590 567 1651 libet
599 1600 684 1650 est
716 1592 791 1648 ad
835 1586 1146 1648 charitatis
1180 1586 1493 1666 pervenire
1527 1587 1985 1666 perfectionem,
2019 1597 2074 1648 et

425 1699 559 1743 eum
587 1695 912 1758 agnoscere
944 1677 1044 1756 qui
1075 1694 1214 1737 vere
1240 1683 1328 1735 est
1351 1675 1602 1736 dilectus
1632 1693 1644 1737 :
1675 1676 1778 1737 sed
1815 1677 2071 1757 ejus,qui

2169 513 2478 590 Προφήτης,
2515 512 2647 593 ’ῼδὴ
2703 515 2803 593 γὰρ
2849 514 2988 589 ἐστι,
3052 514 3139 570 καὶ
3183 514 3305 592 οὖχὶ
3366 515 3621 590 ψαλμὸς·
3677 514 3811 571 διότι

2167 609 2339 677 γυμνῇ
2376 609 2549 683 φωνῇ,
2583 607 2660 679 μὴ
2694 611 3046 684 συνεχοῦντος
3091 608 3224 680 αὗτῇ
3285 611 3376 660 τοῦ
3407 605 3655 683 ὀργάνου,
3689 609 3812 680 μετ’

2165 689 2429 764 ἐμμελοῦς
2473 698 2573 760 τῆς
2623 692 2974 774 ἐκφωνήσεως
3022 691 3346 772 παρεδίδοτο,
3387 692 3518 775 ’ῼδὴ
3572 693 3626 750 δὲ
3682 696 3816 773 ὑπὲρ

2162 779 2254 836 τοῦ
2310 780 2611 859 ἀγαπητοῦ.
2679 778 2807 861 Ἀρά
2859 806 2941 840 σοι
2993 782 3325 861 διηγήσομαι
3369 785 3459 838 τὸν
3509 784 3815 862 ἀγαπητὸν,

2161 868 2337 924 ὅντινα
2371 872 2397 925 6
2429 869 2588 949 λόγος
2621 873 2956 952 εἶναίρησιν
2993 891 3009 945 ;
3045 873 3078 940 ἢ
3111 874 3196 927 καὶ
3239 874 3343 949 πρὸ
3384 879 3487 928 τῶν
3521 872 3674 947 ἡμῶν
3718 872 3819 930 λό-

2160 979 2270 1034 γων
2328 957 2638 1033 ἐπίστασαι,
2705 960 3048 1036 μεμνημένος
3099 965 3197 1026 τῆς
3269 960 3330 1015 ἐν
3371 966 3450 1034 τῷ
3512 960 3820 1039 Εὖαγγελίῳ

2161 1053 2342 1126 φωνῆς
2380 1069 2396 1125 ;
2444 1051 2606 1113 Οὗτος
2651 1050 2793 1106 ἐστιν
2839 1053 2866 1105 6
2928 1053 3045 1114 Υἱὸς
3105 1073 3204 1126 μου
3250 1053 3276 1106 6
3336 1051 3614 1129 ἀγαπητὸς
3670 1050 3724 1106 ἐν
3772 1052 3818 1127 ᾧ

2161 1135 2424 1204 εὖδόκησα
2481 1139 2653 1219 (57)·
2716 1142 2874 1197 αὖτοῠ
2937 1141 3176 1198 ἀκούετε.
3237 1137 3547 1216 Ἀγαπητὸς
3609 1143 3709 1218 γὰρ
3740 1143 3817 1217 τῷ

2163 1229 2323 1306 Πατρὶ
2379 1229 2476 1303 μὲν
2536 1231 2608 1291 ὡς
2669 1230 3000 1308 Μονογενὴς,
3071 1236 3138 1305 τῇ
3199 1230 3365 1286 κτίσει
3425 1228 3478 1285 δὲ
3539 1231 3690 1309 πάσῃ
3735 1233 3812 1293 ὡς

2159 1319 2333 1396 πατὴρ
2392 1317 2757 1394 φιλάνθρωπος
2798 1321 2884 1375 καὶ
2923 1320 3119 1397 ἀγαθὸς
3166 1320 3494 1398 προστάτης.
3546 1321 3618 1378 T6
3687 1321 3814 1377 αὐτὸ

2158 1404 2209 1461 δέ
2271 1406 2380 1463 ἐστι
2429 1414 2496 1484 τῇ
2535 1411 2683 1488 φύσει
2744 1411 2829 1464 καὶ
2888 1409 3168 1487 ἀγαπητὸν
3226 1411 3313 1466 καὶ
3372 1409 3592 1487 ἀγαθὸν.
3661 1413 3811 1466 Διότι

2156 1495 2334 1560 καλῶς
2395 1499 2652 1575 ὡρίσαντο
2713 1497 2816 1565 ἤδη
2877 1498 3039 1577 τινὲς,
3103 1500 3299 1576 ἀγαθὸν
3355 1500 3499 1555 εἶναι
3532 1499 3591 1555 οὗ
3635 1501 3808 1558 πάντα

2157 1585 2379 1664 ἐφίεται.
2415 1589 2486 1644 Οὔ
2516 1590 2606 1644 τοῦ
2646 1587 2903 1667 τυχόντος
2938 1586 2990 1643 δέ
3043 1588 3186 1644 ἐστιν
3235 1590 3308 1652 εἰς
3338 1590 3401 1644 τὸ
3448 1588 3652 1646 τέλειον
3684 1615 3809 1668 χω-

2156 1677 2339 1753 ρῖισαιι¹
2381 1677 2476 1744 τῆς
2539 1676 2661 1757 (58)
2730 1678 2968 1757 ἀγάπης,
3024 1679 3112 1733 καὶ
3169 1679 3258 1733 τὸν
3319 1677 3482 1742 ὅντως
3531 1678 3810 1756 ἀγαπητὸν

416 1770 541 1850 jam
576 1775 734 1829 exuit
765 1775 1023 1828 veterem
1066 1765 1394 1840 hominem,
1423 1763 2072 1846 in,desideriis_erroris

2163 1769 2493 1843 ἐπιγνῶναι·
2534 1765 2670 1822 ἀλλὰ
2723 1767 2813 1822 τοῦ
2856 1764 3208 1841 ἐκδυσαμένου
3267 1765 3368 1834 ἤδη
3436 1771 3526 1823 τὸν
3581 1768 3809 1825 παλαιὸν

424 1868 790 1939 corruptum,
841 1855 1031 1915 induit
1060 1873 1197 1916 vero
1231 1873 1470 1927 novum,
1505 1854 1608 1935 qui
1655 1863 1971 1916 renovatur
2001 1856 2071 1918 ad

422 1950 785 2029 agnitionem
818 1945 1145 2006 secundum
1173 1945 1490 2022 imaginem
1507 1944 1836 2006 conditoris
1857 1941 2047 2008 95.Ete

423 2040 544 2101 nim
579 2038 682 2116 qui
706 2036 989 2117 pecunias
1021 2035 1232 2114 diligit,
1261 2052 1704 2113 corporumque
1731 2034 2071 2113 pulchritu-

423 2131 622 2190 dinem
659 2126 986 2208 perituram
1019 2123 1389 2202 impotenter
1420 2129 1888 2202 consectatur,et
1921 2125 2074 2185 hanc

425 2219 660 2299 praefert
689 2215 1085 2295 gloriolam,vi
1110 2212 1397 2289 diligendi
1425 2212 1484 2272 in
1519 2212 1684 2284 iis,in
1712 2211 1929 2292 quibus
1956 2233 2072 2274 non

422 2303 1087 2383 docebat,insumpta,is
1119 2309 1445 2363 excaecatus
1477 2309 1563 2362 est
1595 2302 1665 2362 ad
1700 2320 1836 2362 vere
1870 2302 2074 2364 dilecti

422 2395 1006 2475 contemplationem.
1068 2392 1208 2452 Ideo
1264 2391 1342 2450 ait
1395 2412 1406 2447 :
1472 2392 1696 2470 Diliges
1747 2393 2072 2453 Dominum

422 2489 609 2548 Deum
637 2493 799 2547 tuum
834 2502 908 2545 ea:
962 2488 1080 2544 toto
1110 2480 1289 2542 corde
1323 2489 1442 2551 tuo,
1480 2487 1532 2541 et
1566 2497 1644 2541 ea:
1695 2487 1819 2542 tota
1862 2483 2072 2542 anima

424 2583 613 2649 tua,et
642 2593 715 2638 ea:
742 2579 867 2636 tota
893 2580 1090 2632 meme
1113 2578 1219 2630 tua
1249 2569 1328 2627 ετ.
1374 2570 1596 2630 Verum
1633 2569 1777 2630 illud
1803 2569 1907 2632 Ea:
1927 2578 2070 2644 tota,

423 2667 646 2728 nullam
675 2666 734 2725 in
758 2663 872 2723 alia
901 2660 1280 2741 partitionem
1298 2657 1886 2730 admittit.Quantum
1912 2661 2071 2722 enim

423 2753 762 2818 dilectionis
793 2754 853 2812 in
895 2752 1022 2812 haec
1053 2749 1340 2811 inferiora
1390 2749 1810 2830 insumpseris,
1850 2759 2072 2811 tantum

424 2846 528 2908 tibi
560 2842 901 2906 necessario
920 2839 1111 2900 deerit
1139 2858 1172 2899 a
1207 2847 1351 2900 toto.
1391 2837 1765 2918 Quapropter
1799 2842 1967 2919 pauci
2001 2859 2069 2900 ex

423 2935 722 3008 omnibus,
758 2930 935 2993 amici
989 2929 1096 2992 Dei
1144 2928 1422 3008 appellati
1468 2942 1645 2999 sunt;
1675 2930 2070 3009 quemadmo-

422 3028 563 3089 dum
581 3023 794 3084 litteris
822 3021 1119 3101 proditum
1141 3025 1232 3080 est
1249 3021 1489 3097 Moysen
1503 3016 1684 3078 fuisse
1708 3019 1966 3079 amicum
1991 3018 2070 3093 98;

421 3117 561 3177 item
583 3116 871 3176 Joannem
905 3128 917 3172 :
947 3111 1183 3169 Amicus
1205 3112 1390 3179 enim,
1413 3105 2069 3186 inquit,sponsi,stans.

423 3205 645 3285 gaudio
675 3201 893 3282 gaudet
918 3198 1021 3257 29:
1059 3198 1174 3258 hoc
1233 3203 1344 3271 est,
1405 3195 1505 3275 qui
1555 3195 1830 3285 stabilem
1867 3209 1926 3258 et
1956 3197 2073 3258 im-

425 3283 706 3353 mobilem
743 3291 803 3349 in
863 3288 1162 3350 Christum
1220 3301 1485 3344 amorem
1536 3283 1730 3358 habet,
1776 3284 1826 3345 is
1858 3286 2075 3367 dignus

424 3391 513 3443 est
541 3380 728 3461 ipsius
760 3377 1041 3439 amicitia.
1097 3374 1328 3435 Idcirco
1385 3374 1560 3435 etiam
1596 3375 1904 3455 discipulis
1944 3379 2070 3458 jam

423 3473 704 3555 perlectis
738 3471 1028 3533 Dominus
1046 3473 1123 3529 ait
1154 3488 1166 3528 :
1202 3467 1339 3530 Non
1371 3467 1637 3546 amplius
1660 3485 1763 3529 vos
1787 3470 1923 3530 (lico
1951 3484 2074 3529 ser-

423 3581 524 3625 vos
549 3564 656 3624 sed
685 3563 944 3623 amicos:
1010 3563 1154 3638 quia
1208 3573 1417 3618 servus
1468 3559 1655 3618 nescit
1704 3558 1851 3636 quid
1881 3559 2074 3636 faciat

422 3654 708 3714 dominus
740 3654 866 3726 ejus
895 3649 968 3712 3°.
1019 3647 1271 3710 Perfecti
1316 3646 1494 3728 igitur
1540 3653 1648 3721 est,
1708 3664 1848 3708 vere
1878 3647 2071 3708 dilec-

423 3751 548 3804 tum
582 3757 964 3819 cognoscere.
1002 3737 1069 3799 Et
1091 3756 1318 3818 revera,
1355 3736 1466 3799 soli
1496 3736 1673 3798 amici
1701 3735 1837 3811 Dei,
1889 3747 1946 3798 et
1970 3737 2068 3799 in-

424 3841 514 3893 ter
536 3851 682 3912 quos
715 3828 1035 3891 intercedit
1072 3827 1293 3888 'mutua
1332 3827 1614 3901 amicitia,
1662 3829 1850 3888 sancti
1889 3836 2066 3889 sunt:

423 3940 600 3984 nemo
659 3929 852 3982 autem
908 3918 1317 3998 improborum
1373 3917 1816 3978 autstultorum
1844 3917 2071 3979 amicus

423 4020 531 4072 est.
559 4009 765 4091 Neque
798 4009 956 4070 enim
989 4008 1264 4068 amicitias
1285 4006 1506 4068 bonum
1531 4007 1587 4066 in
1618 4025 1858 4086 pravum
1884 4009 2070 4069 aﬂ'ec-

427 4111 546 4162 tum
575 4102 753 4180 cadit,
789 4099 1067 4180 quoniam
1102 4097 1246 4157 nihil
1309 4105 1480 4176 turpe
1509 4104 1610 4157 aut
1638 4096 2068 4157 inconcinnum

420 4193 482 4251 in
543 4190 819 4252 amicitiae
870 4186 1252 4248 concordiam
1305 4185 1537 4265 ingredi
1591 4195 1801 4266 potest.
1853 4187 2067 4246 Malum

423 4281 582 4342 enim
626 4298 744 4339 non
775 4278 930 4338 bono
963 4276 1181 4350 solum,
1238 4276 1345 4335 sed
1379 4275 1574 4354 ipsum
1604 4283 1777 4336 etiam
1810 4274 1922 4336 sibi
1955 4276 2071 4354 ipsi

2159 1851 2454 1933 ἄνθρωπον,
2513 1859 2605 1912 τὸν
2661 1859 3001 1934 φθειρομενον
3046 1858 3182 1920 κατὰ
3225 1859 3323 1921 τὰς
3372 1857 3648 1932 ἐπιθυμίας
3714 1864 3810 1925 τῆς

2157 1944 2392 2020 ἀπάτης,
2426 1947 2514 2001 καὶ
2569 1943 2915 2019 ἐνδυσαμένου
2965 1947 3054 2000 τὸν
3105 1945 3244 2022 νέον,
3300 1947 3389 2003 τὸν
3418 1946 3810 2023 ἀνακαινούμε-

2157 2055 2246 2089 νον
2278 2035 2352 2093 εἰς
2383 2034 2666 2112 ἐπίγνωσιν
2732 2034 2848 2090 κατ’
2909 2036 3083 2090 εἰκόνα
3142 2039 3235 2090 τοῦ
3291 2036 3593 2101 κτίσαντος.
3649 2037 3802 2095 Ἐπεὶ

2158 2121 2184 2176 6'
2218 2143 2278 2200 γε
2307 2125 2565 2202 χρήματα
2615 2129 2863 2201 ἀγαπῶν,
2929 2125 3017 2178 καὶ
3048 2126 3165 2198 περὶ
3195 2126 3256 2180 16
3287 2127 3512 2204 φθαρτὸν
3544 2132 3651 2182 τῶν
3697 2150 3808 2182 σω-

2159 2212 2340 2286 μάτων
2393 2210 2590 2275 κάλλος
2653 2212 3009 2292 ἐπτοημένος,
3080 2215 3166 2269 καὶ
3228 2213 3286 2269 τὰ
3347 2212 3582 2294 δοξάριον
3656 2224 3810 2273 τοῦτο

2154 2303 2477 2380 ὺπερτιμῶν,
2538 2303 2636 2369 τὴν
2691 2310 2783 2358 τοῦ
2837 2302 3049 2380 ἀγαπᾷν
3094 2301 3313 2377 δύναμιν
3365 2302 3486 2380 (59)
3523 2303 3607 2382 ἐφ’
3639 2305 3672 2361 ἃ
3733 2307 3808 2381 μὴ

2155 2397 2421 2470 προσῆκεν
2450 2389 2775 2470 ἀναλώσας,
2835 2394 2966 2470 πρὸς
3032 2393 3130 2458 τὴν
3189 2399 3281 2447 τοῦ
3351 2393 3618 2460 ἀληθινῶς
3676 2397 3806 2474 ἀγα-

2157 2491 2329 2548 πητοῦ
2357 2481 2476 2537 θέαν
2516 2480 2890 2561 ἀπετυφλώθη.
2929 2483 3028 2536 Διά
3056 2491 3209 2539 τοῦτο
3267 2505 3430 2560 φησιν
3465 2499 3479 2513 ⁸
3547 2485 3806 2564 Ἀγαπή..

2158 2592 2265 2633 σεις
2325 2568 2518 2644 Κύριον
2599 2572 2688 2625 τὸν
2749 2572 2880 2626 Θεὸν
2938 2592 3032 2625 σου
3104 2569 3156 2635 ἐξ
3236 2569 3367 2638 ὅλης
3439 2578 3536 2640 τῆς
3596 2573 3805 2654 καρδίας

2158 2681 2272 2732 σου,
2327 2668 2416 2716 καὶ
2465 2658 2517 2724 ἐξ
2575 2657 2706 2726 ὅλης
2765 2664 2864 2727 τῆς
2923 2661 3109 2738 ψυχῆς
3169 2681 3287 2739 σου,
3343 2663 3430 2717 καὶ
3465 2661 3516 2727 ἐξ
3548 2662 3679 2730 ὅλης
3710 2664 3805 2733 τῆς

2158 2747 2389 2812 διανοίας
2451 2772 2565 2810 σου.
2603 2750 2674 2806 Τὸ
2734 2746 2811 2828 δὲ,
2877 2746 2964 2813 ἘΞ
3015 2747 3172 2821 ὅλης,
3229 2751 3487 2827 μερισμὸν
3531 2755 3602 2815 εἰς
3655 2753 3805 2832 ἕτερα

2157 2839 2248 2892 οὒκ
2294 2834 2623 2916 ἐπιδέχεται,
2685 2833 2860 2892 ’Ὅσον
2892 2838 2991 2915 γὰρ
3025 2834 3156 2916 (60)
3187 2835 3250 2892 ἂν
3281 2843 3379 2904 τῆς
3411 2838 3625 2916 ἀγάπης
3659 2862 3799 2919 παρ-

2159 2925 2437 3001 αναλώσῃς
2497 2927 2581 2981 ἐπὶ
2625 2926 2735 3001 ς,τά
2815 2927 2986 3005 κάτω,
3058 2937 3310 2986 τοσοῦτον
3369 2949 3450 2984 σοι
3517 2927 3686 3005 λείψει
3746 2929 3798 2995 ἐξ

2158 3015 2396 3093 ἀνάγκης
2446 3015 2553 3070 ἀπὸ
2601 3018 2694 3070 τοῦ
2756 3013 2902 3073 ὅλου.
2970 3016 3066 3072 Διά
3116 3024 3269 3073 τοῦτο
3301 3015 3471 3094 ὀλίγοι
3504 3018 3564 3074 ἐκ
3592 3019 3803 3076 πᾰντων

2160 3103 2300 3182 φίλοι
2365 3103 2496 3161 Θεοῦ
2557 3105 3059 3183 προσηγορεύθησαν
3091 3120 3107 3136 ⁶
3190 3106 3262 3169 ὼς
3321 3111 3548 3172 Μωυσῆς
3605 3107 3802 3184 ἀναγέ-

2159 3215 2386 3271 γραπται
2447 3194 2589 3250 εἶναι
2649 3192 2798 3262 φίλος
2837 3211 2849 3223 ·
2898 3195 2972 3257 ὼς
3023 3192 3274 3260 Ἰωάννης
3311 3213 3324 3228 ⁸
3372 3193 3434 3252 Ὀ
3484 3196 3584 3274 γὰρ
3627 3195 3800 3277 φίλος,

2157 3284 2308 3360 φησὶ,
2368 3283 2460 3339 τοῦ
2516 3285 2760 3362 νυμφίου,
2824 3284 3016 3357 ἑστὼς,
3067 3291 3214 3364 χαρᾷ
3257 3285 3457 3364 χαίρει·
3508 3285 3798 3362 τουτέστιν,

2158 3375 2185 3428 6
2237 3373 2299 3428 16
2345 3374 2602 3448 στάσιμον
2646 3372 2791 3454 ἔχων
2818 3374 2904 3429 καὶ
2949 3374 3341 3448 ἀμετακίνητον
3387 3374 3484 3441 τῆς
3541 3377 3613 3440 εἰς
3669 3383 3806 3454 Χρι-

2158 3464 2281 3520 στὸν
2327 3461 2527 3544 φιλίας,
2590 3466 2740 3526 οὗτος
2798 3462 2940 3528 ἄξιος
2990 3463 3088 3531 τῆς
3151 3463 3312 3522 αὒτοῦ
3360 3461 3558 3543 φιλίας.
3603 3467 3695 3520 Διὸ
3724 3467 3808 3522 mi

2155 3565 2277 3618 ταῖς
2329 3556 2597 3628 μαθηταῖς
2645 3551 2748 3620 ἤδη
2798 3551 3191 3628 τελειουμένοις
3253 3556 3280 3608 6
3339 3554 3558 3631 Κύριος,
3593 3553 3802 3634 Οὐκέτι,

2156 3647 2339 3724 φησὶν,
2395 3644 2532 3718 ὑμᾶς
2585 3641 2728 3721 λέγω
2804 3641 3040 3717 δούλους,
3106 3642 3243 3698 ἀλλὰ
3315 3642 3493 3723 φίλους
3530 3660 3543 3673 ·
3625 3644 3706 3700 ὅτι
3778 3647 3806 3701 6

2155 3734 2337 3799 δουλος
2398 3737 2490 3792 οὑκ
2533 3733 2648 3791 οἶδε
2703 3737 2752 3792 τί
2835 3748 2985 3792 ποιεῖ
3029 3738 3057 3791 6
3117 3737 3294 3811 κύριος
3356 3737 3536 3798 αὐτοῦ,
3593 3735 3806 3796 Τελείου

2153 3832 2323 3882 τοίνυν
2380 3824 2489 3882 ἐστὶ
2539 3827 2601 3880 τὸ
2660 3826 2749 3880 τὸν
2807 3822 2972 3888 ὅντως
3018 3826 3299 3903 ἀγαπητὸν
3343 3823 3656 3902 ἐπιγνῶναι,
3709 3827 3808 3884 Καὶ

2153 3925 2230 3993 τῷ
2287 3916 2398 3972 ὅντι
2458 3916 2609 3992 μόνοι
2654 3915 2796 3994 φίλοι
2845 3922 2978 3971 Θεοῦ
3025 3917 3113 3971 καὶ
3144 3914 3406 3986 ἀλλήλοις
3438 3919 3485 3972 οἱ
3516 3915 3683 3994 ἅγιοι·
3720 3917 3805 3973 οὒ-

2155 4004 2256 4068 δεὶς
2310 4005 2365 4061 δὲ
2423 4008 2528 4061 τῶν
2582 4010 2832 4082 πονηρῶν
2895 4005 2978 4060 καὶ
3037 4002 3255 4080 ἀμαθῶν
3308 4006 3482 4084 φίλος.
3547 4004 3674 4064 Οὐδὲ
3704 4007 3802 4085 γὰρ

2153 4097 2333 4152 πίπτει
2389 4095 2452 4151 τὸ
2495 4099 2594 4161 τῆς
2646 4091 2821 4173 φιλίας
2878 4091 3042 4149 καλὸν
3105 4095 3178 4158 εἷς
3232 4096 3518 4174 μοχθηρὰν
3547 4094 3796 4151 διάθεσιν

2153 4184 2283 4240 διότι
2344 4181 2490 4241 οὐδὲν
2545 4183 2768 4261 αἰσχρὸν
2825 4184 2912 4238 καὶ
2960 4182 3290 4260 ἀνάρμοστον
3361 4187 3434 4248 εἰς
3481 4188 3796 4266 συμφωνίαν

2152 4273 2362 4330 δύναται
2412 4273 2660 4353 χωρῆσαι
2705 4271 2906 4352 φιλίας.
2963 4275 3034 4331 Τὸ
3080 4275 3179 4352 γὰρ
3223 4276 3389 4330 κακὸν
3422 4275 3482 4331 οὔ
3510 4282 3588 4349 τῷ
3621 4278 3806 4352 ἀγαθῷ

425 4367 790 4430 contrarium
819 4374 924 4426 est.
953 4364 1083 4426 Jam
1111 4383 1248 4425 vero
1273 4365 1345 4425 ad
1372 4365 1553 4427 verba
1592 4364 1803 4444 psalmi
1835 4382 2064 4445 expen-

2163 4364 2384 4421 ἐναντίον
2430 4361 2538 4418 ἐστὶ
2597 4361 2782 4443 μόνον,
2829 4361 2967 4418 ἀλλὰ
2995 4363 3083 4418 καὶ
3139 4363 3264 4419 αὒτὸ
3304 4365 3498 4438 ἑαυτῷ,
3549 4363 3707 4432 ’Ἤδη
3753 4363 3808 4420 δὲ

425 4457 619 4519 denda
653 4453 1126 4536 progrediamur.

509 4547 566 4610 3.
593 4545 776 4609 Vnus.
798 4546 856 4605 ‘2.
889 4545 1200 4605 Eruclam‘t
1217 4561 1318 4604 cor
1339 4543 1802 4620 meumyerbum
1827 4543 2067 4605 bonum.

423 4637 552 4700 Jam
575 4635 814 4714 quidem
837 4633 1106 4694 nonnulli
1137 4633 1548 4694 existimavere
1579 4633 1783 4694 istbaec
1820 4651 1890 4694 ex
1924 4651 2068 4714 per-

505 4769 797 4837 ἳδΜοιιΙι.
824 4787 960 4851 xvn,
997 4772 1056 4834 5.
1106 4769 1168 4819 96
1198 4769 1416 4851 Ephes.
1455 4786 1533 4851 Iv,
1569 4769 1668 4846 2-2,
1703 4770 1803 4831 24.

424 4855 490 4906 50
517 4854 689 4918 Joan.
726 4870 819 4928 xv,
856 4852 949 4914 15.

509 4994 634 5071 (57)
668 4988 993 5071 Colbertini
1015 4988 1284 5069 quintus,
1305 4997 1510 5051 seutus
1542 4997 1598 5050 et
1618 4989 1909 5071 septimus
1937 5006 2071 5050 cum

431 5069 692 5135 editione
722 5070 916 5134 Paris.
948 5079 1005 5130 et
1035 5088 1167 5130 cum
1201 5071 1352 5147 Reg.
1388 5079 1597 5144 quarto
1629 5071 1683 5126 ἐν
1713 5075 1758 5144 ᾧ
1785 5069 2068 5141 εὐδόκησα,

428 5162 486 5216 et
507 5153 591 5216 ita
619 5153 835 5230 legitur
863 5149 1017 5228 apud
1043 5150 1372 5211 Mattliaaum
1395 5153 1600 5225 xvn,5.
1637 5151 1717 5212 At
1742 5149 1910 5230 illud,
1943 5171 1998 5204 εν
2028 5151 2072 5230 ᾧ

427 5229 711 5302 εὐδόκησα,
747 5250 864 5290 non
895 5233 1194 5311 reperitur
1226 5247 1418 5310 neque
1449 5231 1508 5291 in
1567 5230 1830 5292 editione
1887 5229 2068 5311 Basil.

429 5332 622 5395 neque
643 5313 705 5373 in
731 5311 937 5395 Regiis
958 5310 1223 5374 Secundo
1255 5321 1314 5373 et
1335 5311 1532 5385 tertio,
1562 5329 1757 5390 neque
1787 5313 1941 5390 apud
1968 5310 2076 5372 Lu-

427 5394 554 5458 cam
590 5411 671 5466 ιχ,

510 5477 628 5554 (58)
655 5473 740 5535 Ita
777 5472 943 5532 multi
973 5471 1327 5554 mss._Deest
1355 5478 1451 5540 τῆς
1477 5471 1538 5532 in
1573 5471 1746 5554 editis
1767 5478 1826 5532 et
1855 5471 1915 5530 in
1947 5469 2081 5554 aliis

429 5574 552 5618 mss
609 5551 726 5616 non
757 5551 1146 5632 paucilelud
1177 5553 1333 5632 quod
1361 5571 1493 5614 mox
1526 5553 1818 5632 sequitur,
1855 5554 1926 5618 εἰς
1958 5552 2079 5608 ἐπί-

427 5660 646 5717 γνωσιν,
676 5635 860 5717 abest
888 5650 925 5717 ἓ
945 5632 1136 5717 tribus
1168 5651 1310 5717 mss;

511 5711 642 5797 (59)
675 5711 1077 5797 Editio_l_’aris.
1104 5731 1240 5774 cum
1266 5711 1441 5797 _Col_b.
1476 5721 1640 5775 sexto
1684 5715 1781 5779 τὴν
1820 5719 1911 5768 τοῦ
1941 5713 2081 5797 ἀγο-

430 5791 537 5873 πᾷν
567 5791 808 5872 δύναμιν.
843 5791 1042 5854 Editio
1094 5810 1232 5855 vero
1262 5793 1450 5858 Basil.
1484 5804 1544 5856 et
1571 5810 1786 5856 novem
1813 5809 1957 5857 mss.
1985 5794 2082 5862 τὴν

1889 4769 1948 4820 Ξ’1
1981 4772 2160 4838 Marc.
2195 4788 2297 4849 xu,
2333 4769 2431 4835 30.
2520 4769 2580 4820 98
2608 4769 2796 4835 Exod.
2851 4787 3056 4852 χχχιιι,
3093 4775 3188 4833 Η.

2153 4455 2241 4511 καὶ
2273 4452 2358 4508 ἐπὶ
2385 4453 2481 4520 τὴν
2514 4451 2637 4531 (61)
2670 4451 2902 4517 ἐξέτασιν
2929 4458 3036 4508 τῶν
3066 4453 3324 4532 ῥημάτων
3356 4455 3660 4531 προΐωμεν,

2237 4541 2296 4604 3.
2369 4540 2717 4619 Ἐξηρεύξατο
2793 4544 2827 4610 ἡ
2913 4540 3099 4621 καρδία
3167 4564 3268 4618 μου
3327 4542 3488 4622 λόγον
3578 4545 3805 4624 ἀγαθὸν.

2155 4630 2315 4699 ’Ἤδη
2369 4631 2468 4708 μέν
2513 4653 2655 4695 τινες
2698 4632 2952 4705 ᾠήθησαν
3001 4631 3061 4688 ἐκ
3106 4631 3394 4712 προσώπου
3441 4631 3535 4690 τοῦ
3599 4636 3806 4715 [ἰατρὸς

3279 4770 3343 4822 ³9
3368 4770 3549 4838 Joan.
3585 4791 3671 4853 ιιι,
3705 4775 3812 4837 29.

2156 4991 2248 5046 τοῦ
2279 4989 2563 5065 ἀγαπητοῦ
2591 4985 2834 5062 δύναμιν.

2233 5069 2361 5149 (60)
2398 5067 2481 5129 lta
2507 5087 2681 5130 mms.
2718 5067 3024 5150 Deestyq’zp
3054 5069 3114 5130 in
3146 5066 3411 5132 editione
3442 5069 3646 5150 Paris:
3670 5069 3802 5128 Mox

2158 5166 2300 5211 mss.
2342 5146 2449 5210 sex
2499 5151 2656 5207 τοῦτό
2687 5171 2799 5208 σοι.
2833 5146 3006 5211 Είῆιί⁷
3027 5167 3164 5211 vero
3194 5157 3447 5206 τοσοῦτον
3477 5170 3583 5209 σοι.
3615 5146 3804 5209 Junc-

2158 5237 2282 5291 tum
2311 5236 2402 5291 est
2429 5236 2754 5310 utrumque
2790 5231 2849 5290 in
2883 5227 3028 5308 Reg.
3063 5228 3355 5307 secundo,
3379 5234 3628 5284 τοσοῦτον
3651 5229 3806 5285 τοῦτό

2162 5333 2266 5370 σοι.

2247 5391 2366 5470 (6t)
2399 5389 2563 5454 Editi
2606 5407 2743 5452 cum
2776 5407 2906 5470 uno
2939 5395 3039 5449 aut
3067 5386 3253 5449 altero
3297 5405 3410 5451 ms.
3463 5388 3548 5470 ἐπὶ
3579 5393 3707 5470 τὴν,
3735 5387 3814 5449 At

2166 5467 2428 5533 mss.s'ex
2458 5473 2572 5549 περὶ
2603 5471 2727 5538 τὰν.
2760 5467 2903 5541 Quae
2937 5487 3067 5528 mox
3098 5467 3810 5549 sequuntur,’EEnpsiSEafcpo

2163 5555 2198 5621 ἡ
2222 5552 2405 5632 καρδία
2437 5547 2540 5632 μου
2571 5549 2732 5632 λόγον
2763 5549 2984 5632 ἀγαθον,
3009 5547 3290 5632 leguntur
3319 5549 3562 5632 quidem
3593 5547 3656 5610 in
3689 5547 3818 5610 edi-

2167 5627 2328 5694 tione
2360 5627 2702 5703 Parisiensi,
2736 5627 2844 5692 sed
2896 5627 3112 5692 desunt
3139 5635 3201 5694 et
3231 5629 3289 5690 in
3333 5627 3550 5694 nostris
3582 5647 3726 5691 mss.
3759 5636 3817 5691 et

2165 5714 2229 5775 in
2259 5712 2522 5777 editione
2545 5708 2725 5776 Basil.
