4138 6380
343 433 458 500 393

1480 428 1803 495 HOMILIA
1848 430 1929 495 IN
1975 431 2342 494 PSALMUM
2393 429 2607 492 XLIV.

3615 420 3732 492 394

342 567 585 645 λέγεσθαι
616 576 778 628 ταῦτα
824 566 939 646 περῖ
969 575 1061 624 τοῦ
1115 569 1170 622 ἐν
1212 566 1359 648 ἀρχῇ
1408 564 1557 629 ὄντος
1630 572 1762 650 πρὸς
1834 565 1990 630 αὒτὸν

2078 581 2223 625 sona
2252 562 2443 626 Patris
2467 561 2542 623 de
2572 559 2774 650 Verbo
2803 557 2960 650 apud
2992 557 3188 650 ipsum
3223 558 3282 619 in
3315 557 3610 650 principio
3633 577 3736 621 ex-

343 661 535 735 Λόγου,
597 656 654 714 ὅν
724 658 784 714 ἐκ
858 659 957 724 τῆς
1021 659 1176 714 οἱονεὶ
1233 655 1444 732 καρδίας
1505 660 1593 716 καὶ
1655 661 1829 719 αὐτῶν
1884 669 1990 718 τῶν

341 747 694 828 σπλάγχνων,
764 749 911 826 φασὶ,
957 749 1230 826 προήγαγε
1487 750 1574 805 καὶ
1643 752 1748 807 ἀπὸ
1789 752 1988 829 ἀγαθῆς

340 833 550 912 καρδίας
583 837 776 914 ἀγαθὸς
805 835 963 912 λόγος
1037 833 1324 912 προῆλθεν·
1385 835 1506 909 ἐμοὶ
1552 835 1605 892 δὲ
1634 836 1784 896 δοκεῖ
1825 843 1988 896 ταῦτα

340 925 424 981 ἐπὶ
483 927 543 981 τὸ
599 927 931 1004 προφητικὸν
989 925 1332 1005 ἀναφέρεσθαι
1393 925 1703 1002 πρόσωπον,
1765 930 1840 992 Τὰ
1889 930 1986 1006 γὰρ

341 1013 529 1092 ἐφεξῆς
589 1025 682 1074 τοῦ
741 1016 904 1091 ῥητοῦ
963 1014 1136 1070 οὐκέτι
1171 1016 1366 1088 ὁμοίως
1398 1014 1692 1089 ἐξομαλίζει
1729 1020 1862 1092 ἡμῖν
1892 1019 1987 1085 τὴν

341 1105 458 1180 περὶ
500 1113 594 1163 τοῦ
666 1104 868 1182 Πατρὸς
930 1101 1204 1180 ἐξήγησιν,
1261 1102 1390 1161 Οὔτε
1435 1104 1534 1182 γὰρ
1587 1104 1648 1159 ἄν
1707 1106 1830 1184 περὶ
1888 1111 1987 1173 τῆς

343 1193 530 1250 ἑαυτοῦ
592 1192 840 1270 γλώσσης
898 1195 924 1248 6
962 1192 1140 1270 [ἰατὴρ
1172 1196 1349 1265 εἶπεν,
1383 1191 1462 1248 ὅτι
1512 1191 1636 1273 (63)
1681 1197 1741 1251 Ἡ
1773 1193 1990 1271 γλῶσσά

343 1303 445 1355 μου
568 1280 808 1356 κάλαμος
881 1283 1239 1359 γραμματέως
1343 1281 1656 1362 ὀξυγράφου,
1773 1281 1992 1362 Ὠραϊος

344 1369 527 1427 κάλλει
585 1373 727 1450 παρά
828 1373 948 1436 τοὺς
1003 1373 1140 1433 υἱοὺς
1211 1378 1318 1427 τῶν
1372 1371 1682 1450 ἀνθρώπων.
1759 1375 1831 1430 O6
1895 1375 1993 1452 γὰρ

341 1463 400 1515 ἐκ
430 1461 522 1528 τῆς
553 1463 683 1539 πρὸς
716 1461 836 1525 τοὺς
868 1461 1171 1537 ἀνθρώπους
1222 1462 1543 1540 συγκρίσεως
1588 1463 1684 1530 τὴν
1717 1464 1991 1542 ὑπεροχὴν

341 1558 433 1607 τοῦ
461 1549 687 1616 κάλλους
721 1548 866 1630 ἔχει,
917 1553 1012 1608 Καὶ
1040 1551 1245 1629 προϊών
1280 1567 1433 1629 φησι·
1473 1553 1571 1608 Διά
1614 1559 1768 1609 τοῦτο
1801 1551 1992 1632 ἐχρισέ

341 1662 398 1696 σε
457 1643 483 1696 6
557 1642 708 1721 Θεὸς,
771 1643 797 1696 6
869 1641 998 1702 Θεός
1055 1661 1170 1718 σου,
1226 1638 1403 1696 ἔλαιον
1460 1641 1852 1719 ἀγαλλιάσεως.
1922 1643 1994 1699 Οὔ

341 1730 444 1806 γάσ
500 1730 675 1785 εἶπεν
717 1729 961 1810 ’Ἒχρισά
992 1751 1050 1785 σε
1072 1729 1180 1807 ἐγὼ
1210 1732 1237 1786 6
1271 1733 1422 1798 Θεὸς,
1459 1730 1606 1812 ἀλλ’,
1641 1731 1884 1811 ’Ἐχρισέ
1910 1752 1988 1789 σε·

343 1820 478 1876 ὥστε
552 1818 612 1876 ἐκ
658 1822 844 1878 τούτου
897 1820 1245 1896 παρίστασθαι
1304 1819 1482 1897 ἕτερον
1529 1822 1670 1878 εἶναι
1701 1823 1762 1877 τὸ
1816 1820 1994 1877 διαλε-

2073 653 2322 714 sistente
2353 651 2498 715 dici:
2536 649 3028 729 quod,inquiunt,
3062 649 3221 709 velut
3254 666 3323 709 ex
3355 647 3538 708 corde
3569 655 3627 708 et
3660 667 3731 710 ex

2073 742 2218 823 ipsis
2242 743 2573 804 visceribus
2605 740 2928 821 produxit;
2981 746 3157 819 atque
3209 757 3276 798 ex
3337 737 3494 799 bono
3547 738 3730 800 corde

2073 831 2292 893 bonum
2309 831 2548 893 verbum
2571 828 3118 910 prodiitMihivero
3140 827 3414 889 videntur
3436 829 3562 888 hinc
3591 828 3718 888 i6!

2071 921 2142 981 ad
2169 920 2478 1002 Propheta:
2525 937 2839 1001 personam
2871 916 3185 978 referenda
3220 935 3380 978 esse.
3418 915 3562 977 Nam
3599 935 3732 996 quae

2075 1013 2228 1072 hanc
2258 1011 2546 1090 deinceps
2577 1007 2936 1071 sententiam
2965 1015 3444 1086 sequuntur,non
3470 1006 3734 1085 amplius

2073 1118 2239 1180 aeque
2260 1101 2492 1180 planam
2519 1095 2991 1160 exhibentnobis
3005 1095 3078 1155 de
3104 1095 3272 1156 Patre
3299 1095 3728 1156 narrationem.

2073 1189 2277 1267 Neque
2309 1189 2466 1250 enim
2521 1189 2595 1249 de
2628 1207 2734 1248 sua
2795 1186 2983 1265 ipsius
3014 1184 3215 1263 lingua
3246 1187 3420 1245 Pater
3464 1184 3681 1245 dixerit
3714 1205 3726 1244 :

2083 1281 2311 1355 Lingua
2342 1299 2486 1341 mea
2518 1281 2797 1340 calamus
2819 1275 3041 1338 scribae
3062 1274 3347 1336 velociter
3388 1275 3729 1338 scribentis.

2077 1369 2657 1446 Vens.3.Speciosus
2686 1369 2891 1445 forma
2925 1381 3061 1443 prae
3089 1363 3235 1443 ﬁliis
3257 1362 3733 1425 hominum.Non

2077 1460 2234 1520 enim
2270 1455 2728 1538 pulchritudinis
2758 1454 3157 1536 prastantiam
3181 1472 3249 1514 ex
3275 1454 3536 1514 humana
3558 1470 3731 1516 com-

2081 1556 2382 1629 paratione
2409 1545 2810 1610 mutuatur.Et
2835 1562 3186 1626 progressus
3209 1544 3289 1604 ait
3309 1543 3385 1604 31:
3407 1543 3733 1623 Propterea

2080 1641 2272 1699 unxit
2292 1646 2348 1700 te
2377 1639 2555 1714 Deus,
2584 1638 2750 1698 Deus
2775 1642 2934 1709 tuus,
2966 1637 3092 1697 oleo
3113 1633 3367 1696 laetitiae.
3409 1634 3538 1694 Non
3573 1635 3732 1695 enim

2079 1727 2248 1809 dixit,
2281 1730 2431 1790 Unxi
2467 1735 2524 1788 te
2547 1746 2654 1806 ego
2681 1728 2862 1805 Deus,
2897 1724 3024 1799 sed,
3061 1723 3250 1786 Unxit
3273 1731 3326 1784 te
3357 1724 3506 1784 Deus
3535 1747 3550 1795 ς
3585 1724 3732 1786 adeo

2081 1827 2143 1878 ut
2170 1836 2241 1879 ex.
2275 1819 2388 1878 hoc
2413 1823 2644 1877 constet
2666 1815 2840 1876 aliam
2867 1832 2996 1874 esse
3019 1813 3360 1893 loquentem
3388 1831 3729 1892 personam.

340 1909 567 1984 γόμενον
626 1909 932 1985 πρόσωπον.
984 1915 1151 1964 Ποῖον
1207 1911 1297 1964 οὖν
1331 1908 1447 1965 ἐστε
1480 1920 1634 1968 τοῦτο
1666 1910 1700 1978 ἥ
1758 1913 1784 1966 6
1821 1918 1989 1990 ’Προ-

2081 1907 2224 1979 Quae
2257 1907 2435 1986 igitur
2458 1907 2583 1968 haec
2609 1905 2841 1979 est,nisi
2865 1903 3161 1983 Propheta
3183 1901 3442 1984 ipse,qui
3473 1902 3732 1964 afﬂatum

341 1999 514 2078 φήτης
559 1999 586 2053 ὁ
650 2000 908 2078 χωρήσας
942 1998 1040 2065 τὴν
1061 2004 1153 2054 106
1182 1998 1329 2075 ἁγίου
1363 1999 1663 2073 Πνεύματος
1715 2001 1788 2064 εἰς
1833 2001 1990 2056 αὺτὸν

2079 1994 2331 2075 Spiritus
2362 1997 2548 2056 sancti
2583 1995 2643 2056 in
2674 2014 2738 2056 se
2771 1994 3054 2054 diffusum
3090 1991 3359 2072 recepit?
3408 1991 3735 2054 Eructavit

339 2086 632 2164 γενομένην
673 2088 939 2164 ἐνέργειαν
977 2107 992 2162 ;
1028 2085 1396 2164 Ἐξηρεύξατο,
1458 2091 1640 2169 φησὶν,
1707 2091 1741 2157 ἡ
1803 2087 1990 2166 καρδία

2078 2103 2181 2146 cor
2202 2083 2903 2164 meum,inquit,verbum
2931 2079 3323 2144 bonum.Cum
3346 2081 3503 2142 enim
3531 2090 3734 2142 ructus

342 2199 442 2251 μου
473 2174 632 2252 λόγον
691 2177 908 2252 ἀγαθόν,
983 2175 1201 2244 Ἐπειδᾶ
1228 2177 1327 2255 γὰρ
1358 2178 1391 2245 ἡ
1443 2180 1604 2256 ἐρυγή
1653 2179 1762 2234 ἐστι
1823 2185 1988 2235 πνεῦ-

2079 2176 2250 2235 ﬂatus
2275 2175 2348 2236 sit
2388 2175 2680 2249 occultus,
2719 2173 2843 2254 qui,
2869 2172 3050 2233 bullis
3101 2171 3176 2232 ob
3207 2172 3428 2251 sumpti
3462 2169 3735 2232 alimenti

343 2288 418 2338 μα
449 2264 663 2342 κρύφιον
693 2265 829 2322 κατὰ
885 2265 982 2329 τὴν
1040 2266 1183 2336 ζέσιν
1241 2271 1340 2332 τῆς
1398 2272 1598 2345 τροφῆς
1649 2266 1987 2345 ἀποῤῥηγνυ-

2078 2263 2372 2325 fervorem
2418 2263 2896 2343 erumpentibus,
2933 2279 3168 2322 sursum
3194 2279 3400 2322 versus
3422 2261 3681 2322 dil'flatur
3715 2283 3731 2334 ;

341 2353 514 2427 μένων
566 2361 673 2409 τῶν
703 2353 1066 2434 πομφολύγων
1099 2356 1184 2410 ἐπὶ
1212 2355 1272 2410 τὸ
1338 2353 1447 2410 ἂνω
1521 2353 1929 2434 διαπνεόμενον,
1965 2358 1990 2412 ὁ

2078 2352 2180 2429 qui
2239 2352 2495 2414 nutritus
2547 2361 2636 2413 est
2668 2371 2821 2432 pane
2882 2351 2986 2411 illo
3042 2349 3295 2424 vivente,
3339 2350 3440 2431 qui
3473 2351 3547 2410 de
3581 2350 3733 2412 caelo

341 2444 550 2522 τραφεὶς
601 2450 678 2516 τῷ
728 2448 883 2512 ζῶντι
931 2441 1071 2520 ἂρτῳ
1112 2450 1189 2516 τῷ
1234 2441 1294 2498 ἐκ
1322 2446 1415 2499 106
1445 2445 1661 2522 οὖρανοῦ
1703 2442 1991 2500 καταϐάντι

340 2533 427 2588 καὶ
485 2529 675 2587 διδόντι
729 2533 872 2602 ζωὴν
924 2535 1002 2605 τῷ
1051 2532 1262 2612 κόσμῳ,
1297 2535 1385 2589 καὶ
1416 2533 1443 2589 ὀ
1474 2531 1800 2608 ἐμπλησθεὶς
1833 2535 1991 2590 παντὶ

340 2622 537 2698 ῥήματι
589 2619 988 2698 ἐκπορευομένῳ
1031 2620 1115 2678 διὰ
1160 2631 1425 2696 στόματος
1487 2630 1642 2697 Θεοῦ,
1703 2625 1836 2681 κατᾶ
1894 2623 1990 2690 τὴν

340 2713 437 2779 της
507 2716 718 2788 Γραφῆς
785 2713 984 2781 συνήθη
1043 2714 1420 2790 τροπολογίαν,
1476 2715 1510 2780 ἡ
1566 2727 1826 2793 τραφεῖσα
1873 2726 1992 2776 τοῖς

340 2803 506 2880 ἱεροῖς
564 2801 836 2875 μαθήμασι
941 2802 1120 2880 ψυχὴ,
1200 2802 1500 2882 πρόσφορον
1557 2817 1674 2868 τοῖς
1746 2803 1991 2881 βρώμασι

340 2894 589 2966 προὶεται
635 2888 734 2956 τήν
797 2889 1012 2967 ἐρυγήν,
1072 2891 1168 2946 Διά
1221 2899 1397 2970 τοῦτο,
1453 2890 1639 2958 ἐπειδὴ
1683 2890 1876 2969 λογική
1928 2890 1994 2957 ἦν

340 2982 426 3035 καὶ
465 2979 637 3057 ἀγαθῆ
664 2980 696 3045 ἡ
727 2979 917 3059 τροφὴ,
955 2978 1116 3056 λόγον
1146 2980 1340 3058 ἀγαθὸν
1383 2980 1708 3059 ἐξερεύγεται
1769 2983 1796 3036 6
1861 2987 1994 3059 Προ-

341 3070 541 3146 φήτης.
593 3067 653 3126 Ὀ
739 3069 838 3145 γὰρ
932 3068 1124 3146 ἀγαθὸς
1184 3069 1455 3149 ἄνθρωπος
1534 3069 1594 3126 ἐκ
1651 3080 1744 3128 106
1790 3070 1993 3148 ἀγαθοῦ

339 3163 601 3231 θησαυροῦ
660 3157 752 3225 τῆς
831 3156 1044 3235 καρδίας
1104 3163 1264 3218 αὐτοῦ
1332 3161 1579 3240 προφέρει
1650 3163 1710 3216 τὸ
1768 3160 1988 3238 ἀγαθόν.

344 3249 667 3321 Ζητήσωμεν
718 3247 805 3303 06v
867 3249 952 3303 καὶ
1007 3249 1168 3321 ἡμεῖς
1200 3251 1300 3315 την
1344 3249 1448 3304 ἀπ),
1477 3255 1568 3306 106
1599 3247 1762 3326 λόγου
1794 3249 1994 3327 τροφὴν

344 3338 416 3398 εἷς
457 3335 731 3415 πλήρωσιν
787 3339 893 3392 τῶν
935 3341 1128 3416 ψυχῶν
1203 3339 1355 3412 ἡμῶν
1385 3337 1771 3416 (Δίκαιοςιγὰρ,
1808 3339 1991 3417 φησὶν,

342 3425 548 3494 ἐσθίων,
612 3424 911 3500 ἐμπίπλησι
995 3428 1094 3493 τὴν
1166 3428 1352 3507 ψυχὴν
1412 3426 1622 3505 αὑτοῦ),
1710 3427 1799 3483 ἴνα
1859 3427 1995 3483 κατά

341 3516 438 3581 τὴν
494 3513 780 3592 ἀναλογίαν
836 3516 910 3572 ὧν
967 3516 1290 3595 τρεφόμεθα,
1338 3518 1397 3574 οὗ
1429 3518 1518 3573 τὸν
1543 3517 1779 3595 τυχόντα
1806 3515 1992 3594 λόγον,

339 3605 475 3661 ἀλλὰ
524 3607 718 3682 ἀγαθὸν
776 3603 1202 3680 ἀναπέμπωμεν,
1234 3605 1294 3664 Ὀ
1352 3607 1450 3684 γὰρ
1497 3607 1722 3684 πονηρὸς
1785 3604 1992 3684 ἅνθρω-

342 3718 464 3768 πος,
523 3695 625 3750 ὑπὸ
702 3697 997 3774 μοχθηρῶν
1047 3693 1326 3772 δογμάτων
1384 3695 1722 3775 ἀνατραφεὶς,
1787 3694 1989 3768 ἐξερεύο

339 3809 489 3864 γεται
544 3794 612 3864 τῇ
637 3785 817 3865 καρδίᾳ
877 3786 1036 3865 λόγον
1089 3790 1344 3866 πονηρὸν.
1421 3789 1536 3867 Οὐχ
1579 3790 1702 3864 ὁρᾷς
1735 3790 1899 3843 ὁποῖα
1928 3787 1994 3842 τὰ

342 3879 582 3952 στόματα
639 3884 745 3934 τῶν
806 3880 1081 3957 αἱρετικῶν
1112 3877 1450 3957 ἀπερεύγεται
1487 3898 1501 3958 ;
1537 3881 1610 3942 ὡς
1644 3877 1861 3957 χαλεπὰ
1905 3877 1992 3933 καὶ

340 3964 569 4038 δυσώδη,
645 3966 850 4034 πολλὴν
920 3990 1038 4024 τινα
1066 3969 1162 4036 τὴν
1216 3968 1269 4022 ἐν
1327 3969 1404 4043 τῷ
1456 3969 1600 4045 βάθει
1674 3967 1826 4023 νόσον
1885 3971 1991 4022 τῶν

338 4054 532 4111 ἀθλίων
617 4064 1068 4134 κατηγοροῦντας
1155 4057 1213 4116 Ὀ
1274 4059 1374 4137 γὰρ
1435 4060 1663 4136 πονηρὸς
1723 4055 1992 4136 ἄνθρωπος

339 4146 401 4199 ἐκ
457 4150 550 4199 106
609 4152 844 4222 πονηροῦ
909 4150 1174 4224 θησαυροῦ
1205 4153 1302 4214 τῆς
1364 4147 1575 4226 καρδίας
1636 4151 1793 4205 αὐτοῦ
1853 4168 1988 4223 προ-

339 4231 480 4312 φέρει
511 4253 573 4288 το
603 4233 858 4299 πονηρόν.
910 4236 995 4301 Μὴ
1031 4234 1095 4302 δὴ
1141 4239 1253 4308 οὖν,
1288 4239 1616 4312 κνηθόμενος
1661 4239 1760 4304 τὴν
1793 4237 1990 4314 ἀκοὴν,

2076 2441 2641 2520 εξεεοεηόὶι,ἀειιιιυθ
2659 2443 2830 2502 vitam
2857 2441 3078 2502 mundo
3098 2437 3240 2511 εἰει
3269 2440 3430 2500 omni
3453 2438 3632 2501 verbo
3665 2458 3737 2501 ex

2077 2549 2179 2592 ore
2205 2530 2308 2592 Dei
2337 2530 2669 2610 prodeunte
2693 2529 2746 2572 33
2769 2537 3064 2590 saturatus
3084 2531 3364 2607 est,juxta
3385 2537 3733 2591 consuetam

2078 2619 2398 2698 Scripturze
2421 2617 3341 2698 tropologiam,anima,inquam,
3375 2618 3562 2678 sacris
3580 2638 3734 2679 enu-

2078 2710 2210 2771 trita
2232 2707 3056 2789 disciplinis,convenientem
3083 2706 3296 2768 eduliis
3309 2716 3545 2769 ructum
3567 2708 3734 2768 emit-

2078 2799 2165 2859 tit.
2197 2800 2578 2877 Quapropter
2624 2816 2760 2860 cum
2793 2795 3078 2876 spiritalis
3125 2805 3302 2869 esset,
3353 2796 3734 2876 optimusque

2076 2886 2572 2967 cibus,Propheta
2590 2887 2834 2948 verbum
2856 2886 3076 2946 bonum
3097 2884 3550 2947 eructat.Bonls
3572 2887 3733 2948 enim

2076 2978 2251 3040 homo
2265 2996 2338 3039 ea:
2354 2977 2506 3038 bono
2526 2978 2727 3038 cordis
2746 2977 2837 3038 sui
2861 2978 3148 3039 thesauro
3165 2975 3384 3037 bonum
3404 2975 3729 3055 profert“.

2081 3067 2427 3141 Quaeramus
2454 3067 2656 3146 itaque
2682 3075 2740 3128 et
2769 3085 2878 3127 nos
2901 3085 2934 3126 a
2954 3065 3132 3129 verbo
3156 3065 3379 3145 cibum,
3414 3065 3486 3125 ad
3510 3065 3734 3128 anima-

2078 3177 2209 3218 rum
2237 3167 2570 3218 nostrarum
2616 3157 2985 3219 saturitatem
3029 3156 3277 3231 (Justus
3301 3156 3486 3231 enim,
3516 3156 3729 3236 inquit,

2079 3267 2200 3310 com
2213 3248 2390 3309 edens
2411 3246 2623 3327 implet
2648 3253 2916 3309 animum
2939 3264 3113 3307 suam
3135 3246 3238 3326 ³⁵),
3276 3251 3340 3306 ut
3368 3263 3472 3325 pro
3504 3245 3735 3308 ratione

2079 3357 2284 3400 eorum
2319 3336 2539 3416 quibus
2579 3336 2822 3410 alimur,
2866 3355 2983 3396 non
3041 3336 3302 3414 vulgare,
3355 3335 3460 3396 sed
3512 3335 3734 3396 bonum

2080 3426 2326 3486 verbum
2362 3425 2724 3487 emittamus.
2775 3423 2920 3486 Nam
2957 3425 3149 3486 malus
3183 3426 3383 3496 homo,
3440 3423 3732 3504 dogmatis

2083 3517 2276 3595 pravis
2303 3514 2620 3590 enutritus,
2650 3533 2716 3574 ex
2740 3515 2919 3575 corde
2946 3531 3185 3592 pravum
3213 3513 3457 3574 verbum
3476 3522 3729 3575 eructat.

2079 3609 2208 3668 Non
2237 3605 2400 3664 vides
2426 3604 2627 3680 qualia
2655 3611 2927 3664 eructent
2957 3623 3060 3664 ora
3082 3603 3531 3665 haereticorum?
3556 3622 3734 3683 quam

2078 3693 2298 3774 gravia,
2334 3713 2509 3773 quam
2544 3691 2745 3765 fetida,
2783 3711 3060 3771 magnum
3093 3692 3410 3773 quemdam
3456 3692 3732 3752 morbum

2078 3786 2132 3844 in
2160 3785 2367 3844 intimo
2415 3782 2771 3843 miserorum
2809 3782 3049 3842 illorum
3081 3791 3322 3861 pectore
3352 3779 3674 3842 indicantia
3711 3781 3737 3842 ?

2078 3873 2229 3934 Nam
2263 3871 2465 3933 malus
2487 3871 2661 3933 homo
2684 3889 2764 3931 ex
2785 3870 2941 3932 malo
2964 3871 3162 3931 cordis
3177 3871 3266 3931 sui
3283 3870 3566 3932 thesauro
3587 3889 3733 3950 pro-

2073 3963 2195 4040 fert
2211 3958 2612 4022 malum33.Ne
2633 3959 2814 4037 igitur
2833 3959 3107 4039 pruriens
3130 3959 3398 4032 auribus,
3422 3976 3736 4020 coacerves

2079 4051 2181 4112 tibi
2213 4052 2524 4130 magistros
2545 4048 2620 4122 37,
2653 4048 2754 4128 qui
2788 4049 3119 4109 visceribus
3147 4049 3261 4108 tuis
3316 4047 3589 4109 morbum
3636 4048 3732 4108 in-

2078 4142 2232 4202 ferre
2257 4140 2513 4213 valeant,
2546 4138 2772 4219 tibique
2806 4157 3120 4219 pravorum
3139 4136 3463 4200 verborum
3498 4145 3734 4198 ructum

2080 4229 2546 4309 (.reare,obquzc
2574 4229 2633 4288 in
2660 4227 2982 4306 diejudicii
3008 4227 3570 4288 condemnationem
3600 4229 3737 4288 sub-

339 4321 705 4400 ἐπισωρεύσης
749 4324 956 4398 σεαυτῷ
986 4322 1352 4399 διδασκάλους,
1417 4328 1571 4384 νόσον
1609 4327 1990 4405 ἐνεργάσασθαι

2082 4322 2270 4380 iturus
2292 4319 2499 4380 sis.Ez
2531 4319 2731 4380 verbis
2754 4319 2914 4379 enim
2941 4322 3084 4389 tuis,
3114 4317 3328 4405 inquit,
3347 4316 3735 4397 justi/imbe-

339 4425 457 4474 τοῖς
514 4411 852 4493 σπλάγχνοις
903 4435 997 4469 σου
1065 4412 1406 4488 δυναμένους,
1466 4417 1554 4472 καὶ
1605 4418 1856 4492 πονηρῶν
1911 4429 1990 4468 σοι

2079 4411 2236 4478 ris,et
2253 4426 2314 4462 ex
2332 4407 2504 4464 verbis
2528 4407 2637 4462 tuis
2653 4404 3301 4464 condemnaberis.38Dico
3321 4423 3410 4477 ego
3434 4422 3591 4478 opera
3617 4422 3733 4463 mea

339 4503 593 4580 ῥηματων
627 4491 817 4580 ἐρυγὴν
877 4501 1197 4580 προξενῆσαι
1222 4502 1376 4583 (64),
1409 4501 1475 4559 δι’
1533 4504 1605 4559 ὧν
1669 4491 1890 4580 μέλλεις
1929 4503 1982 4558 ἐν

2078 4496 2221 4572 regi.
2249 4492 2497 4554 Maxime
2522 4491 2764 4583 adducit
2799 4512 2928 4583 nos,
2965 4501 3026 4552 ut
3055 4491 3370 4571 Propheta;
3419 4510 3737 4571 personam

339 4594 406 4666 τῇ
435 4591 610 4669 ἡμέρᾳ
664 4597 762 4660 τῆς
809 4594 1029 4671 κρίσεως
1099 4590 1560 4664 καταδικάζεσθαι.
1611 4593 1709 4651 Ἐκ
1737 4595 1836 4671 γὰρ
1880 4593 1986 4648 τῶν

341 4681 517 4760 λόγων
568 4705 685 4756 σου,
751 4685 902 4764 φησὶ,
967 4681 1318 4759 δικαιωθήσῃ,
1379 4685 1467 4740 καὶ
1525 4684 1584 4740 ἐκ
1655 4684 1757 4740 τῶν
1811 4683 1986 4760 λόγων

341 4793 434 4828 σου
503 4769 961 4849 καταδικασθήσῃ.
1055 4771 1208 4851 Λέγω
1265 4772 1373 4853 ἐγὼ
1429 4775 1493 4830 τὰ
1552 4772 1677 4852 ἔργα
1759 4796 1861 4848 μου
1914 4777 1988 4846 τῷ

342 4860 576 4936 βασιλεῖ,
614 4863 754 4918 Πάνυ
811 4865 1068 4940 προσάγει
1141 4865 1285 4937 ἡμᾶς
1342 4869 1409 4941 τῇ
1460 4863 1660 4936 διανοίᾳ
1702 4870 1796 4920 106
1855 4884 1988 4941 προ-

343 4957 570 5028 φητικοῦ
627 4952 914 5030 προσώπου
949 4954 1037 5010 καὶ
1095 4961 1250 5009 τοῦτο
1275 4955 1336 5009 τὸ
1391 4955 1562 5031 ῥῆμα·
1601 4954 1756 5031 Λέγω
1785 4952 1894 5031 ἐγὼ
1923 4951 1987 5006 τὰ

345 5037 470 5116 ἔργα
521 5062 622 5115 μου
681 5046 759 5114 τῷ
833 5039 1072 5118 βασιλεῖ’
1132 5041 1247 5098 ἀντὶ
1309 5050 1420 5118 106,
1481 5041 1986 5120 Ἐξομολογήσομαι

343 5135 421 5202 τῷ
466 5136 650 5209 κριτῇ,
681 5134 769 5188 καὶ
833 5129 1189 5210 προλαμϐάνω
1218 5133 1310 5188 τὸν
1361 5135 1685 5212 κατήγορον,
1749 5131 1833 5187 διὰ
1891 5130 1987 5197 τῆς

345 5221 461 5297 περὶ
517 5226 624 5276 τῶν
671 5219 807 5278 ἰδίων
840 5221 1006 5302 ἔργων
1055 5220 1406 5300 ἀπαγγελίας,
1459 5222 1714 5291 Ἐντολην
1744 5223 1844 5302 γὰρ
1905 5222 1985 5276 εἱ-

2071 4581 2704 4657 intelligamus,ethoc
2728 4581 2998 4644 verbum:
3055 4583 3202 4643 Dico
3224 4598 3332 4662 ego
3363 4599 3553 4660 opera
3603 4598 3739 4642 mea

2073 4674 2203 4751 regi
2235 4693 2247 4734 :
2289 4673 2400 4732 hoc
2438 4679 2551 4750 est,
2604 4670 2954 4733 Contitebor
2976 4670 3193 4748 judici,
3232 4679 3290 4730 et
3333 4677 3738 4730 accusatorem

2073 4770 2462 4834 antevertam,
2494 4778 2601 4841 per
2632 4777 2884 4839 operum
2913 4759 3292 4838 propriorum
3347 4759 3738 4820 delationem.

2073 4851 2191 4933 Ipsi
2219 4851 2378 4912 enim
2417 4848 2762 4911 mandatum
2789 4848 3156 4927 accepimus,
3192 4847 3348 4926 quod
3382 4847 3467 4908 sic
3501 4845 3680 4907 habet
3713 4868 3729 4912 :

2078 4946 2188 5004 Die
2211 4950 2272 5003 tu
2306 4941 2544 5020 primus
2579 4939 2938 5017 iniquitates
2989 4945 3150 5014 tuus,
3187 4942 3254 4997 ut
3275 4936 3631 5015 justiﬁceris
3655 4933 3732 5000 39.

2073 5035 2312 5110 Lingua
2334 5046 2470 5091 mea
2500 5026 2774 5089 calamus
2829 5025 3040 5087 scribta
3070 5025 3356 5088 velociter
3397 5025 3734 5088 scribentis.

2073 5119 2588 5195 Quemadmodum
2607 5115 3075 5179 calamusinstru
3089 5125 3360 5180 mentum
3378 5125 3467 5180 est
3485 5115 3739 5194 scripto-

2071 5214 2252 5290 rium,
2280 5227 2456 5290 quem
2491 5206 2668 5288 periti
2698 5205 3013 5286 cujusdam
3050 5222 3264 5270 manus
3299 5213 3500 5270 movet
3525 5205 3596 5267 ad
3617 5205 3740 5267 for-

425 5449 480 5499 ⁵¹
511 5449 678 5512 Joan.
714 5471 808 5525 xv,
845 5455 903 5516 8.
989 5454 1244 5517 531mm.
1280 5472 1364 5525 v1,
1396 5455 1497 5517 33.
1584 5455 1638 5499 33
1671 5454 1844 5517 Deut.
1877 5471 2000 5528 VIII,
2033 5455 2113 5526 3;
2143 5447 2343 5528 Matth.
2373 5462 2451 5524 iv,
2475 5445 2581 5528 :i_._
2619 5443 2685 5494 34
2713 5441 2924 5528 Matth.
2948 5460 3054 5528 an,
3095 5442 3193 5508 35.
3279 5442 3345 5492 '55
3379 5443 3550 5504 Prov.
3595 5457 3728 5518 xui,

348 5529 450 5592 25.
534 5530 599 5581 36
622 5532 830 5594 Matth.
865 5551 972 5610 xu,
1005 5537 1103 5601 35.

433 5743 552 5833 (.6?)
765 5753 1063 5833 secundus
1084 5755 1436 5832 σπλάγχνων,
1464 5757 1988 5833 φησὶριροσήγιγεν,

437 5825 562 5907 (63)
596 5825 694 5890 Sic
721 5826 985 5910 quinque
1013 5852 1154 5896 mss.
1189 5825 1367 5896 Deest
1388 5825 1558 5894 3min
1589 5825 1788 5898 editis.

1187 5535 1248 5586 37
1284 5533 1336 5598 Il
1367 5536 1525 5599 Tim.
1559 5553 1636 5608 Iv,
1671 5535 1728 5599 3.
1814 5537 1880 5587 38
1908 5527 2108 5598 Matth.
2150 5547 2256 5609 xu,
2289 5527 2386 5591 37.

2473 5524 2678 5586 5913a.
2717 5541 2878 5598 xuu,
2899 5523 3002 5587 26.

2155 5747 2286 5825 tot)
2336 5743 2432 5825 Sic
2459 5742 2634 5825 βεείί
2667 5742 2966 5825 secundus
3018 5751 3076 5803 et
3109 5738 3325 5802 tertius
3379 5755 3514 5798 cum
3561 5735 3733 5798 Colb.

2081 5820 2292 5910 primo.
2327 5820 2514 5884 Editio
2553 5821 2741 5886 Paris.
2769 5824 3130 5902 προξενοῦσαι,
