4138 6426
365 440 478 505 397

1517 437 1845 503 HOMILIA
1888 437 1972 499 IN
2016 436 2379 500 PSALMUM
2425 431 2638 502 XLIV.

3630 438 3748 509 898

363 581 441 648 τῷ
495 574 702 648 σταυρῷ
777 576 870 630 τοῦ
953 571 1200 652 Χριστοῦ,
1271 571 1360 633 οῖς
1419 571 1722 650 ἐφανερώθη
1781 569 1865 629 διὰ
1916 575 1979 628 το

2091 571 2383 633 cationem
2404 574 2712 635 stultitiam
2746 574 3055 636 nominant
3083 576 3184 638 4‘:
3223 594 3332 637 nos
3365 594 3502 639 vero
3536 581 3638 655 qui
3664 580 3728 642 in

364 669 668 740 Πνεύματος
730 667 794 724 τὰ
840 668 940 723 ὑπὸ
997 675 1090 725 τοῦ
1122 665 1251 722 Θεοῦ
1285 663 1598 744 χαρισθέντα
1628 666 1787 738 ἡμῖν,
1822 667 1918 722 οὒκ
1947 665 2000 721 ἐν

362 753 630 821 διδακτοῖς
684 757 1013 828 ἀνθρωπίνης
1087 755 1271 836 σοφίας
1333 753 1536 832 λόγοις,
1595 752 1844 828 οἴδαμεν,
1919 756 1999 810 ὅτι

361 843 584 903 πλουσία
635 852 791 925 χαρις
832 845 970 902 ἐστὶν
1003 843 1328 919 ἒκκεκυμένη
1382 844 1521 922 παρὰ
1568 851 1697 900 Θεοῦ
1741 847 1826 901 ἐπὶ
1882 858 1999 908 τοῖς

356 936 476 1011 περὶ
526 941 746 1012 Χριστοῦ
802 934 1005 1012 λόγοις,
1048 935 1141 989 Διά
1186 941 1340 989 τοῦτο
1384 936 1437 988 ἓν
1497 931 1660 1010 ὀλίγῳ
1712 940 1785 1007 τῷ
1817 935 2000 1013 χρόνῳ

355 1029 530 1078 πᾶσαν
574 1022 766 1103 σχεδὸν
831 1025 924 1092 tim
983 1023 1296 1097 οἰκουμένην
1367 1020 1546 1088 διῆλθε
1608 1024 1666 1078 τὸ
1723 1024 1996 1100 κήρυγμα,

353 1109 538 1179 ἐπειδὴ
587 1113 810 1170 πλουσία
871 1115 956 1170 καὶ
1014 1112 1235 1193 ἄφθονος
1280 1113 1314 1180 ἡ
1366 1112 1522 1191 χάρις
1579 1111 1866 1191 ἐκκέχυται
1914 1113 1996 1169 ἐπὶ

351 1203 471 1262 τοὺς
502 1204 735 1281 κήρυκας
767 1210 856 1260 τοῦ
895 1203 1235 1280 Εὖαγγελίου,
1270 1204 1358 1266 οὓς
1421 1203 1506 1257 καὶ
1556 1201 1716 1280 χείλη
1770 1209 1996 1279 Χριστοῦ

351 1291 627 1364 ὠνόμασεν
673 1295 706 1358 ἡ
781 1294 984 1371 Γραφή.
1046 1293 1143 1347 Διὰ
1200 1300 1352 1350 τοῦτο
1408 1290 1460 1345 ἒν
1522 1292 1998 1371 εὖκαταφρονήτοις

350 1378 616 1446 λεξειδίοις
676 1380 810 1437 πολὺ
842 1384 900 1437 τὸ
952 1383 1164 1461 ἀγωγὸν
1213 1379 1343 1460 (70)
1399 1383 1483 1436 καὶ
1542 1381 1672 1458 πρὸς
1734 1381 2000 1456 σωτηρίαν

350 1468 511 1525 ὁλκὸν
554 1469 674 1550 ἔχει
739 1478 824 1526 τοῦ
883 1469 1200 1548 Εὖαγγελίου
1253 1472 1315 1525 τὰ
1372 1471 1638 1547 κήρυγμα,
1698 1471 1796 1527 Καὶ
1855 1476 1999 1526 πᾶσα

349 1561 505 1639 ψυχὴ
536 1561 859 1638 κεκράτηται
893 1559 1152 1637 δόγμασιν
1214 1559 1512 1633 ἀκινῆτοιςν
1560 1557 1643 1615 διὰ
1685 1565 1783 1625 τῆς
1831 1561 1996 1639 χάΡμ

346 1671 436 1713 τος
491 1651 622 1728 πρὸς
669 1651 768 1718 την
824 1649 1110 1706 ἀσάλευτον
1167 1651 1237 1712 εἰς
1275 1651 1497 1724 Χριστὸν
1538 1651 1713 1704 πίστιν
1743 1647 1990 1725 βεϐαιου-

349 1737 507 1812 μένη,
573 1739 740 1796 ’Ὅθεν
797 1741 955 1819 φησὶν
1002 1742 1028 1794 6
1085 1737 1413 1802 Ἀπόστολος
1443 1755 1457 1768 ·
1518 1737 1595 1793 Δι’
1632 1741 1692 1794 οῦ
1735 1737 1995 1813 ἐλάϐομεν

349 1827 511 1906 χάριν
542 1829 631 1884 καὶ
663 1827 966 1894 ἀποστολὴν
1000 1829 1072 1889 εἷς
1103 1828 1347 1895 ὑπακοὴν
1376 1827 1601 1884 πίστεως
1642 1845 1655 1857 ·
1689 1829 1773 1884 καὶ
1805 1827 1990 1887 πάλιν·

2087 679 2262 724 cruce
2283 662 2500 725 Christi
2521 664 2847 742 gloriamur
2869 665 3174 746 45,quibus
3192 665 3565 728 manifestata
3593 677 3733 730 sunt

2086 769 2190 830 per
2219 751 2503 831 Spiritum
2529 771 2760 834 eaquae
2780 753 2997 815 donata
3018 763 3156 816 sunt
3177 754 3351 816 nobis
3383 774 3414 815 a
3449 759 3730 830 Deo,non

2082 838 2357 901 indoctis
2416 841 2690 903 humanm
2731 843 3038 924 sapientiai
3095 844 3289 905 verbis
3318 844 3402 924 46,
3453 844 3732 908 novimus

2082 930 2323 1006 gratiam
2358 947 2511 1010 eam,
2546 949 2676 1011 quae
2696 932 2870 993 aDeo
2898 932 2959 992 in
2985 934 3217 994 traditis
3248 933 3323 995 de
3349 934 3581 998 Chrlsto
3615 935 3729 997 do-

2083 1019 2292 1080 ctrinis
2325 1019 2536 1080 diffusa
2558 1020 2934 1100 fuit,divitem
2961 1040 3116 1085 esse.
3139 1021 3538 1095 Quamobrem
3565 1025 3728 1086 brevi

2083 1119 2352 1187 tempore
2375 1109 2432 1169 in
2460 1112 2799 1171 universum
2835 1130 3019 1190 prope
3063 1120 3357 1173 terrarum
3391 1113 3596 1174 orbem
3631 1115 3730 1178 illa

2083 1199 2421 1276 praedicatio
2439 1199 2728 1276 pervenit,
2760 1209 3076 1280 propterea
3091 1203 3248 1281 quod
3266 1202 3430 1263 dives
3453 1210 3512 1263 et
3539 1203 3730 1265 abun-

2084 1287 2229 1347 dans
2262 1287 2450 1367 gratia
2481 1289 2667 1350 effusa
2687 1297 2776 1349 est
2806 1289 2864 1350 in
2898 1289 3192 1368 Evangelii
3227 1308 3555 1370 praecones,
3578 1311 3728 1372 quos

2083 1378 2256 1437 etiam
2294 1375 2510 1440 Christi
2548 1377 2702 1440 labia
2751 1377 3056 1459 Scriptura
3088 1380 3413 1441 nominavit
3441 1381 3522 1442 47.
3563 1381 3719 1455 Qua-

2085 1475 2327 1546 propter
2355 1467 2664 1545 Evangelii
2699 1467 3039 1545 praedicatio
3072 1469 3134 1529 in
3171 1471 3724 1551 contemptibilibus

2083 1553 2460 1616 dictiuncnlis
2484 1555 2599 1615 vim
2637 1555 2880 1617 multam
2914 1557 3094 1618 habet
3127 1559 3524 1638 persuadendi
3547 1569 3604 1620 et
3649 1563 3720 1622 ad

2082 1644 2328 1704 salutem
2362 1644 2673 1708 illiciendi.
2729 1644 2798 1706 Et
2826 1647 3025 1707 anima
3071 1649 3268 1710 omnis
3315 1649 3722 1712 immobilibus

2079 1733 2370 1812 dogmatis
2389 1733 2631 1794 subacta
2654 1744 2764 1810 est,
2793 1753 2902 1812 per
2921 1737 3164 1814 gratiam
3188 1738 3250 1798 in
3270 1738 3629 1801 inconcussa
3659 1741 3719 1801 in

2080 1822 2371 1884 Christum
2429 1823 2545 1884 ﬁde
2593 1825 2962 1889 conﬁrmata.
2995 1824 3163 1889 Unde
3212 1827 3294 1889 ait
3344 1829 3714 1908 Apostolus:

346 1918 722 1995 Περισσότερον
753 1921 923 1974 αῦτῶν
954 1917 1167 1973 πάντων
1191 1917 1474 1973 ἐκοπίασαο
1504 1918 1596 1972 οὒκ
1618 1917 1725 1995 ἐγὼ
1757 1915 1834 1991 δὲ,
1869 1916 1979 1974 ὄιλλ1

2081 1911 2200 1973 Per
2219 1930 2388 1991 quem
2418 1915 2758 1993 accepimus
2782 1916 3046 1993 gratiam
3094 1924 3151 1978 et
3192 1917 3618 1998 apostolatum,
3652 1929 3720 1982 ut

342 2005 378 2072 ἡ
411 2005 569 2086 χάρις
605 2007 695 2064 τοῦ
727 2015 881 2087 Θεοῦ,
916 2010 948 2075 ἦ
983 2009 1072 2063 σὺν
1105 2006 1243 2082 ἐμοί.

419 2276 477 2337 5.
539 2273 799 2354 Ἐξεχύθη
861 2276 1018 2354 χάρις
1090 2274 1144 2329 ἐν
1206 2273 1410 2354 χείλεσί
1485 2297 1577 2330 σου
1614 2294 1625 2309 ·
1687 2274 1772 2331 διὰ
1829 2284 1982 2333 τοῦτο

333 2363 594 2442 εὒλόγησέ
656 2387 713 2420 σε
767 2366 793 2420 ό
848 2366 977 2426 Θεὸς
1039 2366 1110 2428 εἰς
1170 2365 1260 2419 τὸν
1323 2365 1510 2427 αἰῶνα,
1568 2363 1865 2443 Γέγραπται
1928 2367 1982 2422 ἐν

342 2461 418 2524 τῷ
481 2454 802 2534 Εὔαγγελίῷ,
869 2453 950 2510 ὅτι
996 2453 1317 2527 Ἐθαύμαζον
1377 2454 1460 2508 ἐπὶ
1505 2467 1618 2514 τοϊς
1674 2453 1856 2532 λόγοις
1887 2461 1980 2525 τῆς

339 2544 559 2623 χάριτος
618 2557 735 2609 τοῖς
812 2543 1248 2620 ἐκπορευομένοις
1319 2541 1404 2599 διὰ
1477 2543 1741 2619 στόματος
1797 2548 1976 2610 αὐτοῦ.

340 2634 534 2709 Διόπερ
564 2633 898 2713 ἐμφαντικῶς
933 2636 960 2690 6
989 2633 1228 2712 ψαλμὸς,
1275 2634 1336 2690 τὸ
1368 2631 1571 2700 πλῆθος
1602 2639 1700 2700 τῆς
1759 2637 1979 2714 χάρίτος

333 2723 440 2777 τῶν
497 2723 639 2791 παρὰ
696 2730 787 2778 τοῦ
850 2723 1032 2800 Κυρίου
1105 2725 1258 2797 ἡμῶν
1328 2723 1582 2799 ῥημάτιον
1643 2731 1980 2800 παραστῆσαι

333 2810 680 2891 βουλόμενος,
747 2810 1006 2891 Ἐξεχύθη
1068 2813 1226 2892 χάρις
1301 2811 1354 2867 ἐν
1427 2825 1540 2877 τοῖς
1601 2813 1805 2892 χείλεσὶ
1863 2838 1978 2889 σου,

335 2902 485 2976 εἶπε,
534 2901 618 2961 διὰ
649 2904 709 2958 τὸ
741 2901 962 2982 ἄφθονον
995 2908 1093 2969 τῆς
1126 2901 1180 2958 ἐν
1211 2910 1286 2976 τῷ
1316 2901 1460 2978 λόγῳ
1514 2903 1758 2982 χάριτος.
1825 2905 1983 2962 Εύλό-

334 2991 468 3069 γησέ
526 3014 609 3070 σε,
643 2994 826 3072 φησὶν.
860 2994 886 3047 6
920 2993 1049 3055 Θεὸς
1097 2995 1167 3055 εἷς
1203 2995 1292 3049 τὸν
1337 2994 1525 3052 αἰῶνα.
1579 2992 1752 3058 Δῆλον
1783 2993 1861 3068 δὲ,
1898 2995 1978 3053 ὅτι

332 3084 416 3138 ἒπὶ
473 3084 533 3138 τὸ
613 3082 937 3156 ανθρώπινον
1011 3085 1122 3162 χρὴ
1183 3081 1525 3162 ἀναφέρεσθαι
1603 3090 1788 3162 ταῦτα,
1846 3087 1977 3144 καθὰ

331 3173 620 3249 προκόπτει
682 3173 837 3251 σοφίᾳ
893 3173 980 3226 καὶ
1038 3171 1221 3243 ἡλικιᾳ
1264 3173 1351 3228 καὶ
1406 3173 1612 3252 χάριτι,
1670 3174 1816 3232 Κατὰ
1860 3182 1974 3232 τοῦ·

2072 2002 2396 2065 obediatur
2433 2003 2574 2082 ﬁdei
2620 2003 2701 2064 48.
2744 2009 2814 2068 Et
2844 2023 3048 2067 rursus
3083 2023 3096 2065 :
3146 2006 3564 2070 Abundantius
3597 2008 3720 2072 illis

2065 2096 2342 2155 omnibus
2372 2093 2672 2175 laboravi;
2701 2113 2825 2157 non
2845 2113 2952 2175 ego
2981 2098 3313 2179 autem,sed
3342 2101 3542 2177 gratia
3577 2099 3711 2181 Dei,

2067 2200 2203 2265 quae
2235 2189 2324 2246 est
2350 2201 2577 2245 mecum
2606 2185 2690 2246 49.

2147 2271 2446 2354 5.0i/fusa
2471 2281 2555 2334 est
2565 2274 2765 2352 gratia
2791 2280 2855 2334 in
2878 2273 3062 2337 labiis
3086 2278 3208 2338 tuis
3237 2296 3250 2336 :
3273 2284 3597 2357 propterea
3614 2280 3715 2342 be—

2065 2363 2298 2424 nedixit
2319 2368 2373 2423 te
2393 2362 2548 2424 Deus
2565 2364 2630 2424 in
2648 2371 2969 2425 aeternum.
2997 2366 3299 2446 Scriptum
3319 2375 3409 2427 est
3427 2367 3488 2427 in
3513 2369 3709 2430 Evan-

2065 2450 2807 2530 gelio,quodMa'rabantur
2823 2454 2887 2513 in
2905 2455 3101 2514 verbis
3115 2458 3498 2535 gratimqttoe
3508 2475 3712 2536 proce-

2064 2540 2285 2602 debant
2316 2541 2389 2601 de
2411 2557 2515 2600 ore
2538 2541 2733 2618 ipsius
2767 2541 2849 2604 50.
2885 2541 3286 2613 Quamobrem
3311 2545 3716 2624 signiﬁcanter

2071 2629 2507 2690 multitudinem
2525 2635 2726 2708 gratiae
2738 2630 3304 2693 verborumDomini
3318 2636 3503 2697 nostri
3517 2645 3716 2699 osten-

2068 2721 2211 2780 dere
2234 2719 2441 2779 volens
2473 2718 2756 2798 psalmus,
2787 2720 3020 2800 Diffusa
3049 2721 3381 2803 est,inquit,
3407 2729 3614 2802 gratia
3647 2729 3712 2788 in

2068 2808 2244 2870 labiis
2262 2807 2486 2881 tuis,ob
2501 2808 2702 2886 gratiae
2718 2827 2850 2888 qua).
2879 2809 2938 2869 in
2963 2826 3244 2872 sermone
3261 2820 3350 2872 est
3369 2815 3710 2876 exuberan-

2071 2907 2184 2958 tem
2207 2896 2796 2977 copiam.Benedixit
2816 2904 2872 2960 te
2897 2897 3374 2979 Deus,inquit,in
3391 2909 3705 2966 internum.

2065 2986 2259 3048 Palam
2276 2994 2575 3047 estautem
2611 2987 2734 3048 haec
2766 2986 2838 3048 ad
2862 2987 3284 3049 humanitatem
3307 2990 3705 3074 referri,qua-

2064 3086 2234 3137 lenus
2255 3077 2485 3156 proﬁcit
2503 3078 2808 3156 sapientia
2829 3083 2886 3139 et
2902 3084 3077 3139 (etate
3099 3085 3158 3139 et
3175 3081 3379 3156 gratia
3399 3082 3478 3157 54;
3497 3101 3714 3145 secun-

2062 3169 2200 3227 dum
2235 3184 2434 3246 quam,
2463 3165 2851 3244 intelligimus
2879 3167 3128 3245 gratiam
3154 3186 3390 3247 quoque
3417 3189 3525 3232 ceu
3560 3191 3704 3248 prie-

325 3283 386 3316 τυ
428 3261 551 3340 (71)
615 3258 798 3330 δῆλον,
847 3258 927 3316 ὅτι
972 3261 1058 3314 καὶ
1103 3258 1259 3316 ἆθλον
1305 3258 1792 3339 ἀνδραγαθημάτων
1833 3264 1973 3337 αὖτῷ

2068 3261 2354 3317 clarorum
2409 3255 2736 3316 facinorum
2794 3255 3105 3335 praemium
3156 3258 3208 3317 ei
3260 3258 3454 3320 datam
3485 3260 3693 3325 fuisse.

330 3357 543 3424 νοοῦμεν
587 3347 823 3406 δεδόσθαι
871 3349 970 3416 τὴν
1018 3349 1202 3428 χάριν.
1262 3347 1508 3423 ’Ὅμοιον
1563 3349 1616 3404 δὲ
1673 3351 1840 3423 τούτῳ
1883 3353 1964 3406 τὸ·

2068 3346 2243 3425 Hujus
2282 3346 2414 3404 165
2474 3353 2670 3406 autem
2725 3345 2921 3405 simile
2982 3355 3071 3406 est
3103 3344 3328 3408 illudlia
3361 3369 3375 3410 ε
3417 3349 3700 3415 Dilexisti

327 3437 644 3517 Ἠγαπησας
723 3437 1086 3510 δικαιοσύνην,
1174 3441 1261 3495 καὶ
1349 3439 1608 3514 ἐμίσησας
1700 3441 1961 3513 ἀνομίαν·

2068 3438 2381 3506 iustitiam,
2417 3440 2475 3496 et
2502 3435 2683 3495 odisti
2713 3435 3095 3514 iniquitatem
3126 3455 3144 3508 ;
3170 3447 3490 3518 propterea
3518 3446 3698 3504 unxit

320 3527 403 3588 διὰ
457 3537 612 3586 τοῦτο
673 3530 856 3609 ἔχρισε
916 3551 973 3585 σε
1032 3531 1058 3584 6
1119 3531 1270 3601 Θεὸς,
1331 3531 1357 3584 ὁ
1419 3530 1545 3592 Θεὸς
1600 3551 1715 3609 σου,
1792 3529 1966 3586 ἔλαιον

2068 3533 2109 3585 re
2137 3524 2310 3597 Deus,
2353 3523 2515 3585 Deus
2564 3529 2703 3584 tuus
2734 3523 2860 3585 oleo
2896 3525 3125 3585 laetitiae
3150 3544 3261 3605 pro
3310 3531 3695 3594 consortibus

318 3607 908 3695 &‘{Ik)ttci38w;n1tlp‘1
961 3620 1082 3683 τοὺς
1159 3619 1430 3698 μετόχους
1492 3640 1605 3675 σου.
1668 3607 1730 3699 ᾯ
1787 3641 1965 3697 παρα·-

2068 3613 2308 3676 uisJZui
2341 3613 2517 3674 afﬁne
2549 3622 2638 3672 est
2670 3620 2728 3672 et
2758 3612 2900 3674 illud
2932 3613 3411 3695 Philippeusibus
3443 3636 3474 3678 a
3508 3619 3691 3682 Paulo

316 3708 545 3778 πλήσιόν
577 3709 688 3765 ἐστι
737 3710 823 3764 καὶ
856 3710 914 3763 τὸ
944 3707 1327 3775 Φιλιππησίοις
1365 3709 1507 3779 παρὰ
1560 3707 1766 3764 Παύλου
1827 3730 1961 3787 γρακ

2068 3705 2359 3780 scriptum:
2396 3701 2756 3763 Humiliavit
2772 3703 3157 3781 semetipsum
3185 3703 3390 3780 factus
3411 3709 3694 3771 obediens

316 3799 431 3875 φέν,
486 3797 563 3871 ὅτι
645 3800 1034 3856 Ἐταπείδωαεν
1124 3800 1306 3857 ἑαυτὸν
1391 3798 1677 3876 γενόμενος
1725 3800 1962 3868 ὑπήκοος

2068 3812 2234 3873 isque
2254 3793 2332 3854 ad
2356 3797 2626 3864 mortem,
2666 3799 2920 3852 mortem
2963 3802 3166 3854 autem
3188 3797 3406 3876 crucis,
3439 3805 3696 3878 propter

317 3888 478 3967 μέχρι
555 3890 798 3961 θανάτου,
877 3887 1102 3945 θανάτου
1175 3887 1228 3944 δὲ
1312 3897 1557 3967 σταυροῦ,
1639 3887 1718 3944 διὸ
1791 3890 1878 3944 καὶ
1935 3894 1962 3946 6

2068 3886 2202 3962 mod
2215 3893 2265 3944 et
2295 3881 2748 3943 Deusexaltavit
2775 3880 2952 3942 illum
2982 3881 3256 3954 53.Quare
3279 3884 3465 3965 liquet
3487 3887 3691 3951 isthmc

511 3981 666 4036 αὺτὸν
737 3979 1101 4056 ὑπερύψωσεν.
1185 3977 1361 4035 ’Ὥστε
1439 3957 1599 4045 δῆλον
1679 3977 1829 4057 (79),
1882 3977 1960 4034 ὅτι

2068 3957 2119 4035 le
2137 3975 2437 4034 Salvatore
2462 3979 2522 4030 ut
2541 3970 2786 4030 homine
2802 3970 2922 4032 dici
2951 3991 2964 4032 :
2995 3979 3096 4032 aut
3123 3957 3403 4052 quoniam
3425 3975 3689 4040 Ecclesia

314 4074 480 4123 ταῦτα
509 4068 627 4141 περὶ
670 4074 761 4121 τοῦ
793 4069 928 4122 κατὰ
979 4071 1068 4123 τὸν
1120 4073 1347 4147 Σωτῆρα
1378 4069 1656 4146 ἀυθρώπου
1693 4067 1904 4146 λέγεται
1941 4085 1954 4099 ⁸

2068 4081 2266 4139 :orpus
2291 4065 2378 4122 est
2409 4058 2730 4129 Domini,et
2761 4059 2888 4139 ipse
2913 4070 3090 4140 caput
3116 4063 3396 4126 Ecclesia;
3425 4083 3435 4127 :
3469 4085 3681 4147 quem-

316 4153 352 4219 ἢ
411 4152 595 4220 ἐπειδὴ
667 4154 698 4221 ἢ
755 4155 1045 4222 Ἐκκλησία
1107 4158 1265 4231 σῶμά
1315 4157 1426 4214 ἐστι
1471 4165 1562 4214 τοῦ
1625 4158 1828 4237 Κυρίου,
1875 4159 1962 4214 καὶ

2068 4153 2362 4213 ulmodum
2421 4149 2676 4210 ccelestis
2756 4147 2920 4237 verbi
2979 4149 3283 4211 ministros
3340 4152 3500 4214 labia
3550 4174 3686 4219 esse

318 4243 471 4304 αὐτὸς
525 4241 732 4322 κεφαλὴ
778 4247 873 4309 τῆς
920 4243 1239 4311 Ἐκκλησίας
1275 4263 1287 4276 ⁸
1321 4247 1500 4325 ὥσπερ
1543 4235 1959 4322 ἀποδεδωκαμεν

2068 4240 2260 4304 lhristi
2291 4238 2551 4300 diximus
2585 4235 2694 4318 (uti
2728 4247 2852 4298 erat
2881 4236 3099 4300 Paulus
3125 4239 3185 4299 in
3220 4259 3284 4302 se
3306 4240 3436 4322 ipso
3457 4243 3684 4308 habens

2044 4333 2341 4395 Christum
2376 4328 2716 4408 loquentem
2748 4328 2831 4407 54,
2869 4328 3002 4388 etsi
3033 4329 3166 4408 quis
3208 4329 3294 4390 illi
3337 4350 3443 4411 par
3471 4333 3682 4397 virtute

2042 4426 2152 4498 est)
2191 4437 2202 4478 :
2241 4420 2328 4480 sic
2392 4417 2570 4479 etiam
2629 4417 2862 4496 reliqua
2922 4419 3189 4498 corporis
3231 4417 3450 4483 Christi
3485 4441 3682 4486 mem-

2042 4509 2146 4571 bra
2160 4527 2362 4570 sumus
2375 4515 2667 4587 quotquot
2692 4506 3077 4568 credidimus.
3091 4506 3151 4570 Si
3176 4509 3308 4590 quis
3327 4528 3468 4589 ergo
3487 4511 3679 4575 datam

2040 4598 2320 4660 Ecclesiae
2340 4596 2822 4658 benedictionem
2850 4597 2922 4657 ad
2957 4595 3275 4659 Dominum
3307 4601 3597 4678 retulerit,
3633 4603 3683 4665 is

2039 4688 2378 4768 neutiquam
2403 4685 2788 4747 aberraverit.
2826 4685 2976 4748 illud
3011 4687 3233 4769 itaque,
3274 4689 3596 4755 Benediarit
3628 4701 3683 4754 te

2038 4780 2218 4857 Deus,
2247 4776 2306 4837 id
2341 4784 2453 4855 est,
2487 4773 2756 4836 membra
2786 4782 2905 4849 tua,
2937 4784 2996 4837 et
3027 4795 3242 4856 corpus
3269 4789 3432 4838 tuum
3459 4780 3677 4861 imple-

2035 4875 2111 4929 vit
2134 4868 2304 4929 bonis
2339 4865 2485 4938 suis,
2510 4866 2575 4925 in
2611 4870 2928 4939 (attritum,
2975 4864 3087 4927 hoc
3117 4874 3226 4939 est,
3261 4865 3321 4927 in
3355 4867 3674 4934 inﬁnitum.

2041 4955 2686 5034 VER5.4,5.Aecingere
2716 4953 2928 5031 gladio
2947 4963 3050 5015 tuo
3071 4972 3248 5033 super
3270 4956 3674 5042 femurtuum,

2033 5047 2468 5131 potentissime.
2525 5044 2730 5122 Specie
2787 5051 2891 5104 tua
2923 5049 2984 5104 et
3037 5042 3506 5121 pulchritudine
3541 5056 3667 5111 tua.

315 4330 476 4412 χείλη
510 4332 655 4387 εἶναι
687 4338 778 4388 τοῦ
826 4339 1052 4410 Χριστοῦ
1103 4335 1218 4398 τοὺς
1262 4336 1717 4412 ὑπηρετουμένους
1762 4342 1840 4409 τῷ
1869 4339 1958 4393 οῦ-

313 4423 473 4499 ρανίῳ
503 4419 646 4498 λόγῳ
693 4420 896 4500 (ὥσπερ
933 4420 1136 4486 Παῦλος
1179 4422 1234 4478 ἐν
1296 4424 1465 4497 ἑαυτῷ
1517 4425 1659 4504 ἔχων
1707 4424 1838 4502 (73)
1868 4428 1958 4481 τὸν

312 4511 536 4589 Χριστὸν
591 4510 877 4590 λαλοῦντα,
963 4512 1050 4567 καὶ
1118 4511 1170 4566 εἴ
1228 4533 1307 4573 τις
1367 4512 1548 4585 ἐκείνῳ
1615 4514 1713 4580 τὴν
1764 4513 1957 4591 ἀρετὴν

306 4599 678 4679 παραπλήσιος
709 4617 723 4631 ⁹
786 4599 924 4656 οὕτω
973 4601 1060 4656 καὶ
1108 4601 1172 4656 τὰ
1220 4599 1381 4657 λοιπὰ
1435 4600 1574 4676 μέλη
1620 4611 1712 4660 τοῦ
1765 4602 1953 4676 σώμα-

303 4712 390 4753 τος
471 4693 562 4746 τοῦ
648 4696 895 4768 Χριστοῦ,
959 4691 1005 4744 οἱ
1093 4693 1276 4754 καθεϊς
1355 4696 1459 4747 τῶν
1521 4691 1952 4749 πεπιστευκότων

304 4779 486 4854 ἐσμέν,
535 4781 648 4838 Tiv
704 4780 792 4836 οὖν
847 4786 915 4856 τῇ
983 4777 1276 4852 Ἐκκλησία
1349 4777 1627 4853 διδομένην
1709 4779 1951 4860 εὐλογίαν

305 4869 390 4925 ἐπὶ
423 4871 515 4924 τὸν
551 4870 736 4947 Κύριον
781 4872 808 4925 6
852 4869 1122 4948 ἀναφέρων
1155 4873 1259 4950 οὔχ
1317 4868 1611 4947 ἁμαρτήσει
1666 4869 1818 4948 (74).
1882 4873 1951 4930 Τὸ

305 4966 417 5032 οῦν,
467 4958 740 5037 Εὐλόγησέ
775 4981 831 5014 σε
861 4961 889 5014 6
937 4961 1088 5033 Θεὸς,
1137 4959 1396 5032 τουτέστι,
1454 4961 1524 5018 Τὰ
1576 4958 1713 5035 μέλη
1766 4961 1832 5016 τὰ
1885 4954 1953 5019 σὰ

303 5051 390 5104 καὶ
420 5050 482 5103 τὸ
512 5055 669 5124 σῶμα
699 5049 760 5104 τὸ
800 5050 890 5103 σὸν
940 5046 1218 5125 ἐπλήρωσε
1271 5055 1378 5104 τῶν
1410 5047 1533 5128 παρ’
1587 5050 1772 5105 ἑαυτοῦ
1816 5052 1952 5129 ἀγα-

946 5205 1224 5289 ιδίῦειει.
1254 5225 1337 5288 x1,
1365 5211 1464 5271 14.
1551 5209 1615 5259 46
1643 5210 1668 5272 Ι
1693 5209 1828 5274 Cor.
1864 5229 1927 5289 ιι,
1962 5219 1979 5273 1

2095 5209 2194 5272 13.
2286 5207 2532 5289 “Luc.
2591 5204 2784 5289 x461
2866 5204 3208 5289 Q‘BPKPJ,
3244 5209 3301 5269 5.
3390 5207 3675 5289 QlCor.

1187 5289 1232 5332 ⁵¹
1264 5281 1406 5353 Luc.
1445 5306 1505 5371 II,
1539 5291 1640 5353 52.
1726 5292 1785 5343 59
1822 5281 1979 5356 Veis.

2068 5336 2081 5354 .
2268 5286 2524 5366 Philipp.
2562 5301 2626 5360 ιι,
2660 5284 2722 5361 8,
2755 5284 2814 5347 9.
2898 5281 3203 5347 5411Cor§
3237 5303 3360 5366 xm,
3392 5288 3452 5354 3.

1979 4662 2020 4711 Ο

381 5210 444 5259 44
476 5211 497 5271 l
529 5212 666 5274 Cor.
693 5226 732 5288 ι,
759 5211 855 5268 2t.

301 5305 402 5362 xv,
442 5291 534 5354 tO.
618 5290 682 5342 50
709 5289 852 5352 Luc.
886 5305 969 5369 iv,
1001 5288 1101 5351 22.

387 5446 516 5527 (70)
549 5447 736 5536 Editio
769 5448 948 5511 Basil.
977 5457 1035 5510 et
1065 5457 1318 5536 quatuor
1351 5469 1498 5536 mss.
1522 5452 1761 5531 ἀγωγόν,

2105 5451 2223 5536 (72)
2258 5450 2406 5536 Beg.
2430 5444 2641 5536 tertius
2671 5444 2785 5502 ὅθεν
2828 5443 3011 5536 δῆλον.

305 5525 544 5612 ιιονετο
571 5527 755 5592 Paris.
809 5538 867 5590 et
897 5539 1018 5612 tres
1068 5525 1208 5612 mss.
1246 5532 1551 5612 ἐπαγωγόν.
1572 5525 1720 5596 ’Μὸιι
1755 5534 1942 5596 editio
2106 5525 2224 5612 ('73)
2258 5527 2344 5612 Ita
2367 5525 2539 5612 multi
2563 5543 2710 5612 mss.
2741 5545 2874 5587 cum
2905 5527 3168 5590 editioue
3191 5530 3453 5594 Basil.At
3487 5532 3671 5597 editio

299 5607 482 5701 Easil.
517 5617 574 5670 et
597 5627 698 5670 sex
726 5628 870 5673 mss.
903 5610 1059 5667 ὁλκὸν
1091 5610 1233 5692 ἔχει.
1267 5605 1461 5673 Editio
1497 5613 1680 5676 Paris.
1714 5614 1941 5696 ὲφολκὸν

2068 5605 2217 5674 ’arisI
2251 5613 2277 5664 ὃ
2309 5610 2363 5664 ἐν
2395 5607 2536 5680 αὗτῷ
2563 5605 2734 5685 ἔχων,

298 5691 441 5771 ἔχει.
555 5769 566 5771 ᾼ
626 5769 658 5771 Α
822 5769 829 5771 _
1120 5688 1158 5692 Π
1279 5769 1288 5771 Α
1757 5688 1768 5696 ’

2118 5691 2241 5771 (74)
2265 5688 2408 5764 Reg.
2466 5688 2678 5771 tertius
2709 5689 2812 5767 οὔχ
2843 5690 3188 5765 ἁμαρτήσεις.
3245 5689 3354 5755 Alii
3387 5694 3502 5752 duo
3529 5711 3670 5756 mss.

348 5760 503 5859 ’,(ἱι)
536 5769 972 5859 Colb._primus
1013 5773 1130 5859 καθ’
1183 5771 1232 5832 3.
1268 5769 1475 5834 Statim
1510 5783 1769 5852 quatuor
1803 5794 1944 5840 mss.

2168 5760 2470 5859 ἁμαρτήσῃ.
2526 5765 2679 5859 Edili
2739 5760 2889 5828 vero
2933 5760 3065 5831 cum
3121 5771 3321 5851 Regiis
3370 5782 3577 5854 quarto
3610 5786 3668 5834 et

295 5854 464 5925 “to-51p
487 5852 568 5910 τό.
597 5849 760 5912 Ediii
789 5857 942 5905 τοῦτο
966 5854 1066 5926 τῷ.
1531 5849 1545 5852 -

2068 5849 2200 5915 εἱῐο
2233 5853 2336 5928 οὔχ
2364 5849 2685 5923 ἁμαρτήσει,
