4138 6396
445 398 565 463 407

1807 401 1868 463 S.
1916 398 2195 465 BASILII
2240 396 2486 464 MAGNI

3712 396 3833 464 408

438 531 658 597 Christi
696 529 891 595 bonus
942 531 1092 595 odor
1140 534 1442 615 myrrham
1498 534 1742 617 quidem
1774 534 1977 615 spirat,
2014 534 2089 596 ob

2189 537 2467 616 (ορεύεται.
2503 540 2703 597 Οὖκοῦν
2735 538 2822 593 καὶ
2879 535 3135 593 ἀποπνέει
3164 537 3198 604 ἡ
3231 542 3322 593 τοῦ
3354 535 3583 616 Χριστοῦ
3612 535 3829 617 εὐωδία,

441 624 778 702 passionem
812 643 825 683 :
852 631 1078 703 guttam
1102 642 1264 701 vero,
1297 624 1453 706 quod
1484 645 1599 686 non
1633 624 1962 686 immobilis
1983 643 2094 687 nec

443 713 668 775 otiosus
690 721 791 774 aut
813 712 1089 775 inefficax
1116 715 1515 793 permanserit
1532 714 1724 776 tribus
1748 714 1866 775 illis
1884 714 2094 776 diebus

440 820 509 863 ac
528 803 934 877 noctibus,sed
969 803 1030 863 in
1055 804 1351 865 infernum
1376 803 1863 883 descenderit,ob
1881 820 2093 865 resuru

442 890 728 952 rectionis
779 894 1314 973 dispensationem,
1375 902 1438 955 ut
1483 894 1682 955 omnia
1724 912 1856 974 qua
1902 893 1975 954 ad
2029 913 2094 955 se

444 980 1100 1062 spectabantexpleret.
1136 983 1368 1045 Casiam
1403 983 1641 1045 tandem
1681 986 1892 1063 spirat,
1930 982 2091 1060 quod

445 1070 605 1132 casia
625 1082 829 1133 cortex
859 1080 947 1133 est
978 1073 1388 1151 tenuissimus,
1411 1085 1468 1135 et
1488 1073 1644 1134 bene
1667 1073 1859 1153 olens,
1894 1072 2093 1151 ligno-

445 1180 578 1222 sum
623 1161 959 1224 obtendens
995 1164 1309 1225 calamum.
1365 1163 1658 1225 Fortassis
1687 1161 1871 1241 igitur
1901 1162 2096 1223 crucis

446 1249 783 1329 passionem
834 1251 1021 1329 gratia
1081 1251 1374 1313 universae
1417 1260 1707 1315 creaturaa
1757 1264 2095 1331 susceptam

445 1342 561 1400 alte
592 1338 765 1401 nobis
793 1356 861 1404 ac
913 1340 1219 1421 sapienter
1276 1358 1382 1419 per
1437 1341 1614 1403 casiae
1649 1360 1869 1403 nomen
1904 1341 2100 1401 innuit

445 1427 771 1508 Scriptura.
807 1429 1003 1492 Habes
1036 1449 1179 1509 ergo
1229 1431 1529 1511 myrrham
1578 1429 1653 1491 ob
1700 1430 2094 1510 sepulturam,

448 1526 671 1598 guttam
706 1518 779 1580 ob
809 1518 1163 1581 descensum
1196 1520 1269 1582 ad
1313 1520 1538 1582 inferos
1588 1519 2099 1601 (quandoquidem

448 1608 645 1669 omnis
667 1608 944 1670 deorsum
968 1609 1195 1680 fertur),
1233 1610 1449 1671 casiam
1502 1628 1663 1683 vero,
1700 1609 1775 1670 ob
1808 1610 2006 1671 carnis
2038 1610 2100 1670 in

448 1698 606 1778 ligno
624 1700 1251 1777 dispensationem.Ex
1272 1703 1382 1763 hac
1407 1710 1606 1764 autem
1630 1720 1806 1765 causa
1830 1701 2098 1763 Delecta-

447 1791 984 1871 verunt,inquit,te
1014 1791 1157 1869 ﬁlia:
1186 1809 1399 1873 regum
1439 1794 1504 1853 in
1534 1792 1765 1854 honore
1800 1800 1924 1853 mo.
1960 1790 2104 1864 Quae

444 1897 583 1940 vero
615 1879 834 1941 fuerint
862 1882 997 1942 tiliae
1026 1900 1234 1959 regum
1271 1880 1382 1941 nisi
1413 1899 1721 1960 gent-rosae
1755 1899 2101 1960 magnaeque

448 1978 505 2031 et
539 1969 725 2047 regia;
753 1970 997 2032 animae?
1019 1990 1151 2043 qua;
1170 1981 1416 2052 propter
1447 1972 1601 2033 hanc
1628 1972 1697 2032 ad
1727 1973 1986 2033 humana
2003 1970 2103 2031 de-

452 2059 796 2120 missionem
818 2060 1119 2123 Christum
1142 2068 1594 2137 cognoscentes,
1622 2066 1815 2141 ipsum
1832 2060 2099 2121 delecta-

451 2158 663 2209 verunt
684 2150 743 2210 in
762 2150 1081 2229 honore,in
1096 2168 1240 2211 vera
1266 2151 1385 2211 (ide
1406 2159 1463 2211 et
1494 2149 1787 2210 charitate
1808 2149 2095 2229 perfecta,

450 2236 697 2316 gloriam
722 2237 1015 2299 divinitati
1039 2239 1169 2317 ejus
1190 2239 1422 2301 dantes.
1458 2241 1552 2299 Ait
1579 2247 1774 2299 autem
1816 2239 1937 2299 haec
1962 2257 2103 2299 aro-

455 2335 609 2389 mata
632 2346 748 2388 non
770 2346 945 2408 parce
963 2329 1175 2389 adesse
1195 2328 1417 2390 Christi
1447 2328 1814 2388 vestimentis
1837 2329 1984 2399 (haec
2018 2336 2107 2388 est

454 2434 796 2477 sermonum
824 2417 1103 2495 parabole
1125 2426 1181 2477 et
1200 2416 1541 2494 dogmatum
1581 2419 1712 2476 167
1734 2417 2101 2496 apparatus),

454 2505 556 2566 sed
573 2524 605 2565 a
620 2505 758 2568 totis
770 2506 1041 2568 aediﬁciis
1054 2506 1681 2569 aﬂ‘erri.Domosenim
1697 2506 1838 2567 dicit
1853 2506 2108 2567 aediﬁcia

459 2595 731 2676 maxima,
759 2614 949 2675 eaque
971 2614 1040 2658 ex
1058 2595 1243 2657 ebore
1262 2602 1602 2657 constructa
1632 2614 1645 2658 ε
1676 2596 1913 2656 divitem
1942 2595 2104 2656 illam

454 2685 669 2747 Christi
685 2704 820 2765 erga
837 2686 1124 2748 mundum
1141 2684 1524 2747 dilectionem
1544 2687 2102 2766 edocente,opinor,

451 2773 766 2854 Propheta.
800 2776 1016 2838 Astitit
1048 2777 1265 2855 regina
1299 2793 1334 2836 a
1364 2776 1603 2837 dextris
1634 2778 1754 2838 tuis
1782 2777 1849 2836 in
1883 2778 2106 2838 vestitu

453 2866 771 2945 deaurato,
807 2866 1186 2927 circumdata
1219 2868 1538 2928 varietate.
1574 2869 1661 2928 De
1693 2865 1958 2927 Ecclesia
1977 2867 2102 2944 jam

454 2955 633 3018 verba
660 2955 905 3035 facit,de
951 2974 1067 3035 qua
1121 2954 1180 3014 in
1212 2955 1457 3018 Cantico
1490 2956 1810 3016 didicimus
1834 2953 1909 3029 73,
1946 2954 2107 3035 quod

455 3064 571 3106 una
593 3045 667 3105 sit
693 3045 949 3124 perfecta
971 3041 1186 3105 Christi
1211 3044 1653 3124 columba,quze
1673 3062 1774 3104 eos
1802 3048 1901 3120 qui
1937 3043 2107 3104 bonis

454 3136 737 3227 operibus
758 3134 1067 3215 conspicui
1093 3136 1335 3227 sunt,ad
1374 3134 1641 3227 dextram
1663 3132 1885 3195 Christi
1903 3133 2104 3195 sedem
2127 3178 2165 3227 ο
2191 3134 2464 3227 ἱματισμῷ

451 3224 1067 3305 admittit,segregans
1095 3225 1256 3303 ipsos
1286 3243 1319 3285 a
1358 3224 1745 3304 pravis,sicut
1774 3232 1972 3302 pastor
2005 3240 2106 3284 se-

454 3324 666 3392 gregat
689 3332 826 3375 oves
849 3311 922 3374 ab
949 3314 1133 3374 hmdis
1155 3313 1233 3373 74.
1264 3317 1428 3375 Astat
1448 3313 1629 3392 igitur
1651 3312 1878 3390 regina,
1912 3312 2111 3374 anima

453 3401 732 3464 videlicet
753 3402 1016 3481 sponsali
1049 3404 1246 3466 Verbo
1274 3403 1818 3483 copulata,peccati
1852 3401 2108 3481 imperio

458 3493 610 3552 haud
626 3491 1028 3571 subjecta,sed
1058 3493 1228 3570 regni
1250 3491 1459 3555 Christi
1479 3494 1801 3573 particeps,
1829 3510 1861 3552 a
1884 3490 2109 3553 dextris

456 3583 774 3645 Salvatoris
799 3582 858 3643 in
889 3583 1097 3644 vestitu
1120 3583 1547 3663 deaurato,hoc
1580 3592 1693 3663 est,
1728 3583 1787 3643 in
1822 3582 2106 3663 spiritua-

457 3670 615 3732 libus
638 3670 1236 3752 dogmatibus,iisque
1258 3672 1601 3735 intertextis
1637 3690 1704 3733 ac
1744 3671 2056 3750 variegatis
2088 3689 2102 3734 :

456 3762 675 3841 quippe
708 3780 838 3841 quae
865 3770 1111 3823 venuste
1161 3772 1218 3822 et
1263 3762 1545 3841 religiose
1574 3781 1641 3824 se
1674 3765 1797 3842 ipsa
1834 3771 2105 3822 exornet.

458 3850 754 3923 Quoniam
786 3858 981 3911 autem
1017 3869 1134 3911 non
1174 3853 1348 3913 unius
1381 3852 1605 3932 speciei
1640 3859 1778 3912 sunt
1806 3850 2103 3929 dogmata,

458 3939 563 4000 sed
595 3940 829 4001 diversa
858 3941 1426 4019 variaque,morales
1453 3960 1522 4003 ac
1558 3940 1857 4002 naturales
1881 3948 1939 4000 et
1961 3958 2110 4018 mys-

454 4030 605 4091 ticos
636 4048 949 4091 sermones
1010 4030 1498 4111 complectentia,
1545 4031 1769 4092 idcirco
1805 4030 2108 4109 Scriptura

456 4118 602 4180 dicit
631 4137 867 4199 sponsae
897 4120 1173 4181 vestitum
1210 4122 1563 4200 variegatum
1598 4137 1752 4182 esse.

2179 628 2413 704 σμύρνης
2464 627 2564 702 μὲν
2620 624 2704 682 διὰ
2766 628 2827 683 τὸ
2884 626 3075 700 πάθος,
3137 625 3368 693 στακτῆς
3429 624 3484 681 δὲ
3528 623 3612 682 διὰ
3656 627 3717 682 τὸ
3749 628 3828 702 μὴ

2176 716 2424 783 ἀκίνητον
2490 729 2670 791 μεῖναι
2732 715 2869 791 μηδὲ
2943 716 3291 793 ἁνενέργητον
3368 715 3422 771 ἐν
3491 729 3613 778 ταῖς
3665 718 3830 792 τρισὶν

2176 806 2400 880 ἡμέραις
2432 808 2519 862 καὶ
2562 819 2685 869 ταῖς
2736 807 2872 885 τρισὶ
2927 806 3084 879 νυξὶν,
3120 804 3257 861 ἀλλὰ
3288 806 3567 862 κατελθεῖν
3598 807 3671 869 εἱς
3704 803 3832 878 ᾅδου

2176 894 2271 961 τῆς
2330 896 2447 970 περὶ
2501 894 2597 961 τὴν
2644 893 2929 951 ἆνάστασιν
2981 894 3281 968 οἰκονομίας
3330 892 3529 967 ἕνεκεν,
3561 893 3657 950 ’ίνα
3689 892 3832 960 πλη-

2178 984 2325 1062 ρώσῃ
2385 986 2569 1041 ἑαυτοῦ
2649 985 2715 1042 σὰ
2776 985 3081 1059 σύμπαντα.
3149 984 3377 1046 Κασσίας
3435 981 3489 1038 δὲ
3548 983 3831 1055 ἀποπνέει,

2179 1072 2315 1130 διότι
2372 1076 2405 1142 ἡ
2468 1075 2657 1130 κασσία
2715 1072 2899 1153 φλοιός
2968 1075 3047 1139 τίς
3078 1073 3189 1130 ἐστι
3232 1071 3555 1137 λεπτότατος
3588 1076 3679 1129 καὶ
3708 1072 3829 1129 εὒώ·

2180 1161 2296 1233 δης,
2347 1160 2560 1228 ξυλώδει
2586 1164 2804 1242 ξκάρφει
2862 1163 3313 1241 περιτεινόμενος.
3378 1164 3602 1232 Μήποτε
3655 1163 3743 1219 οὖν
3774 1162 3835 1219 τὸ

2180 1252 2274 1309 τοῦ
2331 1260 2554 1330 σταυροῦ
2614 1255 2809 1332 πάθος,
2844 1251 2928 1309 ἐπ’
2960 1255 3229 1331 εὐεργεσίᾳ
3259 1257 3355 1320 τῆς
3400 1253 3625 1314 κτίσεως
3657 1253 3836 1320 πάσης

2181 1340 2547 1421 παραληφθὲν,
2582 1342 2783 1419 βαθέως
2828 1344 2964 1418 ἡμῖν
3018 1345 3105 1398 καὶ
3163 1342 3340 1421 σοφῶς
3373 1344 3400 1398 ὁ
3430 1340 3588 1421 λόγος
3621 1340 3705 1399 διὰ
3734 1351 3837 1401 τοῦ

2181 1432 2275 1495 τῆς
2334 1432 2552 1493 κασσίας
2600 1431 2862 1506 ὀνόματος
2894 1431 3235 1511 παρῃνίξατο,
3291 1430 3501 1510 ’Ἔχεις
3534 1434 3622 1488 οὖν
3669 1433 3838 1508 σμύρ-

2185 1544 2276 1576 ναν
2327 1521 2426 1595 μὲν
2484 1518 2567 1575 διὰ
2623 1521 2723 1587 τὴν
2779 1523 2975 1601 ταφὴν,
3018 1522 3249 1588 στακτὴν
3280 1520 3334 1577 δὲ
3366 1519 3449 1576 διὰ
3480 1521 3577 1588 τὴν
3611 1522 3682 1586 εἰς
3714 1519 3838 1593 ᾅδου

2184 1608 2408 1665 κάθοδον
2460 1608 2662 1677 (ἐπειδὴ
2721 1617 2863 1667 πᾶσα
2920 1611 3130 1688 σταγὼν
3191 1610 3274 1667 ἐπὶ
3304 1612 3368 1666 τὰ
3397 1611 3543 1667 κάτω
3576 1609 3835 1689 φέρεται),

2183 1700 2403 1755 κασσίαν
2435 1697 2488 1754 δὲ
2520 1698 2603 1754 διὰ
2633 1700 2731 1766 τὴν
2791 1702 2891 1766 τῆς
2946 1703 3139 1779 σαρκὸς
3192 1703 3311 1777 περὶ
3352 1702 3413 1756 τὸ
3444 1700 3593 1765 ξύλον
3626 1702 3839 1756 οἰκονο-

2186 1790 2332 1861 μίαν,
2399 1786 2495 1846 Ἐκ
2539 1787 2593 1843 δὲ
2652 1790 2851 1855 ταύτης
2902 1794 3002 1856 τῆς
3036 1791 3201 1852 αἰτίας
3265 1790 3535 1869 Εὕφρανάν
3587 1812 3669 1862 σε,
3728 1813 3840 1869 φη-

2186 1880 2259 1957 σὶ,
2317 1878 2597 1955 θυγατέρες
2656 1878 2921 1954 βασιλέων
2981 1879 3034 1934 ἐν
3099 1885 3164 1954 τῇ
3219 1881 3347 1954 τιμῇ
3402 1902 3516 1940 σου.
3603 1878 3841 1957 Θυγατέ-

2185 1989 2269 2045 ρες
2301 1966 2354 2021 δὲ
2386 1966 2649 2043 βασιλέων
2704 1969 2840 2029 τίνες
2894 1966 2956 2023 ἂν
2992 1968 3105 2023 εἶεν
3136 1969 3171 2035 ἢ
3219 1968 3457 2046 εὐγενεῖς
3489 1970 3577 2025 καὶ
3608 1967 3841 2046 σιεγάλαι

2186 2059 2269 2111 καὶ
2300 2056 2571 2132 βασιλικαὶ
2603 2058 2778 2136 ψυχαί
2814 2073 2829 2130 ;
2877 2059 2957 2137 α’ἱ,
3013 2054 3103 2113 διὰ
3150 2058 3249 2124 τὴν
3281 2059 3412 2135 πρὸς
3447 2060 3511 2113 τὰ
3542 2058 3842 2133 ἀνθρώπινα

2186 2144 2573 2222 συγκατάϐασιν
2622 2145 2931 2223 ἐπιγνοῦσαι
2977 2148 3066 2202 τὸν
3126 2149 3374 2224 Χριστὸν,
3441 2146 3699 2227 εὕςρραναθ
3730 2151 3828 2205 αὖ-

2187 2237 2277 2291 τὸν
2308 2234 2359 2290 ἐν
2392 2242 2457 2311 τῇ
2489 2238 2642 2315 τιμῇ,
2698 2235 2751 2291 ἐν
2810 2235 3039 2312 ἀληθινῇ
3081 2239 3250 2292 πίστει
3302 2237 3388 2293 καὶ
3418 2236 3602 2313 ἀγάπῃ
3632 2236 3836 2315 τελείᾳ,

2187 2322 2488 2396 δοξάζουσαι
2550 2329 2705 2384 αὒτοῦ
2764 2326 2859 2392 τὴν
2917 2327 3171 2391 θεότητα,
3204 2327 3278 2383 Τὰ
3310 2324 3363 2381 δὲ
3392 2327 3651 2401 ἀρώματα
3709 2336 3842 2384 ταῦ-

2188 2437 2253 2469 τα
2309 2417 2369 2472 οὗ
2400 2413 2737 2493 μικρυλόγως
2782 2417 2910 2495 φησὶ
2963 2428 3241 2494 προσεῖναι
3291 2429 3409 2478 τοῖς
3469 2417 3698 2491 τματίοις
3748 2418 3843 2471 του

2190 2511 2413 2579 Χριστοῦ
2472 2504 2784 2580 (τουτέστιν,
2818 2507 2851 2573 ἡ
2888 2503 3166 2584 παραϐολὴ
3229 2504 3350 2583 (95)
3390 2511 3495 2561 τῶν
3527 2503 3703 2582 λόγων
3752 2509 3842 2562 καὶ

2188 2596 2221 2662 ἡ
2282 2594 2387 2649 τῶν
2432 2591 2713 2671 δογμάτωδ
2765 2594 3123 2673 κατασκευὴ),
3158 2593 3277 2650 ἀλλ’
3311 2595 3416 2652 ἀπὸ
3449 2594 3587 2652 ὅλων
3619 2601 3724 2651 τῶν
3757 2595 3839 2651 οἶ-

2188 2681 2583 2758 κοδομημάτων
2647 2684 2913 2763 φέρεσθαι,
2976 2681 3161 2761 Βάρεις
3221 2685 3323 2761 γὰρ
3379 2685 3501 2748 τοὺς
3559 2685 3841 2762 μεγίστοδς

2187 2780 2293 2830 τῶν
2351 2772 2517 2830 οἴκων
2548 2773 2693 2851 λέγει
2727 2774 2874 2854 (96),
2907 2777 2995 2831 καὶ
3040 2776 3255 2840 τούτους
3284 2774 3337 2839 ἒξ
3384 2773 3667 2853 ἐλέφαντος
3698 2774 3841 2830 εἶναι

2188 2863 2737 2937 κατασκευασμένίιυς,
2797 2866 2858 2919 τὸ
2921 2863 3198 2941 πλούσιον,
3232 2865 3416 2943 οἶμαι,
3445 2866 3544 2931 τῆς
3577 2866 3669 2919 τοῦ
3702 2871 3841 2941 Χρι-

2189 2960 2313 3009 στοῦ
2343 2954 2465 3030 περὶ
2492 2957 2583 3009 τὸν
2615 2955 2816 3029 κόσμον
2847 2954 3059 3031 ἀγάπης
3111 2961 3202 3010 τοῦ
3247 2956 3525 3032 προφήτου
3553 2951 3840 3009 διδάσκον-

2190 3065 2300 3107 τος.
2388 3044 2635 3120 Παρέστη
2710 3045 2743 3110 ἡ
2828 3044 3110 3120 βασίλισσα
3189 3042 3250 3099 ἐκ
3333 3041 3511 3107 δεξιῶν
3593 3063 3709 3115 σου,
3790 3041 3845 3096 ἐν

2569 3130 2807 3212 διαχρύῳ
2930 3130 3382 3211 περιϐεϐλημένη,
3492 3126 3842 3205 πεποικιλμέ-

2194 3245 2283 3287 νη,
2332 3225 2455 3299 Περὶ
2484 3228 2579 3298 τῇς
2632 3220 2956 3290 Ἐκκλησίας
3013 3221 3115 3289 ἤδη
3163 3220 3487 3299 διαλέγεται,
3535 3220 3651 3297 περὶ
3681 3218 3745 3286 ἧς
3792 3217 3845 3275 ἐν

2193 3314 2269 3384 τῷ
2320 3309 2575 3385 υᾼσματι
2609 3314 3018 3391 μεμαθήκαμεν,
3083 3312 3163 3369 3ἔτι
3217 3312 3314 3387 μία
3373 3312 3483 3367 ἐστὶ
3528 3309 3705 3366 τελεὶα
3753 3314 3846 3365 τοῦ

2193 3406 2417 3479 Χριστοῦ
2466 3403 2774 3480 περιστερὰ,
2807 3401 2925 3468 ἥτις
2980 3404 3052 3464 είς
3113 3407 3213 3469 τὴν
3272 3399 3441 3466 δεξιὰν
3498 3399 3685 3480 χώραν
3723 3397 3848 3477 (97)

2194 3491 2281 3545 τοῦ
2327 3497 2552 3569 Χριστοῦ
2611 3489 2870 3565 λαμϐάνει
2931 3492 3050 3557 τοὺς
3087 3490 3171 3547 ἐπ’
3206 3491 3380 3570 ἔργοις
3416 3490 3640 3567 ἀγαθοῖς
3698 3510 3844 3567 γνω-

2192 3579 2520 3659 ριζομένους,
2575 3579 2910 3659 διακρίνουσα
2982 3583 3087 3637 ἀπὸ
3126 3585 3234 3637 τῶν
3274 3578 3515 3659 φαύλων,
3566 3577 3746 3656 ὥσπερ
3807 3578 3834 3632 ὁ

2192 3670 2395 3744 ποιμὴν
2453 3669 2698 3748 διακρίνει
2759 3673 2880 3735 τοὺς
2940 3671 3098 3749 ἄρνας
3150 3671 3256 3727 ἀπὸ
3287 3677 3392 3725 τῶν
3425 3668 3642 3748 ἐρίφων,
3696 3675 3845 3746 Παρ-

2196 3760 2402 3815 ίσταται
2450 3762 2538 3815 οὖν
2596 3763 2629 3828 ἡ
2666 3760 2979 3836 βασίλισσα,
3026 3763 3059 3829 ἡ
3108 3766 3184 3831 τῷ
3238 3766 3481 3839 νυμφιιῷ
3530 3758 3687 3835 Λόγῳ
3720 3757 3845 3837 (98)

2193 3849 2609 3927 καθηρμοσμένη
2666 3852 2844 3930 ψυχὴ,
2895 3852 2930 3917 ἡ
3005 3852 3084 3924 μὴ
3141 3848 3535 3926 βασιλευομένη
3591 3849 3693 3904 ὑπὸ
3746 3847 3844 3913 τῆς

2192 3940 2476 4017 ἁμαρτίας,
2511 3938 2649 3995 ἀλλὰ
2710 3945 2807 4005 τῆς
2857 3961 2949 3994 του
2994 3948 3223 4018 Χριστοῦ
3268 3937 3542 4015 βασιλείας
3574 3936 3846 4017 μετέχου-

2191 4048 2281 4097 σα,
2339 4030 2401 4082 ὲκ
2453 4025 2636 4092 δεξιῶν
2696 4028 2791 4084 τοῦ
2851 4030 3107 4105 Σωτῆρος
3154 4027 3207 4083 ἐν
3239 4030 3513 4103 ἱματισμῷ
3543 4025 3837 4106 διαχρύσῳ’

2192 4116 2483 4195 τουτέστιν,
2519 4117 2571 4170 ἐν
2619 4114 2845 4194 δογμασι
2901 4132 3108 4195 νοεροτς
3151 4116 3576 4197 καθυφασμὲνοις
3606 4119 3694 4173 καὶ
3741 4137 3843 4172 πε-

438 4207 843 4283 ποικιλμένοις,
893 4208 1134 4288 σοϐαρῶς
1167 4212 1357 4277 ἑαυτὴν
1392 4213 1480 4266 καὶ
1510 4212 1840 4287 ἱεροπρεπῶς
1873 4212 2315 4280 κατακοσμοῦσα,
2352 4203 2571 4272 Ἐπειδὴ
2612 4203 2667 4262 δὲ
2703 4208 2758 4263 οὑ
2792 4206 3043 4282 μονοειδῆ
3068 4208 3133 4267 τά
3163 4206 3428 4287 δόγματα,
3458 4206 3595 4264 ἀλλὰ
3628 4204 3850 4263 ποικίλα

449 4299 536 4353 καὶ
568 4296 897 4375 πολύτροποι,
945 4298 1154 4365 ἠθικούς
1193 4322 1247 4354 τε
1280 4302 1366 4355 καὶ
1393 4300 1642 4377 φυσικοὺς
1676 4300 1763 4353 καὶ
1820 4297 1941 4358 τοὺς
1994 4295 2314 4357 ἑποπτικοὺς
2366 4292 2683 4371 λεγομένους
2718 4296 3043 4378 περιέχοντα
3073 4297 3287 4376 λόγους,
3324 4295 3409 4355 διὰ
3439 4304 3596 4355 τοῦτο
3628 4318 3833 4353 πεποι-

453 4384 702 4457 κιλμένον
728 4390 868 4442 εῖναι
903 4410 992 4442 τον
1021 4391 1309 4461 ἱματισμὸν
1333 4394 1431 4455 τῆς
1466 4390 1673 4466 νύμφης
1720 4387 1747 4443 ὀ
1779 4386 1942 4464 λογος
1978 4386 2159 4464 φησίν.

538 4475 616 4535 10
648 4475 819 4537 Vens.
834 4478 855 4538 1
873 4479 895 4534 t
913 4477 960 4547 ,l
977 4475 1461 4555 2.Audi,ﬁlia,et
1481 4477 1709 4556 vide,et
1740 4476 1971 4538 inclina
1990 4492 2109 4537 au-

458 4582 584 4627 rem
610 4571 857 4639 tuam,et
880 4562 1231 4627 obliviscere
1248 4566 1539 4644 pupulum
1572 4574 1830 4642 tuum,et
1863 4565 2111 4627 domum

455 4654 654 4733 patris
686 4659 795 4715 tui:
826 4662 882 4716 et
904 4656 1279 4734 concupiscet
1304 4673 1417 4718 rea:
1437 4656 1711 4719 ἁδροί-θυι
1740 4663 1932 4719 tuum:
1963 4674 2113 4736 quo-

458 4744 631 4806 niam
655 4746 781 4825 ipse
825 4752 914 4806 est
947 4744 1237 4807 Dominus
1291 4753 1453 4827 tuus,
1488 4757 1540 4809 et
1572 4748 1917 4809 adorabunt
1947 4763 2109 4807 eum.

536 4927 599 4978 75
628 4925 795 4989 Cant.
821 4942 894 4999 γι,
933 4924 992 4988 8.
1082 4924 1145 4973 Ἠ
1176 4926 1385 4990 Matth.
1422 4943 1563 5003 xxv,
1597 4924 1697 4989 32.

537 5108 663 5186 (95)
698 5102 1091 5186 Combefisius
1127 5104 1327 5167 multis
1376 5103 1633 5186 probare
1694 5113 1968 5180 conatur,
2006 5119 2112 5186 pro

459 5181 737 5267 παραϐολή
774 5185 1094 5261 legendum
1127 5203 1258 5267 esse
1290 5181 1592 5267 περιᾇολήῤ
1644 5186 1751 5250 sed
1798 5203 1935 5247 cum
1969 5181 2115 5245 editi

2282 4475 2377 4537 10.
2441 4472 2745 4546 ’¹Ακουσον,
2834 4477 3082 4558 θύγατερ,
3164 4480 3251 4536 καὶ
3320 4475 3426 4550 ἴδε,
3520 4477 3609 4532 καὶ
3664 4475 3851 4533 κλῖνον

2193 4566 2253 4621 τὸ
2306 4568 2394 4628 οὖς
2446 4587 2562 4641 σου,
2625 4566 2712 4621 καὶ
2762 4565 3014 4625 ἐπιλάθου
3088 4579 3182 4628 τοῦ
3245 4566 3374 4624 λαοῦ
3434 4588 3552 4645 σου,
3618 4570 3705 4622 καὶ
3760 4572 3851 4623 τοῦ

2194 4654 2349 4712 οἴκου
2385 4657 2477 4711 τοῦ
2533 4655 2731 4733 πατρός
2784 4676 2925 4715 σου·
2989 4660 3076 4715 καὶ
3135 4659 3449 4734 ἐπιθυμήσει
3495 4658 3521 4713 ὁ
3593 4654 3845 4732 βασιλεὺς

2193 4752 2287 4800 τοῦ
2343 4743 2568 4809 κάλλους
2621 4762 2753 4800 σου⁶
2815 4744 2895 4802 ὅτι
2958 4748 3114 4812 αὐτὸς
3175 4750 3286 4803 ἐστι
3322 4748 3506 4825 Κύριος
3569 4768 3686 4820 σου,
3757 4747 3851 4803 καὶ

2195 5117 2312 5182 que
2335 5108 2390 5161 et
2421 5100 2565 5164 editi
2599 5111 2655 5165 et
2688 5103 2875 5167 nostri
2928 5112 3061 5165 octo
3095 5115 3309 5168 mss.et
3338 5104 3556 5168 Catena
3594 5096 3840 5182 Corder.

2196 5176 2493 5260 vulgatam
2527 5182 2849 5266 lectionem
2898 5192 3195 5266 tueantur,
3228 5187 3304 5247 ab
3340 5202 3411 5246 ea
3440 5176 3847 5244 recedendum

462 5280 519 5331 et
539 5262 726 5330 nostri
760 5275 891 5327 octo
925 5274 1136 5347 mss.et
1166 5262 1386 5328 Catena
1415 5266 1666 5347 Corder,
1701 5285 1903 5327 vocem
1934 5286 2116 5343 παρα-
2200 5262 2710 5347 nonputavimus.

460 5350 595 5419 60M
625 5354 967 5409 constanter
982 5346 1484 5426 praeferant,illius
1507 5338 1914 5427 conjecturam
1933 5338 2121 5426 quan-
2284 5338 2408 5427 (98)
2436 5342 2871 5427 Fecitquidem
2896 5362 3003 5427 suo
3031 5361 3197 5406 more
3231 5341 3724 5427 Gombeﬁsius_,ut
3741 5338 3856 5427 ali-

462 5428 676 5494 tumvis
705 5427 921 5488 bonam
956 5420 1149 5487 secuti
1188 5420 1307 5488 non
1339 5445 1571 5489 sumus.
1618 5420 1638 5427 ’
1951 5420 1971 5426 ’
2206 5422 2349 5500 quid
2387 5420 3143 5504 mutandumisuspicetur:
3205 5426 3309 5488 sed
3371 5423 3469 5486 hic
3496 5420 3854 5504 modestius,

542 5511 663 5590 (96)
701 5506 892 5568 Editio
930 5506 1106 5590 Basil.
1130 5516 1201 5590 et
1256 5516 1490 5587 septem
1546 5526 1689 5590 mss.
1722 5507 2048 5590 mpm-7&9
2075 5528 2102 5561 ο

2206 5521 2379 5590 qllam
2405 5504 2578 5590 εριθι.
2610 5503 2853 5590 Dubitat
2876 5502 3068 5583 igitur
3098 5523 3239 5567 num
3274 5507 3390 5585 legi
3413 5503 3631 5590 debeat
3655 5502 3858 5590 νυμφίῳ

461 5578 865 5671 μέγιστοι-τῶν
914 5587 1104 5671 οἴκων-
1130 5578 1393 5664 λέγονται,
1460 5591 1538 5650 Αι
1591 5587 1776 5649 editio
1808 5578 2032 5649 Parié.‘
2065 5602 2097 5645 e

2207 5578 2386 5671 ἐξῆν»
2419 5584 2654 5671 δροῑιεο
2693 5578 3033 5671 νβνὺοξιπο
3085 5578 3556 5671 ννμφικειδἈάγιρρ
3578 5578 3862 5671 sponsa“

460 5663 963 5751 CuteuaiCorder.
998 5666 1152 5751 utin
1174 5663 1481 5751 contextu2
1532 5749 1540 5751 ἓ
1802 5749 1813 5751 ξ
1859 5748 1875 5751 _
1911 5749 1917 5751 _
2066 5747 2076 5751 _
2217 5664 2421 5751 V_erb_o.
2458 5663 2576 5727 Sed
2605 5674 2669 5729 ut
2689 5667 2833 5729 alias
2850 5663 3085 5751 saapius,
3122 5663 3333 5734 ita'hic
3365 5674 3424 5729 et
3447 5663 3595 5728 editi
3623 5663 3691 5726 iet
3719 5678 3861 5723 mss.

543 5754 666 5831 (97)
691 5750 919 5831 Rursus
949 5748 1193 5831 conjicit
1221 5748 1625 5831 Combetisius
1659 5767 1765 5830 pro
1797 5748 1968 5831 δεξιὰν
1999 5747 2123 5827 χώ-
2210 5744 2269 5809 ei
2298 5745 2714 5812 adversantur.

463 5827 561 5908 pani
588 5827 908 5913 legendum
937 5847 1069 5894 esse
1101 5827 1269 5899 δεξιὰν
1299 5844 1488 5913 χεῖρα·
1525 5828 1632 5893 sed
1660 5827 1802 5895 cum
1839 5830 1936 5894 hic
1968 5847 2125 5909 quo-
