4138 6374
304 278 427 347 409

1408 278 1734 347 HOMILIA
1777 280 1862 343 IN
1908 270 2273 347 PSALMUM
2318 283 2537 349 XLIV.

3570 286 3692 356 410

300 415 757 494 προσκυνήσουσιν
819 418 980 487 αὐτῷ·
1022 412 1146 495 (99)
1199 413 1593 493 Προσκαλετται
1658 413 1755 480 την
1806 412 1943 472 Ἐκ-

2056 412 2385 479 lxhortatur
2427 418 2761 481 Ecclesiam
2809 420 2882 481 ad
2916 418 3213 481 audienda
3270 422 3685 503 servandaque

300 504 525 571 κλησίαν
558 504 641 560 ἐπὶ
673 505 771 571 τὴν
803 504 1055 582 ἀκρόασιν
1105 506 1190 561 καὶ
1237 507 1335 572 τὴν
1386 505 1609 583 τήρησιν
1639 510 1745 559 τῶν
1776 526 1948 583 προσ-

302 596 671 668 τασσομένων,
725 597 811 650 καὶ
856 603 1288 670 προσοικειοῦται
1345 595 1508 660 αὐτὴν
1540 593 1623 649 διὰ
1654 594 1749 661 τῆς
1779 617 1948 673 προσ-

306 684 552 762 ηγορίας,
613 684 871 762 θδγατέρα
922 685 1084 751 αὖτὴν
1142 686 1547 762 προσαγορεύων
1600 682 1683 761 (1)
1723 703 1737 720 ’

299 774 778 846 τεκνοποιούμενος
850 775 1015 841 αῦτὴν
1063 773 1147 829 διὰ
1196 777 1295 841 τῆς
1348 775 1590 852 ἀγάπης,
1650 771 1949 849 ”Ακουσον,

1794 688 1951 742 οἱονεὶ

303 864 551 941 θύγατερ,
612 865 699 918 καὶ
769 860 873 924 ἴδε,
952 861 1196 919 Διδάσκει
1282 865 1446 930 αὐτὴν
1520 865 1955 941 γεγυμνασμένον

305 952 453 1031 ἔχειν
484 955 577 1006 τὸν
610 960 726 1009 νοῦν
757 955 887 1025 πρὸς
928 953 1146 1029 θεωρίαν
1199 952 1284 1009 διὰ
1343 961 1457 1029 τοῦ,
1491 951 1632 1011 ”Ιδε.
1670 954 1954 1019 Κατανόη-

306 1064 424 1113 σον,
461 1044 610 1120 φησὶ,
658 1044 757 1109 τὴν
787 1043 981 1117 κτίσιν,
1031 1044 1117 1098 καὶ
1169 1042 1513 1121 ὠφεληθεῖσα
1544 1044 1650 1098 ἀπὸ
1681 1046 1780 1110 τῆς
1836 1042 1953 1099 κατ’

306 1130 472 1197 αὒτὴν
513 1130 734 1204 τάξεως,
799 1132 965 1193 οὕτως
1024 1129 1272 1189 ἀνάϐαινε
1329 1134 1460 1210 πρὸς
1531 1133 1630 1198 τὴν
1682 1140 1773 1188 τοῦ
1834 1134 1955 1188 κτί-

307 1241 496 1282 σαντος
555 1222 798 1295 θεωρίαν,
857 1222 994 1278 Εἶτα
1044 1222 1304 1297 κάμπτων
1370 1225 1531 1288 αὐτῆς
1596 1224 1685 1277 τὸν
1748 1222 1954 1296 ὑψηλὸν

304 1313 403 1373 τῆς
462 1307 771 1379 ἀλαζονείας
844 1309 1143 1389 τράχηλον,
1238 1309 1457 1382 Κλῖνον,
1538 1313 1688 1387 φησὶ,
1741 1313 1802 1366 τὸ
1866 1310 1954 1374 οὖς

310 1420 425 1459 σου.
490 1400 577 1465 Μὴ
634 1397 946 1476 ἀποδράμῃς
1002 1402 1133 1479 πρὸς
1195 1402 1315 1463 τοὺς
1388 1400 1488 1463 ἔξω
1545 1400 1759 1474 μύθους,
1822 1400 1959 1455 ἀλλὰ

306 1486 586 1551 κατάδεξαι
644 1490 705 1544 τὸ
764 1490 1009 1545 ταπεινόν
1064 1495 1163 1556 τῆς
1225 1489 1279 1544 ἐν
1322 1493 1400 1563 τῷ
1458 1489 1789 1565 εὐαγγελικῷ
1815 1488 1959 1566 λόγῳ

306 1583 485 1654 φωνῆς
521 1594 533 1606 ⁸
594 1578 787 1635 Κλῖνον
852 1581 906 1634 τὸ
952 1579 1038 1641 οὖς
1096 1602 1187 1635 σου
1246 1582 1375 1657 πρὸς
1419 1581 1519 1645 τὴν
1568 1578 1668 1635 ὧδε
1703 1577 1957 1635 διδασκα-

2035 516 2617 590 praecepta,eamque
2650 509 2760 571 sibi
2787 510 2917 591 ipsa
2940 509 3341 590 appellatione
3360 511 3598 574 asciscit
3624 512 3686 573 in

2038 597 2523 678 familiaritatem,
2560 600 2717 661 illam
2749 600 3056 682 appellans
3092 600 3272 661 ﬁliam
3303 621 3318 681 ;
3355 600 3520 679 quasi
3553 617 3683 662 eam

2034 685 2148 745 sibi
2176 705 2281 767 pro
2312 688 2431 749 ﬁlia
2455 706 2561 768 per
2580 691 2928 751 charitatem
2953 690 3505 771 adoptasset.Audi,
3532 691 3682 768 ﬁlia,

2035 778 2267 840 etvide.
2304 776 2489 840 Docet
2519 779 2634 840 hoc
2665 780 2868 859 vcrbo,
2919 780 3080 855 Vide,
3117 779 3443 841 Ecclesiam
3467 780 3690 842 habere

2038 874 2300 926 mentem
2335 871 2406 931 ad
2436 869 3007 937 contemplationem
3044 871 3448 930 exercitatam.
3472 870 3688 931 Consi-

2038 953 2204 1034 dera,
2232 954 2448 1035 inquit,
2477 974 2574 1017 res
2607 967 2839 1019 creatas
2860 965 3037 1034 atque
3063 957 3278 1017 intuitu
3302 956 3533 1019 ordinis
3555 958 3692 1018 illa-

2037 1060 2170 1103 rum
2197 1044 2511 1123 adjuta,ita
2531 1046 2772 1107 demum
2802 1047 2873 1107 ad
2901 1047 3213 1126 ipsiusmet
3234 1046 3687 1110 Creatoriscon-

2041 1133 2490 1212 templatiunem
2515 1136 3040 1199 ascende.Deinde
3060 1136 3243 1197 altum
3264 1134 3692 1215 superbiaecol-

2039 1222 2161 1283 lum
2185 1223 3233 1306 inﬂectens,lncliua,inquit.aurem
3250 1226 3531 1288 luam.Ne
3547 1245 3688 1287 cur-

2040 1330 2135 1372 ras
2163 1312 2235 1374 ad
2293 1323 2570 1376 externas
2613 1315 2867 1391 fabulas,
2902 1316 3006 1377 sed
3050 1316 3339 1377 humilem
3389 1316 3691 1378 sermonis

2043 1402 2368 1479 evangelici
2393 1423 2597 1465 vocem
2624 1405 2898 1485 suscipe:
2929 1404 3163 1466 Inclina
3184 1421 3395 1466 aurem
3420 1413 3583 1467 tuam
3614 1407 3688 1467 ad

2043 1492 2195 1553 hanc
2227 1493 2585 1569 doctrinam,
2625 1503 2688 1555 ut
2718 1496 3070 1557 obliviscare
3107 1513 3418 1575 pravarum
3457 1495 3689 1556 illarum

2043 1583 2542 1644 consuetudinum
2567 1594 2743 1661 atque
2760 1593 3139 1662 paternorum
3165 1585 3687 1646 documentorum.

306 1666 446 1745 λίαν,
478 1668 571 1723 ’ἕνα
616 1668 840 1745 ἐπιλάϐῃ
913 1672 1020 1724 τῶν
1074 1672 1367 1748 μοχθηρῶν
1428 1669 1557 1724 ἐθῶν
1617 1669 1828 1725 ἐκείνων
1874 1670 1960 1724 καὶ

2056 1670 2417 1752 Quapropter
2444 1673 2815 1736 Obliviscere
2842 1674 3127 1754 populum
3159 1681 3421 1747 tuum,et
3452 1676 3692 1737 domum

307 1763 415 1812 τῶν
472 1765 741 1837 πατριγών
801 1756 1136 1835 διδαγμάτων
1214 1757 1317 1837 (2).
1384 1761 1476 1813 Διὸ
1528 1758 1813 1817 Ἐπιλάθου
1868 1766 1963 1814 τοῦ

308 1846 437 1902 λαοῦ
508 1868 624 1925 σου,
682 1850 770 1903 καὶ
855 1856 948 1904 τοῦ
1023 1846 1176 1903 οἴκο)
1236 1855 1327 1904 τοῦ
1399 1848 1597 1926 πατρός
1658 1870 1767 1905 σου.
1851 1855 1958 1911 Πᾶς

311 1936 410 2013 γὰρ
456 1938 484 1991 ὁ
530 1943 697 1992 ποιῶν
747 1938 846 2003 τὴν
888 1938 1148 2014 ἁμαρτίαν
1208 1937 1266 1992 ἐκ
1322 1945 1414 1993 τοῦ
1472 1935 1718 1995 διαϐόλου
1767 1937 1959 2014 γεγέν-

313 2048 488 2092 νηται,
556 2024 811 2082 ’Ἔκϐαλέ
856 2050 975 2101 μοι,
1028 2028 1180 2105 φησὶ,
1214 2027 1308 2089 τὰς
1366 2028 1473 2082 τῶν
1513 2024 1779 2100 δαιμόνων
1809 2024 1958 2082 διδα-

307 2114 555 2195 σκαλίας,
612 2116 865 2172 ἐπιλάθου
920 2120 1135 2189 θυσιῶν,
1196 2118 1412 2195 χορείας
1472 2122 1802 2195 νυκτερινῆς,
1852 2118 1958 2191 μύ-

306 2209 412 2261 θων
470 2206 542 2267 εἷς
598 2207 843 2283 πορνείαν
888 2206 975 2260 καὶ
1029 2212 1206 2260 πᾶσαν
1252 2204 1532 2282 ἀσέλγειαν
1607 2205 1955 2265 ἐκκαιόντων.

312 2294 409 2348 Διὰ
466 2296 620 2349 τοῦτο
664 2294 922 2372 θυγατέρα
980 2314 1038 2349 σε
1110 2297 1339 2367 ἐμαυτοῦ
1399 2296 1820 2373 προσηγόρευσα,
1866 2296 1957 2351 ἵνα

310 2384 545 2459 μισήσῃς
573 2388 664 2439 τὸν
694 2385 895 2460 πατέρα
949 2386 1040 2439 τὸν
1097 2384 1353 2461 πρότερόν
1406 2406 1462 2440 σε
1498 2386 1826 2461 γεννήσαντα
1882 2386 1955 2448 εἰς

308 2472 601 2534 ἀπώλειαν,
662 2470 787 2529 Ἐὰν
825 2474 925 2550 γὰρ
968 2471 1053 2528 διὰ
1098 2478 1198 2539 τῆς
1255 2472 1424 2542 λήθης
1476 2472 1783 2549 ἀπαλείψῃς
1833 2476 1956 2533 τοὺς

311 2561 527 2626 σπίλους
572 2566 678 2618 τῶν
737 2567 985 2640 πονηρῶν
1060 2562 1415 2637 μαθημάτων,
1484 2560 1825 2618 ἀπολαϐοῦσα
1896 2564 1956 2617 τὸ

310 2650 448 2706 ἴδιον
504 2650 695 2718 ἑαυτῆς
726 2649 951 2730 κοίλλος,
1012 2651 1311 2724 ἐπιθυμητή
1364 2653 1577 2730 φανήσῃ
1631 2658 1707 2725 τῷ
1757 2652 1960 2731 νυμφίῳ

309 2743 396 2796 καὶ
447 2740 688 2817 βασιλεῖ,
778 2740 916 2798 "Ott
1004 2741 1159 2804 αὒτός
1248 2740 1357 2797 ἐστι
1439 2743 1623 2820 Κύριος
1683 2764 1799 2815 σου,
1874 2742 1960 2797 καὶ

310 2832 765 2907 προσκυνήσουσιν
826 2829 969 2903 αὐτῷ
1027 2827 1133 2908 (3).
1193 2832 1263 2887 Τὸ
1321 2830 1615 2908 ἀναγκαῖον
1674 2836 1771 2897 τῆς
1834 2832 1961 2886 ὕπο-

312 2925 483 2997 ταγῆς
541 2917 848 2995 παραδηλοῖ
907 2917 996 2975 διὰ
1044 2927 1157 2991 τοῦ,
1222 2919 1386 2982 Λῦτός
1434 2919 1543 2975 ἐστι
1592 2920 1778 2998 Κύριός
1840 2941 1956 2981 σου.

316 3011 745 3086 Προσκυνήσουσι
797 3008 851 3064 δὲ
898 3008 1039 3083 αύτῷ
1093 3009 1204 3088 (4),
1246 3016 1391 3065 πᾶσα
1454 3012 1489 3077 ἡ
1542 3013 1734 3073 κτίσις.
1816 2991 2021 3065 ΔιότιΟ

314 3099 406 3156 Ἐν
461 3106 541 3174 τῷ
598 3100 816 3175 ὀνόματι
896 3095 1074 3165 Ἰησοῦ
1146 3105 1372 3178 Χριστοῦ
1429 3105 1530 3155 πᾶν
1590 3100 1716 3177 γόνυ
1759 3100 1963 3175 κάμψει

316 3188 663 3265 ἐπουρανίων,
728 3189 817 3243 καὶ
897 3187 1166 3267 ἐπιγείων,
1229 3190 1318 3244 καὶ
1388 3190 1785 3268 καταχθανίων,
1869 3191 1967 3247 Καὶ

316 3276 547 3356 θυγάτηρ
600 3278 761 3357 Τύρου
811 3277 865 3332 ἐν
908 3275 1120 3355 δώροις.
1182 3280 1251 3334 Τὸ
1296 3276 1582 3355 πρόσωπον
1633 3300 1727 3334 σου
1779 3290 1967 3334 Λιταν-

322 3367 560 3423 εύσουσιν
600 3366 687 3446 (5)
717 3370 762 3423 οἱ
805 3365 1050 3422 πλούσιοι
1102 3374 1195 3423 τοῦ
1245 3364 1395 3421 λαοῦ.
1452 3375 1616 3422 Δοκεῖ
1662 3368 1694 3433 ἡ
1740 3364 1968 3443 ὑπερϐο-

318 3455 387 3524 λὴ
436 3457 532 3524 τῆς
577 3454 1009 3535 εἷδολωλατρείας
1043 3454 1097 3510 ἐν
1139 3461 1207 3529 τῇ
1252 3452 1549 3510 Χανανίτιδι
1595 3456 1750 3533 χώρᾳ
1788 3456 1969 3512 ἐπιτε-

318 3544 621 3613 τηδεῦσθαι.
672 3544 1015 3624 Μητρόπολις
1070 3542 1124 3598 δὲ
1154 3544 1251 3611 τῆς
1290 3545 1501 3599 Χαναὰν
1541 3547 1573 3611 η
1606 3546 1792 3622 Τύρος,
1828 3552 1967 3623 [lpo-

320 3636 644 3715 τρεπόμενος
693 3635 782 3691 οὖν
843 3636 913 3700 εἰς
955 3634 1199 3701 ὑπακοὴν
1232 3634 1330 3701 τήν
1360 3631 1687 3700 Ἐκκλησίαν
1719 3638 1746 3690 ὁ
1786 3633 1966 3714 λόγος,

322 3728 420 3784 Καὶ
475 3727 733 3805 θυγάτηρ,
794 3726 945 3805 φησὶ,
1009 3723 1171 3803 Τύρου
1229 3721 1340 3789 ἥξει
1397 3722 1525 3778 ποτὲ
1577 3724 1712 3797 μετὰ
1763 3722 1965 3801 δώρων.

327 3818 424 3873 Καὶ
455 3819 516 3873 τὸ
546 3820 638 3873 σὸν
672 3816 726 3871 δὲ
757 3816 1046 3892 πρόσωπον
1097 3816 1145 3869 οἱ
1190 3811 1434 3869 πλούσιοι
1485 3814 1577 3868 τοῦ
1635 3811 1767 3869 λαοῦ
1796 3836 1967 3893 προσ-

319 3909 634 3977 κυνήσουσιν
682 3910 736 3963 ἐν
792 3904 977 3984 δώροις
1212 3907 1319 3963 Οὐκ
1372 3903 1523 3983 εἷπε,
1571 3906 1640 3959 Σὲ
1674 3906 1969 3981 προσκυνή-

2041 1764 2235 1838 patris
2251 1762 2592 1825 tui.0mm‘s
2609 1765 2766 1825 enim
2788 1766 2891 1843 qui
2902 1764 3051 1843 facit
3061 1766 3695 1843 peecatam,emdiabo-

2045 1851 2100 1912 lo
2118 1858 2298 1913 natus
2320 1854 2502 1924 (33175,
2533 1852 3336 1933 Abjice,inquit,daamonum
3361 1853 3690 1927 doctrinas,

2044 1940 2397 2001 obliviscere
2420 1944 3186 2018 sacriﬁciorummocturnm
3208 1942 3693 2016 choreaa,fabula-

2044 2048 2176 2090 rum
2210 2028 2281 2088 ad
2316 2038 2586 2110 stuprum
2622 2040 2679 2093 et
2710 2049 2947 2093 omnem
2974 2030 3277 2091 libidinem
3310 2031 3691 2093 inflamman-

2047 2121 2214 2181 tium.
2258 2118 2487 2180 Idcirco
2523 2129 2578 2181 te
2613 2122 2730 2181 mei
2764 2119 2950 2200 ipsius
2984 2120 3162 2179 ﬁliam
3195 2121 3419 2200 vocavi,
3456 2130 3517 2181 ut
3556 2140 3691 2183 eum

2045 2217 2351 2291 parentem
2391 2209 2610 2291 oderis,
2648 2211 2747 2290 qui
2781 2217 2836 2271 te
2870 2209 3033 2289 prius
3062 2210 3133 2270 ad
3164 2211 3554 2289 perditionem
3581 2230 3689 2291 ge-

2044 2309 2277 2361 nuerat.
2313 2298 2543 2360 Etenim
2577 2300 2625 2361 si
2659 2318 2762 2380 per
2799 2298 3155 2360 oblivionem
3192 2301 3451 2361 maculas
3482 2319 3691 2379 pravo-

2041 2406 2174 2449 rum
2206 2389 2702 2450 documentorum
2742 2387 3058 2462 deleveris,
3088 2398 3186 2449 tuo
3220 2389 3458 2470 proprio
3475 2390 3691 2453 decore

2039 2486 2367 2557 assumpto,
2393 2476 2820 2538 desiderabilis
2848 2476 3165 2558 apparebis
3195 2496 3416 2559 sponso
3453 2488 3509 2539 et
3539 2481 3690 2559 regi.

2044 2567 2478 2646 Quoniamipse
2492 2576 2577 2628 est
2590 2568 2948 2629 Dominustu
2962 2568 3457 2641 us,etada~mbunt
3474 2571 3689 2648 ipsum.

2043 2655 2478 2717 Necessitatem
2543 2655 2906 2717 obedientiaa
2964 2655 3251 2735 declarat,
3308 2657 3398 2717 his
3453 2659 3690 2722 verbis:

2042 2745 2179 2824 Ipse
2206 2751 2293 2806 est
2328 2745 2620 2806 Domi-nus
2653 2751 2815 2807 tuus.
2848 2744 3201 2806 Ailorabunt
3239 2753 3441 2807 autem
3472 2748 3695 2825 ipsum,

2045 2849 2250 2904 nempe
2270 2848 2470 2890 omnes
2495 2849 2585 2890 res
2612 2844 2833 2891 creatae.
2860 2833 2999 2890 Nam
3034 2832 3100 2888 In
3117 2834 3330 2890 nomine
3350 2833 3474 2891 Jesu
3495 2834 3701 2891 Christi

2043 2934 2201 2975 omne
2228 2935 2368 2989 genu
2389 2918 2659 2989 ﬂectetur,
2682 2918 2989 2984 cmlestium,
3010 2922 3346 2974 terrestrium
3368 2927 3417 2976 et
3457 2920 3702 2992 inferno-

2045 3026 2183 3070 rum
2203 3008 2289 3071 76.
2333 3009 2461 3068 I68
2485 3006 2666 3069 Vens.
2700 3011 2790 3069 l3.
2820 3007 2903 3069 Et
2916 3007 3050 3087 ﬁlia
3068 3006 3207 3087 Tyri
3235 3011 3299 3070 in
3315 3012 3694 3073 muneribus.

2055 3096 2297 3160 Vultum
2322 3108 2490 3160 tuum
2508 3099 2991 3176 deprecabuntur
3008 3098 3132 3159 divi
3140 3107 3225 3159 (es
3242 3098 3701 3179 plebis.Videtur

2051 3188 2389 3249 idololatria
2421 3188 2480 3248 in
2509 3189 2841 3250 Chananaea
2859 3194 3103 3266 regione
3133 3187 3469 3250 immodicis
3491 3190 3702 3252 studiis

2054 3279 2289 3339 exculta
2319 3278 2525 3339 fuisse.
2559 3277 2903 3357 MetrOpolis
2947 3289 3141 3339 autem
3177 3278 3454 3339 Chanaan
3487 3278 3699 3359 Tyrus.

2056 3367 2383 3428 Ecclesiam
2409 3367 2589 3444 igitur
2605 3367 2676 3427 ad
2701 3366 3105 3428 obedientiam
3138 3369 3457 3429 exhortans
3478 3386 3700 3431 sermo.

2052 3455 2243 3517 Etiam
2268 3454 2407 3534 ﬁlia,
2439 3453 2793 3535 inquit,Tyri
2817 3455 3017 3517 veniet
3048 3455 3367 3535 aliquando
3410 3476 3544 3518 cum
3572 3476 3705 3518 mu-

2056 3544 2327 3606 neribus.
2356 3543 2428 3605 Et
2448 3545 2671 3604 vultum
2706 3554 2869 3604 tuum
2902 3544 3237 3605 adorabunt
3266 3545 3479 3606 divites
3509 3546 3703 3625 plebis

2056 3635 2115 3694 in
2150 3633 2524 3695 muneribus.
2549 3631 2676 3694 Non
2696 3633 2867 3705 dixit,
2890 3631 2974 3693 Te
2998 3632 3330 3694 adorabunt
3352 3635 3412 3695 in
3438 3634 3702 3695 muneri-

2054 3723 2192 3797 bus,
2215 3722 2346 3803 sed,
2370 3722 2613 3783 Vultum
2641 3730 2827 3784 tuum.
2854 3720 3121 3784 Ecclesia
3158 3723 3316 3784 enim
3344 3742 3463 3784 non
3484 3724 3701 3785 adora-

2054 3812 2282 3886 tur,sed
2307 3820 2482 3892 caput
2507 3811 2786 3873 Ecclesiae
2803 3810 3075 3875 Christus
3095 3812 3364 3893 77,quem
3399 3812 3707 3894 Scriptura

2054 3902 2293 3965 vultum
2321 3901 2663 3982 appellavit.

321 4018 499 4051 σουσιν
532 3997 586 4053 ἐν
617 3995 830 4073 δώροις,
868 3994 1029 4067 ἀλλὰ,
1064 3996 1135 4051 Τὸ
1158 3995 1446 4073 πρόσωπον
1476 3994 1538 4049 τὸ
1584 3993 1700 4056 σόν,
1754 3996 1825 4051 Ob
1877 3996 1976 4074 γὰρ
2011 3991 2308 4059 Ἐκκλησία
2339 4004 2743 4071 προσκυνεῖται,
2776 3991 2913 4047 ἀλλὰ
2944 3996 3041 4058 τῆς
3069 3990 3395 4059 Ἐκκλησίας
3426 3994 3462 4059 ⁵η
3492 3992 3703 4074 κεφαλὴ

323 4087 352 4139 ὁ
386 4087 639 4161 Χριστὸς,
687 4088 745 4141 ὃν
776 4083 1062 4161 πρόσωπον
1092 4083 1369 4159 ὠνόμασεν
1395 4085 1430 4151 ἡ
1451 4085 1662 4163 Γραφή.

416 4177 507 4234 11,
570 4180 721 4229 Πᾶσα
775 4175 810 4239 ἡ
869 4170 991 4233 δόξα
1064 4172 1162 4239 τῆς
1216 4174 1469 4250 θυγατρὸς
1547 4183 1641 4231 τοῦ
1709 4171 1973 4249 βασιλέως

327 4262 544 4338 ἔσωθεν,
631 4262 684 4318 ἐν
769 4273 1101 4340 κροσσωτοτς
1197 4278 1421 4340 χρυσοτς
1515 4261 1970 4342 περιϐεϐλημένη,

325 4351 739 4429 πεποικιλμένη.
833 4350 1323 4427 Ἀπενεχθήσονται
1399 4358 1475 4424 τῷ
1554 4352 1773 4428 βασιλεῖ
1828 4375 1973 4433 παρ-

325 4443 467 4501 θὲνοι
512 4443 683 4499 ὀπίσω
734 4445 922 4508 αὒτῆς.
984 4434 1205 4505 Ἐπειδὴ
1268 4436 1526 4517 ἐκαθάρθη
1572 4440 1657 4510 (7)
1704 4441 1810 4497 ἀπὸ
1867 4447 1974 4497 τῶν

2144 4172 2203 4233 ll
2224 4216 2238 4231 .
2265 4169 2449 4233 Vens.
2482 4169 2693 4250 14,15.
2716 4167 2927 4231 Omnis
2944 4168 3150 4249 gloria
3170 4169 3314 4249 ﬁlice
3335 4173 3500 4250 regis
3523 4170 3599 4233 ab
3616 4172 3715 4233 in-

2058 4266 2161 4329 tus,
2192 4262 2247 4315 in
2274 4260 2506 4333 ﬁmbriis
2543 4260 2731 4316 aureis
2764 4258 3194 4323 circumamicta,
3226 4261 3527 4332 variegata.
3559 4260 3711 4332 Affe-

2056 4356 2252 4408 reutur
2282 4352 2398 4423 regi
2427 4349 2663 4421 virgines
2687 4356 2803 4422 post
2840 4366 2980 4407 eam.
3016 4349 3325 4422 Postquam
3353 4360 3592 4423 purgata
3626 4360 3712 4409 est

2057 4440 2132 4502 ab
2163 4440 2423 4521 antiquis
2454 4438 2734 4520 nequitiae
2763 4438 3077 4512 doctrinis,
3108 4449 3313 4521 utpote
3344 4440 3707 4503 documento

409 4624 473 4675 75
500 4619 719 4684 IJoan.
752 4636 840 4696 Ill,
868 4620 930 4683 8.
1017 4620 1083 4673 76
1112 4617 1375 4700 Philipp.
1406 4635 1473 4702 ιι,
1502 4620 1602 4680 to.
1686 4616 1751 4667 77
1782 4615 2006 4697 Ephes.
2034 4635 2091 4693 v,
2118 4617 2218 4682 23.

414 4781 689 4867 (QQLHic
701 4781 1277 4867 _dissiden_t_inter_se
1299 4780 1472 4867 li_br_i,_
1488 4779 1785 4867 ut_videre
1808 4780 1979 4867 estin
2003 4787 2046 4839 D
2063 4778 2364 4867 Adoralu't
2393 4788 2603 4867 autem
2650 4784 3020 4867 cumprimis
3040 4786 3348 4867 creatura.

332 4860 487 4927 notis
519 4862 742 4926 Nobilii
767 4872 828 4926 et
871 4863 932 4925 in
963 4863 1281 4945 Hexaplis.
1317 4863 1515 4945 Editio
1550 4861 1736 4924 Paris.
1773 4871 1835 4945 e_t
1856 4860 1979 4945 duo

334 4964 478 5009 mss.
510 4946 959 5022 προσκυνήσωσιν
991 4941 1153 5019 αὐτῷ,
1192 4942 1556 5006 Adorabunt
1592 4960 1752 5005 eum.
1785 4941 1981 5004 Editio

333 5025 511 5089 Basil.
567 5031 627 5086 et
672 5043 773 5086 sex
826 5043 970 5087 mss.
1031 5027 1415 5103 προσκυνήσεις
1475 5027 1640 5099 αὐτῷ,
1678 5023 1984 5085 Adorabis

335 5126 491 5188 eum,
528 5113 590 5188 et
616 5105 699 5188 ita
725 5104 839 5184 legi
869 5103 928 5168 in
982 5105 1186 5188 Bib_|iis
1241 5123 1385 5188 mss.
1436 5111 1558 5165 tum
1608 5105 1813 5183 Regiis
1857 5112 1981 5167 tum

336 5185 697 5251 Colbertinis
723 5192 931 5248 auctor
962 5196 1052 5247 est
1076 5185 1443 5248 Ferrandus.

417 5269 495 5349 (1)
532 5266 699 5346 Regii
732 5266 1033 5349 secundus
1063 5276 1121 5329 et
1152 5270 1358 5329 tertius
1390 5283 1523 5327 cum
1554 5264 1741 5349 Colb.
1788 5266 1981 5347 primo

338 5346 733 5427 προσαγορεύει.
768 5348 888 5410 Alii
938 5366 1077 5410 vero
1121 5366 1262 5409 mss.
1309 5364 1447 5409 cum
1496 5346 1673 5407 editis
1703 5346 1980 5427 πρόσαγοο

371 5428 503 5483 εύων
514 5476 527 5489 ,

340 5449 682 5585 ρευὲἲῐὶορς.
711 5510 917 5571 tertius
946 5514 1052 5567 τῶν
1082 5512 1350 5589 πατρικῶν
1372 5505 1739 5587 παραδόσεων,
1768 5517 1977 5588 puler-

333 5605 555 5649 narum
593 5589 1021 5651 traditionum.

420 5670 491 5743 (3)
526 5665 637 5729 Hic
690 5686 894 5730 rursus
940 5667 1042 5731 alii
1082 5686 1225 5732 mss.
1259 5670 1642 5748 προσκυνήσεις
1684 5674 1845 5745 αὖτῷ·
1881 5667 1984 5729 alii

337 5747 790 5828 προσκυνήσουσιν
822 5752 985 5823 αῦνῷ,

423 5828 514 5922 (4)
536 5827 713 5913 Regii
740 5829 947 5892 tertius
996 5834 1057 5890 et
1093 5834 1295 5890 801ml
1326 5832 1682 5909 προσκυνήσει
1726 5828 1781 5885 δὲ
1814 5832 1980 5911 αὐτῷ,

2150 4859 2233 4941 (5)
2261 4861 2359 4923 Sic
2390 4880 2541 4941 mss.
2570 4862 2646 4923 At
2668 4860 2852 4923 editio
2892 4859 3080 4922 Paris.
3111 4858 3490 4941 λιτανεύουσιν.
3539 4854 3715 4941 ῌδιιᾶ

2066 4936 2241 5020 longe
2272 4940 2603 5003 Colbertini
2648 4943 2876 5022 primus
2934 4949 2993 5001 et
3043 4947 3245 5022 sextus
3290 4936 3620 5016 μητρόπολις
3653 4939 3707 5022 o“;

2065 5018 2455 5089 τῆςΧανανίας
2483 5026 2540 5092 ἡ.
2566 5018 2726 5085 Εάἰιί
2756 5039 2896 5083 vero
2925 5037 3060 5081 cum
3094 5020 3294 5081 multis
3322 5035 3461 5081 mss.
3497 5018 3708 5097 μητρό-

2067 5102 2221 5167 πολις
2267 5100 2320 5159 δέ
2366 5110 2463 5171 τῆς
2494 5106 2706 5161 Χαναὰν
2734 5106 2793 5171 ἡ,

2153 5181 2237 5263 (6)
2274 5184 2357 5243 Ita
2386 5184 2554 5263 Regii
2578 5184 2905 5257 secundus,
2932 5178 3164 5263 tertius,
3188 5178 3714 5263 quartus,quir_itus

2065 5269 2124 5344 et
2144 5258 2351 5325 sextus
2374 5282 2394 5325 :
2414 5258 2631 5343 quibus
2655 5271 2827 5344 plane
2846 5258 3228 5344 consentiunt
3250 5268 3308 5321 et
3331 5261 3550 5324 Catena
3572 5258 3712 5322 Cor-

2063 5343 2188 5404 der.
2220 5352 2277 5404 et
2306 5341 2636 5406 Colbertiui
2655 5341 2914 5424 primus,
2944 5341 3417 5422 quintus,sextus
3443 5348 3501 5401 et
3520 5345 3710 5424 septi-

2067 5442 2223 5487 mus.
2261 5424 2416 5484 Edili
2449 5443 2589 5486 vero
2621 5420 2691 5483 Tb
2722 5430 2812 5481 σὸν
2870 5425 2920 5479 δὲ
2962 5420 3257 5501 πρόσωπον
3313 5420 3712 5500 προσκυνήσου-

2064 5526 2147 5560 σιν
2179 5507 2224 5560 οἱ
2258 5505 2499 5563 πλούσιοι
2545 5517 2638 5564 τοῦ
2684 5505 2837 5579 λαοῦ,
2874 5505 3262 5561 λιτανέύσουσιν
3293 5503 3348 5557 ἐν
3377 5502 3586 5579 δώροις,

2152 5584 2241 5665 (7)
2272 5585 2472 5647 Editio
2504 5586 2694 5646 Paris.
2728 5602 2863 5649 cum
2896 5584 3037 5662 Reg.
3076 5590 3281 5662 quarto
3299 5590 3372 5665 iet
3403 5582 3570 5665 Colb.
3604 5597 3709 5641 se-

2070 5662 2254 5743 ptimo
2284 5665 2567 5743 ἐκαθάρθη.
2603 5666 2799 5728 Editio
2823 5684 2957 5726 vero
2986 5666 3168 5726 Basnl.
3203 5670 3258 5723 et
3295 5662 3464 5740 Regii
3491 5680 3712 5723 secun-

2067 5744 2181 5807 dus
2211 5752 2269 5807 et
2300 5746 2509 5807 tertius
2540 5765 2675 5807 cum
2726 5746 2897 5808 Colb.
2932 5754 3098 5807 sexto
3132 5746 3389 5823 καθήρθη.
