4138 6382
476 257 583 319 [ill

478 392 778 465 obsecuta,
803 388 1058 449 etoblita
1095 385 1293 467 populi
1328 390 1416 451 sui
1455 397 1511 450 et
1542 386 1753 449 domus
1789 389 1968 468 patris
2000 388 2111 463 sui,
2139 398 2176 444 Α
2206 388 2443 445 τελλειιῖλι

478 495 673 541 narrat
707 499 837 561 quae
870 483 1055 557 ipsam
1117 489 1385 557 spectant
1443 480 1697 557 Spiritus
1750 487 2010 539 sanctus.
2049 480 2121 539 Et

477 572 747 641 quoniam
775 570 1123 624 reconditam
1161 570 1502 625 munditiam
1536 569 1692 624 illius
1716 567 1888 624 vidit:
1916 565 2117 634 Omnis,

477 660 892 741 inquit,gloria
910 659 1055 737 ﬁlia:
1080 658 1325 739 regis,id
1352 670 1703 738 est,spons:e
1729 658 1965 738 Christi,
1991 676 2121 738 qua}

472 749 709 810 tandem
738 767 843 828 per
860 747 1239 823 adoptionem
1268 749 1388 808 ﬁlia
1412 749 1569 825 regis
1594 750 1801 808 eﬂ'ecta
1832 750 1929 825 sit,
1957 750 2121 809 intus

476 847 583 900 est.
613 838 934 900 Hor-lantur
958 838 1082 898 haec
1104 837 1303 913 verba,
1332 848 1387 897 ut
1414 842 1484 897 ad
1522 839 1729 899 intima
1755 837 2117 907 ecclesiasti-

476 947 559 988 ca:
578 928 1008 1007 glorizearcana
1024 930 1590 1005 penetremus,quod
1612 946 1844 1004 sponsae
1864 927 2120 1005 pulchri-

475 1019 614 1078 tudo
646 1018 804 1077 intus
836 1015 1099 1077 exsistat.
1138 1016 1248 1087 Qui
1281 1016 1438 1075 enim
1472 1036 1535 1075 se
1587 1016 1833 1076 adornat
1869 1015 2023 1078 Patri
2058 1016 2116 1076 in

475 1107 825 1167 abscondito
860 1105 1079 1165 videnti
1113 1106 1198 1177 78,
1234 1116 1647 1184 precaturque,
1678 1115 1735 1165 et
1756 1112 1953 1165 omnia
1987 1124 2116 1184 per-

475 1197 618 1273 agit,
655 1216 772 1255 non
808 1204 869 1253 ut
900 1195 1163 1255 videatur
1194 1194 1266 1254 ab
1300 1195 1642 1255 hominibus
1672 1196 1755 1273 79,
1777 1197 1880 1255 sed
1918 1203 1977 1254 ut
2005 1196 2113 1254 soli

480 1290 600 1347 Deo
636 1286 1013 1358 innotescat;
1049 1284 1097 1343 is
1133 1284 1377 1361 perinde
1407 1303 1473 1346 ac
1505 1286 1660 1361 regis
1719 1285 1835 1345 lilia
1865 1284 2111 1363 gloriam

476 1394 713 1436 onmem
747 1374 1109 1434 intrinsecus
1135 1373 1333 1435 habet.
1358 1374 1511 1445 Quin
1536 1388 1710 1434 etiam
1734 1374 1981 1434 ﬁmbrias
2002 1394 2112 1433 au-

473 1485 595 1527 reas
623 1464 838 1546 quibus
882 1472 999 1525 tota
1055 1463 1499 1524 circumamicta
1550 1473 1637 1523 est
1686 1484 1753 1527 ac
1798 1463 2109 1541 variegata,

476 1556 635 1617 intus
657 1564 814 1615 sunt.
855 1553 1010 1614 Nihil
1034 1572 1264 1632 quaaras
1287 1553 1344 1615 in
1382 1565 1625 1613 externo
1649 1572 1791 1613 auro
1826 1562 2113 1632 etcorpo-

472 1646 587 1706 rali
620 1645 941 1705 varietate:
982 1643 1085 1703 sed
1118 1643 1399 1703 amictum
1461 1647 1773 1723 quemdam
1828 1644 2111 1721 intellige,

1832 254 1890 315 S.
1941 255 2220 317 BASILII
2264 250 2507 317 MAGNI

3742 255 3862 320 412

2382 396 2443 443 In
2496 387 2824 464 3131‘,',}.;£:'L)'l
2874 390 2966 457 τῆς
3037 393 3316 467 πονηρίας,
3378 393 3724 449 ὅπακούσασα
3783 398 3861 464 τῷ

2202 477 2505 554 διδάγματι,
2536 481 2621 534 καὶ
2654 479 3013 554 ὶπιλαθομένη
3058 483 3150 537 τού
3213 481 3344 538 λαοῦ
3388 484 3576 557 αὐτῆς,
3622 483 3712 538 καὶ
3768 490 3861 539 τοῦ

2204 568 2357 625 οἴκου
2409 576 2501 626 τοῦ
2532 570 2729 647 πατρός
2782 570 2970 648 αὒτῆς,
3021 569 3291 648 διηγεῖται
3326 572 3390 629 τὰ
3437 573 3552 649 περὶ
3585 571 3750 639 αιότῆς
3799 574 3859 628 τὸ

2204 664 2418 733 Πνεῦμα
2449 661 2510 714 τὸ
2543 659 2713 736 ἅγιον.
2774 657 2876 719 Καὶ
2907 658 3092 726 ἐπειδὴ
3138 658 3247 715 εἶδε
3306 663 3403 728 τὴν
3455 662 3508 717 ὲν
3538 668 3616 735 τῷ
3645 666 3863 736 κρυπτῴ

2203 749 2560 828 καθαρότητα,
2635 756 2807 822 Πᾶσα,
2869 753 3048 819 φησὶν,
3113 751 3147 817 ἡ
3228 748 3351 815 δόξα
3424 756 3517 816 τῆς
3599 752 3857 829 θυγατρός

2202 839 2295 895 τοῦ
2350 839 2636 917 βασιλέως,
2697 838 2934 895 τουτέστι
2993 838 3112 919 (8),
3185 845 3284 906 τῆς
3341 843 3568 917 Χριστοῦ
3620 842 3852 920 νύμφης,

2202 934 2300 994 τῆς
2333 931 2623 1004 γενομένης
2684 928 2871 985 λοιπὸν
2922 926 3008 984 διὰ
3060 935 3156 995 τῆς
3186 930 3443 995 υἱοθεσίας
3473 932 3724 1008 θυγατρὸς
3770 938 3862 986 τοῦ

2202 1018 2484 1092 βασιλέως,
2512 1018 2702 1074 ἔσωθὲν
2751 1021 2887 1081 ἔστι,
2954 1019 3243 1096 Προτρέπει
3276 1022 3301 1074 ὁ
3347 1019 3505 1096 λόγος
3538 1021 3627 1075 επὶ
3656 1021 3720 1076 τὰ
3765 1019 3857 1075 ἐν-

2198 1106 2402 1163 δοτάτω
2457 1121 2664 1186 χωρεῖν
2712 1114 2811 1174 τῆς
2870 1108 3323 1175 ἐκκλησιαστικῆς
3375 1107 3532 1173 δάε-ς
3562 1110 3850 1188 μυστήρια,

2198 1198 2271 1260 ὡς
2317 1196 2459 1253 ἔνδον
2488 1196 2637 1261 ὄντος
2671 1204 2761 1254 τοῦ
2809 1197 3038 1260 κάλλους
3096 1199 3193 1263 τῆς
3245 1198 3475 1278 νύμφης.
3512 1196 3572 1256 Ὀ
3618 1199 3719 1276 γὰρ
3762 1200 3851 1255 εὖ*

2198 1288 2452 1363 τρεπίζων
2510 1286 2693 1343 ἐαυτὸν
2746 1293 2822 1360 τῷ
2867 1288 3025 1364 Ιιατρὶ
3074 1294 3149 1357 τῷ
3206 1285 3457 1362 βλέποντι
3502 1287 3554 1343 ἐν
3613 1295 3688 1360 τῷ
3718 1310 3853 1364 κρυ-

2198 1379 2335 1448 πτῷ,
2382 1377 2469 1431 καὶ
2499 1378 2955 1455 προσευχόμενος,
3002 1378 3090 1431 καὶ
3136 1377 3308 1431 πάντα
3340 1378 3596 1454 πράσσων
3629 1378 3689 1433 οὗ
3720 1379 3850 1455 πρὸς

2197 1467 2259 1520 τὸ
2313 1469 2561 1531 θεαθῆναι
2607 1479 2723 1529 τοῖς
2796 1466 3113 1542 ἀνθρώποις,
3195 1464 3330 1521 ἀλλὰ
3390 1469 3520 1544 πρὸς
3583 1468 3644 1522 τὸ
3703 1474 3853 1541 μόνῳ

2199 1554 2565 1634 φανερωθῆναι
2614 1562 2728 1628 Θεῴ
2754 1571 2766 1583 ⁸
2816 1558 2967 1617 οὗτος
2999 1555 3117 1633 ἔχει
3172 1561 3344 1611 πᾶσαν
3389 1557 3488 1622 την
3518 1556 3671 1621 δόξαν
3702 1557 3845 1613 ἔσω-

2198 1648 2304 1713 θεν,
2354 1646 2427 1705 ὡς
2458 1644 2549 1699 καί
2576 1645 2610 1711 ἡ
2630 1646 2864 1721 θυγάτηρ
2894 1646 2986 1699 τοῦ
3012 1643 3297 1720 βασιλέως,
3338 1647 3433 1700 Καὶ
3493 1646 3558 1700 τὰ
3601 1666 3847 1721 κροσσω-

473 1735 573 1814 qui
604 1736 813 1811 dignus
848 1733 924 1793 sit
958 1731 1056 1811 qui
1090 1751 1223 1792 cum
1265 1733 1360 1811 qui
1413 1734 1739 1793 secundum
1790 1734 2106 1795 conditoris

2204 1734 2268 1787 τὰ
2326 1733 2494 1788 τοίνυν
2543 1736 2607 1790 τὰ
2638 1732 2726 1809 (9)
2759 1739 2955 1811 γρυσᾶ,
2991 1734 3078 1797 οἷς
3132 1730 3512 1810 περιϐέϐληται
3546 1737 3631 1790 καὶ
3669 1738 3844 1791 πεποίο

469 1821 777 1894 imaginem
810 1833 893 1878 est
924 1833 1183 1886 exornet,
1218 1835 1275 1878 ut
1310 1826 1389 1877 ait
1421 1822 1724 1892 Apostolus
1751 1841 1767 1876 :
1799 1821 2118 1893 Exspatian-

468 1919 544 1971 tes
573 1923 799 1970 veterem
835 1912 1125 1981 hominem,
1159 1921 1204 1965 et
1238 1911 1517 1967 induenles
1577 1928 1790 1975 novum,
1822 1915 1918 1983 qui
1956 1929 2116 1967 renu-

464 2010 629 2060 vatur
659 2001 727 2056 ad
756 2002 1081 2073 agnitionem
1113 2003 1397 2057 secundum
1427 2003 1690 2057 creatoris
1726 2002 2015 2071 imaginem
2041 1998 2113 2053 30.

466 2093 671 2174 Et,qui
698 2092 888 2151 induit
920 2090 1159 2151 Visaera
1183 2093 2109 2168 misericordiae,benignitatem,

464 2182 1274 2260 humilitatem,putientiam
1290 2229 1305 2255 ,
1326 2182 1850 2241 mansuetudinem
1871 2178 1917 2221 3‘
1932 2180 2005 2260 ,is
2028 2182 2113 2240 in-

465 2274 758 2333 trinsecus
786 2270 1037 2331 amictus
1066 2278 1179 2348 est,
1201 2276 1258 2331 et
1278 2271 1605 2329 secundum
1640 2270 1813 2330 interi
1844 2289 1982 2330 trem
2009 2270 2112 2330 lio-

469 2362 685 2422 minem
712 2368 974 2422 ornatus.
1006 2357 1121 2421 Sed
1145 2367 1204 2419 et
1233 2356 1448 2420 Paulus
1477 2360 1777 2436 admonet,
1810 2371 1871 2419 ut
1893 2360 2107 2420 indua—

469 2472 599 2513 mus
629 2451 943 2512 Dominum
976 2446 1270 2523 JesumB’,
1299 2468 1415 2509 non
1442 2449 1769 2510 secundum
1795 2465 2107 2511 externum

468 2543 793 2615 hominem,
828 2541 931 2601 sed
964 2550 1030 2602 ut
1061 2550 1320 2603 mentem
1359 2549 1618 2600 nostram
1674 2538 1773 2599 Dei
1823 2541 2110 2600 memoria

464 2633 874 2709 circumtegat.
899 2626 1177 2691 Arbitror
1235 2635 1436 2691 autem
1492 2630 1815 2708 spiritalem
1870 2632 2106 2709 praetexi

464 2731 707 2794 vestem,
734 2738 868 2783 cum
901 2720 1053 2779 actio
1082 2719 1367 2781 doctrina:
1398 2718 1577 2780 verbo
1610 2737 1809 2779 comes
1840 2719 2110 2798 adjungi-

463 2807 1107 2883 tur.Quemadmodum
1138 2810 1294 2871 enim
1321 2809 1647 2888 corporalis
1670 2808 1843 2868 vestis
1866 2809 2103 2888 texitur,

460 2920 595 2962 cum
628 2899 978 2975 subtegmen
1011 2898 1330 2960 iunectitur
1351 2899 1703 2975 stamiui,ita
1734 2898 1835 2957 ubi
1856 2900 2105 2958 verbum

462 2990 785 3071 prmeessit,
815 2989 864 3048 si
898 2987 1073 3048 modo
1106 2987 1371 3049 actiones
1402 2994 1820 3047 consentaneae
1850 2988 2103 3064 subjun-

460 3078 1153 3158 gantur,venustissimus
1166 3078 1646 3138 amictusanimas
1659 3074 1873 3136 conﬁci
1890 3086 2100 3155 potest,

460 3169 632 3248 cujus
662 3168 887 3228 scilicet
908 3168 1023 3227 vita
1051 3184 1123 3227 ex
1159 3166 1505 3245 praescripto
1534 3166 1765 3225 virtutis
1788 3176 1935 3237 acta,
1973 3183 2103 3226 ser-

462 3266 907 3335 moueetopere
925 3256 1294 3335 compleatur
1326 3253 1606 3315 Fimbriae
1627 3264 1819 3314 autem
1845 3257 2107 3333 pendent

460 3364 493 3407 a
525 3347 767 3419 vestitu,
795 3344 1135 3425 spirituales
1167 3354 1221 3405 et
1271 3346 1360 3405 ha:
1390 3343 1554 3421 ipsas,
1593 3344 1665 3402 ob
1700 3343 1876 3422 idque
1908 3362 2104 3405 aureae

460 3454 593 3497 esse
623 3435 923 3495 dicuntur.
958 3432 1245 3505 Quoniam
1295 3452 1436 3493 sane
1470 3432 1716 3493 verbum
1775 3434 1965 3511 majus
2017 3444 2104 3495 est

460 3544 665 3605 opere,
697 3522 919 3584 idcirco
959 3532 1047 3583 est
1067 3524 1225 3585 velut
1249 3521 1482 3583 [iinbria
1505 3523 1774 3602 quaedam
1808 3542 1841 3582 a
1876 3533 2104 3585 texmra

461 3616 527 3676 ad
554 3614 845 3675 actionem
871 3613 1231 3674 redundans.
1261 3611 1603 3691 Sequuntur
1634 3622 1831 3673 autem
1867 3611 2100 3673 Domini

457 3723 737 3785 sponsam
755 3701 2101 3783 animaequwdam,quasseminibusalienarum

455 3794 857 3855 doctrinarum
888 3792 1047 3854 haud
1081 3794 1394 3871 susceptis,
1422 3792 1794 3853 adducentur
1823 3797 1976 3868 regi,
2002 3809 2102 3851 Se-

456 3893 706 3963 quentes
729 3902 1030 3962 Sponsam.
1067 3882 1181 3943 Sed
1205 3891 1262 3942 et
1281 3881 1523 3941 audiant
1554 3900 1682 3960 quas
1706 3879 2100 3959 virginitatem

452 3974 710 4037 Demino
737 3980 1042 4046 voverunt,
1070 3970 1226 4050 quod
1251 3969 1512 4049 virgines
1535 3970 1659 4048 regi
1689 3970 2098 4049 adducentur;

2204 1822 2380 1878 κιλται
2426 1822 2547 1896 ὅλη,
2613 1823 2826 1881 ἔσωθεν.
2882 1822 3059 1888 Μηδὲν
3106 1824 3253 1891 ζήτει
3297 1822 3352 1877 ἐν
3396 1831 3470 1897 τῴ
3522 1823 3621 1889 ἔξω
3666 1830 3851 1904 χρυσῷ

2204 1914 2289 1967 καὶ
2332 1919 2399 1987 τῇ
2453 1918 2735 1986 σωματικῇ
2767 1911 3005 1981 ποικιλίᾳ
3030 1927 3043 1941 ·
3094 1910 3231 1966 ἀλλὰ
3264 1910 3547 1989 περὶϐολὴν
3583 1913 3687 1969 νόει
3732 1916 3851 1970 τινὰ

2204 2000 2346 2064 ἄξίαν
2402 2005 2671 2074 κοσμῆσαι
2716 2000 2805 2055 τὸν
2850 1999 2969 2056 κατ’
3042 2002 3217 2056 εἰκόνα
3273 2011 3366 2059 τοῦ
3420 2003 3719 2077 κτίσαντος,
3774 2004 3847 2067 ὥς

2201 2112 2361 2168 φησιν
2438 2092 2465 2145 ὁ
2552 2090 2876 2151 Ἀπόστολος
2911 2108 2926 2124 ’
3006 2087 3386 2164 Ἐκδυσάμενοι
3468 2094 3556 2148 τὸν
3619 2093 3846 2149 παλαιὸν

2198 2178 2492 2257 ἄνθρωπον,
2565 2182 2651 2234 καὶ
2718 2178 3056 2254 ἐνδυσάμενοι

2197 2268 2543 2343 καινούμενον
2632 2270 2705 2333 εἰς
2768 2268 3050 2345 ἐπίγνωσιν
3120 2268 3237 2324 κατ’
3313 2270 3490 2325 εἰκόνα
3552 2278 3645 2327 τοῦ
3727 2272 3845 2327 κτί-

2195 2379 2408 2420 σαντος.
2472 2360 2568 2414 Καὶ
2627 2361 2653 2413 ὁ
2711 2356 3056 2432 ἐνδυσάμενος
3107 2356 3161 2412 δὲ
3217 2358 3347 2438 (10)
3401 2359 3702 2439 Σπλάγχνα
3760 2363 3844 2418 οἰ-

2194 2458 2436 2527 κτιρμοῦ,
2544 2445 2921 2526 χρηστότητα.
3031 2452 3541 2527 ταπεινοφροσύνην,
3636 2472 3837 2529 μακρο-

2192 2537 2403 2616 θυμίαν,
2467 2540 2767 2615 πραότητα,
2848 2534 3050 2593 ἔνδοθεν
3127 2535 3530 2615 περιϐέϐληται,
3608 2542 3694 2595 καὶ
3752 2542 3843 2596 τὸν

2192 2625 2296 2681 ἒσω
2326 2626 2595 2704 ἄνθρωπον
2626 2627 2981 2700 κεκόσμηται.
3022 2628 3117 2683 Καὶ
3150 2629 3177 2682 ὁ
3230 2625 3435 2691 Παυλος
3482 2626 3535 2683 δὲ
3592 2644 3843 2707 παραινεῖ

2191 2712 2497 2771 ἐνδύσασθαι
2551 2714 2681 2793 (ll)
2728 2717 2819 2771 τὸν
2854 2716 3037 2792 Κύριον
3070 2715 3299 2794 Ἰησοῦν,
3348 2718 3408 2772 οὗ
3436 2720 3572 2772 κατὰ
3603 2721 3694 2773 τὸν
3744 2718 3842 2783 ἔξω

2194 2803 2488 2884 ἄνθρωπον,
2536 2804 2654 2860 ἀλλ’
2705 2804 2797 2859 ἵνα
2842 2806 2932 2859 τὸν
2965 2812 3082 2858 νοῦν
3114 2807 3267 2881 ἡμῶν
3301 2807 3333 2872 ἡ
3366 2814 3456 2862 τοῦ
3488 2814 3618 2862 Θεοῦ
3650 2810 3840 2882 μνήμη

3156 2182 3247 2235 τὸν
3319 2180 3458 2238 νέον,
3549 2184 3640 2237 τὸν
3709 2183 3847 2238 ἁνα-

2191 2902 2574 2970 περισκεπαζῃ.
2659 2904 2827 2967 Οἶμαι
2915 2891 2969 2948 δὲ
3041 2895 3100 2949 τὸ
3185 2898 3544 2968 πνευματικὸν
3626 2898 3838 2970 ἱμάτιον

2192 2981 2577 3062 ἐξυφαίνεσθαι,
2638 2982 2761 3037 ὅταν
2822 2989 2897 3056 τῷ
2942 2981 3227 3058 διδακτικῲ
3270 2984 3416 3061 λόγῳ
3459 2987 3490 3050 ἡ
3550 2986 3835 3050 ἀκόλουθος

2191 3071 2543 3139 ἐπιπλέκηται
2604 3072 2814 3148 πρᾶξις.
2873 3072 3099 3152 "nam?
3157 3075 3255 3151 γὰρ
3319 3080 3396 3147 τῷ
3453 3074 3677 3148 στήμονι
3736 3078 3834 3143 τῆς

2191 3162 2386 3240 κρόκης
2418 3160 2847 3237 ἐπιπλεκομένης
2870 3164 2945 3218 ’τὸ
3003 3165 3307 3237 σωματικὸν
3359 3163 3569 3238 ἱμάτιον
3620 3162 3831 3243 ἐξυφαί-

2188 3272 2333 3307 νεται
2369 3271 2381 3284 ⁸
2449 3250 2587 3307 οὕτω
2633 3258 2726 3307 τοὺ
2775 3249 2933 3330 λόγου
2982 3258 3407 3332 προϋφεστῶτος,
3444 3253 3486 3308 εί
3533 3251 3832 3317 ἀκολούθως

2189 3343 2239 3397 αἱ
2297 3342 2507 3421 πράξεις
2566 3342 2876 3419 ἐπάγοιντο,
2917 3342 3220 3417 σεμνοτάτη
3252 3365 3332 3405 τις
3386 3341 3447 3397 ἂν
3481 3342 3688 3421 γένοιτο
3732 3366 3837 3400 πε-

2186 3430 2373 3510 ριϐολὴ
2443 3433 2537 3500 τῆς
2590 3437 2800 3511 ψυχῆς,
2848 3431 2993 3509 λόγῳ
3050 3434 3138 3488 καὶ
3169 3432 3307 3510 ἔργῳ
3358 3434 3449 3489 τὸν
3492 3433 3611 3488 κατ’
3645 3434 3834 3512 ἀρετὴν

2188 3523 2300 3598 βίον
2344 3522 2874 3600 συμπεπληρωμένον
2923 3523 3181 3602 ἐχούσης.
3237 3525 3457 3602 Κροσσοὶ
3509 3521 3563 3579 δὲ
3620 3525 3836 3581 ἀπαιω-

2188 3622 2393 3691 ροῦνται
2458 3619 2550 3668 τοῦ
2605 3613 2834 3686 ςματίου.
2916 3615 3098 3678 νοητοὶ
3174 3614 3261 3668 καὶ
3337 3615 3477 3669 οὗτοι
3515 3628 3529 3642 ·
3601 3610 3683 3668 διὸ
3744 3616 3831 3669 καὶ

2187 3715 2386 3780 χρυσοῖ
2436 3702 2577 3758 εἶναι
2634 3701 2900 3779 λέγονται.
2955 3699 3286 3780 Ἐπειδήπερ
3341 3705 3369 3757 ὃ
3427 3701 3586 3779 λόγος
3632 3702 3830 3758 πλείων

2187 3792 2294 3848 ἐστὶ
2338 3803 2431 3851 τοῦ
2487 3792 2666 3871 ἐργου,
2725 3794 2880 3847 οἱονεὶ
2934 3793 3161 3869 κροσσός
3223 3794 3297 3851 τίς
3370 3792 3512 3847 ἐστιν
3574 3793 3681 3848 ἀπὸ
3740 3800 3834 3849 τοῦ

2185 3884 2317 3960 πρὸς
2376 3884 2469 3948 τήν
2515 3880 2700 3960 πρᾶξιν
2754 3882 3063 3961 ὑφάσματος
3138 3883 3487 3961 περισσεύων,
3555 3882 3833 3939 ’Ἒπονται

2185 3970 2239 4026 δὲ
2295 3978 2361 4048 τῇ
2402 3974 2577 4051 νύμφῃ
2618 3980 2709 4027 τοῦ
2757 3972 2942 4050 Κυρίου
2974 3973 3147 4050 ψυχαί
3204 3993 3365 4043 τιιες,
3431 3978 3485 4032 αἱ
3546 3973 3624 4048 μὴ
3654 3995 3832 4051 παρα-

456 4063 1013 4142 virgines,inquam,
1038 4079 1168 4140 qua:
1189 4061 1473 4139 proxume
1502 4069 1637 4119 sunt
1657 4059 2101 4141 Ecclesiaa,qu:e

2194 4058 2459 4136 δεξάμεναι
2517 4061 2793 4140 σπέρματα
2847 4059 2978 4139 (12)
3022 4059 3195 4139 λόγων
3256 4061 3572 4142 ἀλλοτρίων,
3622 4061 3826 4126 αἵτινες

454 4163 585 4233 post
608 4153 793 4232 ipsam
818 4159 1297 4230 sequuntur,nec
1316 4148 1677 4209 aberrantab
1698 4149 2100 4217 ecclesiastica

2194 4150 2641 4229 Ξιπενεχθήσονται
2701 4155 2777 4222 τῷ
2830 4149 3075 4226 βασιλεῖ,
3126 4148 3501 4207 ἀκολουθοῦσαι
3560 4156 3629 4227 τῇ
3692 4152 3829 4226 νύμ-

453 4242 603 4304 disci
613 4241 985 4321 plina.Vaas.
1012 4241 1109 4301 16.
1137 4240 1533 4301 Adducentur
1562 4242 1692 4300 169
1708 4249 1902 4303 autem
1924 4245 2099 4324 virgi-

2194 4263 2279 4318 ρῃ.
2340 4238 2708 4296 Ἀκουὲτωσαν
2765 4238 2819 4295 δὲ
2867 4240 2955 4295 καὶ
2996 4240 3046 4295 αἱ
3101 4239 3199 4306 τὴν
3244 4242 3525 4319 παρθενίαν
3569 4239 3833 4319 ἐπαγγελ-

458 4351 566 4395 nes
589 4334 885 4395 mlwtitia
910 4342 965 4394 et
989 4330 1715 4406 exsultatione,tluceutur
1728 4335 1793 4393 in
1818 4337 2095 4414 templum

460 4426 787 4503 regis.Non
811 4443 942 4503 qua).
964 4433 1182 4483 coactae
1205 4422 1595 4499 virginitatem
1617 4424 1949 4500 subierunt,
1978 4446 2097 4487 non

456 4532 586 4593 quas
619 4533 687 4576 ex
731 4512 965 4575 tristitia
998 4522 1097 4573 aut
1128 4511 1484 4573 necessitate
1507 4523 1729 4575 castam
1756 4516 1927 4576 vitam
1962 4528 2098 4579 sunt

450 4604 766 4683 amplexae:
783 4606 888 4665 sed
913 4621 1047 4680 qua;
1070 4605 1127 4661 in
1155 4601 1354 4663 laetitia
1367 4611 1423 4663 et
1445 4605 1837 4667 exsultatione
1855 4606 1929 4667 ob
1947 4626 2091 4687 pra;-

453 4692 679 4755 clarum
712 4695 823 4755 hoc
856 4693 1084 4754 facinus
1114 4693 1399 4773 gaudent,
1422 4694 1515 4754 hae
1542 4694 1916 4757 adducentur
1940 4700 2091 4778 regi,

451 4784 865 4864 ducenturque
896 4801 1011 4844 non
1045 4783 1103 4843 in
1137 4781 1432 4860 vulgarem
1459 4784 1678 4856 locum,
1703 4785 1808 4846 sed
1842 4785 1903 4845 in
1936 4796 2091 4847 tem-

452 4875 615 4966 plum
652 4884 829 4953 regis.
866 4876 1013 4937 Nam
1044 4891 1180 4933 vasa
1228 4891 1418 4951 sacra,
1456 4892 1584 4955 quae
1614 4893 1732 4936 non
1767 4877 2094 4955 inquinavit

1214 5049 1276 5100 79
1300 5049 1449 5112 ibid.
1494 5057 1546 5114 l.

531 5049 594 5100 73
628 5047 811 5113 Matth
869 5065 945 5129 v1,
979 5050 1042 5124 4,
1067 5052 1125 5111 6.
1214 5049 1276 5100 79
1300 5049 1449 5112 ibid.
1494 5057 1546 5114 l.
1633 5047 1914 5130 8(lLColos.
1952 5068 2037 5127 in,
2072 5051 2133 5133 9,

533 5240 620 5318 (8)
647 5239 854 5301 Totum
893 5240 1059 5320 illud,
1092 5246 1189 5307 τῆς
1218 5242 1470 5322 θυγατρῷί
1512 5249 1603 5322 τοῦ
1634 5240 2084 5322 βασιλέως,τουτ-

452 5323 582 5401 ἐστι,
620 5322 679 5381 in
709 5325 925 5381 nostris
966 5332 1189 5399 septem
1228 5338 1346 5401 mss
1378 5320 1803 5401 desideratur.

529 5404 619 5483 (9)
651 5401 747 5464 Sic
782 5420 901 5483 mss
960 5404 1246 5483 quinque.
1282 5400 1437 5461 Editi
1496 5405 1768 5478 κροσσωτὰ
1798 5402 1851 5457 δὲ
1878 5404 1963 5465 τά,

531 5480 664 5563 (10)
686 5484 767 5544 lta
789 5482 953 5561 Regii
980 5480 1311 5563 secundus,
1342 5488 1588 5563 quartus
1627 5490 1685 5563 et
1724 5490 1924 5543 sextus
1955 5501 2087 5543 cum

451 5561 809 5625 Colbertinis
841 5572 1003 5624 sexto
1053 5571 1113 5624 et
1163 5562 1442 5641 septimo.
1492 5561 1716 5624 Vocula
1748 5563 1801 5619 δέ
1829 5563 1998 5625 deest
2029 5563 2089 5623 in

452 5644 652 5709 editis.
682 5642 911 5705 Ibidem
974 5642 1116 5703 editi
1163 5651 1225 5704 et
1274 5643 1534 5723 quinque
1590 5663 1732 5706 mss.
1794 5647 2083 5727 οἰκτιρμοῦ.

2182 4330 2403 4405 λόμεναι
2448 4336 2524 4403 τῷ
2558 4330 2751 4410 Κυρίῳ,
2812 4328 2891 4385 ὅτι
2936 4332 3182 4409 παρθένοι
3232 4329 3695 4409 ἀπενεχθήσονται
3755 4338 3831 4406 τῷ

2180 4420 2394 4498 βασιλεῖ
2429 4437 2442 4450 ”
2490 4424 2733 4499 παρθενοι
2764 4418 2841 4492 δὲ,
2876 4422 2927 4474 αἱ
2984 4418 3211 4486 πλησίον
3266 4419 3418 4475 οὖσαι
3452 4418 3550 4487 τῆς
3585 4418 3827 4487 Ἐκκλη-

2180 4512 2319 4591 σίας,
2368 4512 2419 4565 αἱ
2477 4511 2646 4566 ὀπίσω
2696 4512 2857 4575 αὐτῆς
2915 4508 3194 4585 ἑπόμεναι,
3242 4510 3439 4577 καὶμὴ
3494 4509 3828 4567 ἀποπλανώ-

2180 4622 2334 4677 μεναι
2382 4606 2481 4667 τῆς
2529 4599 2979 4666 ὲκκλησιαστικῆς
3061 4600 3322 4664 εὐταξίας,
3390 4600 3830 4682 Ἀπενεχθήσον-

2176 4713 2262 4747 ται
2344 4689 2399 4744 δὲ
2468 4693 2520 4745 αἱ
2579 4689 2824 4768 παρθένοι
2898 4689 2951 4745 ἐν
3029 4690 3321 4768 εὐφροσύνη
3381 4692 3467 4745 καὶ
3554 4690 3823 4768 ἀγαλλιά-

2176 4800 2281 4854 σει,
2343 4780 2672 4857 ὰχθήσονται
2725 4782 2799 4843 εἰς
2858 4780 2984 4835 ναὸν
3054 4778 3342 4856 βασιλέως.
3403 4784 3518 4860 Οὐχ
3578 4783 3631 4836 αἱ
3689 4804 3827 4838 κατ-

2175 4871 2599 4951 ηναγκασμὲνως
2672 4870 2987 4928 ὒπελθοῦσαι
3047 4870 3145 4937 τὴν
3202 4872 3507 4951 παρθενίαν,
3582 4870 3697 4930 οόὂὲ
3771 4874 3824 4926 αἱ

2353 5045 2402 5091 ⁸¹
2430 5045 2579 5110 ibid.
2616 5048 2713 5109 l2.
2799 5044 2859 5096 8‘
2888 5043 3063 5108 Rom.
3090 5060 3219 5123 xm,
3252 5044 3344 5107 14.

2173 5050 2267 5115 10.

2170 5240 2313 5320 Reg.
2343 5240 2381 5300 '2
2412 5258 2545 5300 cum
2579 5238 2815 5317 vulgato
2849 5242 3007 5320 textu
3068 5231 3275 5294 Graeco
3307 5231 3613 5320 οἰκτιρμῶν.

2253 5315 2372 5399 (⁷11)
2405 5320 2502 5382 Sic
2527 5315 2701 5398 Regii
2726 5315 3046 5399 secundus,
3072 5321 3316 5391 quartus
3340 5318 3399 5371 et
3422 5319 3621 5399 sextus
3648 5327 3819 5399 teque

2171 5420 2238 5463 ac
2260 5390 3167 5479 'Co'lhertini'primus,sextus
3202 5400 3261 5452 et
3318 5392 3632 5473 septimus.
3666 5390 3823 5453 Editi

2175 5499 2315 5544 vero
2349 5500 2483 5541 cum
2512 5471 2898 5558 Regfquinto
2928 5471 3229 5558 ἐνδύσασθε,

2259 5560 2381 5643 (12)
2408 5560 2567 5624 Editi
2594 5552 2727 5620 cuni
2748 5574 2867 5618 uno
2889 5563 2991 5616 aut
3012 5553 3201 5615 altero
3226 5571 3339 5615 ms.
3368 5552 3579 5633 σπέρμα
3626 5552 3700 5614 At
3722 5569 3823 5615 sex

2178 5661 2321 5705 mss.
2358 5644 2658 5722 σπέρματα.
