4138 6388
495 284 614 347 415

898 592 1035 656 170
1064 590 1139 654 ΙΝ
1171 590 1527 655 PSALMUM
1562 587 1739 654 XLV:

498 725 567 786 In
596 725 777 805 ﬁnem
808 745 916 804 pro
944 726 1093 803 ﬁliis
1124 724 1279 785 Core
1317 740 1329 784 :
1381 740 1490 802 pro
1552 721 1800 783 arcanis
1846 718 2143 798 psalmus.

575 865 631 925 l.
668 861 1049 941 Prophetiam
1084 858 1157 919 de
1189 857 1372 921 rebus
1423 874 1556 937 quae
1592 856 1650 916 in
1700 857 1813 916 line
1848 864 2145 918 eventura}

491 951 968 1023 sunt,continere
986 948 1128 1009 mihi
1152 947 1385 1010 videtur
1408 945 1501 1007 hic
1530 945 1819 1024 psalmus.
1852 948 2036 1018 Quem
2072 946 2144 1005 ﬁ-

493 1060 630 1102 nem
651 1040 901 1101 intuitus
923 1040 1098 1100 etiam
1128 1034 1545 1114 Paulus,dicit:
1578 1034 1811 1096 Deinde
1835 1037 2144 1114 ﬁnis,cum

492 1131 816 1192 tradiderit
848 1145 1108 1206 regnum
1142 1126 1257 1187 Deo
1291 1133 1348 1187 et
1370 1123 1548 1185 Patri
1573 1126 1657 1188 88.
1702 1126 1816 1185 Aut
1860 1129 2143 1203 quoniam

492 1221 759 1282 actiones
783 1227 999 1279 nostra}
1021 1217 1323 1276 deducunt
1360 1232 1466 1272 nos
1515 1214 1588 1274 ad
1623 1215 1827 1286 finem,
1859 1230 2144 1293 unaun-

495 1329 608 1389 que
631 1308 704 1369 ad
730 1307 1033 1388 proprium
1053 1304 1165 1365 sil-i
1187 1304 1297 1382 ipsi
1326 1320 1341 1375 ;
1363 1301 1588 1363 idcirco
1613 1304 1765 1363 bona
1796 1302 2039 1383 quidem
2073 1303 2142 1363 ad

492 1397 1113 1475 beatitudinem,mala
1127 1412 1264 1455 vero
1280 1393 1348 1453 ad
1369 1400 1651 1453 aeternam
1672 1391 2140 1454 damnationem:

495 1488 850 1568 etquoniam
898 1485 1145 1547 consilia
1197 1502 1227 1544 a
1262 1481 1486 1562 Spiritu
1520 1482 1576 1541 in
1613 1482 1727 1542 hoc
1763 1481 1987 1561 psalmo
2022 1491 2143 1542 tra-

495 1577 1127 1655 dita,obtemperantes
1142 1574 1211 1632 ad
1238 1571 1457 1631 bonum
1482 1571 1658 1632 linem
1684 1572 2011 1640 deducunt;
2038 1572 2145 1631 hac

497 1668 571 1728 de
596 1684 771 1727 causa
802 1664 1132 1742 inscriptus
1157 1670 1267 1738 est,
1302 1660 1370 1721 In
1397 1660 1768 1739 ﬁnem,qu0d
1805 1660 1936 1737 ejus
1958 1661 2144 1721 docu-

500 1765 693 1819 menta
719 1756 791 1816 ad
825 1756 1062 1815 beatum
1088 1754 1362 1812 humanae
1386 1750 1522 1810 vitae
1566 1750 1745 1811 ﬁnem
1779 1750 2140 1811 referantur.

496 1847 622 1908 Pro
638 1848 785 1925 ﬁliis
809 1844 974 1906 Core.
1008 1841 1191 1903 Filius
1209 1845 1406 1902 autem
1432 1839 1582 1901 Core
1612 1839 1812 1901 dictus
1847 1848 1934 1900 est
1959 1850 2014 1900 et
2049 1840 2145 1900 hic

1844 289 1901 352 S.
1953 284 2231 353 BASILII
2282 292 2533 355 MAGNI

3700 368 3705 373 Α
3764 292 3883 358 416

2646 605 2751 659 ειΣ
2799 607 2928 658 TON
2978 597 3092 655 ME’
3141 604 3456 663 ΨΑΛΜΟΝ,

2233 684 2321 748 Εἷς
2377 689 2438 741 τὸ
2523 688 2674 753 τέλος
2751 690 2876 767 ὑπὲρ
2938 695 3055 772 ,τῶν
3129 689 3257 772 υἱῶν
3346 694 3520 770 Κορὲ⁶
3584 692 3717 772 ὑπὲρ
3768 698 3875 749 τῶν

2794 770 3019 850 κρυφίων
3051 768 3287 844 ψαλμός.

2317 860 2370 914 1.
2438 858 2764 939 Προφητείαν
2808 881 2901 934 μοι
2961 858 3114 915 δοκεῖ
3143 857 3418 938 περιέχειν
3452 863 3478 917 ὁ
3511 861 3726 938 ψαλμὸς
3758 865 3880 941 περὶ

2226 950 2332 1001 τῶν
2362 947 2499 1003 κατὰ
2523 950 2585 1004 τὸ
2614 947 2791 1012 τέλος.
2827 948 3008 1028 ’Ὅπερ
3040 947 3194 1012 τέλος
3238 947 3386 1009 εἰδὼς
3430 952 3517 1007 καὶ
3562 954 3590 1007 'o
3644 951 3877 1025 Παῦλος,

2227 1037 2424 1114 φησίν·
2496 1041 2627 1094 Εἶτα
2712 1040 2772 1094 τὸ
2841 1038 3017 1110 τέλος,
3111 1037 3237 1093 ὅταν
3320 1038 3538 1114 παροιδῷ
3598 1040 3721 1121 (19)
3782 1043 3881 1109 τὴν

2227 1124 2499 1200 βασιλείαν
2545 1128 2622 1201 τῷ
2676 1129 2791 1202 Θεῷ
2834 1130 2922 1184 καὶ
2962 1128 3145 1208 Πατρί.
3210 1126 3296 1185 ’Ἢ
3353 1128 3538 1198 ἒπειδὴ
3585 1134 3636 1187 αἱ
3668 1131 3881 1209 πράξεις

2228 1215 2385 1289 ἡμῶν
2443 1216 2738 1294 ἀπάγουσιν
2799 1220 2943 1292 ἡμᾶς
2997 1219 3125 1287 πρὸς
3194 1219 3254 1273 τὸ
3306 1217 3460 1281 τέλος
3554 1221 3759 1287 ἑκάστη
3818 1223 3880 1277 τὸ

2230 1305 2429 1360 οἰκεῖον
2489 1307 2671 1381 ἑαυτῇ,
2732 1308 2765 1374 ἡ
2823 1308 2922 1381 μὲν
2973 1307 3146 1385 ἀγαθὴ
3182 1309 3308 1385 πρὸς
3340 1308 3439 1375 τὴν
3474 1312 3877 1389 μακαριότητα,

2228 1395 2262 1460 ἡ
2322 1391 2375 1449 δὲ
2434 1394 2607 1474 φαύλη
2670 1398 2802 1474 πρὸς
2878 1397 2975 1464 τὴν
3045 1397 3259 1453 αἰωνίαν
3323 1398 3635 1475 κατάκρισιν
3672 1414 3686 1428 ⁶
3742 1397 3881 1456 αἰδὲ

2229 1486 2372 1562 παρὰ
2414 1492 2509 1541 τοῦ
2566 1489 2871 1562 Πνεύματος
2929 1486 2983 1542 ἐν
3041 1494 3115 1561 τῷ
3171 1487 3372 1563 ψαλμῷ
3426 1490 3595 1562 τούτῳ
3649 1488 3880 1569 παραδι-

2229 1570 2445 1650 δόμεναι
2495 1574 2613 1654 (20)
2656 1575 2947 1651 συμϐουλαὶ
2990 1579 3122 1654 πρὸς
3180 1579 3241 1633 τὸ
3305 1579 3501 1654 ἀγαθὸν
3560 1579 3713 1643 τέλος
3771 1580 3870 1636 ἆπ-

2231 1664 2416 1741 ἄγουσι
2474 1669 2597 1729 τοὺς
2659 1667 3003 1741 πειθομένους
3040 1683 3056 1701 ο
3112 1668 3297 1722 τούτου
3346 1666 3521 1723 ἕνεκεν
3584 1670 3877 1747 ἒπιγέγρα-

2229 1776 2358 1810 πται
2416 1757 2489 1819 εἷς
2523 1757 2585 1811 τὸ
2644 1755 2797 1820 τέλος
2837 1772 2850 1786 ⁸
2900 1758 2972 1817 ὡς
3019 1762 3117 1822 τῆς
3163 1756 3425 1835 ἀναφορᾶς
3472 1764 3578 1813 τῶν
3622 1756 3882 1837 διδαγμά-

2229 1865 2336 1899 των
2394 1844 2478 1901 ἐπὶ
2533 1847 2595 1901 τὸ
2658 1846 2923 1923 μακάριον
2983 1844 3134 1911 τέλος
3207 1844 3303 1913 τῆς
3350 1847 3679 1923 ἀνθρωπίνης
3737 1855 3878 1918 ζωῆς

497 1935 781 2017 psalmus,
817 1950 965 2014 quos
1024 1931 1284 2009 Spiritus
1316 1937 1564 1990 sanctus
1595 1929 1727 1989 ideo
1759 1948 1876 1988 non
1909 1929 2142 2008 dividit,

2242 1935 2599 2012 ᾶπαρχούσης,
2648 1934 2809 2009 ’Υπὲρ
2878 1941 2983 1991 τῶν
3043 1936 3169 1993 υἱῶν
3227 1935 3383 2013 Κορέ,
3443 1946 3574 2001 Τοῖς
3626 1935 3681 1992 δὲ
3738 1938 3881 2004 υἱοῖς

494 2024 653 2105 quod
678 2024 967 2085 velutuna
991 2021 1189 2081 anima
1220 2028 1279 2080 et
1314 2036 1433 2079 una
1456 2036 1598 2079 voce
1625 2038 1759 2080 cum
1794 2018 1958 2078 omni
1992 2018 2148 2078 inter

495 2133 559 2176 se
579 2111 902 2175 concordia
932 2127 1244 2173 sermones
1277 2106 1661 2187 propheticos
1688 2108 2146 2182 emiserunt,ni-

495 2204 576 2265 hil
593 2202 913 2283 quidquam
930 2200 1047 2260 alio
1064 2206 1276 2278 praeter
1297 2197 1447 2256 alios
1468 2196 1847 2276 vaticinante,
1883 2198 1986 2258 sed
2014 2218 2147 2277 pro-

498 2292 733 2374 phetico
758 2291 914 2352 dono
942 2287 1250 2367 aequaliter
1280 2286 1367 2347 eis
1399 2303 1713 2359 concesso,
1746 2289 1820 2346 ob
1856 2291 2144 2365 mqualcm

496 2385 759 2463 ipsorum
786 2380 946 2440 inter
972 2395 1037 2437 se
1070 2375 1130 2435 in
1164 2374 1323 2435 bona
1370 2375 1675 2437 affectum.
1705 2374 1995 2436 Caeterum
2032 2379 2146 2438 Pro

478 2474 741 2535 arcanis
764 2470 962 2531 dictus
992 2474 1082 2526 est
1109 2464 1415 2545 psalmus;
1474 2464 1533 2524 id
1588 2473 1700 2546 est,
1736 2483 1840 2544 pro
1872 2465 2145 2546 occultis,

498 2577 555 2629 et
584 2562 911 2627 reconditis
941 2562 999 2620 in
1026 2557 1326 2639 mysterio.
1354 2560 1671 2638 Postquam
1706 2569 1900 2620 autem
1938 2561 2148 2638 singu-

497 2658 586 2718 las
619 2655 796 2733 hujus
829 2649 1036 2730 psalmi
1096 2648 1423 2708 sententias
1476 2647 1767 2726 attigeris,
1828 2649 2147 2710 verborum

498 2763 715 2809 arcana
743 2739 1041 2803 docebere
1069 2760 1084 2809 ;
1120 2756 1187 2799 ac
1212 2738 1410 2799 disces
1450 2755 1565 2797 non
1585 2738 1847 2816 cujusvis
1865 2756 1996 2799 esse
2020 2757 2151 2818 my-

2343 2024 2358 2041 ς
2489 2028 2501 2042 .
2591 2026 2611 2043 γ
2797 2023 2821 2043 ν
3019 2025 3033 2041 .
3427 2037 3430 2039 .
3596 2025 3620 2047 κ

2232 2032 2365 2095 Κορε
2420 2046 2505 2079 και
2554 2045 2706 2085 ουτος
2768 2045 2980 2103 ειρηται
3014 2046 3041 2079 ο
3098 2022 3334 2099 ψαλμὸς,
3379 2047 3466 2090 ους
3500 2031 3559 2085 οὔ
3591 2041 3787 2105 οιαιρεῖ
3819 2030 3879 2083 τὸ

2234 2114 2444 2187 Πνεῦμα
2500 2114 2561 2168 τὸ
2612 2112 2785 2192 ἅγιον,
2847 2111 2982 2169 διότι
3040 2112 3221 2191 ὥσπερ
3279 2122 3375 2189 μιᾷ
3432 2120 3587 2196 ψυχῇ
3644 2119 3730 2174 καὶ
3783 2123 3882 2192 μιᾷ

2229 2208 2382 2280 φωνῇ
2432 2204 2568 2275 μετὰ
2632 2204 2810 2269 πάσης
2870 2208 2969 2269 τῆς
3029 2207 3158 2282 πρὸς
3243 2203 3510 2274 ἀλλήλους
3568 2208 3877 2286 συμφωνίας

2230 2292 2353 2354 τοὺς
2402 2293 2765 2371 προφητικοὺς
2823 2291 3015 2369 λόγους
3072 2296 3326 2371 προΐεντο
3382 2292 3535 2375 (ἳιγ
3578 2294 3748 2369 μηδὲν
3792 2305 3886 2353 τού

2232 2382 2408 2458 ἑτέρου
2465 2381 2637 2437 αὗτῶν
2694 2382 2833 2459 παρᾶ
2891 2383 3011 2445 τοὺς
3085 2382 3303 2445 λοιποὺς
3384 2387 3876 2463 προφητεύσαντος,

2231 2468 2350 2525 ἀλλ’
2410 2470 2528 2526 ἴσου
2588 2471 2770 2536 αὺτοῖς
2819 2478 2911 2528 τοῦ
2966 2479 3296 2551 προφητικοῦ
3344 2474 3679 2552 χαρίσματος
3716 2474 3889 2555 ἳωρη·

2230 2560 2409 2623 θέντος
2465 2558 2549 2615 διὰ
2606 2562 2666 2616 τὸ
2729 2560 2850 2615 ἴσον
2913 2560 3082 2617 αὔτῶν
3140 2566 3239 2628 τῆς
3297 2566 3429 2641 πρὸς
3488 2563 3754 2634 ἆλΑήλους
3811 2568 3885 2630 εἰς

2232 2653 2298 2707 τὰ
2358 2650 2495 2706 καλὰ
2554 2649 2858 2714 διαθέσεως.
2922 2649 3085 2729 ’Υπὲρ
3142 2649 3196 2706 δὲ
3253 2655 3359 2708 τῶν
3418 2655 3648 2734 κρυφίων
3720 2654 3883 2731 εἴρη-

2233 2762 2317 2796 ται
2373 2743 2400 2796 ὁ
2479 2740 2692 2815 ψαλμός
2729 2760 2745 2776 ο
2835 2740 3131 2820 τουτέστιν,
3205 2742 3336 2820 ὑπὲρ
3402 2742 3736 2822 ἀποῤῥήτων,
3797 2746 3887 2801 καὶ

502 2836 685 2898 steria
714 2831 909 2894 divina
928 2828 1345 2906 contemplari,
1381 2827 1485 2887 sed
1519 2831 1646 2905 ejus
1668 2828 1878 2907 solius,
1912 2828 2008 2908 qui
2044 2828 2152 2887 im-

2242 2838 2342 2886 τῶν
2386 2831 2440 2885 ἐν
2486 2833 2763 2907 μυστηρίῳ
2795 2829 3197 2907 κεκρυμμένων.
3255 2834 3545 2906 Γενόμενος
3580 2832 3633 2889 δὲ
3683 2834 3735 2889 ἐν
3768 2848 3885 2897 το¹ις

502 2927 702 3007 plendi
737 2919 1013 3003 promissi
1038 2935 1322 2996 organum
1355 2916 1718 2978 concinnum
1768 2917 1894 2978 ﬁeri
1939 2917 2151 2997 possit,

2242 2920 2372 2977 κατὰ
2404 2919 2563 2998 μέρος
2622 2918 2808 2997 ρητοῖς
2869 2928 2961 2976 τοῦ
3011 2919 3249 3000 ψαλμοῦ,
3312 2920 3526 2998 μαθήσῃ
3558 2926 3618 2978 τὸ
3651 2945 3889 3001 κεκρυμ-

506 3018 589 3078 sic
613 3025 673 3077 ut
697 3010 961 3095 psalterii
996 3009 1125 3069 loco
1154 3008 1353 3067 anima
1384 3007 1546 3067 illius
1576 3016 1880 3067 moveatur
1906 3007 1980 3067 ab
2012 3024 2152 3086 ope-

2242 3008 2397 3083 μένον
2445 3013 2552 3063 τῶν
2583 3006 2758 3086 λόγων
2794 3030 2805 3041 ·
2845 3010 2933 3064 καὶ
2965 3006 3044 3064 ὅτι
3074 3008 3133 3063 ού
3165 3012 3254 3064 τοῦ
3305 3009 3565 3088 τυχόντος
3610 3013 3750 3067 ἐστὶν
3793 3011 3890 3067 ἒν-

504 3094 1137 3181 ranteinipsaSpiritu
1162 3112 1393 3158 saneto.
1440 3094 1625 3158 VERS.
1663 3098 1717 3154 2.
1758 3096 1914 3157 [)eus
1947 3104 2152 3158 noster

2242 3096 2373 3153 ιδεϊν
2399 3111 2518 3161 τοῖς
2576 3098 2731 3160 θείοις
2795 3098 3130 3176 μυστηρίοις,
3164 3097 3198 3164 ἢ
3234 3099 3397 3173 μόνου
3427 3097 3549 3178 (2⁸2)
3584 3106 3674 3156 τοῦ
3724 3098 3885 3158 δυνα-

503 3194 813 3276 refugium
828 3200 887 3251 et
901 3186 1468 3293 virtus,adj‘utorin
1486 3184 1846 3293 tribulation
1858 3186 2152 3265 ibus,quar:

2243 3187 2402 3262 μένου
2460 3186 2698 3264 γενέσθαι
2743 3192 2841 3254 τῆς
2896 3186 3213 3265 ἐπαγγελίας
3266 3188 3577 3267 ἐναρμόνιον
3632 3187 3877 3268 ὄργανον,

502 3274 865 3347 inuenerunt
881 3296 989 3339 nos
1000 3275 1446 3339 nimis.Auxi|io
1464 3274 1645 3335 multo
1660 3293 1810 3354 Opus
1826 3284 1915 3336 est
1929 3276 2155 3338 homini

503 3373 691 3453 omni,
724 3372 799 3433 ob
832 3368 1066 3431 insitam
1118 3366 1174 3427 ei
1228 3374 1438 3427 natura
1469 3364 1875 3426 infirmitatem
1914 3386 1927 3425 :
1964 3364 2154 3446 siqui-

504 3467 638 3526 dem
659 3461 862 3523 multae
884 3459 935 3520 ei
961 3455 1248 3518 molestiae
1266 3473 1675 3535 {erumnaeque
1695 3456 1993 3517 accidunt.
2010 3455 2157 3516 Dum

504 3556 684 3634 igitur
714 3551 788 3613 de
815 3548 1099 3611 omnibus
1121 3544 1558 3609 calamitatibus
1576 3545 1885 3623 i'efugium
1919 3546 2150 3626 quaerit,

507 3643 675 3726 quasi
706 3642 777 3703 ad
830 3648 1015 3700 tutum
1072 3636 1635 3726 locumaufugiens,
1687 3636 1780 3697 vel
1808 3635 1882 3695 ad
1917 3645 2155 3697 acutum

506 3725 822 3817 quemdam
844 3728 1126 3789 verticem
1150 3725 1480 3786 fortimuro
1519 3725 1986 3805 circumseptum
2025 3744 2157 3787 sese

508 3814 829 3902 recipiens,
857 3825 1099 3900 propter
1142 3816 1406 3878 hostium
1438 3814 1773 3890 incursum,
1806 3815 1882 3877 ita
1911 3815 2155 3877 demum

506 3916 577 3977 ad
611 3913 799 3974 Deum
828 3906 1113 3987 confugit,
1148 3913 1313 3967 ratus
1336 3906 1489 3966 hanc
1521 3903 1705 3966 solam
1734 3905 1847 3966 sibi
1883 3905 2153 3986 requiem

507 4022 664 4076 esse,
690 4001 740 4062 si
770 4001 832 4060 in
860 3998 991 4079 ipso
1024 4008 1398 4076 permaneat.
1454 3994 1772 4073 Refugium
1831 3995 2030 4075 itaque
2082 3995 2157 4056 ad

511 4095 695 4156 Deum
728 4097 955 4172 patere,
991 4088 1052 4148 in
1083 4086 1359 4147 confesso
1396 4091 1488 4146 est
1541 4084 1695 4165 apud
1730 4103 1942 4147 omnes
1976 4105 1990 4145 :
2022 4085 2154 4162 sed,

509 4182 668 4264 quod
692 4180 765 4243 ad
807 4176 1085 4240 salvantis
1111 4174 1468 4264 electionem
1518 4174 1750 4264 attinet,
1798 4193 1916 4236 non
1951 4193 2156 4254 parum

2241 3275 2377 3332 ὥστε
2438 3278 2552 3332 ἀντὶ
2626 3275 2922 3355 ψαλτηρίου
2993 3282 3256 3333 κινεῖσθαι
3339 3279 3497 3333 αὖτοῦ
3545 3278 3642 3347 τὴν
3700 3281 3891 3359 ψυχὴν

2239 3367 2343 3422 ὑπὸ
2393 3373 2486 3423 τοῦ
2564 3365 2900 3445 ἐνεργοῦντος
2984 3367 3117 3442 αὐτῇ
3196 3368 3345 3444 ἁγίου
3412 3369 3742 3441 Πνεύματος.
3827 3369 3891 3427 Ὀ

2242 3457 2372 3520 Θεὸς
2446 3458 2604 3529 ἡμῶν
2678 3458 2961 3536 καταφυγὴ
3047 3460 3135 3513 καὶ
3226 3456 3467 3532 δύναμις,
3560 3459 3754 3535 βοηθὸς
3838 3459 3895 3515 ἐν

2239 3546 2446 3623 θλίψεσι
2544 3558 2668 3609 ταῖς
2769 3544 3037 3626 εύρούσαις
3136 3548 3280 3621 ἡμᾶς
3350 3547 3571 3629 σφόδρα.
3673 3547 3892 3616 Πολλῆς

2240 3639 2489 3715 βοηθειας
2548 3635 2721 3694 δέεται
2782 3644 2887 3699 πᾶς
2943 3637 3241 3716 ἅνθρωπος,
3274 3637 3357 3694 διὰ
3415 3642 3512 3705 τὴν
3569 3639 3630 3695 ἐκ
3686 3641 3893 3721 φύσεως

2242 3735 2540 3807 προσοῦσαν
2589 3730 2731 3801 αύτῷ
2791 3726 3085 3801 ἀσθένειαν,
3161 3726 3378 3784 πολλῶν
3460 3731 3603 3804 αὐτῷ
3654 3752 3890 3807 προσπι-

2241 3818 2482 3875 πτόντων
2540 3817 2768 3896 ἀνιαρῶν
2828 3819 2915 3873 καὶ
2972 3817 3262 3880 ἐπιπόνων,
3327 3819 3437 3885 Τὴν
3497 3821 3585 3877 οὖν
3643 3817 3758 3893 (23)
3828 3819 3889 3875 ἐκ

2240 3909 2453 3964 πάντων
2538 3913 2645 3963 τῶν
2727 3914 3116 3986 περιστατικῶν
3201 3908 3511 3988 καταφυγὴν
3597 3909 3891 3986 ἐπιζητῶν,

2238 3997 2418 4075 ὥσπερ
2472 3996 2557 4052 ἐπὶ
2613 3996 2805 4053 ἄσυλον
2855 3997 3063 4076 φεύγων
3267 3999 3489 4077 χωρίον,
3554 3997 3589 4067 ἢ
3631 3999 3720 4054 ἓπί
3773 4020 3891 4055 τινα

2242 4087 2478 4166 κορυφὴν
2518 4084 2697 4151 ὀξεῖαν
2752 4093 2992 4166 καρτερῷ
3043 4088 3214 4167 τείχει
3272 4087 3736 4165 περιειλημμένην
3784 4111 3892 4145 κα-

2241 4176 2541 4255 ταφεύγων,
2576 4174 2660 4231 διὰ
2688 4176 2787 4243 τὴν
2823 4177 2928 4233 τῶν
2987 4175 3260 4252 πολεμίων
3322 4176 3616 4257 ἐπιδρομήν
3646 4199 3661 4214 ο
3725 4178 3895 4243 οὕτως

509 4262 734 4335 erroris
755 4265 1245 4344 confusionisque
1277 4263 1505 4325 invexit
1566 4262 1867 4327 inimicus.
1922 4264 2152 4326 Etenim

2245 4267 2330 4323 ἐπὶ
2391 4268 2481 4321 τὸν
2542 4268 2672 4323 Θεὸν
2730 4267 3074 4346 καταφεύγει,
3168 4270 3338 4340 μόνην
3396 4270 3540 4326 εἶναι
3600 4269 3899 4348 ἡγούμενος

511 4364 651 4423 dum
683 4358 993 4421 insidiatur
1015 4354 1401 4435 veluthostis,
1432 4372 1640 4416 rursus
1657 4355 1876 4435 quibus
1908 4353 2152 4417 insidia-

2247 4358 2537 4414 ἀνάπαυσιν
2590 4360 2688 4423 τὴν
2718 4356 2773 4413 ἐν
2804 4357 2946 4431 αύτῷ
2977 4355 3236 4434 διαμονήν
3263 4374 3277 4390 ’
3332 4356 3465 4417 ’Ὅτι
3524 4360 3622 4434 μὲν
3667 4359 3757 4417 οὖν
3815 4360 3901 4417 ἐπὶ

514 4461 608 4514 tus
631 4459 744 4525 est,
774 4466 877 4510 eos
917 4447 1206 4526 deceptos
1255 4444 1505 4519 inducit,
1539 4452 1600 4505 ut
1622 4446 1694 4504 ad
1726 4462 1789 4504 se
1819 4462 1927 4505 ceu
1960 4452 2152 4507 custo-

2248 4449 2339 4504 τὸν
2411 4448 2541 4503 Θεὸν
2618 4448 2653 4515 ἡ
2726 4448 3006 4526 καταφυγὴ
3087 4449 3229 4526 παρὰ
3288 4453 3447 4505 πᾶσιν
3518 4448 3894 4527 ὡμολόγηται,

513 4543 651 4603 dem
677 4534 1244 4617 confugiant.Quare
1265 4534 1483 4615 duplex
1507 4534 1593 4596 eis
1617 4534 1839 4595 malum
1865 4534 2152 4597 imminet:

2249 4537 2457 4604 πολλὴν
2510 4535 2565 4592 δὲ
2622 4536 2834 4604 πλάνην
2883 4538 2971 4593 καὶ
3001 4538 3261 4616 σύγχυσιν
3307 4540 3334 4595 ὁ
3384 4538 3576 4618 ἐχθρὸς
3619 4539 3900 4607 ἐνεποίησε

511 4631 732 4713 quippe
756 4637 856 4691 aut
877 4644 983 4709 per
1012 4627 1125 4687 vim
1160 4625 1500 4706 capiuntur,
1533 4633 1632 4685 aut
1658 4642 1730 4685 ex
1766 4624 1973 4687 fraude
2021 4643 2164 4705 per—

516 4719 836 4784 eunt.Eam
852 4716 927 4779 ob
940 4735 1065 4778 rem
1081 4715 1153 4776 ad
1167 4714 1474 4775 daemones
1488 4713 2161 4793 perfugiuntincreduli,

514 4822 572 4875 et
590 4810 665 4873 ad
697 4808 1017 4885 idola,veri
1047 4805 1152 4869 Dei
1184 4804 1525 4884 cognitione
1555 4822 1627 4865 ex
1653 4803 1821 4865 illata
1849 4803 1967 4865 sibi
1988 4823 2022 4865 a
2046 4802 2170 4865 dia-

509 4902 645 4965 bolo
679 4899 1031 4965 confusione
1081 4895 1343 4975 spoliati.
1371 4892 1487 4955 Sed
1533 4900 1593 4955 et
1633 4891 1945 4975 quiDeum
1975 4911 2163 4973 agno-

510 5000 707 5067 scunt,
736 4993 796 5051 in
821 4986 1070 5051 ferendo
1102 4988 1178 5049 de
1201 4985 1386 5047 rebus
1408 4982 1641 5065 judicio
1668 4982 2046 5058 errant,dum
2081 4989 2169 5046 in-

591 5114 657 5165 88
689 5110 869 5176 ICor.
903 5126 1003 5183 xv,
1032 5107 1133 5170 24.

602 5245 724 5329 (19)
743 5246 827 5329 It_a
854 5239 1178 5329 Colbertini
1206 5235 1705 5329 pri_inus,_quintus
1729 5244 1789 5299 et
1810 5245 2161 5329 s.ex“tus.cum

519 5317 751 5393 duobus
782 5324 1005 5400 Regiis,
1069 5340 1180 5383 nec
1210 5317 1401 5381 aliter
1449 5317 1663 5396 legitur
1694 5317 1847 5398 apud
1886 5319 2165 5400 Paulum,

517 5410 678 5474 ICor
732 5424 829 5487 xv,
866 5399 967 5467 ‘24.
998 5401 1151 5464 Editi
1183 5420 1321 5487 vero
1344 5419 1476 5462 cum
1506 5403 1654 5476 Reg.
1692 5399 1959 5487 secundo
1990 5399 2166 5487 παραέ-

516 5491 658 5566 διδῷ.
698 5480 845 5567 Reg.
881 5494 1081 5546 sextus
1121 5482 1313 5563 prima
1347 5500 1524 5541 manu
1576 5480 1871 5558 παραδιδῷ,
1907 5480 2170 5543 secunda

515 5570 756 5644 παραδῷ.

595 5607 1032 5731 ῗὲίλτδὶοιηεε.
1060 5652 1317 5722 septem.
1353 5641 1510 5731 Editi
1542 5639 2000 5731 γεω-διδόμεναι.

608 5721 738 5812 (21)
770 5728 938 5812 Colb.
970 5721 1516 5812 p_rtflltl.s_npoaiav_co.
1542 5721 1664 5812 Nec
1696 5721 1777 5783 ita
1810 5724 1995 5812 multo
2030 5730 2169 5803 post

523 5801 632 5881 sei
665 5801 810 5873 mss.
844 5811 916 5871 εἷς
948 5801 1038 5867 τ’ά.
1072 5803 1224 5866 Editi
1258 5811 1315 5865 et
1334 5801 1505 5866 Colb.
1542 5809 1744 5864 sextus
1770 5805 1888 5884 περὶ
1917 5806 2004 5869 τά,

2249 4628 2367 4703 περὶ
2416 4627 2513 4694 τὴν
2570 4636 2664 4685 τοῦ
2728 4627 2985 4698 σώζοντος
3045 4626 3297 4706 ἐκλογήν.
3370 4624 3754 4686 Ἐπιϐουλεύιυν
3801 4632 3901 4709 γὰρ

2250 4720 2323 4781 ὡς
2388 4715 2672 4792 πολέμιος,
2719 4715 2881 4773 πάλιν
2934 4720 3054 4780 τοὺς
3118 4715 3581 4782 ἐπιϐουλευθέντας
3635 4718 3896 4797 ἐξαπατᾷ,

2249 4807 2393 4881 αὒτῷ
2445 4807 2794 4886 προσφεύγειν
2836 4807 2908 4872 ὡς
2980 4804 3198 4886 φύλακι,
3253 4806 3390 4865 ὥστε
3440 4805 3655 4864 διπλοῦν
3716 4814 3901 4874 αύτοϊς

2247 4897 2613 4975 περιίστασθαι
2670 4898 2733 4952 τὸ
2786 4897 2951 4953 κακὸν
2989 4917 3004 4933 ·
3059 4896 3094 4964 ἢ
3147 4898 3332 4974 βιαίως
3398 4898 3703 4979 ληφθεῖσιν,
3752 4900 3787 4968 ἢ
3844 4898 3900 4964 ἰξ

2249 4987 2460 5053 ἀπάτης
2513 4984 2888 5063 ἆπολομένοις,
2963 4987 3060 5043 Διὰ
3106 4994 3262 5045 τοῦτο
3318 4988 3447 5069 πρὸς
3488 4982 3752 5062 δαίμονας
3812 4993 3903 5044 καὶ

2333 5234 2459 5328 (2‘2)
2488 5228 2683 5333 Editio
2713 5229 2896 5295 Basil.
2924 5238 2981 5293 et
3006 5228 3276 5311 quinque
3300 5227 3484 5295 mssﬁl
3511 5224 3901 5302 μόνουΕᾱίιίο

2250 5320 2441 5382 Paris.
2480 5320 2665 5390 μόνον.
3182 5388 3183 5391 η
3346 5382 3347 5385 η
3822 5386 3823 5389 η

2330 5394 2779 5477 (23))τοουιιιη]
2816 5402 2904 5477 οᾷν
2942 5388 3283 5477 addidimus
3319 5405 3387 5449 ex
3421 5389 3644 5477 Catena
3671 5388 3898 5454 Corde-

2251 5472 2451 5542 ria‘nai
2478 5473 2706 5537 ibidem
2741 5472 2908 5537 Colb.
2944 5476 3238 5551 septimus
3267 5475 3681 5532 πεοιστατικῶν,

2336 5558 2457 5639 (94?
2506 5554 2664 5617 Editi
2719 5554 3091 5695 καταφεύγῖιν.
3152 5550 3227 5612 At
3285 5568 3428 5615 mss.
3480 5560 3712 5632 septem
3772 5556 3903 5634 φεύ..

2336 5666 2384 5695 ν-
2422 5636 2742 5695 Aliauanto
2793 5642 2925 5695 nost
3029 5650 3123 5695 ea.
3184 5632 3391 5694 tertius
3444 5631 3714 5695 πολεμίων
3768 5658 3903 5693 κατα

2251 5631 2384 5720 γων.
2421 5631 2742 5717 Aliquanto
2793 5631 2925 5714 poet
2974 5631 3123 5710 Reg.
3184 5632 3391 5694 tertius
3444 5631 3714 5709 πολεμίων
3768 5631 3903 5693 iam

2252 5721 2475 5798 δρομάν.
