4138 6402
323 370 441 439 “7
1482 368 1807 435 HOMILIA
1852 368 1933 435 IN
1981 370 2345 435 PSALMUM
2391 366 2571 437 XLV.
3583 380 3709 461 418

320 505 521 564 εἴδωλα
570 503 700 587 (25)
773 505 1194 587 καταφεύγωσιν
1270 507 1317 563 οἱ
1375 504 1641 593 ἄπιστοι,
1672 507 1765 566 τοῦ
1814 508 1965 573 ὄντος

2082 510 2196 570 cite
2228 509 2393 571 utilia
2423 511 2751 591 postulant,
2782 528 2852 572 ac
2872 510 3141 591 quaedam
3178 520 3392 593 petunt
3428 522 3493 576 ut
3523 515 3704 593 bona,

321 596 453 655 Θεοῦ
502 596 599 665 τὴν
656 599 852 673 γνῶσιν
914 595 1012 653 ὕπὸ
1063 597 1164 663 τῆς
1215 593 1357 674 παρᾶ
1386 604 1478 655 τοῦ
1526 592 1774 655 διαϐόλου
1803 620 1964 678 γενο-

2080 598 2137 657 ςῑε
2166 616 2324 679 saepe
2351 617 2468 660 non
2502 600 3047 679 conducibilia,alia
3073 592 3210 663 vero
3238 612 3301 663 ut
3332 604 3487 666 mala
3520 592 3699 667 decliL

322 686 491 762 μένης
538 686 720 748 αύτοῖς
770 686 1088 766 συγχύσεως
1150 684 1541 766 αφαιρεθὲντες.
1598 688 1695 745 Καὶ
1739 690 1785 744 οἱ
1844 687 1965 746 ἐπι-

2080 696 2215 762 ιοῐιι,
2251 706 2383 769 quae
2413 687 2527 750 sibi
2586 689 2904 769 aliquando
2962 690 3083 749 171
3148 691 3398 753 multum
3450 694 3708 757 allatura

320 777 672 854 γινώσκοντες
733 774 787 831 δὲ
844 779 936 833 τὸν
997 777 1128 832 Θεὸν
1184 777 1302 855 περὶ
1358 776 1457 844 τὴν
1501 782 1609 832 τῶν
1639 779 1966 856 πραγμάτων

2080 786 2221 838 :rant
2251 777 2668 841 emolumenti.
2699 778 2972 861 Exempli
3006 797 3185 841 causa
3218 798 3231 839 :
3266 784 3709 864 aegrotatquis?

322 863 585 947 διάκρισιν
632 864 981 945 σφάλλονται,
1043 864 1369 929 ἀπαιδεύτως
1418 866 1515 930 τὰς
1572 868 1807 937 αἰτήσεις
1862 874 1969 925 τῶν

325 954 697 1035 συμφερόντων
784 954 1117 1031 ποιούμενοι,
1211 954 1300 1012 καὶ
1381 954 1641 1020 αἰτοῦντές
1725 978 1841 1014 τινα
1900 959 1974 1021 ὡς

325 1043 515 1123 ἀγαθὰ,
577 1047 672 1103 ονῖικ
757 1042 842 1100 ἐπὶ
927 1043 1247 1124 συμφέροντι
1304 1041 1569 1107 πολλάκις
1630 1048 1828 1126 αὐτῶν,
1888 1047 1977 1104 καί

326 1136 610 1215 φεύγοντες
668 1130 805 1189 ἄλλα
891 1132 1011 1212 (26)
1100 1135 1174 1197 ὡς
1252 1134 1484 1212 πονηρὰ,
1540 1133 1749 1202 πολλὴν
1792 1136 1975 1199 αὐτοῖς

326 1223 492 1281 ἐνίοτε
545 1222 645 1291 τὴν
676 1221 938 1303 ὠφέλειαν
982 1223 1228 1303 φέροντα.
1290 1223 1450 1299 Οἶον,
1485 1236 1637 1281 νοσεῖ
1679 1245 1801 1299 τις;
1837 1226 1978 1281 Φεύ-

325 1336 435 1392 γων
480 1314 540 1369 τὸ
577 1312 637 1370 ἐκ
680 1313 777 1381 τῆς
807 1313 965 1372 νόσου
994 1313 1266 1385 ἐπίπονον,
1327 1311 1547 1393 εὔχεται
1604 1314 1700 1381 τὴν
1756 1315 1979 1393 ὑγίειαν,

328 1400 592 1460 Ἀπέϐαλε
667 1403 972 1482 χρήματα;
1062 1400 1392 1479 Περιώδυνός
1475 1400 1586 1457 ἐστι
1652 1408 1721 1478 τῇ
1792 1404 1981 1477 ζημίᾳ,

328 1490 495 1549 ’Ἔστι
529 1488 583 1547 δὲ
639 1489 902 1554 πολλάκις
939 1492 1027 1546 καὶ
1056 1493 1089 1558 ἡ
1127 1491 1281 1555 νόσος
1338 1489 1630 1569 ὠφέλιμος,
1693 1490 1819 1548 ὅταν
1849 1515 1983 1549 παι-

328 1578 597 1659 δαγωγεῖν
680 1577 854 1655 μέλλῃ
913 1585 1002 1635 τὸν
1066 1579 1437 1657 ἁμαρτάνοντα
1471 1594 1487 1610 ⁹
1559 1582 1650 1637 καὶ
1718 1582 1752 1649 ἡ
1816 1581 1983 1659 ὅγίεια

2063 866 2255 928 Morbi
2288 867 2623 929 molestiam
2655 867 3091 947 fugiens,rogat
3119 872 3458 931 sanitatem.
3495 872 3711 935 Amisit

2061 955 2342 1037 pecunias
2364 963 2392 1019 ?
2434 956 2524 1020 0b
2558 957 2710 1018 hanc
2734 958 3030 1036 jacturam
3066 958 3323 1020 maximo
3372 959 3567 1039 agitur
3596 963 3707 1024 do-

2061 1045 2345 1107 lore.Erit
2369 1046 2531 1107 enim
2560 1046 2720 1107 utilis
2736 1064 3151 1126 saepenumero
3174 1048 3266 1109 vel
3297 1049 3709 1128 morbus,cum

2063 1133 2701 1214 videlicetpeccantem
2733 1134 3165 1197 reirenabit.Et
3196 1155 3390 1199 nocua
3421 1146 3511 1199 est
3540 1142 3710 1201 sani-

2065 1231 2150 1284 tas
2194 1232 2315 1284 tum
2360 1242 2493 1285 cum
2542 1243 2611 1285 ea
2633 1224 2851 1286 fruenti
2885 1224 2947 1285 ﬁt
2982 1225 3210 1304 peccati
3243 1225 3497 1288 occasio.
3529 1227 3629 1291 Sic
3656 1238 3712 1292 et

2066 1312 2336 1393 pecuniae
2350 1313 2707 1390 quibusdam
2723 1314 2847 1392 jam
2866 1313 2937 1374 ad
2955 1312 3265 1375 libidinem
3285 1315 3706 1381 inservierunt:

2068 1410 2386 1482 paupertas
2416 1419 2559 1464 vero
2594 1403 2883 1483 plurimos
2910 1402 2984 1463 ad
3012 1403 3148 1464 vitia
3180 1422 3546 1485 magnopere
3568 1427 3709 1488 pro-

2071 1491 2397 1572 pendcntos
2417 1490 2777 1570 repressiLN
2786 1511 2936 1573 eque
2959 1493 3137 1569 igitur
3158 1493 3416 1574 refugias
3439 1514 3571 1577 quae
3597 1518 3715 1561 non

2071 1589 2443 1660 oportetznec
2465 1581 2769 1659 confugias
2787 1582 2861 1642 ad
2884 1600 3060 1660 quem
3087 1601 3204 1642 non
3223 1594 3483 1663 oportet.
3522 1584 3712 1650 Unum

331 1667 585 1749 βλαϐερὰ,
645 1668 772 1725 ὅταν
831 1666 1038 1747 ἐφόδιον
1095 1670 1308 1747 γίνηται
1375 1670 1507 1747 πρὸς
1591 1670 1855 1748 ἁμαρτίαν
1910 1672 1986 1744 τῷ

2080 1688 2248 1748 porro
2284 1669 2580 1730 vitandum
2616 1670 2720 1731 tibi
2752 1679 3181 1750 est,peccatum
3200 1672 3566 1749 videlicet,et
3593 1676 3718 1737 uni-

332 1759 539 1840 ἔχοντι,
587 1757 739 1817 Οὕτω
784 1760 872 1815 καὶ
903 1758 1161 1837 χρήματα
1209 1756 1313 1825 ἤδη
1357 1760 1495 1814 τισὶν
1542 1760 1802 1839 ὑπηρεσία
1854 1762 1985 1838 πρὸς

2080 1777 2204 1818 cum
2231 1776 2298 1819 ex
2335 1759 2506 1820 malis
2536 1759 2831 1838 refugium
2859 1759 2963 1820 tibi
2996 1762 3074 1820 sit
3100 1759 3283 1823 Deus.
3318 1759 3404 1822 Ne
3437 1764 3719 1827 conﬁdite

334 1847 623 1905 ἀκολασίαν
678 1847 888 1926 ἐγένετο
921 1864 936 1878 ·
990 1849 1078 1903 καὶ
1161 1847 1315 1905 πενία
1379 1846 1611 1911 πολλοὺς
1661 1849 1982 1928 ἐσωφρόνισε

2080 1847 2441 1928 principibus
2466 1848 2530 1898 89
2559 1868 2574 1922 ;
2602 1867 2674 1910 ne
2707 1850 3035 1911 efferamini
3057 1850 3256 1910 animo
3279 1850 3338 1911 in
3364 1857 3590 1914 incerto
3623 1854 3719 1916 di-

338 1944 444 1995 τῶν
474 1936 811 2015 ὡρμημένων
867 1942 1068 2000 κακῶς.
1108 1937 1259 2005 Μήτε
1315 1938 1403 1992 οὗν
1448 1936 1618 2016 φύγῃς
1666 1937 1701 1992 ἃ
1751 1939 1829 2013 μὴ
1881 1935 1986 2010 δεῖ,

2080 1937 2349 1999 vitiarum
2384 1937 2483 2018 90;
2518 1955 2594 1999 ne
2625 1938 2986 2018 superbiatis
3017 1938 3093 2000 ob
3123 1941 3390 2020 corporis
3424 1942 3618 2016 vires;
3648 1964 3723 2005 ne

342 2023 478 2104 μήτε
522 2025 833 2104 προσφύγῃς
889 2025 934 2100 ᾧ
993 2026 1069 2100 μὴ
1127 2023 1233 2083 δεῖ.
1294 2023 1445 2082 Ἀλλ’
1503 2024 1559 2080 ἓν
1621 2047 1706 2082 σοι
1768 2029 1986 2106 φευκτὸν

2083 2027 2353 2086 humanae
2384 2028 2587 2105 gloriae
2618 2026 3063 2108 prosequamini
3110 2028 3524 2109 splendorem.
3566 2030 3723 2095 Nihil

343 2115 480 2192 ἤτω,
529 2119 564 2185 ἡ
628 2118 881 2197 ἁμαρτία,
967 2118 1055 2172 καὶ
1121 2117 1216 2191 μία
1282 2118 1563 2198 καταφυγὴ
1614 2117 1675 2173 ἐκ
1728 2121 1835 2175 τῶν
1888 2141 1986 2174 κα-

2085 2114 2297 2175 horum
2331 2114 2494 2176 ducit
2518 2116 2589 2176 ad
2614 2116 2892 2192 salutem;
2909 2119 3273 2197 temporaria
3295 2120 3728 2195 omnia,omnia

354 2208 462 2263 κῶν
489 2205 646 2286 (27),
677 2209 705 2261 ὁ
763 2208 917 2270 Θεὸς,
971 2205 1060 2273 Μὴ
1092 2208 1369 2262 πεποίθετε
1404 2206 1532 2287 (ἓὸ)
1564 2204 1651 2265 ἔπ’
1682 2204 1945 2288 ἄρχοντας
1983 2229 1986 2240 ·

2084 2202 2665 2285 fallacia.Ret'ugium
2690 2204 3144 2286 unicum,Deus.
3175 2207 3522 2272 Maledictus
3552 2209 3729 2275 homo

353 2297 430 2371 μὴ
477 2296 752 2373 ἐπαίρεσθε
813 2294 898 2351 ἐπὶ
948 2294 1176 2352 πλούτου
1223 2294 1517 2365 ἀδηλότητι
1552 2316 1568 2333 ·
1619 2297 1696 2374 μὴ
1753 2310 1986 2377 φρονεῖτε

2082 2299 2188 2373 qui
2212 2312 2379 2374 spem
2407 2297 2583 2375 ponit
2613 2296 2679 2357 in
2695 2296 2940 2358 homine
2965 2294 3043 2368 91,
3075 2305 3174 2358 aut
3205 2297 3266 2358 in
3296 2299 3493 2380 aliqua
3514 2318 3580 2363 re
3613 2301 3730 2362 hu-

350 2382 437 2440 ὶπὶ
481 2382 696 2459 δυνάμει
741 2382 991 2457 σώματος
1030 2403 1043 2415 ·
1092 2386 1170 2459 μὴ
1227 2386 1326 2451 τῆς
1374 2386 1706 2465 ανθρωπίνης
1738 2386 1894 2453 δόξης
1937 2388 1999 2443 τὸ
2085 2401 2277 2443 mana.

350 2475 635 2555 περιφανὲς
670 2471 911 2535 διώκετε,
948 2471 1108 2530 Οὗδὲν
1141 2474 1341 2531 τούτων
1372 2474 1580 2546 σώζει·
1642 2497 1816 2532 παντα
1866 2472 1991 2555 (ἳ9)
2053 2473 2373 2551 πρόσκαιρα,
2419 2472 2589 2528 πάντα
2649 2472 2925 2539 ἀπατηλά.
2976 2477 3078 2530 Μία
3134 2479 3438 2556 καταφυγὴ,
3505 2481 3533 2537 ὁ
3578 2483 3728 2547 Θεός.

353 2560 775 2642 Ἐπικατάρατος
807 2561 1082 2639 ἅνθρωπος
1113 2564 1141 2619 ὁ
1170 2563 1268 2631 τὴν
1298 2561 1483 2621 ἐλπίδα
1513 2564 1661 2644 ἔχων
1695 2564 1782 2621 ἐπ’
1813 2564 2112 2644 ἄνθρωπον,
2146 2563 2181 2629 ἢ
2214 2561 2301 2617 ἐπί
2330 2582 2380 2616 τι
2411 2568 2517 2617 τῶν
2548 2560 2915 2639 ἀνθρωπίνων,

430 2654 492 2714 2.
553 2650 614 2710 Ὀ
695 2653 826 2717 Θεὸς
884 2654 973 2709 οὗν
1052 2654 1209 2729 ἡμῶν
1279 2655 1561 2734 καταφυγὴ
1610 2655 1699 2710 καὶ
1751 2653 1986 2730 δύναμις.

2162 2648 2392 2739 2.Deus
2412 2648 2591 2728 igitur
2604 2656 2817 2739 uoster
2839 2649 3149 2729 refugium
3168 2658 3228 2713 et
3251 2654 3448 2717 virtus
3464 2701 3477 2718 .
3503 2654 3595 2718 Illi
3632 2659 3734 2739 qui

349 2749 437 2818 Τῷ
479 2740 755 2818 δυναμένῳ
810 2740 1010 2820 λέγειν,
1074 2743 1251 2801 Πάντα
1308 2742 1481 2823 ἰσχύω
1536 2744 1591 2800 ἐν
1651 2748 1729 2819 τῷ
1785 2743 1986 2801 ἐνδυνα-

2084 2747 2275 2818 potest
2297 2738 2502 2800 dicere
2527 2755 2539 2800 :
2580 2737 2802 2801 Omnia
2824 2756 3066 2820 possum
3086 2744 3149 2801 in
3167 2758 3235 2803 eo
3256 2746 3361 2822 qui
3383 2737 3735 2825 mecm/or-

352 2833 536 2910 μοῦντί
578 2852 645 2908 με
702 2836 938 2908 Χριστῷ,
983 2830 1197 2909 δύναμίς
1252 2834 1395 2888 ἔστιν
1472 2835 1500 2889 ὁ
1558 2834 1712 2898 Θεὸς,
1783 2833 1986 2891 Πολλῶι

2084 2836 2173 2890 tat
2193 2828 2432 2889 Christo
2450 2826 2724 2903 99,virtus
2747 2836 2837 2889 est
2857 2827 3371 2893 Deus.Multorum
3386 2835 3630 2916 quidem
3646 2845 3737 2899 est

352 2923 451 3000 μὲν
509 2921 600 2978 οὖν
676 2920 814 2977 ἔστιν
873 2922 1067 2993 εἰπεῖν,
1144 2921 1205 2980 Ὀ
1268 2924 1396 2987 Θεὸς
1451 2924 1606 2997 ἡμῶν
1663 2925 1986 3004 καταφυγή⁴

2085 2917 2307 2979 dicere:
2322 2919 2479 2979 Deus
2490 2924 2699 3007 noster
2718 2918 3132 2996 refugium;et.
3144 2920 3738 3007 Domine,refugium

351 3014 439 3069 καὶ
500 3013 590 3091 τὸ,
649 3010 827 3089 Κύριε,
878 3011 1158 3090 καταφυγὴ
1237 3010 1495 3089 ἔγενήθης
1571 3025 1710 3080 ημῖν
1743 3029 1758 3044 ⁸
1817 3013 1879 3069 τὸ
1948 3011 1986 3068 δί

2086 3014 2282 3083 [actus
2302 3024 2360 3068 es
2403 3006 2578 3068 nobis
2593 3005 2667 3069 93:
2696 3007 2756 3068 id
2782 3025 2921 3069 vero
2947 3012 3159 3069 eodem
3190 3029 3258 3070 ac
3295 3005 3588 3092 Propheta
3611 3019 3737 3078 aui-

354 3101 459 3157 ἆπὸ
513 3104 615 3167 τῆς
658 3102 825 3165 αὒτῆς
883 3096 1165 3162 διαθέσεως
1217 3101 1390 3157 εἰπεῖν
1438 3108 1516 3175 τῷ
1569 3101 1824 3182 Προφὴτῃ
1864 3102 1986 3158 πάνι

2088 3114 2182 3156 mo
2204 3096 2723 3176 dicere,perquam
2756 3114 3076 3177 paucorum
3097 3102 3393 3162 est.Pauci
3416 3103 3577 3164 enim
3601 3116 3739 3166 sunt

356 3189 574 3269 ὀλίγων,
626 3185 830 3265 Ὀλίγοι
874 3189 976 3268 γὰρ
1018 3189 1064 3245 οἷ
1114 3190 1192 3264 μὴ
1244 3191 1634 3265 τεθαυμακότες
1688 3192 1754 3248 τὰ
1797 3189 1986 3271 ἀνθρώ-

2090 3186 2189 3266 qui
2210 3186 2468 3249 humana
2486 3204 2603 3247 non
2622 3185 3048 3261 mirentur,sed
3066 3188 3168 3249 toti
3189 3190 3486 3269 pendeant
3503 3212 3570 3255 ex
3588 3197 3735 3269 Deo,

358 3292 515 3352 πῖναι,
560 3274 681 3334 ἀλλ’
730 3274 846 3333 ὅλοι
890 3277 1182 3357 ἠρτημένοι
1213 3280 1307 3336 τοῦ
1337 3286 1491 3354 Θεοῦ,
1523 3282 1612 3337 καὶ
1662 3282 1819 3339 αὐτὸν
1867 3280 1986 3337 ἄνα-

2092 3275 2411 3355 ipsumque
2431 3276 2758 3356 spirent,ac
2789 3276 2850 3337 in
2876 3276 3006 3357 ipso
3032 3296 3272 3340 omnem
3297 3298 3463 3360 spem
3486 3300 3554 3343 ac
3580 3284 3737 3345 ﬁdu-

360 3368 627 3447 πνέοντες,
682 3367 770 3423 καὶ
814 3372 990 3425 πᾶσαν
1048 3365 1232 3423 ἐλπίδα
1263 3369 1350 3424 καὶ
1380 3369 1696 3437 πεποίθησιν
1755 3368 1977 3449 ἔχοντες

2092 3365 2242 3425 ciam
2271 3363 2630 3452 habeantﬁt
2657 3382 2800 3426 sane
2830 3375 3087 3444 arguunt
3115 3386 3224 3433 nos
3255 3387 3350 3431 res
3394 3371 3561 3452 ipsae,
3600 3394 3735 3436 cum

362 3458 460 3515 Καὶ
515 3456 733 3535 ἐλέγχει
789 3476 851 3534 γε
910 3458 1052 3531 ἡμᾶς
1099 3457 1167 3511 τὰ
1225 3456 1534 3536 πράγματα,
1585 3457 1711 3515 ὅταν
1768 3458 1824 3513 ἐν
1881 3472 1986 3515 ταῖς

2090 3453 2149 3513 in
2176 3451 2602 3516 afﬂictionibus
2623 3455 2694 3513 ad
2730 3454 3009 3534 quaelibet
3034 3456 3225 3535 potius
3246 3451 3430 3539 quam,
3449 3462 3521 3523 ad
3553 3466 3740 3526 Deum

356 3546 594 3623 θλίψεσιν
652 3545 737 3601 ἐπὶ
766 3544 940 3601 πάντα
969 3542 1177 3634 μᾶλλον
1221 3545 1256 3614 ἢ
1313 3544 1400 3603 ἐπὶ
1440 3548 1531 3603 τὸν
1592 3548 1722 3604 Θεὸν
1750 3633 1753 3634 ν
1784 3546 1986 3627 τρέχω-

2091 3542 2765 3634 recurramulegrotat
2787 3543 2978 3607 (ilius?
2999 3546 3137 3607 Mox
3169 3551 3231 3609 tu
3264 3550 3554 3626 conjectis
3582 3572 3742 3634 quo-

358 3657 480 3713 μεν,
528 3645 695 3694 Nocet
751 3636 810 3691 τὸ
859 3631 1119 3714 παιδίονς
1188 3636 1284 3721 καὶ
1332 3636 1394 3691 σὺ
1447 3637 1536 3693 τὸν
1581 3633 1828 3693 ἑπαοιδὸν
1858 3658 1982 3716 περι

2090 3650 2446 3714 quoversum
2473 3631 2685 3712 oculis,
2722 3650 2955 3711 magum
2979 3634 3363 3715 requiris,vel
3397 3631 3739 3721 quempiam

358 3738 607 3801 σκοπεῖς,
666 3723 703 3793 ἢ
759 3724 854 3780 τὸν
904 3723 1033 3788 τοὺς
1092 3720 1404 3803 περιέργους
1468 3730 1819 3805 χαρακτῆρας
1890 3738 1986 3783 τοῖς

2091 3720 2193 3803 qui
2214 3739 2391 3783 vanos
2408 3722 2787 3783 characteres
2801 3721 2957 3782 collo
2980 3722 3390 3786 innocentium
3415 3720 3737 3808 puerorum

356 3814 659 3897 τραχήλοις
690 3814 795 3871 τῶν
825 3814 1076 3870 ἀναιτίων
1120 3817 1327 3881 νηπίων
1372 3814 1702 3895 περιτιθέντα
1728 3829 1743 3844 '
1793 3814 1828 3883 ἢ
1859 3815 1920 3871 τό
1949 3838 1984 3893 γ

2094 3812 2540 3892 circumponat;
2575 3809 2664 3870 vel
2697 3817 3092 3900 postremum,
3127 3830 3197 3874 eo
3229 3820 3327 3894 qui
3360 3834 3600 3880 servare
3628 3838 3741 3900 po-

354 3905 665 3963 τελευταῖον
722 3904 809 3961 ἐπὶ
873 3905 965 3960 τὸν
1023 3904 1200 3983 ἰατρὸν
1261 3902 1400 3984 ἔρχῃ
1460 3905 1546 3961 καὶ
1594 3904 1662 3961 τὰ
1731 3904 1985 3985 φάρμακα

2098 3908 2213 3963 test
2242 3899 2536 3980 neglecto,
2561 3898 2633 3960 ad
2661 3898 2959 3960 medicum
2987 3900 3260 3976 devenis,
3291 3913 3348 3965 et
3370 3905 3444 3966 ad
3470 3898 3742 3969 modica-

355 4002 449 4054 τοῦ
515 3993 804 4071 δυναμένου
859 3993 1048 4066 σώζειν
1108 3993 1518 4071 καταμελήσας,
1596 3992 1707 4054 Κᾶν
1769 3994 1986 4051 ῐενύπνιόη

2097 3996 2317 4052 menta.
2353 3987 2722 4050 lnsomnium
2749 3989 2798 4048 si
2848 3998 2902 4049 te
2933 3988 3234 4072 sollicitat,
3270 4011 3461 4057 ειη-Μ
3490 3994 3566 4057 ad
3596 4015 3741 4059 con-

356 4107 416 4140 σε
467 4083 752 4161 ἦκταράξη,
828 4084 960 4162 πρὸς
1016 4085 1111 4142 τὸν
1173 4084 1547 4164 ὀνειροσκόπον
1606 4086 1840 4164 τρέχεις.
1904 4084 1986 4142 Κᾶ

2088 4076 2479 4158 jectorem.Si
2511 4078 2783 4139 timueris
2810 4078 3408 4158 inimicum,aliquem
3436 4084 3741 4150 hominem

357 4168 585 4253 φοϐεθῇς
636 4170 852 4249 ἐχθρὸν,
910 4174 1218 4251 προστάτην
1260 4172 1352 4231 ἕνα
1408 4177 1515 4231 τῶν
1564 4174 1852 4253 ἀνθρώπων
1906 4195 1986 4231 πε-

2094 4166 2427 4248 adjutorem
2455 4166 2737 4228 attendis.
2792 4164 2862 4228 Et
2896 4169 2954 4229 in
2988 4186 3243 4251 summa,
3277 4173 3656 4237 convincerls
3687 4181 3746 4237 in

359 4272 583 4344 ρινοετς.
639 4260 739 4318 Καὶ
782 4257 920 4322 ὅλως
975 4258 1057 4339 ἐφ’
1102 4260 1332 4329 ἑκάστης
1392 4264 1578 4344 χρείας
1627 4262 1859 4344 ἓλέγχῃ,

2094 4275 2456 4339 quacunque
2490 4256 2872 4332 necessitate,
2906 4257 3082 4320 verbo
3101 4260 3345 4337 quidem
3378 4264 3564 4325 Deum
3590 4266 3748 4327 refu-

361 4372 491 4431 ματι
548 4350 645 4427 μὲν
700 4348 793 4405 τὸν
850 4349 983 4404 Θεὸν
1041 4349 1318 4427 ὀνομάζων
1362 4352 1693 4432 καταφυγὴν,
1762 4352 1903 4432 ἔργῳ
1959 4351 1986 4408 δ

2094 4351 2255 4427 gium
2276 4351 2606 4423 nominare,
2630 4348 2735 4410 sed
2768 4367 2833 4411 re
2863 4348 2989 4431 ipsa
3012 4369 3085 4412 ex
3122 4351 3434 4417 inutilibus
3459 4356 3745 4435 vanisque

360 4445 461 4507 τὴν
505 4440 565 4498 ἐκ
614 4441 721 4497 τῶν
773 4437 1064 4519 ἀνωφελῶν
1128 4441 1216 4496 καὶ
1293 4443 1532 4515 ματαίων
1588 4442 1837 4518 βοήθειαν
1889 4442 2012 4498 ἐπι·
2093 4439 3743 4526 rebusauxiliumtibiaccersere.Estautemjustoverum

363 4532 671 4617 σπώμενος,
729 4528 899 4588 ’Ἔστι
955 4526 1010 4586 δὲ
1062 4536 1140 4606 τῷ
1197 4527 1382 4603 δικαίῳ
1439 4530 1669 4598 ἀληθινὴ
1706 4531 1928 4608 βοήθεια

2098 4530 2380 4592 auxilium
2435 4533 2620 4594 Deus.
2675 4529 3190 4602 Quemadmodum
3223 4534 3381 4595 enim
3418 4539 3747 4617 imperator

365 4623 520 4687 Θεός,
596 4613 826 4698 ’Ὥσπερ
905 4642 987 4685 τις
1062 4621 1361 4699 στρατηγὸς
1421 4618 1698 4678 ὁπλιτικὸν
1770 4632 1986 4699 γενναῖο

2103 4618 2241 4681 forti
2300 4619 2551 4681 militum
2614 4638 2790 4680 manu
2839 4621 3183 4698 instructus,
3244 4623 3317 4685 ad
3369 4613 3543 4704 apem
3597 4628 3750 4706 parti

366 4709 726 4793 ἒξηρτημένος
790 4708 1008 4786 ἕτοιμος
1086 4709 1167 4767 ἀεὶ
1236 4710 1459 4787 βοηθεῖν
1537 4716 1616 4785 τῷ
1681 4729 1985 4768 καταπονου

2105 4726 2412 4789 oppressae
2442 4708 2746 4771 ferendam
2776 4728 3018 4791 semper
3038 4722 3277 4791 paratus
3305 4722 3429 4774 est:
3477 4715 3559 4776 ita
3591 4716 3748 4779 Deus

368 4802 515 4878 μένῳ
556 4798 705 4880 μέρει
744 4813 759 4830 ⁶
812 4799 982 4865 οὕτως
1031 4800 1060 4857 ὸ
1111 4800 1241 4865 Θεὸς
1295 4799 1491 4878 βοηθὸς
1538 4799 1697 4877 ἡμῶν
1755 4801 1890 4872 ἔστι,
1937 4821 1986 4856 κε

2107 4799 2347 4879 adjutor
2368 4807 2572 4861 noster
2589 4806 2767 4875 est,et
2789 4798 3103 4862 auxiliator
3122 4800 3370 4863 cuilibet
3392 4810 3601 4867 contra
3620 4804 3752 4870 dia-

444 4957 700 5025 corsa].
731 4972 905 5037 ων,
936 4957 999 5025 2.
1081 4956 1504 5042 901Tim.vr,
1539 4931 1666 5023 i7.
1725 4956 1986 5024 Mei-.1

2080 4977 2117 5037 ι,
2152 4962 2213 5024 5.
2297 4957 2354 5004 οἳ
2384 4958 2641 5042 Philipp.
2680 4977 2758 5031 ιν,
2795 4958 2889 5024 13.
2975 4957 3032 5004 9³
3063 4960 3220 5025 Psal.
3254 4977 3496 5043 LXXXIX,
3535 4963 3592 5028 1.

451 5120 585 5203 (ῼῤ)
612 5119 792 5203 Illud,
825 5121 914 5203 καὶ
946 5118 1171 5203 εἴδωλα,
1193 5119 1482 5203 additum
1496 5119 1689 5203 fuisse
1715 5119 2027 5203 contextui

368 5222 442 5267 ex
462 5200 690 5268 Olimet
708 5200 1135 5268 Anglichadit
1155 5200 1244 5264 vir
1265 5200 1710 5264 eruditissimus
1726 5200 1980 5265 Ducmus
2005 5218 2020 5265 :

368 5282 587 5365 quibus
615 5280 930 5365 codicibus
953 5288 1077 5344 tum
1107 5280 1488 5365 Golbertinos
1510 5281 1786 5364 quintum
1808 5289 1869 5345 et
1888 5300 1986 5345 se:

2111 5291 2321 5365 quarto
2360 5293 2419 5365 et
2448 5291 2613 5345 sexto
2646 5286 2946 5365 πεποίθετε,

372 5361 496 5448 tum
528 5363 961 5448 et_septimum,
998 5370 1122 5424 tum
1153 5361 1369 5448 Regi_os
1399 5361 1674 5448 quartum
1708 5370 1766 5424 et
1784 5368 2017 5448 sextium
2107 5361 2143 5448 _'
2185 5365 2317 5444 (99)
2356 5362 2451 5427 Sic
2475 5381 2629 5448 _ms_s.
2664 5374 2723 5423 et
2748 5364 2930 5448 editio
2962 5363 3170 5436 Basil.,
3196 5381 3312 5426 nec
3340 5365 3766 5448 aliterlegerat

371 5442 616 5529 adiungi
641 5442 919 5529 oportere
942 5442 1613 5529 monemus'Fate'ndum
1641 5455 1839 5507 tamen
1865 5443 1924 5505 id
1957 5443 2020 5505 in
2104 5442 2434 5529 interpres.
2463 5444 2576 5529 sed
2608 5462 2717 5529 rex
2748 5446 3039 5529 πρόσκαιρα
3067 5462 3380 5529 operarum
3406 5442 3765 5529 negligentia

373 5522 576 5600 Regiis
601 5522 865 5585 secundo
898 5532 956 5586 et
987 5523 1165 5587 tertio
1197 5524 1434 5587 deesse.
2108 5525 2167 5585 in
2203 5522 2471 5588 editione
2505 5522 2696 5589 Paris.
2730 5522 2950 5585 omissa
2981 5522 3190 5587 fuerat.
3217 5527 3345 5587 Mox
3380 5522 3760 5600 msiséptem

454 5602 594 5684 (26)
622 5602 780 5666 Editi
810 5605 1090 5684 φεύγοντές
1121 5628 1259 5665 τινα.
1294 5606 1378 5668 At
1405 5622 1508 5668 sex
1541 5622 1683 5670 mss.
1738 5606 1986 5687 φεύγοντε

2104 5607 2498 5684 ἐπικατάρατες
2548 5623 2561 5667 :
2599 5623 2716 5685 qua
2752 5624 2818 5667 ex
2858 5623 2994 5666 voce
3028 5608 3087 5667 in
3114 5606 3375 5668 editione
3406 5602 3766 5673 ParisJ'actw

375 5683 578 5769 ang;
614 5760 725 5769 -η
761 5762 774 5769 _
826 5683 846 5769 '_
1001 5764 1010 5769 γ
1292 5700 1299 5706 ’
1468 5765 1478 5769 _
1754 5683 1763 5687 ⁷
1850 5683 1857 5685 ’
1914 5763 1927 5769 _

2118 5695 2255 5746 sunt
2286 5683 2446 5769 duae,
2508 5683 2631 5743 insi
2675 5689 2991 5762 κατάρατος.
3045 5687 3316 5751 Subinde
3346 5706 3490 5751 mss.
3526 5696 3649 5752 tres
3679 5690 3767 5749 ἐπί

456 5763 587 5843 (27)
614 5760 777 5827 Editi
829 5763 891 5821 ἐκ
932 5764 1147 5823 πάντων
1198 5773 1403 5830 κακῶν.
1448 5765 1525 5829 At
1554 5784 1698 5830 mss.
1747 5782 1850 5829 se:
1881 5763 1986 5828 sim

2116 5791 2219 5824 τινι
2253 5773 2380 5826 τῶν.

376 5845 616 5928 pliciter
644 5844 706 5902 ἐκ
730 5848 837 5902 τῶν
868 5851 1071 5909 κακῶν.

660 5953 928 6018 Parnm.
974 5954 1089 6018 Gn.
1136 5952 1365 6019 XXIX.
2340 5958 2349 5967 ’
3199 5956 3270 6015 14

2190 5122 2321 5206 (28)
2352 5119 2687 5206 Colbertini
2719 5123 2950 5206 primus
2972 5128 3030 5183 et
3063 5129 3441 5206 sextus__cum
3472 5125 3625 5206 Reg.
3656 5144 3760 5191 se-

2109 5202 2309 5265 cundo
2346 5212 2406 5265 et
2433 5220 2568 5266 cum
2632 5201 2823 5289 Coisl.“
2857 5206 3164 5265 πεποίθατε.
3197 5201 3354 5265 Editi
3384 5222 3522 5268 cum
3552 5201 3762 5289 Regiis
