4138 6428
458 399 577 479 419
1815 412 1876 475 s.
1919 408 2202 475 BASILII
2244 412 2495 481 MAGNI
3729 415 3851 479 420

453 548 573 610 boli
608 547 856 609 insidias
889 547 1188 626 pugnanti,
1238 546 1516 607 emittens
1553 544 2092 608 administratorios

2183 547 2469 628 σύμμαχος
2532 572 2689 606 παντι
2748 556 2825 625 τῷ
2892 549 3293 629 στρατευομένῳ
3351 550 3485 606 κατὰ
3560 554 3659 618 τῆς
3720 554 3848 626 μεθο

456 636 699 718 spiritus
735 637 805 697 ad
861 634 1251 714 indigentium
1307 636 1578 696 salutem.
1644 635 1874 697 Invenit
1903 644 2094 697 autem

2186 635 2357 700 οδείας
2415 647 2506 697 τοῦ
2584 638 2856 715 διαϐόλγ),
2930 639 3275 696 ἀποστέλλων
3360 641 3426 695 τὰ
3501 637 3845 719 λειτουργικὰ

458 727 701 787 afﬂictio
731 745 967 787 omnem
998 726 1252 804 justum,
1290 724 1365 786 ob
1389 726 1519 785 vitm
1551 725 1883 787 institutam
1916 728 2100 786 ratio-

456 835 615 877 nem.
654 816 763 887 Qui
788 816 945 875 enim
982 815 1239 875 declinat
1262 815 1438 875 latam
1472 833 1539 874 ac
1570 815 1889 893 spatiosam
1919 818 2098 891 viam,

455 905 718 966 ambulat
742 912 938 965 autem
985 912 1290 983 angustam
1346 913 1403 964 et
1450 913 1671 965 arctam
1705 905 1855 965 viam
1887 903 1963 983 9‘,
1997 906 2046 966 is
2068 923 2102 966 a

458 992 940 1057 tribulationibus
961 994 1283 1056 invenitur.
1306 995 1455 1057 Rem
1485 994 1558 1054 ad
1589 995 1780 1054 vivum
1811 994 2103 1074 expressit

452 1086 912 1164 Propheta,cum
942 1084 1088 1144 dixit
1123 1102 1135 1145 :
1175 1083 1245 1145 In
1276 1082 1798 1155 tribulationibus,
1833 1102 1964 1161 qua:
1998 1085 2099 1144 in-

451 1183 747 1238 venerunt
778 1190 881 1234 nos
911 1175 1120 1234 nimis.
1170 1176 1294 1237 Nos
1341 1174 1500 1233 enim
1535 1192 1646 1233 ceu
1679 1174 1937 1233 animata
1968 1178 2100 1233 ani—

455 1264 629 1325 malia
658 1262 1118 1341 deprehendunt
1147 1262 1721 1342 tribulationes.quae
1754 1263 2099 1343 patientiam

453 1354 807 1435 producunt,
845 1361 902 1413 et
929 1370 1034 1432 per
1059 1355 1406 1432 patientiam
1438 1352 1876 1432 probationem,
1914 1361 1969 1414 et
1996 1372 2101 1433 per

452 1441 867 1524 probationem
926 1459 1093 1520 spem
1146 1442 1228 1502 95.
1284 1441 1454 1504 Unde
1486 1449 1545 1501 et
1600 1442 1916 1521 Apostolus
1967 1445 2091 1505 ait:

448 1533 565 1593 Per
596 1530 814 1593 multas
868 1530 1291 1592 tribulationes
1348 1533 1581 1608 Oportet
1636 1549 1739 1591 uos
1768 1534 2003 1593 intrare
2034 1539 2098 1594 in

446 1638 704 1701 regnum
755 1622 865 1682 Dei
904 1619 987 1678 96.
1034 1621 1131 1691 Et,
1197 1620 1402 1683 Multa:
1435 1621 1864 1682 tributuliones
1893 1625 2093 1699 justo-

449 1730 589 1773 rum
617 1710 704 1773 9".
738 1712 859 1769 l7!
906 1708 1021 1772 Sed
1082 1712 1179 1787 qui
1231 1728 1519 1788 generose
1569 1718 1627 1769 et
1658 1710 1953 1791 intrepide
1988 1712 2097 1771 tri-

447 1800 1178 1863 bulationistentationem
1213 1799 1590 1873 sustinuerit,
1627 1800 1821 1861 dicet:
1891 1804 1962 1861 In
2001 1803 2097 1862 Itis

442 1891 716 1953 omnibus
737 1906 1097 1969 superamus
1110 1896 1364 1970 propter
1384 1906 1519 1950 eum
1547 1891 1653 1967 qui
1669 1888 1885 1951 dilexit
1898 1891 2089 1952 120398.

445 1982 527 2042 Ac
560 1987 783 2041 tantum
826 1977 995 2039 abest
1027 1986 1088 2037 ut
1122 1978 1384 2039 animum
1440 1978 1831 2056 despondeat,
1868 1998 1934 2039 ac
1968 1989 2092 2040 tor-

442 2080 577 2150 peat
609 2069 669 2129 in
711 2065 1221 2146 tribulationibus,
1284 2075 1347 2127 ut
1380 2070 1553 2128 etiam
1588 2066 1877 2145 gloriandi
1911 2087 2089 2129 occa-

440 2160 671 2220 sionem
736 2177 805 2219 ex
836 2159 1125 2219 malorum
1181 2155 1589 2234 magnitudine
1640 2154 1932 2228 desumat,
1992 2157 2087 2218 di-

441 2266 583 2310 cens
618 2267 631 2307 :
667 2248 803 2310 Non
830 2250 1027 2310 solum
1079 2253 1311 2317 autem,
1366 2245 1473 2306 sed
1524 2251 1579 2306 et
1628 2243 1974 2321 gloriamur
2027 2250 2091 2309 in

440 2336 945 2400 tribulationibus
974 2336 1059 2399 99.

517 2515 1183 2596 3.Vsas.3.Propterea
1206 2531 1330 2576 nou
1346 2512 1689 2574 timebimus
1713 2513 1855 2575 dum
1878 2514 2087 2577 turba—

441 2615 539 2668 tur
554 2612 796 2672 terra.et
808 2605 1268 2684 transferuntur
1280 2609 1515 2664 montes
1528 2603 1591 2663 in
1605 2603 1782 2663 corda
1798 2607 2086 2667 marium.

441 2694 706 2775 Magnam
742 2695 1077 2758 ﬁrmitatem
1113 2691 1343 2754 ﬁduciae
1395 2689 1454 2751 in
1496 2689 1794 2752 Christum
1830 2695 2091 2756 ostendit

442 2785 736 2865 Propheta
770 2802 783 2844 :
823 2780 1369 2861 nimirum,etiamsi
1400 2781 1602 2842 omnia
1633 2798 1870 2842 sursum
1907 2783 2090 2844 deor-

2187 727 2461 800 πνεύματα
2521 730 2651 805 πρὸς
2701 730 2799 795 τὴν
2868 730 3133 806 σωτηρίαν
3212 734 3316 785 τῶν
3389 726 3676 803 δεομένων.
3739 730 3845 785 Εὗ-

2187 817 2352 889 ρίσκει
2414 815 2466 871 δὲ
2513 820 2544 885 ἦ
2590 816 2767 895 θλίψις
2834 820 3010 874 πάντα
3058 822 3149 873 τὸν
3204 815 3402 873 δίκαιον
3460 816 3544 873 διὰ
3599 818 3699 884 τὴν
3752 819 3844 874 τοῦ

2185 905 2298 979 βίου
2356 905 2719 977 ἐπιτήδευσιν,
2786 909 2848 966 Ὀ
2906 909 3005 985 γὰρ
3068 906 3321 964 ἐκκλίνων
3378 910 3474 982 μὲν
3536 908 3633 975 τὴν
3692 907 3835 963 πλα-

2184 1008 2335 1050 τεῖαν
2395 999 2481 1053 καὶ
2536 1001 2835 1077 εὐρύχωρον
2916 997 3054 1069 ὁδὸν,
3133 995 3323 1053 ὁδεύων
3378 995 3429 1052 δὲ
3490 999 3587 1065 τὴν
3649 997 3842 1064 στενὴν

2185 1086 2270 1139 καὶ
2358 1087 2739 1167 τεθλιμμένην,
2842 1089 3130 1165 εὑρίσκεται
3226 1089 3327 1143 ὑπὸ
3406 1093 3509 1143 τῶν
3584 1085 3840 1162 θλίψεων.

2184 1174 2484 1255 Ἐμψύχως
2564 1180 2656 1232 τὸν
2735 1177 2895 1255 λόγον
2982 1176 3352 1256 ἐσχημάτισεν
3443 1179 3469 1232 ὁ
3553 1178 3840 1256 Προφήτης

2188 1266 2348 1320 εἰπών
2386 1281 2398 1293 ⁸
2462 1263 2551 1323 Ἐν
2609 1265 2817 1342 θλίψεσι
2885 1281 3003 1329 ταῖς
3068 1267 3335 1343 εὖρούσαις
3396 1269 3538 1341 ἡμᾶς
3612 1264 3832 1346 σφόδρα.

2188 1351 2409 1432 ’Ὥσπερ
2457 1357 2552 1433 γὰρ
2607 1361 2715 1426 ζῶα
2796 1355 3019 1435 ἔμψυχα
3089 1353 3592 1429 καταλαμϐάνουσιν
3660 1358 3829 1432 ἡμᾶς,

2184 1442 2533 1521 ἐργαζόμεναι
2581 1447 2875 1526 ὑπομονὴν,
2942 1447 3025 1501 καὶ
3071 1443 3152 1499 διὰ
3202 1450 3298 1511 τῆς
3358 1447 3631 1520 ὑπομονῆς
3684 1444 3835 1502 δοκι-

2184 1546 2317 1608 μήν,
2376 1536 2462 1590 καὶ
2506 1533 2590 1591 διὰ
2643 1540 2739 1602 τῆς
2787 1534 3013 1609 δοκιμῆς
3047 1533 3252 1596 ἐλπίδα,
3290 1532 3456 1592 ’Ὅθεν
3487 1538 3573 1591 καὶ
3604 1538 3630 1591 ὁ
3661 1533 3835 1592 Ἀπό-

2182 1623 2369 1687 στολος
2426 1647 2554 1704 φησι
2594 1641 2606 1654 ·
2674 1627 2771 1681 Διὰ
2832 1624 3047 1681 πολλῶν
3101 1624 3331 1697 θλίψεων
3364 1622 3447 1679 δεῖ
3476 1626 3621 1700 ἡμᾶς
3657 1625 3835 1681 εἰσελ-

2179 1716 2293 1769 θεῖν
2352 1715 2425 1776 είς
2484 1716 2580 1781 τὴν
2625 1715 2897 1790 βασιλείαν
2956 1721 3048 1769 τοῦ
3110 1721 3241 1770 Θεοῦ
3303 1711 3423 1792 (30)
3461 1733 3475 1749 ⁶
3539 1717 3648 1793 καὶ,
3698 1715 3835 1771 Πολ-

2180 1802 2265 1858 λαὶ
2322 1804 2374 1858 αἱ
2421 1802 2625 1879 θλίψεις
2684 1812 2788 1860 τῶν
2861 1804 3103 1862 διγαίων.
3167 1802 3316 1859 Ἀλλ’
3360 1806 3386 1859 ὁ
3437 1805 3689 1882 γενναίως
3751 1807 3841 1862 καὶ

2181 1891 2471 1969 ἀταράχως
2528 1896 2619 1949 τὸν
2672 1895 2733 1949 ἐκ
2777 1895 2872 1961 τῆς
2926 1893 3154 1968 θλίψεως
3200 1896 3494 1969 πειρασμὸν
3545 1896 3836 1969 ὒπομείνας

2178 1981 2315 2059 ἐρεῖ,
2378 1979 2459 2036 ὅτι
2517 1981 2607 2038 Ἐν
2682 1982 2887 2046 τούτοις
2943 1989 3100 2037 πᾶσιν
3173 1984 3538 2060 ὑπερνικῶμεν
3600 1980 3683 2039 διὰ
3745 1992 3839 2041 τοῦ

2176 2070 2555 2148 ἀγαπήσαντος
2628 2072 2794 2145 ἡμᾶς.
2876 2071 2973 2127 Καὶ
3018 2078 3266 2127 τοσοῦτον
3337 2071 3533 2151 ἀπέχει
3598 2070 3835 2145 ἀπαυδᾷν

2175 2163 2261 2216 καὶ
2320 2161 2577 2218 ἀποκνεῖν
2628 2159 2680 2216 ἐν
2724 2173 2843 2223 ταῖς
2892 2158 3155 2235 θλίψεσιν,
3204 2158 3284 2215 ὅτι
3333 2161 3421 2217 καὶ
3467 2166 3831 2242 καυχτματος

2175 2249 2421 2330 ἀφορμὴν
2479 2252 2540 2306 τὸ
2595 2247 2924 2327 ὑπερϐάλλον
2983 2256 3088 2304 τῶν
3138 2254 3315 2305 κακῶν
3360 2263 3593 2307 ποιεῖται
3630 2249 3828 2330 λέγων,

2174 2337 2256 2395 ὅτι
2311 2342 2381 2397 Οὔ
2426 2340 2587 2415 μόνον
2652 2339 2730 2413 δὲ,
2815 2337 2950 2394 ἀλλὰ
3030 2340 3116 2394 καὶ
3197 2340 3534 2419 καυχώμενοι
3593 2341 3647 2396 ἐν
3695 2342 3825 2406 ταῖς

2172 2427 2407 2504 θλίψεσι.

2254 2515 2314 2578 3.
2379 2518 2477 2573 Διά
2551 2524 2705 2573 τοῦτο
2784 2518 2844 2572 οὑ
2915 2515 3326 2596 φοϐηθησόμεθα
3385 2517 3439 2572 ἐν
3486 2524 3563 2593 τῷ
3620 2519 3825 2597 ταράσ-

2174 2611 2353 2664 σεσθαι
2411 2613 2511 2674 τῆν
2569 2613 2696 2686 γῆν,
2766 2609 2852 2663 καὶ
2910 2608 3273 2681 μετατίθεσθαι
3333 2607 3433 2685 ὅρη
3489 2606 3544 2662 ἐν
3593 2606 3828 2685 καρδίαις

2171 2697 2475 2758 θαλασσῶν,
2540 2697 2689 2775 Μέγα
2737 2694 3085 2753 ἐπιδείκνυται
3138 2697 3198 2751 τὸ
3268 2696 3549 2773 στερέωμα
3604 2701 3702 2762 τῆς
3754 2701 3830 2762 εἱς

2174 2790 2397 2865 Χριστὸν
2456 2790 2826 2858 πεποιθήσεως
2903 2784 3028 2866 (31)
3112 2789 3134 2841 5
3216 2786 3523 2867 Προφήτης,
3592 2786 3673 2843 ὅτι
3734 2786 3831 2843 κᾶν

446 2893 575 2936 sum
600 2873 1289 2953 provolvantur,etiamsi
1309 2879 1466 2931 terra
1486 2870 1718 2931 turbata
1739 2871 2088 2953 invertatur,

2183 2879 2348 2934 πάντα
2399 2875 2509 2933 ἅνω
2552 2879 2638 2932 καὶ
2688 2880 2835 2933 κάτω
2879 2877 3120 2958 γίνηται,
3179 2874 3276 2933 κᾶν
3334 2878 3368 2943 ἡ
3412 2878 3485 2955 γῇ
3542 2877 3830 2956 στρέφηται

438 2964 672 3026 etiamsi
709 2974 940 3026 montes
977 2963 1220 3043 propria
1251 2960 1393 3021 sede
1422 2960 2093 3039 relicta,transt‘crantur

2183 2966 2577 3041 ταρασσομένη,
2627 2966 2723 3023 κᾶν
2753 2969 2819 3023 τὰ
2879 2965 2977 3045 ὄρη
3035 2966 3135 3031 τὴν
3170 2966 3362 3021 οἰκείαν
3398 2963 3549 3042 ἕδραν
3594 2976 3826 3021 καταλι-

437 3055 496 3114 in
525 3052 789 3115 medium
815 3050 1145 3126 mare,Non
1174 3051 1517 3112 timebimus
1549 3067 1561 3107 :
1599 3050 1757 3128 quod
1784 3048 1967 3110 Deum
1994 3052 2091 3111 ha-

2183 3056 2371 3135 πόντα,
2426 3058 2554 3135 πρὸς
2600 3058 2666 3112 τὰ
2712 3058 2848 3131 μέσα
2894 3055 3200 3130 μεθίσταται
3252 3059 3349 3118 τῆς
3393 3053 3665 3120 θαλὰσσης
3693 3073 3704 3083 ·
3754 3057 3827 3112 Οὐ

442 3142 693 3203 beamus
709 3141 1003 3219 refugium
1035 3141 1427 3218 virtutemque
1466 3146 1521 3199 et
1540 3138 1873 3217 adjutorem
1896 3139 1955 3199 in
1986 3141 2091 3200 tri-

2183 3144 2619 3225 φοϐηθησόμεθα,
2652 3143 2736 3201 διὰ
2795 3147 2857 3202 τὸ
2887 3144 3040 3225 ἔχειν
3090 3146 3179 3200 τὸν
3223 3144 3353 3198 Θεὸν
3383 3145 3692 3223 καταφυγὴν
3737 3145 3824 3199 καὶ

444 3230 1011 3310 bulationibus,qute
1046 3231 1406 3290 invenerunt
1430 3246 1536 3288 nos
1558 3228 1737 3289 nimis
1768 3228 2086 3307 Cujusnam

2183 3233 2395 3311 δύναμιν
2453 3238 2541 3292 καὶ
2595 3236 2787 3312 βοηθὸν
2842 3235 2894 3291 ἐν
2947 3233 3154 3310 θλίψεσι
3198 3245 3320 3295 ταῖς
3380 3233 3645 3309 εὑρούσαις
3678 3234 3821 3307 ἡμᾶς

447 3338 553 3381 cor
586 3320 944 3399 impavidum
982 3319 1153 3392 adeo,
1192 3319 1503 3397 cujusnam
1528 3318 1916 3395 cogitationes
1940 3320 2089 3380 adeo

2183 3324 2397 3405 σφόδρα.
2460 3327 2608 3389 Τίνος
2670 3324 2836 3390 οὕτως
2899 3324 3173 3391 ἆπτόητος
3215 3325 3248 3389 ἡ
3296 3320 3500 3400 καρδία,
3559 3323 3697 3387 τίνος
3731 3321 3824 3378 οὕ-

446 3408 1139 3489 suntimperturbataamt
1163 3408 1319 3468 illius
1339 3408 1573 3467 animus
1604 3410 1661 3467 in
1693 3415 1854 3469 tanta
1884 3409 2088 3470 confu-

2183 3436 2275 3477 τως
2355 3415 2618 3494 ἀτάραχοι
2679 3415 2726 3470 οἱ
2784 3413 3056 3492 λογισμοὶ,
3108 3411 3245 3469 ὥστε
3292 3412 3346 3468 ἐν
3400 3417 3467 3487 τῇ
3524 3409 3823 3489 τηλικαύτῃ

443 3498 609 3559 sione
642 3500 713 3559 sit
759 3499 829 3559 ad
864 3500 1049 3561 Deum
1084 3499 1365 3577 intentus,
1391 3515 1458 3557 ac
1492 3503 1735 3577 pr0pter
1762 3504 2084 3578 repositam

2183 3505 2429 3584 συγχύσει
2485 3504 2730 3561 τετάσθαι
2793 3509 2862 3579 τῇ
2918 3502 3117 3574 διανοίᾳ
3186 3501 3316 3579 πρὸς
3374 3503 3465 3557 τὸν
3519 3503 3671 3576 Θεὸν,
3734 3504 3822 3559 καὶ

442 3589 500 3648 in
522 3588 650 3667 ipso
684 3607 851 3668 spem
886 3606 953 3648 ex
982 3587 1142 3650 nullo
1171 3605 1370 3649 rerum
1404 3594 1625 3647 eventu
1661 3586 2087 3664 perturbetur?

2183 3591 2251 3649 Ξιὰ
2294 3594 2392 3661 τὴν
2443 3595 2571 3671 πρὸς
2623 3595 2779 3651 αὐτὸν
2837 3590 3042 3671 ἐλπίδα,
3090 3591 3175 3647 ἐπὶ
3210 3589 3390 3657 ἀηδενί
3445 3597 3550 3647 τῶν
3594 3591 3817 3670 γινομέ-

440 3678 560 3739 Nos
582 3695 719 3737 vero
745 3677 1002 3738 hominis
1026 3676 1173 3737 iram
1198 3695 1315 3737 non
1345 3673 1741 3754 sustinemus;
1764 3686 1865 3739 aut
1884 3678 2082 3758 impe-

2183 3705 2269 3737 ρων
2327 3681 2765 3754 ἐκπλήττεσθαι;
2810 3678 3005 3757 Ἡμεῖς
3061 3678 3115 3735 δὲ
3164 3680 3437 3755 ἀνθρώπου
3494 3681 3659 3759 ὀργὴν
3710 3685 3813 3761 οὐχ

439 3776 603 3828 tente
634 3784 742 3827 nos
795 3785 964 3837 cane,
1021 3775 1119 3826 aut
1172 3766 1284 3827 alio
1318 3765 1525 3846 quovis
1555 3765 1821 3843 animali,
1861 3787 1979 3828 non
2010 3769 2081 3829 ad

2183 3772 2503 3848 ιπομέννμεν
2539 3790 2550 3801 '
2616 3774 2651 3839 ἢ
2704 3773 2856 3835 κυνὸς
2913 3768 3320 3849 ἐπιδραμόντος,
3380 3769 3416 3837 ἢ
3447 3768 3609 3827 ἅλΑου
3666 3774 3814 3836 τινὸς

439 3853 628 3916 Deum
647 3855 998 3935 respicimus
1016 3854 1351 3934 adjutorem
1379 3859 1646 3916 nostrum
1672 3855 1730 3914 in
1758 3854 2081 3918 tribulatio-

2183 3862 2367 3940 ἠρίου,
2432 3863 2491 3919 οὒ
2537 3863 2666 3941 πρὸς
2727 3862 2858 3916 Θεὸν
2903 3857 3279 3936 ἀποϐλέπομεν
3309 3861 3400 3916 τὸν
3437 3857 3631 3927 ϐοηθὸν
3659 3861 3815 3936 ἡμῶν

441 3943 635 4018 nibus,
670 3946 774 4005 sod
812 3944 1127 4025 stupefacti
1161 3944 1232 4005 ad
1289 3964 1397 4004 nos
1456 3950 1618 4023 ipsos
1648 3947 2076 4010 convertimur.

2183 3975 2219 4005 ;ν
2267 3964 2390 4014 ταῖς
2442 3951 2706 4030 θλίψεσιν,
2753 3950 2891 4006 ἀλλὰ
2955 3949 3363 4017 διαπτοηθέντες
3416 3953 3547 4030 πρὸς
3599 3951 3817 4014 ἑαυτοὺς

437 4032 618 4096 Vsus.
655 4035 714 4095 4.
746 4033 1093 4096 Sonuerunt
1118 4040 1173 4095 et
1195 4034 1452 4096 turbatae
1482 4042 1624 4096 sunt
1647 4052 1829 4114 aquae
1849 4057 2075 4102 eorum.

2183 4042 2607 4122 ιπιστρεφόμεθα,
2720 4041 2994 4120 ’Ἠχησαν
3101 4041 3186 4095 καὶ
3288 4039 3669 4122 ἐταράχθησαν
3753 4041 3817 4096 τὰ

435 4123 591 4185 Dixit
618 4122 843 4184 telluris
873 4123 1394 4184 conturbationem
1422 4141 1488 4183 ac
1517 4129 1801 4189 montium
1829 4132 2078 4192 transla-

2183 4129 2327 4187 ίδατα
2384 4133 2579 4193 αὐτῶν,
2646 4132 2784 4188 Εἶπε
2828 4135 2931 4209 γῆς
2975 4130 3245 4210 ταραχὴν,
3300 4132 3389 4187 καὶ
3420 4133 3559 4211 ὁρῶν
3588 4133 3819 4209 μετάθε-

435 4213 657 4274 tionem
680 4232 692 4274 :
722 4213 902 4273 maris
924 4231 1162 4293 quoque
1182 4214 1643 4277 commotionem
1669 4217 1812 4279 dicit
1831 4227 1889 4281 et
1908 4239 2081 4282 ever-

2183 4242 2249 4276 τιν
2284 4241 2297 4254 ο
2332 4219 2475 4299 λέγει
2525 4222 2615 4277 καὶ
2655 4220 2930 4287 θαλάσσης
2962 4219 3126 4276 σάλον
3156 4222 3244 4277 καὶ
3289 4221 3621 4301 ἀνατροπὴν,
3656 4222 3820 4297 μέσον

435 4300 688 4374 sionem,
726 4303 1025 4364 montibus
1059 4303 1117 4362 in
1154 4301 1415 4361 medium
1452 4307 1690 4383 pelagus
1745 4310 2077 4373 ruentibus.

2183 4314 2271 4364 τῶν
2330 4309 2494 4387 ὀρέων
2550 4321 2668 4374 τοῖς
2729 4307 3020 4383 πελάγεσιν
3077 4300 3477 4383 ἐμπιπτόντων.
3540 4300 3820 4391 ’¹Ηχησαν

433 4390 779 4490 sonuerunt
811 4399 868 4450 et
897 4390 1157 4452 turbatae
1185 4398 1326 4451 sunt
1361 4409 1532 4469 aqua:
1564 4412 1795 4478 eorum;
1828 4400 2078 4461 marium

2183 4400 2254 4454 ιαὶ
2314 4397 2691 4478 ἐταράχθησαν
2746 4399 2811 4454 τὰ
2866 4396 3029 4455 ὕδατα
3077 4400 3251 4455 αὐτῶν
3284 4416 3298 4428 ·
3374 4407 3481 4455 τῶν
3537 4390 3819 4457 θαλασσῶν

433 4478 738 4540 videlicet.
773 4480 1135 4560 Ampliorem
1160 4490 1359 4540 autem
1395 4484 1903 4561 perturbationem
1923 4490 2081 4552 excio

2183 4486 2438 4555 ἴηλονότι.
2497 4487 2620 4545 Ἐπὶ
2680 4486 2842 4544 πλέον
2894 4486 2949 4543 δὲ
3004 4502 3249 4545 ποιεῖται
3285 4490 3385 4557 τὴν
3418 4487 3547 4570 (32)
3596 4488 3649 4545 ἐν
3699 4504 3818 4554 τοῖς

436 4577 559 4628 tant
582 4569 638 4628 in
657 4570 825 4648 aquis
850 4578 1081 4630 montes
1103 4568 1299 4649 ipsisi
1318 4569 1378 4629 in
1401 4572 1547 4632 mari
1586 4574 1741 4636 firmi
1767 4596 1883 4637 non
1915 4589 2075 4655 sunt,

2183 4576 2312 4634 ἱδασι
2357 4580 2606 4657 ταραχὴν
2666 4578 2798 4636 αὒτὰ
2859 4600 2926 4634 τα
2984 4580 3081 4656 ὅρη
3132 4580 3209 4654 μὴ
3255 4568 3562 4657 ἐνιδρυμένα
3617 4588 3685 4657 τῇ
3716 4585 3817 4638 θα-

433 4657 537 4718 sed
573 4658 808 4737 pr0pria
838 4657 1157 4737 agitatione
1180 4658 1428 4719 multum
1453 4662 1621 4739 aquis
1642 4664 1895 4727 afferunt
1917 4687 2077 4729 como

2183 4669 2363 4748 ιάσσῃ,
2422 4666 2559 4724 ἀλλὰ
2614 4674 2691 4742 τῷ
2748 4669 2925 4744 οἰκείῳ
2975 4669 3124 4741 σάλῳ
3177 4668 3338 4727 πολὺν
3368 4672 3692 4745 ἐμποιοῦντα
3725 4673 3815 4728 τὸν

434 4747 731 4839 motionis.
764 4745 911 4809 Cum
938 4748 1115 4826 igitur
1144 4756 1302 4809 terra
1337 4748 1631 4827 turbatur,
1657 4764 1714 4815 et
1744 4773 1913 4835 aquae
1946 4776 2074 4817 ma-

2183 4756 2351 4814 ιλόνον
2408 4770 2525 4821 τοῖς
2568 4755 2772 4819 ὕδασιν.
2828 4755 2967 4814 ’Ὅτε
3018 4759 3188 4813 τοίνυν
3239 4761 3274 4829 ἡ
3318 4759 3417 4835 μὲν
3450 4764 3519 4838 γῆ
3546 4762 3813 4839 ταράσσε-

418 4838 597 4898 τίιιιη
620 4837 799 4900 edent
830 4844 1140 4912 sonum,et
1168 4857 1242 4897 ex
1278 4840 1569 4917 profundo
1598 4842 1913 4918 ebullient,
1943 4865 2077 4907 cum

2183 4870 2273 4927 ται,
2332 4846 2493 4903 ὕδατα
2551 4844 2605 4903 δὲ
2659 4847 2940 4904 θαλασσῶν
2986 4847 3192 4929 ἠχήσει
3225 4852 3311 4906 καὶ
3354 4837 3812 4927 ἂναϐρασθήσεται

434 4940 668 4988 montes
704 4928 1142 4989 transferuntur
1181 4934 1240 4989 et
1275 4931 1781 5008 perturbationem
1835 4936 2079 4999 multam

2183 4960 2223 4995 :x
2264 4937 2459 5015 βυθῶν,
2493 4936 2592 5015 ὅρη
2636 4935 2691 4992 δὲ
2746 4928 3076 5012 μετατίθεται
3122 4941 3211 5017 καὶ
3241 4938 3410 4997 πολὺν
3437 4940 3688 5017 ὑπομένει
3719 4944 3811 4997 τὸν

434 5016 753 5093 sustinent,
779 5036 886 5097 per
916 5027 1374 5097 exsuperantem
1428 5021 1670 5082 Domini
1700 5024 2023 5103 potentiam
2063 5047 2077 5087 :

2183 5028 2423 5108 παραχον,
2480 5024 2565 5082 διὰ
2613 5030 2675 5083 τὸ
2729 5024 3058 5107 ὑπερϐάλλον
3117 5016 3213 5097 τῆς
3267 5016 3537 5105 δυνάμεως
3575 5032 3665 5087 τοῦ
3693 5028 3811 5090 Κυ-

434 5111 597 5181 tunc,
628 5105 842 5186 inquit,
875 5124 981 5169 cor
1024 5107 1521 5187 imperturbatum
1554 5121 1885 5190 permanet,
1920 5117 2079 5195 quod

2183 5105 2272 5176 ιίου
2303 5105 2337 5148 λ’
2368 5105 2510 5191 tota,
2560 5119 2749 5197 φμσὶν,
2796 5105 3065 5185 ἀπτόητος
3115 5121 3270 5196 ἡμῶν
3300 5122 3333 5186 ἡ
3366 5116 3549 5195 καρδία
3581 5118 3673 5173 τοῦ
3702 5118 3807 5172 ἁσ-

3101 4041 3186 4095 καὶ

514 5262 571 5307 ⁰⁴
602 5266 805 5329 Matth.
839 5285 941 5342 vn,
970 5270 1065 5340 l3,
1108 5270 1200 5332 14.
1285 5267 1549 5329 95Rom.
1588 5290 1643 5346 v,
1672 5274 1732 5351 3,
1768 5274 1823 5335 4.
1914 5276 1977 5326 96
2023 5278 2094 5340 Δ(

433 5345 497 5395 99
528 5344 700 5409 Rom.
734 5364 795 5421 ν,
832 5348 887 5411 3.

2189 5296 2310 5356 xxv,
2346 5278 2446 5343 24.
2530 5276 2593 5327 9⁷
2622 5276 2780 5343 Psal.
2814 5294 3018 5352 χχχιιι,
3046 5276 3147 5340 20.
3232 5278 3298 5328 98
3325 5274 3500 5339 Rom.
3534 5291 3660 5351 vni,
3700 5278 3806 5343 57.

516 5484 730 5570 (θΟΠιιι
752 5505 1113 5570 mss_.novem
1137 5504 1269 5550 cum
1293 5487 1524 5570 vulgato
1544 5487 1867 5570 Scriptura:
1890 5502 2073 5561 textu.

2183 5505 2364 5560 textus
2395 5504 2452 5557 et
2483 5494 2667 5557 editio
2703 5496 2894 5556 Paris.
2921 5492 3017 5560 τῆς
3043 5495 3115 5556 εἰς
3145 5495 3275 5550 Θεὸν
3302 5493 3697 5562 πεποιθήσεως,

617 5569 716 5634 τὴν
746 5568 1141 5656 βασιλείαν
1174 5567 1564 5645 ο·)ρανῶ“ι,ΜΟΧ
1596 5565 1736 5632 ﬁdi“
1764 5590 1898 5634 cum
1928 5575 2071 5656 Reg.

2239 5578 2366 5656 (32)
2402 5574 2570 5639 Colb.
2600 5572 3009 5656 pritllusu‘ttptSI
3038 5572 3314 5656 trav._Nec
3339 5574 3420 5635 ita
3443 5572 3811 5656 multo_infra

437 5648 645 5740 quinto
674 5653 699 5701 ί)
733 5647 1155 5737 γεννατος..ΑΙίὶ
1328 5667 1469 5740 mss.
1506 5654 1532 5705 ὁ
1564 5656 1841 5731 γενναίως,
1892 5666 1945 5716 et
2000 5646 2082 5719 i‘ia

2183 5646 2427 5740 luinque
2456 5646 3034 5740 mss.cum_ed_itione
3063 5654 3238 5740 Basil.
3291 5662 3572 5740 ποιοῦντα,
3616 5654 3809 5740 Editio

438 5724 753 5802 legendum
788 5746 942 5813 esse,
975 5726 1023 5786 si
1053 5728 1463 5813 non_aliunde,
1494 5740 1551 5790 at
1578 5724 1646 5793 ea
1685 5724 1953 5811 proxima
1984 5745 2077 5799 ta-
2161 5724 2300 5801 v'ero
2328 5724 2524 5801 I’aris.
2559 5754 2695 5797 cum
2728 5733 2901 5798 Colb.
2958 5746 3123 5797 sexto
3155 5736 3503 5813 ἐμποιοῦντα.
3538 5735 3807 5798 Subinde

439 5822 751 5897 men‘voce
780 5809 1092 5886 ἀταράχως,
1123 5807 1297 5885 plane
1326 5818 1654 5897 c_o_nstare_t.
1685 5807 1699 5811 ⁷

2183 5838 2305 5879 nss.
2342 5829 2462 5880 tres
2492 5820 2527 5886 ἡ
2559 5818 2652 5893 μὶν
2678 5824 2775 5897 γῆ.
2810 5818 3037 5881 Vocula
3081 5807 3272 5893 μέν’ἰη
3302 5815 3480 5879 editis
3501 5814 3805 5879 desidera-

520 5884 633 5962 (3‘1)
668 5887 765 5947 Sic
797 5896 933 5947 octo
956 5884 1100 5948 mss.
1126 5884 1273 5948 cum
1304 5888 1566 5950 editione
1590 5891 1765 5954 Basil.
1805 5903 1882 5957 At
1906 5897 2077 5959 Colb.
2162 5897 2356 5961 batur.
