4138 6408
314 432 424 498 421

1480 428 1798 495 HOMILIA
1844 427 1921 493 IN
1968 429 2332 519 PSALMUM
2377 422 2557 499 XLV.

3574 435 3693 500 422

315 570 505 651 φαλεῖς
564 572 652 627 καὶ
713 568 928 649 βεϐαίας
1010 568 1160 650 ἔχειν
1241 569 1331 626 ἐπὶ
1388 571 1518 625 Θεὸν
1578 570 1671 632 τὰς
1724 568 1955 630 ἐλπίδας.

2051 570 2202 623 tutas
2236 564 2555 641 firmusque
2580 567 2641 628 in
2673 568 2794 629 Deo
2823 585 2962 647 spes
2995 566 3228 629 habeat.
3271 568 3523 631 Turbati
3545 582 3688 633 sunt

316 658 726 740 Ἐταράχθησαν
786 660 852 716 τά
919 655 1016 737 ὅρη
1091 658 1145 715 ἐν
1219 664 1288 734 τῇ
1363 658 1711 737 κραταιότητι
1783 660 1963 717 αὐτοῦ.

322 738 555 805 Δύνασαι
599 750 688 805 καὶ
733 748 1001 827 τροπικῶς
1047 745 1296 804 ἐκλαϐεῖν
1341 748 1436 814 τὴν
1468 744 1702 802 διάνοιαν
1732 755 1823 804 τοῦ
1860 747 1963 824 ῥη-

2049 660 2279 714 monles
2307 656 2369 716 in
2401 656 2720 731 fortudine
2749 658 2903 735 ejus.
2931 659 3108 718 Potes
3135 657 3307 717 etiam
3343 658 3481 720 dicti
3514 658 3692 739 hujus

2050 759 2289 803 sensum
2327 764 2434 824 per
2491 748 2896 829 metaphoram
2950 763 3272 825 exponere,
3326 756 3551 811 montes
3583 771 3685 831 ap-

314 846 426 913 τοῦ,
492 837 591 917 ὅρη
648 838 926 913 ὀνομάζων
980 837 1101 896 τοὺς
1161 835 1688 915 μεγαλοφρονοῦντας
1749 836 1834 894 ἐπὶ
1889 842 1955 909 τῷ

2050 831 2279 910 pellans
2310 853 2433 916 eos,
2469 835 2571 917 qui
2616 835 2690 898 ob
2720 854 2885 898 suam
2934 834 3395 913 magnitudinem
3432 838 3689 903 insoles-

313 927 513 984 ἑαυτῶν
565 927 798 1004 μεγέθει,
860 928 1181 1005 ἀγνοοῦντας
1234 924 1288 981 δὲ
1341 927 1398 981 vi
1414 947 1440 979 ν
1514 932 1605 981 τοῦ
1658 926 1791 983 Θεοῦ
1826 948 1963 1005 κρα-

312 1017 595 1090 ταιότητα,
628 1018 716 1073 καὶ
761 1015 1223 1096 ὐπερυψουμένους
1276 1015 1416 1071 κατὰ
1444 1019 1543 1080 τῆς
1578 1014 1825 1091 γνώσεως
1872 1022 1962 1071 τοῦ

314 1111 468 1185 Θεοῦ,
528 1106 654 1162 εἶτα
708 1104 1029 1180 νικωμένους
1081 1105 1183 1161 ὑπὸ
1237 1106 1344 1160 τῶν
1392 1104 1528 1178 μετά
1572 1101 1840 1179 δυνάμεως
1875 1104 1961 1160 καὶ

311 1195 496 1275 σοφίας
527 1192 925 1275 πρεσϐευόντων
976 1196 1066 1250 τὸν
1109 1199 1210 1260 τῆς
1266 1194 1452 1270 σοφίας
1485 1191 1671 1273 λόγον,
1705 1196 1792 1249 καὶ
1824 1194 1959 1269 μετά

308 1285 408 1352 τὴν
466 1287 802 1352 συναίσθησιν
840 1289 940 1351 τῆς
1006 1283 1204 1340 ἑαυτῶν
1263 1283 1538 1361 πτωχείας
1598 1280 1954 1360 φοϐουμένους

308 1374 398 1429 τὸν
447 1374 660 1453 Κύριον,
718 1374 807 1430 καὶ
855 1371 1404 1446 ὑποταπεινουμένους
1480 1377 1550 1447 τῇ
1606 1370 1954 1449 κραταιότητι

310 1466 487 1525 αὐτοῦ.
553 1463 641 1519 ’Ἢ
698 1464 845 1542 τάχα
885 1463 1051 1518 καὶόὶ
1095 1460 1355 1541 ἄρχοντες
1398 1462 1489 1516 τοῦ
1518 1461 1711 1519 αἰῶνος
1739 1461 1951 1534 τούτου,

309 1553 396 1609 καὶ
444 1552 666 1632 πατέρες
725 1557 823 1618 τῆς
854 1549 1227 1626 ἀπολλυμένης
1281 1550 1490 1628 σοφίας,
1537 1546 1634 1627 ὅρη
1684 1551 1770 1605 καὶ
1814 1552 1956 1608 αὐτοὶ

308 1639 577 1719 λέγονται,
638 1645 1023 1719 ταρασσόμενοι
1083 1642 1139 1695 ἒν
1183 1637 1250 1714 τῇ
1293 1646 1384 1696 τοῦ
1429 1637 1654 1715 Χριστοῦ
1697 1639 1956 1717 κραταιό-

308 1752 453 1800 τητι,
479 1730 547 1798 ἢν
577 1729 632 1785 ἐν
661 1737 738 1804 τῷ
766 1731 932 1808 ἀγῶνι
990 1726 1074 1787 διὰ
1132 1737 1225 1786 τοῦ
1267 1735 1491 1806 σταυροῦ
1539 1725 1662 1807 (33)
1710 1730 1838 1806 πρὸς
1868 1750 1959 1783 τον

305 1822 368 1877 τὸ
398 1820 589 1899 κράτος
638 1820 838 1900 ἔχοντα
884 1829 977 1879 τοῦ
1027 1822 1255 1875 θανάτου
1310 1816 1633 1883 ἐπεδείξατο.
1693 1816 1958 1875 Ἀπεκδυ-

2046 931 2207 996 cunt,
2248 924 2354 985 Dei
2378 944 2511 987 vcro
2548 924 2949 988 fortitudinem
2990 924 3283 1002 ignorant,
3320 935 3378 986 et
3407 931 3691 995 extollunt

2045 1026 2179 1070 sese
2210 1023 2415 1076 contra
2439 1015 2545 1077 Dei
2575 1014 2885 1076 scientiam
2916 1013 3054 1093 :qui
3090 1022 3283 1075 tamen
3310 1021 3684 1094 postmodum

2044 1096 2116 1159 ab
2148 1101 2223 1160 iis
2267 1103 2367 1182 qui
2401 1123 2535 1166 cum
2598 1104 2815 1166 virtute
2866 1112 2922 1165 et
2979 1103 3269 1183 sapientia
3309 1105 3549 1169 verbum
3586 1130 3686 1173 sa-

2044 1187 2280 1267 pientiae
2306 1194 2660 1271 praedicant,
2719 1201 3076 1275 superantur
3122 1193 3580 1277 vincunturque,
3631 1210 3690 1262 et

2040 1296 2164 1338 suae
2194 1279 2454 1359 ipsorum
2492 1284 2709 1365 inopia:
2741 1284 2877 1345 facti
2909 1282 3157 1362 conscii,
3215 1284 3425 1346 timent
3474 1289 3685 1352 Domi-

2044 1386 2286 1440 num,ac
2316 1389 2379 1432 se
2408 1372 2536 1451 ejus
2562 1374 2843 1453 potentiae
2876 1372 3249 1436 submittunt.
3273 1380 3387 1436 Aut
3421 1374 3685 1441 fortassis

2041 1464 2097 1547 et
2131 1457 2429 1540 principes
2459 1462 2667 1524 saeculi
2702 1464 2903 1543 hujus,
2928 1470 2987 1523 et
3020 1470 3217 1543 patres
3249 1464 3551 1543 sapientiae
3575 1487 3682 1547 pe-

2041 1546 2268 1620 riturae,
2298 1560 2526 1613 montes
2571 1552 2856 1614 dicuntur
2888 1560 2944 1612 et
2974 1551 3109 1631 ipsi,
3164 1553 3264 1633 qui
3298 1553 3521 1617 turbati
3551 1546 3689 1620 sunt

2040 1636 2097 1697 in
2131 1637 2344 1702 Christi
2396 1640 2765 1718 fortitudine,
2802 1660 2975 1723 quam
3021 1642 3079 1702 in
3127 1642 3322 1704 crucis
3361 1648 3686 1708 certamine

2041 1735 2249 1788 contra
2272 1747 2407 1789 eum
2442 1731 2544 1810 qui
2580 1731 2895 1812 imperium
2928 1731 3136 1793 mortis
3177 1732 3454 1809 habebat,
3479 1745 3685 1797 osten-

2042 1815 2148 1878 dit.
2178 1814 2395 1880 Exutus
2426 1822 2583 1882 enim
2619 1821 2792 1883 veluti
2816 1838 3143 1900 generosus
3175 1822 3470 1903 quiSpiam
3505 1826 3689 1887 athle-

309 1910 538 1984 σᾶμενος
593 1911 716 1989 γὰρ,
780 1909 959 1985 ὥσπερ
1025 1929 1105 1969 τις
1162 1919 1408 1983 γενναῖος
1451 1906 1779 1986 ἀγωνιστὴς,
1822 1929 1955 1962 κατ-

2047 1913 2123 1984 ta,
2160 1908 2526 1987 principatus
2557 1929 2625 1970 ac
2653 1919 2974 1990 potestates
3003 1912 3323 1993 superavit,
3360 1932 3428 1975 ac
3458 1912 3686 1977 Osten-

305 1997 562 2054 επάλαισε
614 2000 708 2063 τὰς
774 1998 949 2077 ἀρχὰς
1021 1997 1239 2058 καὶτὰς
1283 1994 1542 2072 ἔξουσίας,
1600 1996 1686 2053 καὶ
1745 1994 1957 2073 Ἐδειγ-

306 2087 527 2160 μάτισεν
601 2089 659 2144 ἒν
740 2086 1027 2165 παρρησίᾳ,
1103 2081 1454 2163 Θριαμϐεύσας
1525 2085 1711 2148 αὐτοὺς
1772 2084 1825 2142 ἐν
1892 2092 1960 2159 τῷ

314 2174 451 2251 ξύλῳ
461 2224 474 2238 .

384 2265 445 2325 4.
506 2270 610 2323 Τοῦ
666 2271 911 2340 ποταμοῦ
969 2265 1036 2320 τὰ
1093 2265 1382 2343 ὁρμήματα
1438 2264 1765 2341 εὐφραίνουσι
1838 2262 1957 2343 (34)

301 2355 402 2421 τὴν
444 2352 598 2411 πόλιν
652 2360 746 2410 τοῦ
797 2361 951 2412 Θεοῦ.
1014 2354 1089 2412 Τὰ
1161 2353 1258 2428 μὲν
1326 2351 1537 2431 ἁλμυρὰ
1607 2351 1769 2409 ὕδατα
1819 2377 1956 2433 σφο-

301 2442 434 2523 δρῶς
480 2445 583 2500 ὑπὸ
625 2449 730 2499 τῶν
762 2442 1077 2518 πνευμάτων
1121 2440 1557 2517 ἐκταρασσόμενα
1604 2441 1827 2521 ἤχησαν
1868 2458 1958 2513 καὶ

300 2532 676 2612 ἐταράχθησαν
703 2547 716 2562 ⁸
751 2534 817 2588 τὰ
844 2531 900 2587 δὲ
951 2540 1045 2591 τοῦ
1096 2539 1340 2606 ποταμοῦ
1392 2530 1679 2608 ὁρμῆματα
1720 2531 1958 2610 ἀψοφητὶ

299 2621 581 2702 προϊόντα,
613 2623 701 2678 καὶ
731 2621 914 2702 ἡσυχῆ
946 2634 1067 2685 τοῖς
1118 2620 1279 2686 ἀξίοις
1324 2624 1423 2687 τῆς
1476 2619 1749 2700 ὑποδοχῆς
1798 2620 1954 2699 επιβ-

299 2711 508 2789 ῥὲοντα,
570 2711 901 2790 εὐφραίνουσι
959 2710 1057 2778 τὴν
1102 2707 1260 2766 πόλιν
1308 2716 1401 2765 τοῦ
1457 2716 1611 2769 Θεοῦ.
1662 2710 1760 2768 Καὶ
1799 2717 1883 2766 νῦν
1928 2712 1957 2766 ὁ

301 2799 502 2864 δίκαιος
561 2801 698 2858 πίνει
751 2803 812 2857 τὸ
868 2801 973 2872 ζῶν
1034 2797 1195 2879 ὕδωρ,
1243 2799 1331 2854 καὶ
1387 2798 1603 2879 ὓστερον
1662 2796 1715 2853 δὲ
1781 2800 1956 2855 πίεται

304 2888 689 2971 ἀφθονώτερον,
735 2890 893 2958 ἡνίκα
955 2886 1016 2946 ἂν
1074 2886 1515 2966 πολιτογραφηθῇ
1571 2886 1624 2943 ἐν
1681 2887 1748 2963 τῇ
1804 2888 1957 2946 πόλει

304 2988 397 3038 τοῦ
454 2986 607 3041 Θεοῦ.
668 2977 838 3035 Ἀλλὰ
893 2984 980 3035 νῦν
1031 2979 1130 3055 μὲν
1183 2976 1253 3033 δι’
1303 2976 1559 3054 ἐσόπτρου
1590 2979 1677 3033 καὶ
1710 2978 1764 3034 ἐν
1792 2980 1953 3056 αἰνίγ-

307 3088 433 3145 ματι
492 3068 653 3144 πίνει,
712 3066 796 3124 διὰ
874 3068 973 3136 τὴν
1038 3068 1175 3125 κατὰ
1251 3067 1426 3146 βραχύ
1486 3065 1790 3143 κατάληψιν
1846 3075 1952 3124 τῶν

297 3159 448 3215 θείων
477 3160 843 3235 θεωρημάτων
868 3174 881 3188 ⁸
942 3156 1064 3213 τότε
1123 3153 1178 3212 δὲ
1232 3158 1364 3231 ὁμοῦ
1396 3154 1820 3236 πλημμυροῦντα
1864 3160 1952 3213 τὸν

297 3248 542 3322 ποταμὸν
598 3245 928 3321 ὑποδέξεται,
988 3252 1165 3303 πᾶσαν
1227 3243 1294 3300 δι’
1349 3246 1670 3324 εὐφροσύνης
1729 3246 1951 3303 ἐπικλύ-

300 3340 410 3404 ζειν
468 3331 755 3407 δυνάμενον
799 3334 898 3401 τὴν
954 3332 1111 3389 πόλιν
1154 3339 1249 3389 τοῦ
1297 3338 1452 3395 Θεοῦ.
1515 3333 1602 3398 Τίς
1650 3332 1697 3389 δ’
1753 3332 1812 3391 ἂν
1859 3333 1950 3401 εἵη

303 3424 331 3478 6
375 3425 613 3499 ποταμὸς
669 3425 762 3480 τοῦ
816 3430 948 3481 Θεοῦ
990 3422 1027 3491 ἢ
1070 3424 1132 3480 τὸ
1180 3428 1394 3496 Πνεῦμα
1438 3421 1497 3477 τὰ
1554 3421 1730 3500 ἅγιον,
1767 3423 1826 3480 ὲκ
1852 3429 1949 3491 τῆς

300 3512 527 3574 πίστεως
578 3518 683 3568 τῶν
725 3514 799 3576 εἰς
852 3514 1079 3591 Χριστὸν
1134 3531 1565 3569 πεπιστευκοτων
1610 3512 1951 3591 ἐγγινόμενον

301 3615 419 3667 τοῖς
473 3601 690 3679 ἀξίοις,
750 3599 811 3660 Ὀ
857 3603 956 3681 γὰρ
1008 3602 1293 3672 πιστεύων,
1338 3601 1522 3680 φησὶν,
1574 3602 1646 3667 εἰς
1690 3601 1808 3678 ἐμὲ,
1845 3624 1950 3660 πο-

302 3694 461 3769 ταμοὶ
519 3692 580 3749 ἐκ
627 3697 728 3760 τῆς
781 3690 985 3756 κοιλίας
1045 3693 1203 3749 αὐτοῦ
1257 3690 1494 3768 ῥεύσουσι
1533 3708 1545 3722 ⁶
1591 3693 1681 3748 καὶ
1735 3691 1894 3749 πάλιν
1927 3708 1942 3725 ⁸

304 3782 431 3842 Ἐάν
486 3802 567 3848 τις
606 3787 703 3859 πίῃ
766 3782 829 3839 ὲκ
885 3789 979 3838 τοῦ
1020 3780 1207 3846 ὕδατος
1255 3783 1318 3837 οῦ
1376 3782 1484 3859 εγὼ
1527 3778 1737 3858 δίδωμι,
1782 3783 1949 3861 γενή-

304 3892 452 3929 σεται
518 3871 573 3928 ἐν
650 3873 794 3944 αὐτῷ
838 3872 993 3950 πηγὴ
1048 3868 1236 3935 ὕδατος
1316 3868 1611 3946 ἁλλομένου
1667 3872 1740 3936 εἰς
1806 3872 1950 3942 ζωὴν

306 3959 539 4025 αἰῶνιον.
602 3960 765 4025 Οὗτος
820 3962 992 4018 τοίνυν
1047 3962 1075 4017 6
1134 3961 1376 4035 ποταμὸς
1454 3961 1712 4039 εὐφραίνει
1777 3967 1953 4018 πᾶσαν

305 4053 441 4128 ὁμοῦ
498 4051 599 4117 τὴν
648 4050 805 4109 πόλιν
849 4057 944 4109 τοῦ
1000 4057 1151 4127 Θεοῦ,
1207 4048 1327 4119 ἤτοι
1358 4049 1457 4118 τὴν
1495 4048 1819 4119 Ἐκκλησίαν
1854 4057 1952 4108 τῶν

305 4141 366 4195 τὸ
421 4137 718 4215 πολίτευμα
746 4140 985 4220 ἐχόντων
1012 4141 1068 4198 ἒν
1104 4141 1350 4219 οὐρανοῖς
1376 4154 1390 4170 ⁸
1426 4139 1464 4210 ἢ
1489 4145 1662 4197 πᾶσαν
1692 4140 1790 4209 τὴν
1820 4163 1952 4208 νοη-

306 4225 406 4293 τὴν
463 4226 632 4284 κτίσιν
689 4226 797 4283 ἀπὸ
852 4235 958 4286 τῶν
1029 4230 1399 4307 ὑπερκοσμίων
1460 4226 1731 4306 δυνάμεων
1787 4229 1952 4311 μέχρι

305 4322 414 4374 τῶν
444 4314 784 4394 ἀνθρωπίνων
818 4321 1012 4396 ψυχῶν
1043 4316 1201 4373 πόλιν
1259 4319 1372 4397 χρὴ
1415 4331 1561 4375 νοεῖν
1610 4319 1955 4399 εὐφραινομέ-

307 4429 402 4476 νην
459 4406 562 4463 ὑπὸ
621 4409 721 4474 τῆς
771 4404 1020 4485 ἐπιῤῥοῆς
1074 4412 1168 4463 τοῦ
1223 4406 1373 4485 ἀγίο.)
1429 4408 1755 4482 Πνεύματος.
1805 4409 1953 4483 Ὀρί-

304 4505 483 4571 ζονται
540 4497 641 4575 γάρ
716 4517 858 4561 τινες
918 4493 1074 4554 πόλιν
1153 4495 1295 4552 εἶναι
1354 4497 1600 4572 σύστημα
1657 4495 1949 4579 ἱδρυμένον,

2048 2002 2197 2056 tavit
2227 1997 2451 2076 palam,
2489 2000 2867 2081 triumphans
2894 2002 2963 2063 de
2998 2002 3122 2063 illis
3145 2004 3208 2063 in
3235 2001 3406 2080 ligno
3435 2004 3481 2068 ί.

2124 2266 2181 2323 4.
2195 2262 2762 2329 Vens.5.Fluminis
2780 2270 3040 2348 impetus
3055 2268 3363 2347 laetiﬁcum
3380 2275 3689 2338 civitatem

2046 2353 2152 2444 Dei
2179 2354 2420 2417 Marine;
2440 2355 2680 2435 quidem
2702 2375 2872 2437 aqua}
2898 2357 3324 2420 vehementera
3347 2362 3536 2424 ventis
3560 2382 3690 2444 per-

2045 2441 2293 2503 turbalte
2331 2453 2661 2506 sonuerunt
2691 2454 2749 2509 et
2802 2446 3051 2509 turbatas
3071 2456 3209 2509 sunt
3240 2466 3253 2511 :
3287 2449 3391 2512 sed
3422 2441 3688 2515 ﬂuminis

2044 2534 2301 2623 impetus
2356 2533 2487 2599 sine
2539 2535 2786 2614 strepitu
2839 2536 3251 2614 procedentes,
3307 2548 3367 2600 et
3398 2551 3689 2623 quotquot

2043 2621 2203 2700 digni
2226 2631 2362 2684 sunt
2392 2624 2492 2702 qui
2524 2640 2629 2682 eos
2649 2624 2965 2704 recipiant,
2994 2624 3066 2685 iis
3093 2625 3304 2687 leniter
3334 2621 3684 2709 allaben'tes,

2043 2710 2347 2775 lectiticant
2403 2712 2697 2774 civitatem
2750 2710 2879 2777 Dei.
2945 2712 3017 2774 Et
3086 2732 3243 2781 nunc
3290 2716 3489 2795 justus
3539 2719 3691 2782 bibit

2042 2820 2251 2881 aquam
2286 2801 2474 2863 vivam
2508 2801 2554 2882 ί,
2590 2809 2767 2882 atque
2793 2810 2995 2883 postea
3027 2805 3325 2883 copiosius
3356 2805 3686 2887 bibet,cum

2044 2891 2266 2952 civitati
2284 2890 2693 2971 Deiascriptus
2713 2892 2907 2955 fuerit.
2925 2896 2953 2953 1
2969 2894 3057 2953 75
3074 2895 3247 2973 Atqui
3268 2914 3421 2957 nunc
3441 2898 3685 2974 quidem

2040 2998 2143 3059 per
2177 2981 2489 3061 speculum
2524 2981 2662 3043 etin
2696 2985 3009 3060 aenigmate
3032 2984 3063 3033 3
3094 2982 3265 3065 bibit,
3313 2984 3387 3046 ob
3414 2987 3685 3064 exiguam

2037 3068 2365 3129 divinarum
2401 3071 2972 3151 contemplationum
3010 3074 3452 3152 perceptionem
3491 3097 3505 3138 :
3543 3085 3680 3141 tunc

2038 3175 2174 3219 vero
2207 3159 2381 3220 simul
2409 3166 2847 3237 restagnantem
2882 3160 3123 3224 ﬂuvium
3156 3172 3516 3243 excepturus
3565 3180 3678 3245 est,

2039 3248 2141 3325 qui
2174 3258 2351 3310 totam
2407 3248 2508 3310 Dei
2567 3249 2865 3313 civitatem
2914 3251 3116 3313 latitia
3151 3252 3445 3314 inundare
3473 3261 3677 3335 possit.

2037 3336 2180 3410 Quis
2210 3347 2411 3402 autem
2464 3339 2641 3401 fuerit
2689 3340 2902 3401 ﬂuvius
2952 3339 3064 3402 iste
3115 3341 3245 3415 Dei,
3281 3341 3395 3403 nisi
3426 3342 3684 3424 Spiritus

2036 3438 2301 3504 sanctus,
2338 3428 2435 3506 qui
2464 3427 2659 3507 dignis
2689 3428 2975 3509 illabitur,
3009 3430 3337 3493 secundum
3372 3433 3549 3496 ﬁdem
3577 3456 3683 3500 eo-

2034 3534 2164 3576 rum
2192 3518 2293 3595 qui
2316 3518 2373 3577 in
2401 3517 2701 3579 Christum
2747 3517 3185 3580 crediderunt?
3215 3518 3338 3594 Qui
3366 3524 3548 3599 enim,
3585 3528 3682 3589 in-

2034 3605 2770 3686 quit,ereditin,'me,ﬂuvii
2782 3607 3075 3670 devenire
3086 3610 3215 3684 ejus
3225 3609 3688 3686 lluent4.Etrur-

1990 3744 1999 3755 .
2034 3713 2172 3755 sus:
2200 3694 2270 3756 Si
2291 3696 2428 3775 quis
2455 3694 2676 3757 biberit
2702 3713 2780 3757 e1:
2799 3713 2963 3775 aqua
3000 3714 3184 3776 quam
3206 3715 3317 3776 ego
3343 3700 3439 3775 de,
3472 3702 3575 3781 ﬁet
3617 3709 3683 3770 in

2033 3802 2100 3845 eo
2114 3783 2252 3863 fons
2280 3802 2450 3863 aqua:
2466 3786 2745 3847 salientis
2767 3788 2831 3846 in
2845 3787 3033 3847 vitam
3064 3793 3359 3849 aeternam
3382 3789 3551 3854 5.llic
3577 3796 3681 3857 ita-

2035 3892 2153 3950 que
2186 3874 2400 3935 ﬂuvius
2430 3892 2669 3935 omnem
2702 3874 2881 3969 simul
2916 3875 3021 3936 Dei
3072 3874 3367 3938 civitatein
3403 3879 3676 3969 laetiﬁcat,

2038 3980 2255 4043 nempe
2285 3968 2505 4026 coetum
2524 3963 2866 4043 θοι-οη),ᾳυί
2890 3982 3056 4025 suam
3086 3964 3146 4024 in
3171 3965 3334 4027 caelis
3356 3963 3679 4035 conversa;

2040 4059 2261 4115 tionem
2288 4053 2547 4116 habent:
2583 4063 2683 4114 aut
2734 4071 2971 4114 omnem
3004 4064 3337 4118 creaturam
3372 4057 3683 4128 intellectu

2041 4143 2343 4224 praeditam
2359 4162 2411 4218 ,a
2432 4143 2746 4204 virtutibus
2774 4143 3117 4206 caalestibus
3140 4164 3330 4225 usque
3349 4148 3422 4210 ad
3453 4153 3684 4217 animas

2040 4234 2355 4307 humanas,
2434 4233 2734 4295 civitatem
2803 4232 3051 4312 intelligi
3116 4243 3372 4317 oportet,
3426 4237 3686 4321 Spiritus

2040 4324 2233 4387 sancti
2282 4323 2668 4385 inundatione
2725 4322 3105 4385 laetiﬁcatam.
3146 4324 3378 4388 Etenim
3414 4335 3686 4398 nonnulli

2043 4416 2121 4477 ita
2142 4415 2435 4476 civitatem
2463 4413 2848 4486 definiunt,ut
2871 4414 3069 4474 dicant
3092 4414 3365 4477 stabilem
3390 4436 3519 4481 esse
3536 4442 3687 4486 con-

2040 4503 2304 4581 gregatio
2315 4503 2814 4578 nem,secundum
2838 4503 3025 4581 legem
3045 4502 3114 4564 ad
3128 4502 3511 4570 ministratam
3529 4514 3692 4576 .Tra-

306 4589 445 4647 κατὰ
487 4588 650 4664 νόμον
707 4585 1095 4664 διοικούμενον.
1132 4584 1451 4667 Ἐφαρμόζει
1496 4586 1551 4643 δὲ
1593 4590 1681 4645 καὶ
1736 4596 1806 4668 τῇ
1848 4589 1955 4648 ἄνω

2043 4592 2167 4654 dita
2196 4600 2390 4653 autem
2426 4592 2695 4654 deﬁnitio
2727 4592 3001 4672 civitatis,
3037 4594 3213 4653 etiam
3248 4594 3334 4655 illi
3367 4614 3502 4676 quas
3546 4620 3688 4664 sur-

310 4677 665 4759 Ἰερουσαλὴμ
722 4683 792 4755 τῇ
842 4676 1139 4756 ἰπουρινίῳ
1214 4676 1370 4734 πόλει
1432 4680 1460 4735 6
1516 4676 1789 4745 ἀποδοθεὶς
1837 4681 1959 4755 ὅρος

306 4773 408 4839 τῆς
452 4767 690 4832 πόλεως,
738 4768 995 4844 Σύστημα
1042 4768 1143 4848 γὰρ
1198 4767 1356 4825 κάκεῖ
1413 4768 1521 4825 τῶν
1578 4771 1954 4849 πρωτοτόκων,

307 4864 413 4915 τῶν
463 4857 961 4937 ἀπογεγραμμένων
1042 4856 1096 4913 ἰν
1161 4858 1408 4936 οὐρανοῖς
1444 4876 1459 4893 ⁸
1540 4859 1629 4916 καὶ
1690 4859 1960 4940 ἱδρυμένον

307 4955 464 5007 τοῦτο
509 4946 594 5005 διά
652 4949 716 5006 τὸ
745 4946 1136 5024 ἀμετακίνητον
1179 4947 1277 5016 τῆς
1329 4945 1601 5027 διαγωγῆς
1634 4955 1741 5007 τῶν
1769 4951 1957 5030 ἁγίων,

310 5039 399 5096 καὶ
438 5038 577 5096 κατὰ
607 5037 771 5115 νόμον
820 5039 912 5094 τὸν
956 5036 1195 5115 οὐράνιον
1249 5034 1373 5118 (35)
1418 5034 1805 5116 διοικούμενον.
1851 5044 1962 5112 Τὴν

312 5129 486 5188 τοίνυν
511 5126 745 5197 διάταξιν
775 5128 981 5196 ἰκείνης
1015 5127 1114 5197 τῆς
1144 5126 1442 5206 πολιτείας,
1492 5130 1581 5187 καὶ
1628 5138 1804 5191 πᾶσαν
1861 5135 1962 5203 τὴν

312 5217 667 5297 διακόσμησιν
723 5221 1080 5295 καταμαθεῖν,
1131 5217 1376 5296 οὐδεμιᾶς
1426 5219 1570 5277 ἐστιν
1628 5224 1960 5303 ἀνθρωπίνης

2043 4699 2172 4742 sum
2198 4689 2288 4743 est
2324 4684 2653 4745 Jerusalem
2696 4682 2923 4743 ccelesti
2958 4683 3179 4743 civitati
3211 4688 3497 4763 congruit.
3536 4693 3687 4755 Nam

2044 4775 2106 4833 et
2131 4770 2253 4832 illic
2275 4779 2365 4833 est
2397 4772 2926 4851 primogenitorum
2962 4769 3397 4851 descriptorum
3428 4776 3489 4838 in
3525 4784 3691 4845 cmlis

2046 4863 2447 4943 congregatio,
2481 4870 2659 4943 atque
2691 4878 2761 4921 ea
2793 4858 2868 4920 ob
2921 4860 3356 4923 immutabilem
3387 4866 3513 4929 vitae
3545 4889 3687 4932 san-

2046 4958 2276 5013 ctorum
2307 4952 2599 5013 rationem
2632 4948 2863 5040 stabilis
2898 4965 2967 5040 ac
3019 4949 3189 5040 ﬁrma
3219 4959 3332 5040 est,
3365 4964 3424 5016 et
3456 4975 3531 5018 ex
3560 4959 3691 5040 lege

2045 5040 2275 5104 caelesti
2304 5038 2873 5121 gubernatur.Illius
2896 5038 3095 5119 itaque
3127 5038 3391 5104 civitatis
3415 5038 3690 5113 ordinem

2043 5147 2114 5193 ac
2127 5137 2402 5192 ornatum
2417 5146 2655 5193 omnem
2676 5127 3021 5210 perdiscere
3037 5127 3311 5193 humana;
3330 5140 3560 5199 naturae
3570 5158 3691 5205 non

2045 5228 2158 5285 est.
2194 5218 2296 5283 llla
2329 5227 2490 5301 sunt,
2526 5220 2673 5295 Quae
2704 5219 2918 5281 oculus
2948 5233 3071 5280 non
3100 5219 3276 5295 vidit,
3310 5239 3502 5305 neque
3525 5237 3697 5295 eum

401 5392 420 5433 ¹
455 5389 679 5456 Coloss.
711 5410 780 5476 ιι,
812 5394 912 5458 ιδ.
996 5392 1216 5459 ’Joan.
1251 5408 1334 5473 ιν,
1375 5395 1475 5457 10.
1560 5396 1649 5460 31
1679 5399 1820 5467 Cor.
1847 5419 1955 5484 xm

2047 5406 2106 5466 2.
2194 5398 2225 5449 4
2253 5394 2431 5459 Joan.
2467 5411 2571 5475 vn,
2594 5392 2695 5457 38.
2782 5394 2814 5444 4
2843 5395 3014 5458 Joan.
3048 5410 3135 5470 tv,
3169 5392 3266 5458 l3.

403 5601 639 5697 (33)_Ita
684 5622 789 5668 sex
822 5624 965 5670 mss.
1008 5612 1083 5669 At
1110 5610 1295 5697 edi‘io
1350 5608 1539 5674 Paris.
1596 5612 1651 5669 ἐν
1684 5621 1760 5689 τῷ
1805 5618 1970 5697 ἀγῶνι
2057 5618 2117 5680 in
2143 5616 2326 5679 veteri
2350 5632 2488 5676 vero
2524 5610 2773 5693 perinde
2798 5620 2973 5691 atque
3020 5610 3077 5672 in
3111 5610 3389 5687 Vulgata,
3442 5622 3702 5697 impetus

317 5692 568 5764 σταυροῦ.
1215 5693 1237 5744 t

324 5855 384 5911 et
406 5849 486 5909 ita

405 5764 534 5908 (34}
563 5766 642 5859 Τᾷ
671 5768 964 5846 ὁρμήματα
986 5770 1304 5852 εὖφρίνουαι,
1333 5774 1597 5854 impetus
1629 5774 1968 5857 laetiﬁcum,

406 5854 486 5908 tta
538 5856 733 5908 emitur
753 5852 815 5908 in
846 5864 999 5908 nova
1022 5851 1334 5908 Ammstini
1364 5858 1629 5908 Onerum
1652 5857 1917 5908 aditinnn
1954 5883 1966 5895 -

538 5851 733 5929 egitur
753 5852 815 5910 in
846 5864 999 5909 nova
1022 5851 1335 5930 Augustini
1364 5851 1630 5935 operum
1652 5851 1917 5924 editione
1954 5851 1966 5925 Ξ

2059 5699 2506 5855 ιωίέζέῗηζοεινο
2536 5773 2717 5836 editio
2780 5773 2965 5848 Paris,
3021 5786 3339 5852 operarum
3394 5780 3707 5844 oscitantia

2057 5880 2162 5943 pro
2196 5861 2431 5936 οὒράνιον
2464 5856 2643 5917 habet
2673 5856 2913 5933 οὐρανόν.
