4106 6428
436 453 554 519 423

1776 443 1839 508 S.
1882 440 2165 506 BASILII
2208 437 2461 505 MAGNI

3706 438 3825 504 424

434 588 697 659 audivit,
731 601 926 664 neque
955 585 1017 644 in
1054 598 1161 645 cor
1189 580 1458 644 hominis
1478 577 1913 641 ascenderunt:
1946 592 2078 654 quae

2165 574 2389 654 φύσεως.
2451 572 2669 632 Ἐκεῖνα
2714 577 2815 653 γάρ
2874 576 3040 651 ἐστιν,
3106 573 3187 631 ’Ἃ
3263 573 3535 655 ὀφθαλμὸς
3595 574 3692 633 οὒκ
3738 576 3825 631 εἶ·-

431 680 807 759 ρνιερανιιυὶι
841 671 1006 733 Deus
1036 673 1117 731 iis
1147 672 1255 759 qui
1286 669 1560 759 diligunt
1592 667 1769 728 illum
1811 665 1845 716 θ
1868 684 1901 759 ;_
1933 684 2082 746 prae-

438 756 707 848 terquam
735 763 892 844 quod
926 760 1007 821 ibi
1042 758 1343 839 reperitur
1388 758 1704 818 innumera
1735 756 2080 848 angelorum

438 844 777 923 multitudo,
812 857 1275 928 sanctorumque
1329 854 1678 924 conventus,
1735 853 1793 907 et
1822 844 2084 909 Ecclesia

436 944 965 1027 primogenitorum
1016 938 1453 1018 descriptorum
1490 935 1546 1027 in
1572 935 1741 1027 caelis
1774 936 1824 996 7.
1872 934 1955 1027 De
1985 933 2084 1027 illa

436 1023 582 1097 dicit
603 1031 810 1094 David:
836 1028 1114 1090 Gloriosa
1133 1028 1295 1089 dicta
1319 1032 1458 1087 sunt
1489 1024 1563 1085 de
1584 1026 1883 1095 te,civitas
1903 1023 2008 1083 Dei
2026 1024 2077 1080 8.

435 1124 667 1187 Civitati
690 1121 776 1181 illi
804 1136 907 1199 per
937 1116 1148 1179 Isaiam
1185 1116 1497 1196 pollicetur
1528 1111 1686 1174 Deus
1723 1134 1735 1175 :
1766 1112 1997 1173 Panum
2029 1122 2085 1173 le

433 1213 899 1278 ewsuttationem
951 1215 1269 1284 asternam,
1322 1205 1604 1266 latitiam
1634 1204 2081 1280 generationum

433 1300 957 1385 generationibus;
989 1304 1053 1358 et
1093 1313 1214 1357 non
1247 1297 1363 1385 erit
1390 1293 1710 1385 contritio,
1739 1310 1933 1385 neque
1964 1294 2081 1352 mi-

433 1381 594 1455 seria
624 1394 691 1453 in
723 1391 994 1451 terminis
1024 1390 1189 1461 tuis;
1249 1384 1349 1445 sed
1387 1381 1672 1445 salutare
1707 1382 2084 1443 vocabuntur

434 1483 598 1544 muri
631 1485 721 1543 tui
746 1478 801 1542 9.
853 1475 1086 1540 Erectis
1147 1473 1329 1552 igitur
1375 1477 1593 1532 animae
1650 1470 1860 1543 oculis,
1897 1481 2081 1532 utres

434 1586 722 1651 supernas
751 1568 1153 1646 decet,quaere
1187 1578 1316 1642 qua:
1341 1568 1483 1623 cunt
1503 1559 1754 1623 civitatis
1788 1560 2078 1632 Dei.Quid

2166 662 2273 743 δεν,
2334 664 2450 721 οὔτε
2505 667 2591 730 οὓς
2672 664 2921 745 ἤκουσεν,
2985 664 3103 722 οὕτε
3188 664 3272 722 ἐπὶ
3342 664 3559 743 καρδίαν
3610 664 3821 744 ἀνθρώ-

2167 774 2268 811 που
2338 752 2529 833 ἀνέϐη,
2612 755 2645 809 ἂ
2722 755 3014 830 ἡτοίμασεν
3100 757 3128 811 6
3180 755 3311 819 Θεὸς
3370 767 3490 820 τοῖς
3542 756 3825 833 ἀγαπῶσιν

2167 844 2324 898 αὑτὸν
2358 861 2372 875 ’
2433 842 2577 910 πλὴν
2633 842 2714 900 ὅτι
2760 842 3007 923 μυριάδες
3057 843 3299 923 ἀγγέλων
3361 843 3499 915 ἐκεῖ,
3535 845 3624 901 καὶ
3681 867 3823 901 παν-

2167 932 2361 1009 ήγυρις
2395 932 2583 1009 ἁγίων,
2619 934 2709 989 καὶ
2737 931 3032 999 Ἐκκλησία
3065 934 3423 1009 πρωτοτόκων
3466 934 3826 1011 ἀπογεγραμ-

2167 1020 2341 1095 μένων
2374 1021 2428 1076 ἒν
2457 1022 2725 1101 οὖρανοϊς.
2767 1025 2891 1099 Περὶ
2924 1022 3131 1090 ἐκείνης
3162 1024 3323 1102 φησὶν
3356 1025 3384 1079 6
3450 1020 3611 1079 Δαϐίδ
3640 1038 3653 1053 ⁹
3720 1032 3825 1078 Δε-

2166 1107 2462 1185 δοξασμὲνα
2542 1110 2781 1181 ἐλαλήθη
2844 1115 2964 1189 περὶ
3019 1113 3133 1191 σοῦ,
3198 1114 3231 1180 ἡ
3290 1112 3449 1178 πόλις
3502 1118 3597 1168 τοῦ
3666 1119 3824 1174 Θεοῦ.

2168 1198 2378 1276 Ἐκείνῃ
2433 1207 2503 1276 τῇ
2562 1198 2717 1258 πόλει
2770 1199 2855 1257 διὰ
2908 1210 3000 1258 106
3055 1203 3283 1259 Ἠσαίου
3339 1200 3735 1281 ἐπαγγέλλεται
3797 1205 3825 1258 6

2167 1290 2319 1362 Θεὸς,
2383 1287 2464 1345 ὅτι
2546 1291 2706 1360 Θήσω
2767 1311 2823 1345 σε
2907 1290 3214 1368 ἁγαλλίαμα
3278 1292 3513 1366 αἰώνιον,
3563 1292 3821 1370 εὐφροσύ-

2164 1399 2262 1443 νην
2348 1379 2544 1455 γενεῶν
2630 1392 2844 1456 γενεαῖς
2881 1394 2895 1409 ⁸
2968 1381 3052 1435 καὶ
3112 1384 3208 1438 οὒκ
3293 1379 3439 1435 ἔσται
3520 1380 3822 1457 σύντριμμα

2166 1464 2282 1522 οὐδὲ
2336 1466 2677 1547 ταλαιπωρία
2752 1468 2805 1524 ἓν
2862 1482 2980 1532 τοῖς
3063 1470 3222 1549 ὁρίοις
3275 1491 3369 1526 σου
3402 1484 3417 1499 ⁸
3481 1468 3621 1526 ἀλλὰ
3676 1469 3819 1536 κλη-

2164 1558 2380 1625 θήσεται
2426 1559 2689 1635 σωτήριον
2739 1558 2802 1616 τὰ
2862 1559 3024 1638 τείχη
3076 1580 3193 1621 σου),
3256 1556 3485 1637 Ἐπάρας
3551 1561 3641 1615 οὗν
3693 1560 3819 1623 τοὺς

2165 1644 2469 1723 ὀφθαλμοὺς
2514 1650 2610 1715 τῆς
2656 1651 2865 1726 ψυχῆς,
2901 1647 3056 1712 ἀξίως
3088 1654 3192 1703 τῶν
3237 1646 3347 1703 ἅνω
3382 1649 3530 1719 ζήτει
3585 1649 3650 1703 τὰ
3700 1650 3818 1719 περὶ

2163 1739 2263 1802 τῆς
2308 1734 2516 1801 πόλεως
2560 1745 2651 1792 106
2696 1744 2847 1797 Θεοῦ.
2890 1738 2944 1796 Γί
2994 1735 3037 1792 δ’
3090 1737 3151 1793 ἂν
3195 1743 3291 1805 τῆς
3327 1737 3442 1793 ἐκεῖ
3471 1739 3815 1816 μακαριότη-

2165 1845 2254 1887 τος
2312 1824 2526 1891 ἒπάξιόν
2557 1847 2639 1887 τις
2670 1825 2967 1898 ἐννοηθείη,
3013 1825 3079 1895 ἣν
3130 1828 3389 1906 εὔφραίνει
3435 1829 3533 1902 μὲν
3567 1831 3594 1883 6
3638 1848 3815 1883 ποτα-

434 1650 611 1741 porro
646 1655 1011 1720 beatitudine
1040 1653 1143 1713 illa
1175 1652 1486 1741 dignuma
1517 1668 1815 1741 quoquam
1843 1650 2043 1727 cxcogi

433 1737 543 1810 ἱετὶ
577 1746 785 1829 possit,
809 1761 992 1821 quam
1019 1741 1273 1803 laetiﬁcat
1302 1739 1543 1821 quidem
1571 1737 1677 1829 Dei
1708 1739 1944 1829 ﬂuvius,
1971 1758 2077 1799 cu-

423 1837 524 1917 jus
557 1828 700 1900 vero
724 1834 929 1897 artifex
964 1837 1054 1893 est
1083 1836 1142 1891 et
1172 1829 1368 1909 opifex
1399 1831 1557 1917 Deus
1592 1828 1721 1907 ipse
1751 1828 1857 1917 402
1880 1828 2077 1889 Sanc-

432 1916 693 2007 tiﬁcavii
717 1920 1174 1987 tabernaculum
1220 1937 1397 1981 suum
1428 1916 1803 2007 Altissimus.
1835 1916 2077 1978 Fortas-

2167 1916 2269 1988 μὸς
2313 1917 2404 1970 106
2458 1923 2611 1987 Θεοῦ,
2661 1921 2913 1996 τεχνίτης
2973 1916 3027 1972 δὲ
3058 1918 3146 1973 καὶ
3201 1916 3529 1995 δημιουργὸς
3587 1921 3730 1973 ἔστιν
3789 1921 3817 1973 6

430 2004 513 2078 sis
544 2033 785 2077 carnem
820 2012 967 2075 dicit
1006 2007 1320 2082 deiferam,
1358 2026 1429 2068 ex
1483 2006 1915 2084 conjunctione
1945 2025 2078 2067 cum

2168 2005 2351 2079 Θεὸς;
2434 2004 2656 2081 Ἠγίασε
2743 2007 2804 2061 τὸ
2882 2007 3143 2081 σκήνωμα
3204 2010 3360 2065 αὐτοῦ
3413 2011 3440 2063 6
3515 2005 3813 2083 ’⁹ῐ’ψιστος.

428 2104 553 2167 Deo
601 2104 1049 2167 sanctiﬁcatam.
1089 2098 1175 2159 Ex
1207 2116 1322 2178 quo
1380 2094 1682 2171 intelliges
1723 2094 2078 2157 tabernacu-

2168 2094 2323 2172 Τάχα
2392 2096 2492 2161 αην
2558 2093 2725 2171 σάρκα
2785 2094 2927 2173 λέγει
2987 2098 3086 2162 τὴν
3131 2099 3406 2175 Θεοφὸρον,
3470 2100 3819 2175 ἁγιασθεϊσαν

428 2195 553 2255 lum
586 2191 899 2271 Altissimi,
944 2189 1142 2270 ipsum
1200 2186 1307 2249 Dei
1335 2184 1681 2263 adventum,
1718 2183 1818 2263 qui
1862 2194 1950 2245 est
1982 2203 2078 2263 per

2166 2180 2250 2238 διὰ
2298 2188 2396 2250 τῆς
2441 2184 2571 2261 πρὸς
2648 2186 2738 2240 τὸν
2801 2188 2931 2241 Θεὸν
3000 2186 3306 2264 συναφείας.
3360 2185 3548 2245 ’¹Ωστε
3608 2190 3819 2258 νοήσεις

428 2300 696 2345 carnem,
887 2270 893 2271 ⁷
2167 2273 2429 2347 σκήνωμα
2474 2280 2569 2329 106
2653 2270 2907 2349 Ὑψίστου
2958 2277 3056 2342 τὴν
3112 2272 3197 2331 διὰ
3254 2276 3448 2353 σαρκὸς
3511 2277 3819 2358 ἐπιφάνειαν

2163 2371 2257 2420 τοῦ
2290 2368 2445 2424 Θεοῦ.

509 2456 1007 2526 5.νειιε.6.ι)εαε
1018 2457 1089 2517 in
1102 2452 1293 2515 medio
1306 2452 1457 2530 eius,
1485 2456 1673 2514 etnon
1687 2450 2078 2514 commovebi-

2242 2451 2302 2514 5.
2362 2448 2423 2509 Ὀ
2477 2454 2607 2516 Θεὸς
2667 2450 2721 2508 ἕν
2771 2453 2921 2528 μέσῳ
2974 2456 3161 2535 αὐτῆς,
3238 2457 3327 2512 καὶ
3370 2455 3430 2511 o6
3485 2453 3813 2526 σαλεδθήσε-

429 2546 890 2627 tur.Adiuvabit
903 2562 1035 2607 eam
1052 2544 1207 2605 Deus
1220 2559 1395 2604 mane
1413 2540 1703 2604 diluculo.
1716 2545 1785 2604 Et
1798 2542 2078 2621 quoniam

2165 2563 2269 2600 ται.
2333 2542 2594 2610 Βοηθήσει
2646 2544 2779 2619 αὐτῇ
2844 2545 2871 2599 6
2917 2546 3070 2614 Θεὸς,
3130 2548 3191 2601 τὸ
3253 2546 3385 2623 πρὸς
3446 2546 3582 2624 πρωὶ
3650 2549 3811 2624 πρωί,

428 2644 588 2702 Deus
618 2639 679 2699 in
713 2635 909 2698 medio
933 2633 1184 2695 civitatis
1210 2639 1323 2711 est,
1357 2649 1486 2693 eam
1521 2630 1846 2692 stabilitate
1883 2631 2074 2691 dona-

2165 2631 2262 2687 Καὶ
2303 2629 2485 2698 ἒπειδὴ
2518 2632 2544 2687 6
2589 2634 2718 2695 Θεὸς
2750 2632 2803 2688 ἐν
2835 2633 2984 2707 μέσῳ
3004 2639 3104 2700 τῆς
3135 2634 3345 2699 πόλεώς
3391 2635 3527 2714 ἐστι,
3563 2636 3627 2691 τὸ
3672 2635 3812 2691 ἀσά-

426 2730 537 2810 bit,
566 2728 758 2809 primo
785 2725 937 2787 lucis
959 2732 1091 2784 ortu
1122 2739 1297 2803 opem
1332 2720 1387 2781 ei
1417 2720 1697 2810 aﬂ‘erens.
1738 2721 1874 2810 Sive
1898 2720 2078 2798 igitur

2165 2719 2344 2777 λευτον
2395 2734 2670 2800 χαριεῖται
2722 2722 2859 2799 αὖτῇ
2915 2723 3015 2790 τὴν
3056 2725 3308 2801 βοήθειαν
3366 2727 3503 2801 αὖτῇ
3555 2726 3805 2804 παρεχό-

422 2807 677 2898 illique
706 2833 943 2877 sursum
998 2819 1089 2874 est
1142 2810 1474 2875 Jerusalem
1529 2807 1606 2885 η,
1641 2809 1762 2871 sive
1790 2808 2075 2870 Ecclesiae

2165 2830 2316 2884 μενος
2348 2810 2403 2865 ἐν
2455 2824 2577 2873 ταῖς
2610 2811 2846 2883 πρώταις
2878 2812 3171 2878 ἀνατολαῖς
3202 2821 3296 2870 τοῦ
3319 2815 3518 2894 φωτός.
3562 2817 3687 2872 Ε’ἰτε
3721 2814 3811 2872 οὗν

426 2926 557 2989 quae
597 2906 752 2968 infra
808 2914 919 2977 est,
982 2901 1238 2963 civitatis
1283 2918 1503 2961 nomen
1558 2907 1819 2978 aptatum
1873 2898 2070 2973 fuerit,

2165 2904 2222 2975 τῇ
2280 2898 2390 2954 ἅνω
2437 2898 2807 2977 Ἰερουσαλὴμ,
2857 2900 2968 2957 εἴτε
3002 2909 3070 2980 τῇ
3097 2901 3246 2959 κάτω
3287 2903 3583 2977 Ἐκκλησίᾴ
3621 2906 3679 2960 τὸ
3710 2909 3811 2971 τῆς

422 2986 838 3077 Sanctiﬁcavit
860 2994 919 3054 in
935 3011 1005 3053 ea
1024 2990 1492 3054 tabernaculum
1504 3005 1684 3049 suum
1701 2989 2067 3077 Altissimus.

2165 2986 2365 3050 πόλεως
2452 2987 2739 3068 ἐφαρμόσει
2784 2991 3009 3077 ,ὄνομα,
3087 2989 3339 3071 Ἠγίασεν
3386 2994 3460 3048 ’ἐν
3543 2996 3676 3069 αὐτῇ
3747 2996 3808 3050 τὸ

424 3075 760 3167 Atqueper
787 3084 899 3144 hoc
952 3078 1421 3167 tabernaculum
1456 3078 1515 3167 in
1549 3095 1667 3167 quo
1698 3075 2068 3167 inhabitavit.

2165 3076 2417 3151 σκήνωμα
2471 3079 2627 3133 αὐτοῦ
2678 3080 2706 3133 6
2762 3076 3061 3154 ”ι’ψιστος.
3136 3086 3231 3139 Και
3287 3081 3369 3138 διὰ
3426 3091 3518 3139 τοῦ
3590 3084 3807 3149 σκηνώκ

422 3165 606 3249 Deus,
637 3174 699 3233 in
743 3170 942 3233 medio
974 3167 1162 3246 ipsius
1194 3166 1324 3245 fuit,
1364 3165 1427 3226 id
1458 3165 1542 3262 ei_
1572 3165 1829 3243 largiens
1870 3176 1930 3225 ut
1955 3184 2069 3226 non

2165 3186 2324 3240 ματος
2365 3165 2573 3240 τούτου,
2623 3167 2669 3241 ᾧ
2717 3170 3126 3240 κατεσκήνωσεν
3160 3174 3187 3227 6
3233 3173 3389 3251 Θεὸς,
3424 3171 3477 3226 ὲν
3508 3170 3655 3246 μέσῳ
3707 3175 3807 3230 αὖ·

422 3268 890 3325 commoveatur.
920 3260 980 3320 [ιι
1031 3256 1226 3317 medio
1269 3260 1464 3315 autem
1493 3254 1746 3315 civitatis
1766 3264 1858 3315 est
1886 3256 2064 3320 Deus,

2165 3260 2254 3321 τῆς
2313 3254 2547 3336 ἐγένετο,
2608 3259 2966 3337 χαριζόμενος
3028 3263 3161 3337 αὖτῇ
3213 3263 3275 3317 τὸ
3336 3262 3414 3335 μὴ
3472 3259 3807 3323 σαλεύεσθαι,

423 3352 684 3431 aequales
702 3344 1303 3409 undelibetemittens
1326 3341 1665 3431 radiossuaa
1690 3342 2072 3423 providentiae

2165 3342 2247 3400 Ἐν
2289 3344 2438 3418 μέσῳ
2466 3342 2523 3400 δέ
2565 3345 2680 3401 ἔστι
2725 3351 2824 3414 τῆς
2860 3346 3071 3413 πόλεως
3105 3351 3132 3405 6
3179 3353 3332 3423 Θεὸς,
3369 3348 3494 3413 ἴσας
3529 3351 3813 3429 πανταχό-

422 3430 709 3519 adusque
740 3437 890 3498 ﬁnes
917 3431 1215 3497 orbis.Sic
1248 3430 1405 3493 enim
1441 3430 1550 3493 Dei
1567 3431 1798 3511 justitia
1821 3450 2070 3494 conser-

2165 3435 2239 3489 ὗεν
2299 3432 2383 3489 ἐπὶ
2440 3435 2505 3490 τὰ
2560 3434 2765 3512 πέρατα
2803 3444 2895 3494 τοῦ
2952 3437 3150 3497 κύκλου
3198 3443 3297 3506 τῆς
3330 3440 3522 3496 ἑαυτοῦ
3563 3441 3815 3517 προνοίας

422 3540 609 3609 vatur,
642 3524 1126 3608 quandoquidem
1153 3520 1435 3582 omnibus
1464 3519 1737 3581 eamdem
1794 3522 2071 3583 bonitatis

2165 3523 2250 3587 τὰς
2306 3522 2529 3586 ἀκτῖνας
2595 3523 2919 3601 ίκπέμπων.
2981 3529 3132 3584 Οὕτω
3189 3529 3290 3606 γὰρ
3351 3530 3414 3585 τὸ
3474 3526 3671 3585 δίκαιον
3726 3536 3818 3586 106

424 3635 763 3680 mensuram
781 3609 1433 3696 dispersit.Adjuuabit
1455 3627 1587 3671 eam
1616 3611 1775 3671 Deus
1795 3612 2076 3673 manedi—

2165 3615 2293 3669 Θεοῦ
2350 3612 2688 3688 διασώζεται,
2748 3618 2810 3674 τὸ
2866 3618 2993 3674 αὐτὸ
3056 3616 3247 3697 μέτρον
3306 3624 3405 3686 τῆς
3478 3619 3815 3697 ἀγαθότητος

420 3708 647 3771 luculo.
682 3704 1004 3770 Sensibilis
1033 3702 1120 3763 sol
1171 3699 1527 3762 matutinum
1563 3699 1804 3779 quidem
1839 3710 2075 3781 tempus

2165 3700 2495 3777 διανέμοντος
2551 3703 2740 3768 ἅπασι.
2790 3707 3056 3776 Βοηθήσει
3102 3711 3237 3784 αὐτῇ
3299 3711 3327 3765 6
3376 3709 3507 3772 Θεὸς
3561 3710 3623 3765 τὸ
3679 3710 3813 3788 πρὸς

419 3798 574 3878 apud
594 3815 701 3857 nos
723 3794 1250 3873 eﬂicit,postquam
1283 3806 1465 3867 supra
1487 3798 1755 3878 nostrum
1792 3788 2071 3878 horizon:

2165 3795 2293 3870 πρωὶ
2335 3793 2494 3869 πρωί,
2554 3795 2663 3861 Τὴν
2706 3795 2804 3870 μὲν
2854 3792 2981 3874 (36)
3025 3795 3115 3854 οὖν
3157 3797 3284 3875 παρ’
3326 3796 3467 3873 ἡμῖν
3526 3799 3729 3876 πρωίαν
3787 3799 3815 3854 6

420 3877 535 3949 tem
561 3883 906 3955 eminuerit;
936 3880 1066 3941 I74
1094 3877 1447 3939 matutinum
1464 3894 1605 3938 vero
1633 3877 1735 3939 Sol
1750 3878 2001 3957 justitim
2023 3877 2077 3921 η

2165 3883 2405 3949 αἰσθητὸς
2435 3882 2587 3951 ἥλιος
2617 3896 2790 3955 ποιεῖ,
2828 3881 3044 3940 ἐπειδὰν
3095 3887 3184 3943 τὸν
3236 3885 3352 3943 καθ’
3386 3888 3533 3960 ἡμᾶς
3574 3888 3814 3965 ὁρίζοντα

418 3976 478 4036 in
514 3976 715 4036 anima
744 3973 1000 4054 perﬁcit,
1035 3975 1168 4031 ortu
1203 3966 1354 4028 lucis
1385 3966 1710 4046 spiritualis
1734 3969 2073 4047 producens

2165 3972 2433 4051 ὅπερκύψῃ
2468 3989 2483 4005 ⁸
2516 3975 2613 4041 τὴν
2644 3970 2696 4028 δὲ
2728 3975 2784 4028 ἒν
2811 3979 2879 4050 τῇ
2909 3978 3064 4053 ψυχῇ
3090 3975 3292 4053 πρωίαν
3316 3978 3344 4032 6
3393 3981 3494 4043 τῆς
3538 3974 3811 4033 δικαιοσύ-

420 4066 578 4127 diem
598 4066 657 4125 in
682 4082 752 4125 eo
776 4062 874 4143 qui
897 4062 1091 4141 ipsum
1108 4054 1466 4136 suscepit.ln
1486 4066 1659 4118 nocte
1681 4056 1838 4118 enim
1865 4076 2072 4119 sumus

2165 4081 2252 4128 υης
2276 4060 2476 4127 ’Ἥλιος
2506 4059 2765 4118 ἀποτελεῖ
2795 4068 2864 4139 τῇ
2892 4063 3132 4140 ἀνατολῇ
3162 4072 3258 4121 τοῦ
3283 4067 3462 4146 φωτὸς
3496 4073 3589 4123 106
3622 4073 3812 4132 νοητοῦ

420 4173 531 4216 nos
565 4153 838 4214 homines
897 4168 1002 4229 per
1051 4149 1163 4209 hoc
1224 4146 1572 4223 ignorantiae
1603 4156 1861 4224 tempus.
1897 4146 2070 4207 Post-

2165 4157 2325 4207 ποιῶν
2356 4152 2558 4228 ἡμέραν
2607 4151 2659 4208 ἐν
2709 4154 2786 4225 τῷ
2828 4151 3243 4231 παραδεξαμένῳ
3296 4156 3480 4219 αὐτόν,
3523 4156 3613 4214 Ἐν
3665 4158 3811 4213 νυκτὶ

421 4261 598 4325 quam
622 4242 832 4321 igitur,
866 4246 1068 4299 nostra
1092 4244 1290 4297 mente
1322 4252 1593 4315 expassa,
1624 4237 2074 4315 susceperimus

2165 4240 2256 4319 γάρ
2285 4238 2445 4314 ἔσμεν
2477 4241 2620 4320 παρὰ
2649 4242 2738 4297 τὸν
2783 4244 2967 4320 καιρὸν
3025 4248 3124 4310 τῆς
3182 4244 3448 4322 ἀγνωσίας
3492 4248 3539 4303 οἱ
3588 4243 3809 4324 ,ἅνθρω-

417 4325 1525 4412 εισι-ιωεριθῐιόοιθιῐιίθ.ειεθιηρίιθηιει
1540 4325 1639 4384 illa
1654 4325 1784 4386 luce
1799 4325 2075 4387 illustrati

2165 4350 2271 4388 ποι.
2332 4327 2578 4387 Ἐπειδὰν
2627 4330 2738 4405 οὖν,
2787 4332 3216 4397 ἀναπετάσαντες
3250 4335 3453 4391 ἑαυτῶν
3497 4336 3558 4391 τὸ
3601 4337 3813 4414 ἡγεμοι

424 4420 887 4487 fuerimus,tuuc
908 4415 1381 4492 Adjuvabiteam
1404 4416 1561 4476 Deus
1577 4433 1674 4476 ma
1685 4432 1760 4477 ne
1772 4416 2070 4477 diluculo.

2165 4420 2329 4498 νικὸν,
2383 4418 2757 4495 ὁποδεξώμεθα
2815 4422 2877 4477 τὸ
2933 4421 3262 4501 ἀπαύγασμα
3323 4428 3424 4491 τῆς
3476 4422 3659 4499 δόξης,
3726 4427 3816 4482 καὶ

422 4507 539 4571 Ubi
561 4508 702 4571 facti
734 4506 1023 4567 fuerimus
1052 4502 1158 4564 lilii
1190 4502 1614 4584 lucis.noxque
1635 4505 1789 4583 apud
1818 4524 1926 4567 nos
1944 4525 2076 4586 pro-

2165 4492 2632 4588 ﬁEPtA'IPQOQFEV-
2666 4516 2738 4585 νῷ
2796 4513 2931 4590 φωτὶ
2983 4518 3059 4586 τῷ
3093 4492 3301 4587 ⁷ἀϊδίῳ,
3353 4515 3617 4584 Βοηθήσει
3645 4492 3657 4499 ν
3679 4515 3816 4591 αὐτῇ

423 4618 626 4679 gressa
647 4597 847 4668 fuerit,
873 4595 1003 4656 dies
1049 4611 1190 4655 vero
1221 4594 1785 4674 appropinquaveril
1824 4594 1899 4670 η,
1937 4607 2076 4657 tunc

2165 4601 2189 4654 6
2246 4599 2375 4662 Θεὸς
2434 4601 2495 4655 τὸ
2542 4602 2675 4680 πρὸς
2718 4602 2855 4680 πρωὶ
2885 4602 3023 4678 πρωί
3072 4600 3220 4681 (37).
3257 4600 3505 4659 Ἐπειδὰν
3536 4605 3817 4682 γενώμεθα

424 4689 527 4751 Dei
548 4687 765 4749 auxilio
790 4686 951 4765 digni
970 4683 1286 4745 efﬁcimur.
1316 4684 1569 4763 Adjuvat
1595 4685 1771 4762 igitur
1802 4684 1957 4746 Deus
1986 4686 2077 4747 ci-

2165 4687 2322 4743 τέκνα
2383 4691 2581 4767 φωτὸς,
2636 4691 2726 4746 καὶ
2767 4692 2803 4758 ἡ
2856 4689 2942 4755 νὺξ
2994 4690 3091 4766 μὲν
3146 4693 3279 4767 ἡμῖν
3335 4692 3610 4774 προκόψῇ,
3669 4695 3704 4763 ἡ
3764 4690 3821 4747 δὲ

420 4780 683 4851 vitatem,
714 4794 821 4859 per
854 4774 1164 4856 proprium
1200 4780 1474 4833 exortum
1510 4783 1566 4834 et
1598 4775 2076 4849 adventum,ma-

2165 4776 2338 4856 ἡμέρα
2384 4776 2596 4858 ἐγγίσῃ,
2647 4779 2766 4837 τότε
2812 4778 2943 4844 ἄξιοι
2998 4784 3097 4846 τῆς
3128 4780 3222 4837 106
3253 4783 3383 4838 Θεοῦ
3424 4782 3674 4859 βοηθείας
3725 4805 3819 4861 γι-

424 4869 671 4931 tutinam
696 4867 965 4929 eilucem
992 4864 1469 4925 inducens.Eccc
1482 4864 1642 4925 enim
1657 4862 2075 4944 hom0,inquit,

2166 4867 2384 4941 νόμεθα.
2442 4873 2640 4935 Βοηθεῒ
2691 4871 2778 4925 οὖν
2836 4874 2903 4945 τῇ
2963 4867 3115 4925 πόλει
3173 4873 3200 4927 ὁ
3251 4872 3406 4951 Θεὸς,
3440 4870 3527 4927 διὰ
3552 4876 3652 4940 τῆς
3682 4870 3816 4933 ἰδίας

426 4959 633 5021 Oriens
662 4974 881 5019 nomen
909 4955 968 5016 ei
1001 4952 1322 5024 ‘5.Quibus
1346 4952 1525 5032 igitur
1555 4962 1757 5014 exorta
1783 4952 1962 5015 fuerit
1982 4953 2078 5014 lux

2165 4954 2423 5025 ἀνατολῆς
2494 4960 2580 5014 καὶ
2666 4958 2971 5038 ἐπιφανείας
3062 4961 3264 5039 πρωίαν
3350 4962 3489 5038 αὒτῇ
3546 4960 3813 5037 ἐμποιῶν.

426 5047 783 5128 spiritualis,
837 5044 1126 5104 discussis
1157 5042 1511 5119 ignorantiae
1562 5041 2078 5124 improbitatisque

2165 5043 2295 5103 Ἰδοὺ
2342 5047 2444 5124 γὰρ
2496 5046 2791 5126 ἅνθρωπος,
2843 5050 3027 5128 φησὶν,
3088 5047 3355 5117 Ἀνατολή
3417 5048 3588 5124 ὄνομα
3646 5050 3813 5120 αὐτῷ.

426 5137 719 5215 tenebris,
756 5135 832 5196 iis
864 5142 1106 5212 tempus
1130 5132 1489 5193 matutinum
1522 5131 2074 5203 accedit.Quoniam

2165 5135 2263 5199 Οἷς
2322 5134 2385 5191 ἅν
2441 5137 2529 5193 (οὖν
2588 5137 2910 5214 ἒπανατείλῃ
2974 5136 3096 5217 (38)
3155 5140 3215 5194 τό
3249 5138 3443 5203 νοητόν
3500 5142 3633 5213 φῶς,
3692 5134 3813 5189 λυο-

506 5302 584 5365 61
614 5304 752 5367 Cor.
784 5320 848 5366 ιι,
884 5302 944 5364 9.
1030 5301 1059 5350 7
1092 5301 1278 5363 Hebr.
1313 5319 1417 5382 xu,
1444 5301 1544 5367 23.
1630 5304 1662 5352 8
1694 5302 2074 5382 Psal.r.xxxv

2165 5302 2211 5367 3.
2295 5304 2328 5355 9
2357 5304 2468 5368 Isa.
2500 5321 2601 5380 Lx,
2658 5306 2867 5369 15-18.
2958 5302 3008 5346 ¹⁰
3035 5301 3219 5365 Hebr.
3243 5319 3325 5379 ιι,
3358 5304 3455 5365 10.
3545 5300 3592 5344 “
3618 5300 3810 5365 Galat.

427 5403 484 5466 v,
513 5386 621 5446 26.
705 5382 760 5426 η
786 5382 1039 5445 Malach.
1078 5400 1155 5461 iv,
1190 5382 1250 5444 ἓ.
1339 5379 1598 5445 “Hebr.
1636 5400 1675 5465 ι,
1710 5387 1771 5445 3.
1854 5379 1911 5425 ﬂ
1948 5385 2078 5446 Bon

2165 5402 2277 5462 mi,
2317 5385 2413 5450 12.
2496 5385 2552 5429 ¹⁵
2580 5379 2761 5447 Zach.
2800 5400 2880 5465 vr,
2921 5384 3017 5446 t9.

512 5561 636 5650 (36)
671 5562 769 5623 Sic
797 5559 1169 5650 Hegtertius
1200 5562 1504 5650 etgatena
1535 5559 1867 5650 Cor_der.At_
1904 5560 2071 5650 (ᾄσῃ),
2152 5570 2419 5650 quatuor
2454 5580 2593 5625 mss.
2623 5563 2698 5624 At
2727 5561 2791 5624 in
2824 5561 3064 5625 duobus
3098 5560 3229 5624 aliis
3258 5579 3430 5645 atque
3450 5579 3518 5626 ac
3549 5560 3609 5623 in
3638 5561 3820 5626 editis

429 5640 1021 5729 3—6IﬁimuS-F1‘.‘|V-}L‘E:)‘
1063 5641 1185 5729 γάρ.
1250 5640 1403 5729 Ediii
1456 5643 1867 5729 Thriasiis-19'
1915 5643 2078 5717 ἡμῖν.

2167 5640 2623 5729 ιτειρειιυὶιιιιιιιιξ.Δ
2830 5725 2839 5729 _
2880 5725 2892 5729 _
3043 5728 3048 5729 γ
3326 5640 3347 5645 ’
3414 5724 3424 5729 _
3486 5656 3487 5659 ‘

432 5720 642 5786 Slhlim
676 5720 816 5806 editi
847 5724 946 5785 τὴν
979 5720 1035 5806 δὲ
1084 5726 1181 5786 τῆς
1212 5723 1397 5801 ψυχῆς
1429 5725 1661 5800 πρωίαν,
1695 5724 1772 5787 At
1803 5741 1943 5784 ωδε,
1980 5741 2078 5783 se-

2242 5720 2367 5801 'l33)
2398 5725 2553 5790 Εάίίὶ
2608 5725 2973 5803 ἐπανατέλλῃ.
3025 5728 3098 5787 At
3129 5742 3271 5785 mss.
3327 5724 3593 5806 quinque
3617 5724 3821 5782 ἐπανα-

435 5812 594 5882 ptem
617 5801 774 5882 utin
795 5805 1116 5882 contextu.

2167 5810 2340 5882 τιίλῃ.

516 5881 648 5961 (3'7)
677 5880 780 5944 Hae
836 5898 1032 5960 voces,
1066 5880 1128 5936 τὰ
1177 5884 1308 5959 πρὸς
1358 5887 1505 5960 πρωῒ
1554 5886 1723 5966 πρωΐ,
1756 5883 1974 5946 desunt
2019 5883 2081 5950 in
2293 5872 2301 5887 ⁸
