4106 6410
346 301 466 366 425
1489 306 1814 369 HOMILIA
1859 308 1944 371 IN
1989 308 2022 370 Ρ

2112 308 2353 371 .LMUM
2397 301 2578 371 XLV.
3610 299 3737 381 425

343 438 504 515 μένου
571 449 664 500 τοῦ
737 441 799 496 ἐκ
866 441 964 516 τῇς
1018 437 1231 518 ἄγνοίας
1297 441 1382 497 καὶ
1452 441 1708 520 πονηρίας
1750 442 2022 516 σκότους,.

2112 459 2223 518 ergo
2251 441 2347 502 lux
2393 440 2456 502 in
2488 439 2775 502 mundum
2810 438 2990 511 venit,
3022 446 3086 501 ut
3108 438 3207 520 qui
3239 436 3501 500 ambulat
3535 437 3595 498 in
3633 455 3709 498 ea

345 530 518 606 πρωία
590 532 806 611 τούτους
869 529 1158 609 ἐγγίνεται,
1235 527 1386 588 Ἐπεὶ
1470 530 1558 586 οῦν
1623 535 1732 610 φῶς
1790 534 1863 598 εἰς
1910 534 2000 590 τὸν

2112 551 2204 591 Ion
2239 532 2500 593 offendat
2531 529 2611 610 ιϐ,
2644 532 2773 607 ejus
2797 528 3082 590 auxilium
3105 537 3340 606 tempus
3380 528 3739 589 matutinum

346 619 548 694 κόσμον
607 619 882 695 ἐλήλυθεν,
948 620 1040 676 ἵνα
1071 619 1100 675 6
1129 625 1436 698 περιπατῶν
1465 620 1518 677 ἐν
1553 625 1692 696 αὐτῷ
1723 621 1800 697 μὴ
1831 643 2001 700 προσ-

2112 621 2280 683 dfert.
2317 621 2420 683 Vel
2445 620 2594 682 forte
2634 619 2915 701 quoniam
2949 619 3136 681 multo
3169 635 3342 678 mane
3371 624 3494 677 erat
3529 633 3738 676 resur-

348 708 546 789 κόπτῃ,
579 711 614 778 ἡ
667 711 889 786 βοήθεια
931 709 1089 768 αὐτοῦ
1133 709 1334 787 πρωίας
1382 709 1492 765 ἐστὶ
1548 712 1870 787 παρεκτική.
1918 709 2002 768 ’Ἢ

2112 708 2296 783 'ectio,
2331 708 2631 788 adjuvabit
2663 707 2824 770 Deus
2882 706 3182 769 civitatem
3243 724 3416 767 mane
3449 704 3741 778 diluculo,

349 798 496 877 τάχα
522 797 705 856 ἐπειδῆ
737 797 919 876 ὄρθρου
947 798 1132 874 βαθέος
1177 800 1212 866 ἡ
1271 797 1556 863 ἀνάστασις
1602 799 1690 872 ἦν,
1739 801 2000 876 βοηθήσει

2112 800 2308 878 ιιιίρρθ
2333 799 2433 880 qui
2459 799 2631 860 tertia
2685 796 3140 859 resurrectionis
3171 795 3269 856 die
3301 794 3594 855 matutina
3625 793 3744 855 vic-

352 889 379 944 6
417 888 543 953 Θεὸς
575 892 642 965 τῇ
674 887 828 945 πόλει
872 889 932 945 τὸ
996 888 1126 967 πρὸς
1156 887 1294 966 πρωὶ
1329 888 1466 966 πρωὶ
1495 886 1652 968 (39),
1685 891 1712 945 6
1743 889 1841 957 τὴν
1872 889 2009 946 κατὰ

2112 889 2302 950 .oriam
2330 907 2363 949 a
2397 897 2586 950 morte
2613 886 2954 968 reportarit.

351 984 447 1034 τοῦ
475 975 700 1033 θανάτου
750 977 904 1043 νίκην
946 976 1121 1054 πρωίᾳ
1168 981 1237 1052 τῇ
1283 976 1436 1056 τρίτῃ
1491 976 1668 1054 ἡμέρᾳ
1723 982 1822 1045 τῆς
1873 976 2012 1034 ἆνα-

355 1065 595 1130 στάσεως
630 1066 993 1144 ἐργασάμενος
1007 1113 1019 1128 ,

444 1155 504 1217 6.
612 1154 1025 1234 Ἐταράχθησαν
1137 1154 1286 1234 ἔθνη,
1392 1152 1602 1212 ἔκλιναν
1716 1154 2010 1236 βασιλεῖαι,

361 1243 525 1300 ἔδωκε
581 1244 765 1324 φωνὴν
828 1245 986 1300 αὐτοῦ
1047 1246 1074 1300 6
1126 1240 1430 1323 ”Υψιστος,
1510 1242 1770 1312 ἐσαλεύθη
1827 1247 1861 1313 ἡ
1912 1251 2011 1323 γῆ,

364 1335 574 1400 Νόησον
623 1355 714 1408 μοι
788 1333 907 1389 τινὰ
964 1333 1120 1390 πόλιν
1178 1331 1655 1408 ἐπιϐουλευομένην
1709 1333 1853 1411 παρὰ
1907 1341 2014 1390 τῶν

363 1423 844 1493 ἐπιστρατευόντων
905 1425 1040 1500 αῦτῇ
1095 1422 1397 1498 πολεμίων,
1439 1423 1573 1486 τέως
1629 1423 1725 1496 μὲν
1757 1428 2013 1496 περικαθ-

364 1513 629 1588 εζομένων
681 1511 795 1582 (40)
869 1512 1035 1580 αὐτὴν
1107 1512 1268 1569 ἐθνῶν
1321 1511 1539 1570 πολλῶν
1595 1514 1682 1569 καὶ
1753 1511 2013 1589 βασιλέων

365 1606 468 1658 τῶν
520 1601 638 1660 καθ’
693 1601 918 1660 ἕκαστον
963 1601 1108 1666 ἔθνος
1178 1601 1244 1658 τὰ
1301 1601 1543 1680 σκῆπτρα
1594 1599 1960 1682 διαλαχόντων
1994 1621 2010 1638 ⁶

364 1692 488 1750 εἶτά
545 1692 663 1748 τινὰ
727 1693 1050 1768 στρατηγὸν,
1107 1689 1325 1770 ἄμαχον
1388 1691 1483 1757 τὴν
1540 1691 1752 1768 ῥώμην,
1810 1692 2012 1769 ἀθρόως

361 1781 685 1861 ἐπιφανέντα
739 1783 811 1846 εἰς
879 1780 1127 1857 βοήθειαν
1199 1786 1268 1855 τῇ
1337 1777 1492 1836 πόλει
1555 1782 1747 1860 ταύτῃ,
1819 1779 2013 1838 λύοντα

361 1871 460 1946 μὲν
539 1871 639 1936 τὴν
699 1869 1030 1949 πολιορκίαν,
1111 1867 1459 1926 σκεδαννύντα
1523 1868 1578 1926 δὲ
1627 1871 1726 1937 τὴν
1785 1892 2009 1949 συστρο-

362 1961 466 2038 φὴν
509 1966 614 2016 τῶν
668 1960 855 2039 ἐθνῶν,
925 1961 996 2020 εἷς
1074 1959 1249 2038 φυγὴν
1307 1958 1361 2014 δὲ
1412 1960 1534 2024 τοὺς
1585 1959 1829 2036 βασιλεῖς
1887 1983 2012 2018 συν-

363 2048 647 2106 ελαύνοντα
707 2047 767 2104 ἐκ
824 2050 988 2123 μόνου
1031 2055 1122 2104 τοῦ
1179 2045 1441 2123 ἐμϐοῆσαι
1505 2049 1618 2124 (41)
1662 2050 1844 2113 αἷηοτς
1877 2051 2011 2126 μετὰ

363 2135 658 2213 δυνάμεως,
718 2135 1055 2204 καταπλῆξαί
1114 2159 1173 2194 τε
1249 2139 1424 2194 αὐτῶν
1497 2138 1593 2202 τὰς
1650 2137 1862 2216 καρδίας
1943 2145 2012 2216 τῇ

366 2226 673 2305 στεῤῥότητι
731 2231 828 2295 τῆς
888 2231 1096 2306 φωνῆς.
1160 2226 1340 2294 Πόσην
1413 2225 1502 2284 οὖν
1561 2227 1702 2292 εἰκὸς
1766 2228 2013 2307 ταραχὴν

367 2321 645 2392 συστῆναι,
703 2322 810 2372 τῶν
861 2315 1022 2372 ἐθνῶν
1101 2313 1466 2395 διωκομένων,
1543 2317 1632 2372 καὶ
1689 2320 1795 2371 τῶν
1854 2316 2016 2391 βασι-

366 2406 501 2463 λέων
559 2407 632 2470 εἷς
688 2407 860 2486 φυγὴν
902 2403 1257 2464 ἐκκλινάντων
1293 2422 1308 2439 ⁸
1368 2407 1518 2484 θροῦν
1573 2403 1629 2461 δέ
1657 2425 1776 2461 τινα
1805 2401 2015 2481 ἄσημον

366 2497 454 2553 καὶ
500 2495 644 2576 ἦχον
706 2494 1116 2552 ἀκατάπαυστον
1167 2491 1226 2548 ἐκ
1271 2495 1371 2560 τῆς
1428 2490 1852 2571 τεθορυϐημένης
1914 2497 2013 2551 αῦ-

365 2587 473 2643 τῶν
545 2585 712 2667 φυγῆς
769 2583 1196 2658 ἀναπέμπεσθαι,
1277 2583 1451 2644 πάντα
1507 2581 1561 2638 δὲ
1618 2585 1780 2640 τόπον
1830 2583 2014 2662 πλήρη

368 2678 509 2730 εἷιαι
566 2679 671 2729 τῶν
725 2674 826 2729 ὐπὸ
885 2670 1082 2734 δειλίας
1152 2669 1597 2752 φυγαδευθέντων,
1657 2671 1794 2728 ὥστε
1851 2671 2013 2731 σάλον

366 2762 660 2840 ἐγγίνεσθαι
718 2767 1002 2840 πανταχοῦ
1052 2772 1174 2825 ταῖς
1216 2758 1638 2842 ῦποδεχομέναις
1689 2761 1876 2824 αὖτοὺς
1907 2761 2014 2817 πό-

366 2849 512 2907 λειιν
543 2849 578 2918 ἢ
611 2849 826 2925 κώμαις
860 2871 877 2922 ;
911 2849 1022 2918 Τὴν
1069 2849 1321 2917 τοιαύτην
1374 2856 1463 2906 οῦν
1492 2851 1780 2928 παρίστησι
1810 2852 1878 2926 τῇ
1905 2849 2013 2907 πό·-

367 2940 446 2998 λει
478 2947 570 2998 τοῦ
599 2947 729 2996 Θεοῦ
757 2941 899 3018 παρὰ
941 2949 1034 2999 τοῦ
1078 2940 1326 3019 Σωτῆρος
1371 2938 1660 3016 ἀντίληψιν
1689 2941 1746 2995 ἐν
1792 2945 1871 3014 τῷ
1917 2938 2015 2996 λέ-

368 3052 480 3109 γειν
516 3045 531 3060 ⁸
629 3029 1042 3109 Ἐταραχθησαν
1149 3027 1296 3108 ἔθνη,
1396 3027 1608 3086 ἔκλιναν

369 3119 534 3177 ἔδωκε
605 3120 788 3198 φωνην
847 3120 1006 3176 αὐτοῦ
1061 3121 1089 3176 6
1150 3115 1445 3194 ”ι’ψιστος,
1505 3116 1764 3186 ἐσαλεύθη
1827 3120 1861 3186 ἡ
1918 3124 2016 3196 γῆ.

373 3211 557 3288 Κύριος
653 3210 758 3264 τῶν
845 3206 1118 3279 δυνάμεων
1196 3207 1314 3284 μεθ’
1413 3210 1592 3287 ἡμῶν⁷
1679 3207 2020 3287 ἀντιλήπτωρ

372 3301 527 3372 ἡμῶν
562 3299 614 3354 ’ὃ
660 3298 790 3360 Θεὸς
836 3295 1030 3355 Ἰακώϐ
1060 3294 1211 3377 (42).
1263 3295 1389 3355 Εἷδε
1420 3299 1509 3354 τὸν
1543 3297 2021 3374 ἐνανθρωπήσαντα

375 3389 527 3462 Θεὸν,
575 3386 684 3446 εἶδε
739 3389 828 3443 τὸν
879 3387 940 3443 ἐκ
990 3386 1254 3465 Παρθένου
1302 3387 1454 3465 ἁγίας
1506 3386 1826 3465 γεννηθέντα
1883 3385 2018 3462 Ἐμ-

377 3477 658 3548 μανουήλ·
722 3475 750 3533 ὅ
810 3477 922 3533 ἐστι
994 3476 1519 3556 μεθερμηνευόμενον
1579 3473 1706 3532 Μεθ’
1784 3477 1938 3552 ἡμῶν
1993 3478 2021 3533 6

379 3569 508 3631 Θεὸς
538 3587 550 3599 ·
635 3569 723 3624 καὶ
777 3565 863 3623 διὰ
947 3573 1102 3624 τοῦτο
1156 3571 1500 3646 προφητικῶς
1560 3562 1723 3638 ἐκϐοᾷ
1756 3581 1770 3595 ⁹
1835 3566 2021 3645 Κύριος

375 3662 482 3714 τῶν
540 3655 809 3731 δυνάμεων
871 3655 988 3732 μεθ’
1029 3657 1184 3731 ἡμῶν
1216 3675 1228 3687 ·
1281 3654 1507 3735 δεικνὺς,
1555 3653 1633 3710 ὀίτι
1677 3661 1827 3719 οῦτος
1877 3653 2019 3711 ἔστιν

379 3751 406 3803 6
450 3759 566 3812 τοῖς
597 3746 776 3826 ἁγίοις
807 3746 1107 3828 προφήταις
1141 3746 1230 3802 καὶ
1264 3745 1623 3824 πατριάρχαις
1662 3744 2020 3825 ἐμφανισθείς.

384 3834 755 3915 Ἀντιλῆπτωρ
799 3838 976 3912 ἡμῶν,
1036 3836 1218 3915 φησὶν,
1279 3835 1403 3915 οὺχὶ
1470 3833 1630 3900 ἄλλος
1693 3836 1822 3898 Θεὸς
1883 3835 2026 3911 παρὰ

377 3929 470 3984 τὸν
527 3928 630 3984 ὑπὸ
685 3932 794 3984 τῶν
840 3931 1130 4006 προφητῶν
1181 3922 1598 4005 παραδιδόμενον
1634 3946 1647 3959 ·
1685 3921 1806 3980 ἀλλ’
1834 3925 1863 3980 6
1893 3925 2024 3987 Θεὸς

379 4013 570 4072 Ἰακὼϐ
625 4014 771 4094 (43),
821 4019 849 4074 6
894 4016 948 4072 ἐν
989 4022 1067 4090 τῷ
1099 4015 1470 4097 χρηματισμῷ
1514 4015 1646 4092 πρὸς
1691 4015 1782 4070 τὸν
1839 4015 2025 4072 ἑαυτοῦ

379 4105 673 4180 θεράποντα
703 4103 1006 4184 διαλεχθείς
1035 4124 1049 4140 °
1088 4102 1231 4184 Ἐγὼ
1277 4106 1384 4180 εἶμι
1417 4106 1444 4161 6
1476 4105 1606 4168 Θεὸς
1642 4101 1905 4183 Ἀϐραὰμ,
1936 4105 2025 4160 καὶ

381 4194 410 4248 6
442 4193 568 4255 Θεὸς
603 4191 811 4272 Ἰσαὰκ,
840 4197 928 4250 καὶ
960 4197 988 4250 6
1021 4196 1151 4256 Θεὸς
1184 4191 1400 4256 Ἰακώϐ.

2177 1157 2232 1217 6.
2267 1155 2445 1218 Vsns.
2480 1157 2543 1218 7..
2575 1153 2970 1217 Conturbatw
3011 1160 3152 1215 sunt
3179 1159 3409 1234 gentes,
3445 1151 3747 1214 inclinata

2096 1252 2238 1308 sunt
2269 1263 2456 1320 regna
2489 1261 2503 1307 :
2539 1245 2706 1307 dedit
2733 1260 2934 1306 voeem
2968 1260 3158 1304 suam
3181 1243 3741 1318 Altissimus,com-

2097 1342 2253 1396 mota
2281 1342 2365 1396 est
2404 1342 2588 1396 terra.
2624 1333 2831 1410 Cogita
2861 1331 3155 1394 civitatem
3181 1333 3436 1413 aliquam
3471 1349 3624 1401 esse,
3646 1328 3746 1391 cui

2097 1423 2334 1485 insidia:
2356 1431 2665 1485 struantur
2687 1421 2762 1484 ab
2786 1419 3268 1502 oppugnantibus
3285 1439 3414 1482 eam
3442 1418 3741 1500 hostibus,

2098 1531 2271 1594 quam
2306 1513 2543 1574 interim
2597 1511 2915 1573 obsideant
2959 1517 3170 1590 gentes
3214 1510 3416 1571 multa:
3461 1516 3519 1570 et
3548 1527 3742 1590 reges,

2097 1602 2198 1680 qui
2253 1601 2624 1679 singularum
2685 1601 2991 1663 nationum
3041 1609 3280 1681 sceptra
3335 1598 3525 1662 sortiti
3583 1599 3743 1673 sint;

2096 1692 2316 1754 deinde
2347 1695 2560 1754 ducem
2594 1691 2873 1772 aliquem.
2931 1689 3148 1753 robore
3196 1689 3507 1761 invictum,
3563 1687 3746 1750 dere-

2096 1789 2272 1862 pente
2293 1780 2557 1860 conspici
2588 1779 2661 1843 ad
2685 1777 3001 1842 ferendum
3026 1777 3170 1843 huic
3191 1777 3414 1840 civitati
3434 1775 3743 1851 auxilium,

2095 1872 2220 1948 qui,
2255 1871 2448 1932 soluta
2475 1869 2812 1944 obsidione,
2847 1871 3112 1949 gentium
3137 1868 3390 1947 dissipet
3419 1866 3747 1946 dispergat-

2094 1977 2212 2040 que
2245 1958 2708 2034 multitudinem,
2741 1978 2810 2020 ac
2837 1977 3008 2038 reges
3037 1959 3200 2040 ipsos
3221 1958 3278 2018 in
3304 1957 3496 2037 fugam
3529 1957 3742 2029 vertat,

2094 2049 2145 2108 si
2197 2049 2390 2110 solum
2425 2068 2530 2110 eos
2578 2067 2709 2110 cum
2747 2049 3012 2128 potentia
3057 2047 3363 2126 inclamet,
3416 2060 3748 2124 eorumque

2096 2139 2278 2199 corda
2309 2138 2466 2200 vocis
2517 2137 2793 2199 ﬁrmitate
2853 2144 3203 2218 perterreat.
3241 2134 3529 2208 Quantam
3564 2132 3748 2212 igitur

2096 2226 2421 2289 verisimile
2468 2237 2559 2290 est
2588 2226 2987 2288 turbationem
3027 2226 3292 2294 excitari,
3355 2223 3494 2285 dum
3531 2227 3747 2302 gentes

2095 2315 2395 2396 fugantur,
2431 2325 2491 2378 et
2542 2334 2716 2397 reges
2773 2316 2834 2377 in
2865 2315 3062 2393 fugam
3114 2312 3476 2376 vertuntur?
3509 2313 3744 2391 qualem

2099 2425 2336 2487 quoque
2391 2406 2713 2468 clamorem
2757 2405 3094 2479 confusum,
3145 2413 3203 2467 et
3233 2404 3492 2466 sonitum
3525 2418 3746 2482 perpe-

2101 2505 2263 2556 tuum
2328 2514 2398 2558 ex
2456 2495 2826 2557 tumultuosa
2871 2495 3114 2558 illorum
3166 2495 3302 2575 fuga
3339 2491 3482 2555 edi?
3536 2492 3752 2554 Nonne

2099 2585 2349 2646 credere
2380 2602 2484 2666 par
2513 2592 2607 2646 est
2638 2585 2830 2646 locum
2862 2602 3104 2645 omnem
3138 2583 3213 2646 iis
3255 2583 3354 2666 qui
3386 2600 3507 2663 pra;
3538 2582 3749 2642 timore

2097 2673 2278 2752 fugati
2330 2683 2490 2748 sunt,
2525 2672 2972 2753 repleri?adeo
3024 2681 3088 2734 ut
3118 2672 3346 2753 ubique
3403 2671 3466 2732 in
3499 2669 3748 2732 urbibus

2097 2773 2201 2823 ant
2230 2762 2371 2824 vicis
2425 2781 2528 2824 eos
2577 2761 3018 2843 excipientibus
3071 2762 3370 2825 excitetur
3399 2757 3746 2821 commotio.

2097 2851 2300 2915 Talem
2343 2851 2523 2929 igitur
2573 2870 2743 2932 spem
2799 2851 3018 2914 civitati
3050 2851 3155 2914 Dei
3187 2871 3222 2913 a
3253 2850 3562 2914 Salvatore
3594 2847 3749 2909 dan-

2101 2941 2235 3004 dam
2269 2959 2400 3002 csse
2427 2939 2711 3017 ostendit,
2746 2940 2886 3002 dum
2936 2941 3082 3004 dicit
3110 2959 3124 3004 :
3181 2940 3586 3002 Conturbator
3611 2943 3753 2999 sunt

1719 3028 2013 3106 βασιλεῖαι,

2112 3039 2322 3111 gentes,
2354 3029 2656 3094 inclinata
2698 3037 2840 3092 sunt
2890 3049 3110 3110 regna,
3152 3030 3317 3095 dedit
3348 3046 3545 3093 vocem
3579 3044 3752 3089 suam

2101 3121 2482 3195 Altissimus,
2517 3128 2813 3184 commota
2837 3128 2921 3182 est
2945 3128 3134 3184 terra.
3165 3119 3344 3183 Vens.
3373 3118 3432 3183 8.
3463 3119 3752 3179 Dominus

2103 3211 2396 3274 virtutum
2426 3211 2762 3292 nobiscum,
2788 3219 3097 3290 susceptor
3120 3217 3326 3274 uoster
3353 3209 3512 3272 Deus
3541 3203 3746 3269 Jacob.

2105 3301 2268 3362 Vidit
2297 3301 2670 3363 incarnatum
2703 3299 2918 3374 Deum,
2973 3301 3118 3363 vidit
3174 3319 3245 3363 ex
3276 3307 3482 3362 sancta
3505 3296 3751 3376 Virgine

2104 3392 2368 3470 genitum
2399 3389 2749 3452 Emmanuel
2781 3407 2794 3449 :
2833 3389 2990 3470 quod
3036 3390 3088 3451 si
3119 3389 3253 3471 quis
3301 3390 3749 3468 interpretetur,

2106 3489 2275 3541 sonat
2306 3479 2625 3543 Nobiscum
2666 3478 2819 3541 Deus
2840 3478 2891 3520 ¹⁷
2915 3501 2930 3557 ;
2954 3488 3012 3541 et
3043 3480 3153 3542 bac
3184 3479 3257 3540 de
3290 3495 3469 3540 causa
3502 3476 3757 3556 prophe-

2105 3569 2220 3631 tice
2252 3568 2543 3631 exclamat
2576 3588 2589 3629 :
2618 3569 2914 3630 Dominus
2937 3569 3230 3630 virtutum
3262 3567 3614 3639 nobiscum;
3649 3582 3752 3625 os-

2107 3659 2361 3721 tendens
2404 3659 2564 3722 hunc
2604 3675 2739 3720 esse
2764 3657 2867 3738 qui
2899 3658 3120 3720 sanctis
3141 3656 3451 3738 prephetis
3479 3652 3756 3732 apparuit

2108 3756 2284 3828 atque
2317 3745 2691 3829 patriarchis.
2745 3747 3075 3826 Susceptor
3123 3753 3346 3826 uoster,
3383 3743 3600 3824 inquit,
3633 3757 3753 3806 non

2107 3838 2263 3900 alius
2298 3837 2456 3900 Deus
2490 3844 2702 3917 prater
2735 3854 2870 3898 eum
2894 3836 2992 3917 qui
3019 3834 3270 3897 traditus
3310 3843 3400 3896 est
3421 3852 3454 3894 a
3487 3831 3754 3913 prophe-

2110 3929 2223 4003 tis;
2257 3926 2362 3988 sed
2395 3925 2552 3988 Deus
2611 3925 2790 3988 Jacob
2851 3927 2950 4007 qui
3012 3927 3072 3986 in
3123 3923 3363 3986 oraculo
3393 3923 3461 3983 ad
3516 3938 3752 3982 servum

2109 4035 2281 4078 suum
2309 4015 2468 4077 edito
2500 4015 2728 4078 locutus
2759 4023 2868 4077 est:
2905 4016 3038 4097 Ego
3069 4031 3202 4077 sum
3240 4013 3398 4075 Deus
3422 4010 3752 4092 Abraham,

2111 4111 2264 4170 Deus
2293 4107 2490 4180 Isaac,
2524 4114 2582 4170 et
2615 4107 2775 4170 Deus
2804 4107 2984 4170 Jacob
3013 4104 3086 4167 1⁸.

462 4285 522 4345 7.
589 4290 746 4341 Δεῦτε
794 4284 881 4338 καὶ
926 4281 1065 4339 ἴδετε
1112 4284 1179 4339 τὰ
1236 4282 1363 4362 ἔργα
1391 4284 1484 4339 τοῦ
1513 4288 1666 4352 Θεοῦ,
1696 4281 1728 4344 ἅ
1758 4282 1902 4341 ἔθετο
1932 4284 2022 4340 τέ-

2200 4287 2328 4348 175
2345 4287 2380 4348 7
2394 4283 2698 4368 .Vsns.9,t
2714 4286 2772 4350 Ο.
2792 4286 2992 4349 Venite
3009 4284 3273 4348 etvidete
3284 4298 3465 4364 opera
3485 4281 3761 4360 Dei,un

384 4394 515 4451 ρατα
590 4369 676 4427 ἐπὶ
746 4370 843 4439 τῆς
926 4376 1053 4450 γῆς,
1135 4372 1464 4450 ἁνταναιρῶν
1519 4368 1787 4446 πολέμους
1857 4373 2022 4454 μέχρι

382 4468 488 4520 τῶν
546 4461 790 4533 περάτων
843 4467 942 4528 τῆς
1003 4461 1127 4539 γῆς.
1188 4462 1319 4524 Τοὺς
1365 4460 1568 4537 μακρὰν
1599 4457 1755 4524 ὄντας
1788 4473 1879 4522 τοῦ
1925 4462 2022 4521 λό-

386 4575 482 4632 γου
524 4552 619 4622 τῆς
663 4550 912 4619 ἀληθείας
960 4553 1033 4616 εἰς
1085 4551 1182 4618 τὴν
1214 4548 1299 4607 διὰ
1326 4550 1422 4618 τῆς
1465 4549 1808 4625 ἐπιγνώσεως
1862 4551 2027 4632 ἐγγύ-

469 4719 524 4764 ¹⁶
546 4723 716 4787 Joan.
749 4737 832 4797 x1,
867 4721 929 4804 9,
968 4721 1060 4785 10.
1149 4719 1200 4764 ¹⁷
1228 4720 1441 4784 Matth.
1477 4738 1521 4797 1,
1556 4719 1658 4784 23.

475 4882 599 4976 (39)
635 4883 757 4943 Vox
790 4884 932 4959 πρωΐ
957 4881 1151 4976 semel
1196 4881 1730 4976 du‘ntaxatulegitur
1759 4881 1820 4943 in
1853 4883 2034 4976 editis

392 4973 450 5026 et
479 4961 537 5025 in
573 4961 719 5026 mss.
749 4961 1054 5023 nonnullis
1082 4983 1094 5022 :
1122 4962 1226 5043 sed
1270 4961 1363 5024 bis
1381 4961 1664 5043 scribitur
1693 4962 1752 5022 in
1785 4969 2037 5043 quatuor

392 5043 680 5106 aliis.Hoc
716 5044 842 5123 ipso
891 5043 948 5103 in
981 5043 1112 5104 loco
1155 5041 1338 5105 editio
1379 5040 1569 5123 Paris.
1621 5046 1649 5099 ὁ
1682 5049 1749 5120 τῇ
1778 5040 1915 5100 κατὰ
1945 5053 2037 5104 τοῦ

390 5121 764 5216 θανάτου-νίκη
787 5126 996 5199 πρωίαν
1023 5130 1090 5200 τῇ
1119 5125 1417 5216 spis-(hem.
1440 5121 1564 5198 Qui
1577 5125 2037 5216 per'victoriam

395 5211 672 5268 exmorte
686 5211 1057 5285 reportatum
1077 5203 1731 5285 tertiafesurrectionts
1741 5203 1841 5266 die
1853 5213 2042 5268 matu-

397 5287 592 5366 tinum
612 5281 840 5363 tempus
865 5285 1199 5366 eﬂ'eeit.At_
1243 5281 1410 5366 Regii
1443 5283 1676 5366 tertius,
1710 5293 1955 5366 quartus
1984 5293 2044 5347 et

399 5365 645 5444 quintus
661 5385 779 5426 non
797 5363 972 5426 secus
991 5381 1057 5424 ac
1076 5363 1406 5427 Colbertini
1430 5363 1678 5444 primus,
1713 5363 1952 5444 quintus
1983 5373 2042 5428 et

401 5454 600 5534 sextus
620 5463 753 5534 cum
789 5446 1060 5534 Coisl._et
1103 5464 1238 5506 cum
1291 5446 1543 5534 quadam
1575 5462 1753 5534 quam
1783 5446 2043 5534 Ducaeus

403 5523 599 5584 laudat
622 5525 867 5599 Catena,
895 5535 958 5587 ut
979 5527 1036 5586 in
1062 5522 1363 5588 contextu.
1385 5522 1507 5586 Nec
1537 5522 1710 5586 aliter
1739 5523 1954 5603 legitur
1979 5527 2040 5588 in

405 5604 665 5664 clitione
697 5605 878 5668 Basil.
907 5607 1044 5667 etin
1069 5606 1269 5684 Regiis
1301 5603 1563 5666 secundo
1608 5613 1666 5665 et
1703 5616 1890 5684 sexto,
1929 5605 2040 5666 nisi

402 5684 558 5762 quod
588 5684 644 5744 hi
670 5685 803 5764 libri
839 5703 942 5763 pro
998 5688 1178 5764 πρωΐᾳ
1210 5685 1465 5747 habeant
1496 5687 1660 5760 πρωΐ.
1697 5685 1868 5763 Apud
1897 5685 2042 5749 LXX

401 5772 599 5827 autem
630 5763 718 5827 sic
750 5765 973 5826 editum
1005 5765 1367 5842 invenimus,
1396 5767 1652 5843 βοηθήσει
1685 5769 1818 5844 αὐτῇ
1852 5771 1879 5825 ὁ
1912 5771 2041 5832 Θεὸς

2101 4379 2300 4458 posuit
2322 4376 2608 4458 prodigia
2629 4394 2807 4455 super
2837 4386 3082 4444 terram.
3111 4375 3387 4452 auferens
3402 4371 3555 4435 bella
3569 4385 3761 4449 usque

2111 4467 2190 4528 ad
2202 4465 2822 4548 ﬁnesterrre.Eos,qui
2842 4464 3048 4547 procul
3062 4473 3243 4526 sunta
3262 4462 3443 4524 verbo
3467 4458 3758 4549 veritatis,

2110 4553 2418 4637 Scriptura
2447 4553 2657 4619 invitat
2685 4565 2749 4618 ut
2779 4555 2852 4619 ad
2887 4573 3016 4619 eam
3062 4571 3168 4636 per
3189 4551 3592 4631 cognitionem
3628 4565 3759 4627 pro-

1744 4717 1799 4763 ¹8
1824 4716 2017 4784 Exod.
2051 4738 2138 4799 ιιι,
2171 4726 2229 4789 6.

2224 4889 2513 4964 προπώπῳ,
2547 4886 2860 4961 adiuvabit
2881 4901 3015 4946 eam
3054 4882 3209 4964 Deus
3239 4878 3433 4942 vultu.

2200 4961 2321 5046 (40)
2348 4966 2442 5028 Sic
2477 4961 3439 5046 Reg.secundusdertius,quartus
3472 4968 3524 5046 et
3561 4966 3764 5018 sextus

2119 5067 2250 5110 cum
2277 5040 2443 5109 Cu“).
2481 5040 2693 5126 primo.
2729 5043 2882 5126 Edili
2912 5051 3018 5101 τῶν
3062 5040 3620 5126 ἐπιστρα-πειίομένων,

2207 5129 2328 5202 (41)
2365 5117 2555 5188 Ειιίἰίο
2587 5125 2764 5188 Basil.
2805 5132 2863 5183 et
2894 5142 3036 5186 mss.
3070 5117 3338 5202 nonnulli
3373 5117 3651 5202 ἐκϐοῆσαι.

2203 5196 2326 5287 HQ”)
2361 5207 2572 5269 Nostra
2601 5204 2782 5266 editio
2805 5204 2995 5287 Paris.
3024 5221 3157 5264 cum
3181 5200 3413 5287 duobus
3441 5217 3586 5287 mss.
3627 5196 3765 5287 ΔΒο-

2123 5291 2234 5366 gits
2265 5281 2736 5366 ἐνανθρωπίσαντα.
2794 5283 2867 5347 Αι
2895 5284 3161 5364 quinque
3188 5282 3289 5344 alii
3325 5299 3465 5342 mss.
3502 5281 3764 5352 ἐναοθρτιμ-

2126 5373 2388 5438 πήτιιντα.

2210 5449 2332 5529 (43)
2368 5451 2429 5510 Hc
2455 5468 2488 5526 g
2517 5444 3215 5529 __secundus__&vuMn~;.op
3258 5445 3418 5529 ἡιιιξι.
3446 5444 3470 5496 ὁ
3499 5441 3624 5497 Θεὸς
3654 5438 3769 5529 ζέας

2124 5514 2237 5586 κώξ
2270 5555 2280 5563 ·
2315 5514 2486 5608 ὸῦχῖῖ
2516 5527 2737 5587 Ibidem
2797 5525 2942 5588 editi
2971 5528 3106 5598 ἡμῖν
3169 5514 3607 5608 παραδιδόμενον.
3654 5514 3769 5578 Ubi

2126 5598 2562 5670 oiservaiidum
2601 5609 2856 5685 primum
2890 5624 3089 5666 vocem
3133 5598 3263 5685 ξεμτι
3295 5602 3354 5662 in
3391 5598 3606 5685 nostris
3638 5604 3770 5685 octo

2131 5710 2271 5751 mss.
2306 5689 2518 5750 deesse
2553 5705 2566 5748 :
2597 5675 2816 5749 deinde
2852 5704 2956 5766 pro
3007 5683 3420 5760 παραδιδόμενον
3451 5679 3512 5741 in
3545 5675 3774 5738 codici-

2128 5769 2240 5833 bus
2265 5767 2568 5832 nonnullis
2589 5767 2702 5848 legi
2728 5765 3179 5846 παραδεδομένον.
