4106 6380
404 292 520 356 4ἳ7

1757 300 1816 361 S.
1865 296 2140 359 BASILII
2188 299 2238 360 Μ
2247 295 2430 362 AGNI

403 431 536 511 pius
557 432 864 514 accedant,
898 435 1111 496 diens:
1163 436 1363 496 Venite
1390 443 1450 497 et
1492 437 1710 500 videte.
1751 436 2018 512 Quemad

2106 452 2277 497 ιτητα
2329 431 2686 506 προσκαλεϊτε
2720 435 2747 488 ὁ
2798 429 2957 508 λόγος
3006 431 3174 507 λέγων
3213 449 3224 461 ·

3662 298 3779 363 428

3279 440 3436 487 Δεῦτε
3478 433 3563 487 καὶ
3610 431 3750 487 ἴδετε
3763 481 3774 494 ,

402 521 641 583 modum
663 523 816 584 enim
840 525 898 584 in
925 524 1228 604 corporeis
1249 523 1461 603 oculis,
1497 525 1801 590 intervalla
1833 547 2018 608 magn:

2131 516 2350 598 ’Ὥσπερ
2409 522 2507 599 γὰρ
2551 521 2636 577 ἐπὶ
2697 527 2804 576 τῶν
2867 527 3188 590 σωματικῶν
3252 519 3537 600 ὀφθαλμῶν
3570 523 3620 576 αἱ
3679 521 3776 596 μὲν

399 609 710 674 obscuram
762 612 1025 677 reddunt
1082 633 1287 677 eorum
1343 632 1475 695 quae
1501 615 1610 676 sub
1646 624 2039 699 conspectum

397 700 615 764 cadunt
637 704 1265 782 comprehensionem;
1293 714 1495 766 contra
1520 708 1785 769 accessio
1805 708 2041 770 intuen-

399 789 563 863 tium,
595 791 977 872 conspicuam
1011 793 1206 855 reddit
1237 812 1437 856 rerum
1474 795 1846 857 visendarum
1879 798 2041 876 agni-

395 877 616 942 tionem
646 901 661 942 :
689 882 775 943 sic
808 883 981 943 etiam
1033 883 1092 943 in
1124 884 1340 944 mentis
1377 885 1904 965 contemplatione,
1941 887 2038 966 qui

395 987 459 1030 se
491 988 598 1049 per
625 989 809 1050 opera
858 970 978 1032 Deo
1014 992 1130 1034 non
1183 973 1514 1053 conjungit,
1565 992 1676 1036 nec
1706 976 2038 1056 apprOpin-

396 1065 557 1138 quat,
591 1077 775 1136 opera
823 1059 981 1122 illius
1026 1062 1186 1140 puris
1225 1062 1438 1124 mentis
1470 1063 1660 1124 oculis
1691 1063 1890 1125 videre
1922 1083 2038 1126 non

394 1156 608 1226 potest.
644 1147 873 1211 Idcirco
900 1149 1117 1225 venite,
1144 1151 1622 1231 appropinquate
1647 1152 1832 1232 prius;
1862 1153 2038 1214 dein-

394 1235 468 1297 de
491 1236 682 1298 videte
715 1257 895 1318 opera
948 1239 1206 1311 Domini,
1245 1239 1583 1319 prodigiosa
1606 1260 1747 1302 sane
1776 1249 1834 1301 et
1867 1242 2038 1303 mira-

395 1323 558 1403 bilia;
593 1327 807 1408 quibus
841 1328 1139 1406 perculsas
1170 1339 1402 1408 gentes,
1438 1349 1659 1410 easque
1688 1340 1860 1392 antea
1890 1333 2033 1394 hns-

391 1414 529 1476 tiles
562 1428 619 1478 et
652 1416 986 1492 seditiosas,
1026 1425 1111 1479 att
1156 1419 1417 1499 quietem
1443 1420 1764 1482 transtulit.
1812 1421 2032 1498 Venite,

389 1503 529 1584 ﬁlii,
564 1507 772 1569 audite
799 1526 891 1571 me
919 1507 972 1550 *9
1000 1531 1013 1584 ;
1046 1508 1210 1583 item,
1251 1508 1462 1572 Venite
1493 1527 1696 1571 omnes
1727 1512 1834 1590 qui.
1861 1513 2032 1574 labo-

391 1596 562 1668 ratis,
599 1603 658 1656 et
686 1600 921 1659 onerati
941 1600 1084 1660 estis
1111 1595 1186 1657 9°.
1218 1600 1467 1660 Paterna
1491 1618 1592 1660 vox
1615 1609 1724 1681 est,
1758 1601 2034 1680 expansis

389 1686 548 1748 ulnis
569 1686 641 1748 ad
687 1708 751 1750 se
796 1690 1100 1752 invitantis
1148 1709 1252 1752 eos
1307 1690 1406 1772 qui
1457 1692 1744 1754 hactenus
1773 1693 2033 1755 rebel’es

389 1776 580 1839 fuere.
631 1777 738 1850 Qui
772 1777 952 1857 igitur
982 1779 1234 1841 audierit
1282 1781 1676 1862 vocationem,
1709 1782 2031 1862 appropin-

389 1866 776 1948 quaveritque
806 1878 866 1932 et
915 1868 1229 1949 imperanti
1255 1869 1598 1942 adhaeserit,
1635 1869 1688 1932 is
1712 1889 1845 1933 eum
1875 1872 2028 1933 visu-

381 1973 486 2017 rus
517 1964 609 2018 est
639 1957 739 2038 qui
791 1967 1002 2021 cuncta
1053 1977 1159 2039 per
1205 1977 1444 2021 crucem
1499 1960 1846 2040 paciﬁcavit,
1888 1963 2028 2023 Sive

383 2063 514 2124 quae
548 2048 608 2108 in
641 2054 810 2109 terra
838 2056 1004 2121 sunt,
1033 2050 1160 2110 sive
1195 2067 1330 2128 qua?
1374 2051 1439 2110 in
1472 2048 1640 2112 oculis
1666 2049 1743 2111 εί.
1796 2051 2027 2111 Arcum

381 2142 670 2215 conteret,
703 2144 760 2200 et
789 2141 1130 2216 confringet
1179 2156 1377 2218 arma,
1414 2145 1467 2200 et
1497 2148 1669 2201 scuta
1721 2140 2025 2200 comburet

380 2227 535 2306 igni.
570 2223 753 2287 Vides
786 2227 1090 2305 pacificum
1129 2228 1390 2288 animum
1445 2227 1686 2290 Domini
1720 2228 2021 2305 virtutum,

381 2312 540 2392 quod
566 2313 890 2377 invisibiles
923 2315 1220 2393 legionum
1254 2315 1655 2394 angelicarum
1705 2325 2027 2399 potestates

379 2419 583 2463 secum
619 2403 877 2468 habeat?
941 2404 1119 2467 Vides
1166 2404 1574 2468 fortitudinem
1626 2406 1801 2468 simul
1827 2407 2025 2468 ethu-

381 2495 720 2554 manitatem
761 2494 978 2555 summi
1011 2494 1180 2557 ducis
1209 2495 1487 2557 virtutum
1511 2501 1540 2559 ?
1569 2495 1671 2573 qui
1726 2515 1870 2559 sane
1903 2499 2023 2559 Do—

379 2581 577 2643 minus
606 2601 736 2643 cum
762 2583 837 2644 sit
867 2584 1172 2665 virtutum,
1199 2603 1268 2646 ac
1292 2603 1502 2647 omnes
1523 2585 1821 2665 legionum
1848 2605 2023 2667 ange-

374 2669 620 2734 licarum
685 2681 907 2736 turmas
962 2673 1198 2749 habeat,
1258 2693 1552 2755 nusquam
1605 2687 1802 2736 tamen
1837 2675 2019 2737 ullum

369 2761 640 2824 vulnerat
681 2761 1184 2838 adversariorum,
1238 2765 1538 2827 neminem
1575 2765 2019 2844 prosternit,at-

369 2849 538 2929 tingit
567 2851 868 2914 neminem
907 2871 919 2914 :
979 2854 1084 2914 sed
1132 2871 1306 2914 arcus
1358 2855 1614 2917 conterit
1645 2863 1702 2916 et
1733 2873 1920 2936 arma,
1954 2874 2022 2918 ac

367 2947 530 3002 scuta
562 2941 860 3003 comburit
905 2943 965 3003 in
1015 2943 1176 3022 igne.
1210 2946 1428 3005 Arcum
1455 2944 1694 3024 quidem
1735 2945 2016 3024 conterit,

365 3037 430 3089 ut
465 3048 581 3091 non
626 3031 880 3111 amplius
929 3031 1118 3112 ignita
1171 3032 1287 3093 tela
1343 3051 1447 3112 per
1481 3051 1582 3095 eos
1619 3033 1966 3095 emittantur
2001 3055 2014 3095 :

363 3118 696 3196 confringet
720 3128 916 3182 autem
949 3127 1138 3183 arma‘
1177 3120 1394 3202 quibus
1417 3128 1670 3183 comitus
1697 3131 2013 3203 pugnatur,

2054 1865 2269 1934 Βσεως,
2330 1863 2418 1917 καὶ
2469 1861 2712 1940 ἐγγίσας,
2775 1863 2862 1918 καὶ
2918 1860 3198 1929 κολληθεὶς
3257 1870 3333 1937 τῷ
3383 1864 3731 1942 προστάξαντι

2127 608 2210 665 ἐπὶ
2243 609 2378 667 πολὺ
2409 610 2732 671 ἀποστάσεις
2786 608 3024 688 ἀμυδρὰν
3074 617 3285 668 ποιοῦσι
3315 611 3413 678 τὴν
3478 617 3580 666 τῶν
3634 613 3776 689 ὁρω-

2126 699 2300 773 μένων
2354 698 2682 776 κατάληψιν,
2743 702 2787 757 οἱ
2835 699 2890 756 δὲ
2952 701 3340 777 προσεγγισμοὶ
3377 700 3484 756 τῶν
3515 701 3779 779 θεωρούν-

2123 810 2229 844 των
2287 787 2483 868 ἐναργῆ
2528 801 2858 870 παρέχονται
2919 797 3024 847 τῶν
3099 789 3444 867 βλεπομένων
3493 788 3616 870 (Μ)
3675 791 3777 858 τὴν

2124 877 2408 956 ἐπίγνωσιν
2448 879 2646 936 ’ὀῦτω
2702 882 2790 936 καὶ
2848 879 2932 936 ἐπὶ
2983 885 3090 937 τῶν
3133 880 3269 936 κατὰ
3309 886 3430 936 νοῦν
3487 881 3778 958 θεωρημά-

2124 989 2254 1039 των,
2287 970 2314 1024 ὁ
2347 969 2424 1043 μὴ
2470 966 2556 1024 διὰ
2601 975 2706 1025 τῶν
2747 971 2916 1047 ἔργων
2975 970 3260 1033 οἷκειωθεὶς
3326 969 3413 1025 καὶ
3474 967 3777 1036 πλησιάσας

2125 1059 2240 1129 Θεῴ
2272 1055 2406 1113 ἴδειν
2426 1059 2491 1114 τὰ
2513 1057 2640 1137 ἔργα
2672 1057 2831 1115 αὒτοῦ
2860 1062 3114 1137 καθαροῖς
3163 1071 3280 1124 τοϊς
3311 1057 3538 1124 διανοίας
3571 1057 3774 1138 ὀφθαλ-

2125 1159 2251 1220 μοῖς
2319 1148 2378 1203 οὗ
2429 1144 2663 1209 δύναται,
2734 1148 2832 1204 Διὰ
2889 1157 3063 1229 τοῦτο,
3146 1158 3328 1229 Δεῦτε,
3386 1148 3770 1228 προσεγγίσατε

2123 1235 2376 1315 πρότερον
2411 1236 2559 1315 (45),
2621 1237 2747 1294 εἶτα
2809 1234 2953 1293 ἴδετε
3006 1238 3071 1294 τὰ
3115 1235 3241 1317 ἔργα
3282 1237 3470 1315 Κυρίου
3514 1237 3771 1316 τεράστιᾶ

2120 1324 2244 1380 ὄντα
2292 1328 2375 1382 καὶ
2436 1325 2742 1406 παράδοξα·
2795 1327 2882 1408 ὑφ’
2937 1329 3012 1382 ὧν
3061 1325 3474 1406 καταπλαγέντα
3519 1327 3585 1382 τὰ
3628 1327 3763 1406 πρό-

2119 1436 2266 1494 τερον
2300 1414 2393 1471 πο)
2409 1415 2532 1491 ἐμια
2580 1417 2667 1472 καὶ
2725 1414 2994 1484 στασιώδη
3040 1416 3163 1484 ἔθνη
3204 1418 3324 1495 πρὸς
3350 1417 3583 1497 ἡσυχίαν
3629 1438 3766 1492 μετ-

2120 1501 2293 1565 έϐαλε.
2361 1515 2541 1581 Δεῦτε,
2603 1505 2786 1580 τέκνα,
2845 1505 3104 1562 ἀκούσατέ
3194 1527 3294 1582 μου
3330 1521 3345 1536 ‘
3414 1507 3528 1581 καὶ,
3605 1513 3766 1563 Δεῦτε

2115 1593 2308 1659 πάντες
2371 1597 2418 1650 οἱ
2489 1595 2804 1670 κοπιῶντες,
2859 1596 2947 1651 καὶ
3021 1596 3457 1676 πεφορτισμένοι.
3527 1597 3766 1676 Πατρικῆ

2113 1685 2145 1750 ἡ
2197 1684 2371 1762 φωνὴ,
2412 1683 2757 1760 ἧπλωμέναις
2809 1683 3069 1759 ἀγκάλαις
3113 1687 3242 1764 πρὸς
3293 1686 3481 1742 ἑαυτὸν
3539 1685 3764 1743 ιιαλοῦν-

2113 1793 2200 1837 τος
2229 1773 2349 1838 τοὺς
2381 1773 2514 1839 τέως
2558 1772 2971 1853 ἀφηιιάζοντας,
3008 1771 3070 1831 Ὀ
3101 1781 3190 1831 οῦν
3239 1774 3469 1840 ἀκούσας
3501 1775 3595 1843 τῆς
3626 1775 3764 1846 κλή-

2110 1948 2296 2023 ὄψεται
2354 1952 2446 2006 τὸν
2504 1952 2982 2026 εἰρηνοποιήσαντα
3028 1953 3094 2006 τὰ
3123 1953 3295 2010 πάντα
3326 1951 3410 2010 διὰ
3461 1963 3552 2012 τοῦ
3593 1975 3763 2011 σταυ-

2111 2037 2224 2112 ροῦ;
2256 2038 2380 2096 Εἴτε
2410 2039 2476 2095 τὰ
2507 2038 2592 2096 ἐπὶ
2642 2039 2736 2107 τῆς
2791 2040 2915 2119 γῆς,
2973 2039 3086 2096 εἴτε
3134 2041 3200 2097 τὰ
3252 2041 3307 2098 ἐν
3337 2055 3457 2102 τοῖς
3489 2044 3761 2121 ούρανοτς,

2111 2126 2272 2192 Τύξον
2329 2130 2621 2208 συντρίψει,
2692 2130 2778 2186 καὶ
2849 2129 3125 2186 συνθλάσει
3205 2129 3325 2207 (46)
3413 2129 3602 2207 ὅπλον,
3668 2135 3758 2191 καὶ

2109 2218 2321 2295 θυρεοὺς
2393 2219 2717 2276 κατακαύσει
2791 2217 2846 2274 ἐν
2924 2220 3066 2297 πυρί.
3157 2219 3312 2299 Ὀρᾷς
3373 2222 3432 2276 τὸ
3487 2223 3760 2298 εἰρηνικὸν

2111 2304 2301 2385 Κυρίου
2356 2308 2460 2364 τῶν
2519 2306 2814 2384 δυνάμεων,
2875 2305 2954 2364 ὅτι
3000 2307 3145 2388 ἔχων
3204 2308 3319 2384 μεθ’
3366 2310 3556 2368 ἑαυτοῦ
3588 2313 3760 2390 ἀορά-

2110 2417 2228 2460 τους
2289 2395 2535 2472 δυνάμεις
2586 2396 2889 2476 ἀγγελικων
2919 2397 3236 2476 καταλόγων
3275 2397 3484 2477 ;Ὀρᾷς
3540 2403 3601 2457 τὸ
3660 2402 3755 2459 ἀν-

2109 2486 2284 2563 δρεῖον
2363 2489 2496 2563 ὁμοῦ
2554 2489 2640 2543 καὶ
2719 2486 3087 2568 φιλάνθρωπον
3163 2495 3257 2545 τοῦ
3321 2489 3758 2571 ἀρχιστρατήγου

2110 2583 2212 2632 τῶν
2244 2575 2517 2652 δυνάμεων
2552 2593 2567 2650 ;
2601 2575 2658 2640 ὅς
2691 2599 2775 2653 γε,
2827 2577 3014 2654 Κύριος
3057 2576 3132 2633 ὢν
3162 2578 3269 2634 τῶν
3313 2576 3608 2655 δυνάμεων,
3671 2585 3757 2640 καὶ

2106 2666 2280 2722 πάντα
2323 2664 2471 2746 ἔχων
2521 2667 2586 2724 τὰ
2657 2667 2970 2741 συστήματα
3017 2673 3120 2723 τῶν
3166 2666 3466 2745 ἀγγελικῶν
3521 2670 3756 2729 καταλύο

2105 2778 2236 2831 γων,
2291 2754 2520 2832 ον’)δαμοῦ
2578 2778 2694 2814 τινα
2749 2755 3037 2834 τιτρώσκει
3071 2756 3177 2812 τῶν
3230 2755 3526 2834 πολεμίων,
3575 2759 3755 2819 οὖδένα

2105 2843 2429 2903 καταϐάλλει
2465 2843 2623 2926 (47),
2656 2844 2864 2908 εὗδενὸς
2916 2844 3141 2902 ἅπτεται
3174 2863 3187 2878 '
3223 2844 3360 2902 ἀλλὰ
3388 2847 3511 2913 τόξα
3543 2871 3753 2925 συντρι-

2102 2931 2206 3008 ϐει,
2242 2935 2327 2989 καὶ
2358 2932 2521 3009 ὅπλα,
2556 2936 2643 2990 καὶ
2699 2935 2912 2996 θυαεοὺς
2971 2935 3246 2991 κατακαίει
3305 2938 3362 2991 ἒν
3391 2938 3535 3014 πυρί.
3587 2938 3746 3004 Τάξον

2104 3023 2200 3096 μὲν
2264 3023 2543 3100 συντρίϐει,
2607 3022 2742 3079 ὥστε
2798 3021 2992 3098 μηκέτι
3059 3025 3124 3080 τὰ
3201 3026 3559 3103 πεπυρωμένα
3615 3029 3748 3103 βέλη

2103 3111 2473 3186 ἐκπέμπεσθαι
2519 3110 2589 3167 δι’
2619 3112 2789 3170 αὐτῶν
2823 3131 2836 3143 ’
2881 3112 3044 3186 ὅπλα,
3091 3111 3146 3169 δὲ
3205 3114 3478 3171 συνθλέσει
3532 3114 3747 3195 (48)τά

361 3214 426 3267 ut
457 3208 555 3287 qui
591 3189 773 3288 prope
795 3189 1213 3284 sunt,insidiis
1241 3210 1436 3288 petiti,
1469 3189 1713 3274 vulnera
1743 3189 2017 3293 rscipere

2106 3199 2424 3281 ἀγχέμαχα,
2460 3203 2533 3264 ὡς
2592 3202 2669 3276 μὴ
2733 3201 2976 3259 δύνασθαι
3032 3204 3155 3268 τοὺς
3185 3205 3439 3282 σύνεγγυς
3476 3189 3747 3282 τραύματα

358 3311 736 3373 nequaquam
770 3297 1018 3377 possint.
1072 3298 1149 3361 Et
1177 3306 1352 3362 scuta
1382 3300 1681 3362 comburet
1713 3302 1869 3381 igni,
1903 3301 2012 3362 ad-

355 3384 650 3445 versarios
675 3385 938 3464 spolians
968 3387 1092 3449 suis
1125 3389 1541 3471 munimentis,
1574 3398 1752 3472 atque
1805 3389 2010 3451 inimi-

359 3489 569 3534 corum
603 3475 788 3552 gratia
814 3477 1016 3539 omnia
1047 3477 1296 3539 faciens.

439 3651 500 3713 8.
525 3649 705 3715 Vens.
724 3661 737 3712 t
757 3654 779 3715 l
801 3703 814 3716 .
855 3653 1070 3718 Vacate
1091 3662 1148 3719 et
1178 3657 1394 3731 videte,
1424 3663 1711 3735 quoniam
1738 3675 1842 3736 ego
1873 3676 2006 3719 sum

361 3739 545 3803 Deus.
582 3739 855 3813 Quandin
907 3744 1145 3824 quidem
1174 3745 1386 3808 alienis
1412 3764 1444 3807 a
1471 3747 1592 3808 Deo
1623 3745 1804 3806 rebus
1834 3765 2006 3808 vaca-

359 3847 516 3906 mus,
539 3829 645 3891 Dei
688 3831 952 3893 notitiam
987 3833 1296 3914 suscipere
1331 3854 1447 3896 non
1483 3852 1826 3915 possumus.
1863 3836 2009 3908 Quis

361 3917 523 3980 enim
549 3921 624 3982 de
650 3922 856 3983 mundi
889 3921 1069 3984 rebus
1090 3923 1477 4004 sollicitus,ac
1497 3925 1859 4000 immergens
1875 3943 2008 3987 sese

359 4008 555 4070 carnis
589 4012 1286 4094 occupationibus,queat
1317 4013 1517 4076 verbis
1538 4014 1644 4076 Dei
1673 4015 2002 4081 attendere.

358 4103 536 4178 atque
562 4106 726 4162 totac
750 4101 1120 4164 tantisrebus
1138 4112 1412 4165 accurate
1435 4103 1868 4184 diligenterque
1881 4123 2008 4182 spe-

359 4187 630 4249 culandis
656 4207 761 4268 par
781 4208 912 4251 esse
935 4193 964 4250 ?
1003 4190 1132 4254 Non
1164 4192 1350 4267 vides,
1386 4192 1693 4272 delapsum
1717 4192 1778 4253 in
1805 4193 2005 4272 spinas

361 4275 608 4337 verbum
635 4279 819 4357 spinis
842 4279 1154 4343 suffocari?
1186 4280 1391 4361 Spinae
1423 4290 1618 4343 autem
1653 4291 1789 4342 sunt
1809 4281 2003 4341 carnis

360 4364 712 4446 voluptates,
748 4376 804 4428 et
831 4368 1073 4440 divitiae,
1108 4378 1166 4429 et
1197 4369 1413 4451 gloria,
1441 4378 1499 4432 et
1536 4387 1624 4430 eae
1657 4370 1875 4450 quaead
1912 4376 2000 4429 vi-

356 4457 478 4517 tam
523 4454 823 4533 pertinent
874 4475 1031 4520 curae
1055 4457 1133 4519 ἐ.
1165 4461 1459 4521 Caeterum
1493 4459 1565 4520 ab
1598 4460 1691 4521 his
1723 4459 2002 4521 omnibus

2099 3290 2346 3372 δέχεσθαι
2421 3291 2948 3366 ἐπιϐουλευομένους.
3003 3294 3098 3351 Καὶ
3158 3295 3366 3371 θυρεοὺς
3424 3297 3747 3352 κατακαύσει

2097 3381 2152 3436 ἐν
2200 3383 2342 3461 πυρὶ,
2397 3389 2612 3461 γυμνῶν
2670 3383 2790 3447 τοὺς
2869 3383 3264 3458 ἀντικειμένους
3303 3383 3410 3440 ἀπὸ
3458 3390 3566 3440 τῶν
3621 3408 3746 3465 προ·

2096 3469 2411 3547 ϐλημάτων,
2503 3474 2587 3529 καὶ
2639 3473 2812 3530 πάντα
2884 3471 2974 3529 ἐπ’
3035 3474 3304 3551 εὐεργεσίᾳ
3360 3480 3467 3529 τῶν
3537 3476 3750 3556 ἐχθρῶν

2095 3561 2319 3640 ἐνεργῶν
2331 3607 2343 3620 .

2172 3654 2229 3710 8.
2274 3649 2589 3730 Σχολάσατε
2634 3652 2719 3707 καὶ
2751 3656 2944 3729 γνῶτε,
2981 3649 3059 3708 ὅτι
3093 3652 3201 3731 ἐγώ
3231 3654 3344 3728 εἶμι
3378 3655 3405 3710 ὁ
3429 3654 3583 3719 Θεός,
3624 3652 3748 3735 Ἐφ’

2092 3736 2214 3794 ὅσον
2271 3741 2369 3816 μὲν
2425 3753 2544 3806 τοῖς
2594 3739 2694 3807 ἔξω
2735 3748 2866 3797 Θεοῦ
2909 3741 3248 3820 σχολάζομεν
3309 3744 3640 3824 πράγμασιν,

2091 3826 2349 3905 δυνάμεθα
2400 3832 2648 3910 χωρῆσαι
2707 3835 2902 3908 γνῶσιν
2963 3838 3093 3888 Θεοῦ
3169 3832 3258 3894 Τίς
3312 3834 3414 3910 γὰρ
3466 3840 3747 3912 μεριμνῶν

2091 3920 2156 3974 τὰ
2209 3928 2301 3977 τοῦ
2349 3918 2575 3994 κόσμου,
2634 3921 2720 3976 καὶ
2778 3917 3081 3994 ἐμϐαθύνων
3161 3933 3280 3984 τοῖς
3333 3937 3738 4000 περισπασμοτς

2090 4009 2188 4076 τῆς
2221 4009 2434 4086 σαρκὸς,
2469 4007 2678 4067 δύναται
2711 4021 2827 4072 τοῖς
2859 4009 2976 4086 περὶ
3009 4015 3142 4065 Θεοῦ
3185 4008 3370 4088 λόγοις
3423 4014 3736 4092 προσέχειν,

2090 4101 2178 4155 καὶ
2202 4105 2270 4174 τῇ
2311 4095 2543 4172 ἀκριϐείᾳ
2575 4106 2680 4155 τῶν
2709 4097 3040 4165 τηλικούτων
3096 4103 3459 4180 θεωρημάτων
3503 4104 3687 4182 ἀρκεῖν
3720 4119 3738 4178 ;

2092 4187 2206 4267 Οὗχ
2237 4189 2385 4267 ὁρᾷς,
2437 4189 2514 4244 ὅτι
2545 4189 2573 4245 ὀ
2605 4189 2677 4253 εἷς
2711 4189 2802 4251 τὰς
2853 4189 3078 4256 ἀκάνθας
3133 4193 3389 4266 ἐμπεσὼν
3432 4192 3594 4272 λόγος
3637 4196 3742 4250 ὑπὸ

2086 4279 2191 4334 τῶν
2227 4278 2468 4334 ἀκανθῶν
2529 4278 2884 4357 συμπνίγεται
2920 4297 2936 4355 ς
2989 4279 3267 4338 ¹¹Ακανθαι
3297 4280 3352 4338 δέ
3393 4283 3525 4340 εἶσιν
3554 4283 3741 4352 ἡδοναὶ

2087 4369 2302 4444 σαρκὸς,
2336 4369 2422 4423 καὶ
2463 4365 2686 4433 πλοῦτος
2730 4369 2814 4424 καὶ
2868 4367 3014 4442 δόξα,
3047 4371 3135 4427 καὶ
3163 4372 3410 4446 βιωτικαὶ
3455 4375 3735 4451 μέριμναι,

2087 4458 2261 4513 Πάντα
2293 4455 2347 4512 δὲ
2395 4456 2517 4534 (49)
2576 4458 2775 4514 τούτων
2823 4457 2922 4524 ἔξω
2974 4458 3154 4530 δεήσει
3189 4461 3431 4538 γενέσθαι
3476 4465 3575 4519 τὸν
3608 4464 3737 4520 ἐπι-

3678 3749 3737 3804 οὗ

355 4542 678 4603 alienatum
706 4564 840 4608 esse
854 4547 1150 4627 oportebit
1174 4550 1562 4630 eum,quiDei
1589 4550 1992 4630 cognitionem

2110 4547 2326 4622 εάμενον
2359 4547 2455 4614 τῆς
2480 4546 2728 4625 γνώσεως
2760 4555 2851 4605 τοῦ
2898 4556 3051 4625 Θεοῦ,
3112 4550 3200 4605 καὶ
3231 4549 3578 4629 σχολάσαντα
3631 4554 3738 4610 ἀπὸ

355 4630 684 4706 desiderat;
707 4643 763 4696 et
784 4635 884 4696 ubi
904 4640 1192 4699 vacaverit
1216 4640 1288 4700 ab
1318 4637 1736 4710 aﬂ'ectibus,ita
1753 4639 1988 4700 demum

2123 4645 2182 4691 by
2232 4639 2434 4712 παθῶν,
2474 4635 2638 4702 οὕτως
2665 4636 2955 4695 ἀναλαϐεῖν
2988 4639 3084 4708 τὴν
3131 4638 3417 4715 ἐπίγνωσιν
3449 4652 3541 4701 τοῦ
3577 4651 3732 4702 Θεοῦ.

352 4719 461 4783 Dei
485 4722 755 4804 recipere
769 4727 1522 4805 cognitionemQuomodo
1547 4729 1706 4790 cnim
1734 4728 1991 4790 animum

2106 4733 2198 4800 Ιῳς
2257 4727 2355 4804 γὰρ
2399 4724 2606 4802 εἰσέλθῃ
2665 4729 2739 4790 εἰς
2809 4729 2994 4809 ψυχὴν
3053 4731 3572 4808 στενοχωρουμένην
3628 4734 3734 4788 ὑπὸ

353 4829 388 4875 a
404 4811 618 4875 mentis
635 4815 1076 4895 evagationibus
1096 4836 1162 4880 se
1182 4837 1568 4900 praeoccupati
1581 4817 1738 4881 tibus
1753 4839 1826 4899 op
1837 4837 1980 4895 pres-

435 5028 489 5072 ‘9
512 5031 672 5095 Psal.
698 5049 896 5109 xxxnt,
938 5034 1032 5098 12.
1120 5034 1184 5086 90
1207 5033 1414 5099 Matth.
1446 5051 1528 5112 xu,
1563 5036 1662 5099 28.

432 5233 552 5317 (44)
599 5235 682 5299 Ita
715 5257 857 5302 mss.
912 5249 1167 5321 septem.
1215 5239 1372 5302 Editi
1425 5258 1562 5303 vero
1623 5247 1727 5298 τῶν
1777 5241 1986 5315 emptu

351 5336 452 5371 νων
462 5365 475 5378 ,

585 5395 741 5480 [Editi
772 5407 1004 5480 πρῶτον.
1043 5405 1114 5462 At
1147 5418 1289 5462 mss.
1322 5407 1551 5480 septem
1585 5402 1862 5478 πρότερον.

438 5475 562 5557 (46)
596 5476 792 5542 Editio
815 5475 1002 5562 Basili.
1033 5489 1091 5542 et
1113 5480 1281 5559 Regii
1315 5475 1638 5562 secundus,
1673 5475 1914 5562 quintus
1935 5489 1994 5542 et

353 5565 552 5618 sextus
579 5577 694 5620 una
723 5580 857 5621 cum
892 5559 1022 5622 aliis
1073 5562 1256 5624 tribus
1301 5560 1661 5629 Colbertinis
1691 5559 1987 5619 συνθλάσει.

350 5633 544 5722 Editio
575 5656 715 5722 v_ero
749 5641 934 5722 Paris.
969 5643 1276 5722 cuTxltécev.

436 5717 559 5798 (47)
593 5716 740 5798 Reg.
778 5719 986 5784 tertius
1013 5716 1219 5804 βάλλει.
1255 5719 1388 5785 Mox
1417 5720 1740 5786 Colbertini
1766 5726 1994 5805 primus

1751 5034 1800 5078 ²¹
1828 5033 2057 5098 Coloss.
2087 5051 2124 5114 I,
2159 5032 2259 5098 ΞΟ.

2084 4823 2183 4872 τῶν
2244 4813 2754 4895 προκαταλαϐόντων
2841 4819 3000 4885 αυτὴν
3077 4816 3441 4897 διαλογισμῶν
3516 4823 3550 4889 ἡ
3615 4824 3733 4899 περὶ

2345 5032 2401 5077 ’ί
2428 5033 2636 5098 Matth.
2672 5049 2796 5108 xm,
2823 5036 2882 5108 7,
2915 5035 3012 5094 σε.

2075 5247 2134 5299 et
2161 5247 2366 5301 sextus
2396 5257 2531 5301 cum
2563 5239 2709 5316 Reg.
2739 5238 2940 5319 quinto
2969 5238 3322 5319 κατακαύσει,

2152 5319 2276 5398 (48)
2306 5319 2413 5383 Hic
2439 5337 2579 5382 mss.
2617 5335 2719 5379 sex
2743 5317 3050 5398 συγκλάσει,
3084 5318 3235 5397 Reg.
3266 5333 3400 5378 vero
3432 5323 3634 5381 sextus
3665 5327 3723 5380 et

2072 5397 2507 5480 Colb.quintus
2538 5397 2880 5480 cum_editis
2913 5397 3211 5460 συνθλασει,

2162 5477 2297 5560 (49)
2319 5481 2513 5561 Editio
2541 5477 2788 5542 Basil.et
2814 5486 3066 5561 quatuor
3088 5496 3234 5542 mss.
3259 5478 3471 5538 πάντων
3499 5477 3691 5561 δέΕάἱ

2079 5562 2158 5623 tio
2180 5559 2322 5625 vero
2350 5560 2537 5626 Paris.
2568 5567 2626 5620 θῑ
2658 5566 2778 5621 tros
2817 5559 2957 5622 (DSS.
2999 5561 3212 5617 πάντων
3244 5562 3352 5622 οὖν,
3417 5564 3551 5622 Mox
3586 5559 3722 5623 Col—

2079 5642 2294 5705 bertini
2328 5641 2556 5723 primus
2586 5649 2644 5702 et
2665 5649 2863 5703 sextus
2894 5659 3026 5703 cum
3062 5641 3393 5720 Reg.tertio
3427 5641 3727 5715 ἐπιδικαζὸ-

2078 5746 2236 5799 μενον
2264 5731 2362 5793 τῆς
2395 5726 2668 5806 γνώσεως.
