4106 6382
275 330 390 396 433

1345 329 1672 393 HOMILIA
1715 327 1797 388 IN
1843 320 2206 391 PSALMUM
2253 332 2525 394 XLVIII.

3526 331 3648 396 434

269 492 370 537 σης
400 466 859 548 δπσρανάστηκεν,
910 468 1046 526 ὥστε
1078 467 1130 534 ἐξ
1174 466 1414 526 ἀπόπτου
1470 465 1642 524 πάντη
1684 462 1817 521 ίδετν
1848 461 1913 519 τὰ

2004 460 2143 525 adeo
2164 466 2385 528 vocalis
2407 485 2621 549 prmo,
2662 475 2727 529 ut
2748 465 3029 530 inclamet
3059 466 3215 547 quod
3237 485 3271 529 a
3294 472 3376 527 tot
3399 466 3651 530 auribus

268 561 417 633 ἔθνη,
476 561 565 617 καὶ
612 565 786 616 πᾶσαν
846 558 947 627 τὴν
1023 558 1337 635 οἰκουμένην
1388 556 1644 637 ὀφθαλμῷ
1685 552 1912 632 περιλα-

269 650 410 727 ϐετν;
441 652 529 715 Τίς
574 650 711 709 οὕτω
763 649 1280 730 μύγαλοφωνότατος
1340 645 1522 726 κῆρυξ,
1558 646 1696 704 ὥστε
1728 643 1916 701 τοσαύ-

268 762 385 805 ταις
443 742 576 816 ὁμοῦ
621 740 812 802 ἀκοαῖς
874 738 1186 805 ἐξάκουστον
1236 736 1519 818 ἑμϐοῆσαις
1567 736 1654 799 Τίς
1687 738 1714 791 6
1745 732 1913 813 δέχο-

270 833 389 886 σθαι
435 827 724 906 δυνάμενος
780 834 960 910 χῶρος
1008 830 1129 893 τοὺς
1171 828 1641 906 ἐκκλησιάζοντας,
1675 822 1909 891 Πηλίκος

268 918 325 976 δὲ
364 922 392 976 ὁ
443 917 754 984 διδάσκαλος
803 921 891 975 καὶ
918 919 1158 983 ποτὰπος
1211 918 1311 985 τὴν
1368 917 1576 997 σοφίαν,
1624 914 1761 972 ὥστε
1793 910 1912 978 ἄξια

268 1008 364 1077 τῆς
395 1007 723 1076 τηλικαύτης
755 1006 1073 1077 Ἐκκλησίας
1126 1007 1260 1088 (63)
1295 1006 1524 1086 ἐξευρεῖν
1553 1005 1619 1061 τὰ
1648 1002 1908 1081 διδάγμα-

268 1117 360 1175 τα;
391 1100 589 1178 Μικρὸν
630 1097 937 1173 ἀνάμεινον,
970 1099 1056 1155 καὶ
1087 1098 1328 1178 μαθήσῃ,
1374 1094 1456 1154 ὅτι
1512 1093 1606 1160 ἂξα
1656 1093 1748 1151 τοῦ
1805 1092 1908 1148 ἐπ-

265 1187 606 1267 αγγέλματός
638 1188 747 1244 ἐστι
798 1188 865 1246 τὰ
908 1185 1119 1267 ἑφεξῆς.
1173 1186 1231 1245 Ὀ
1288 1187 1386 1262 μξν
1416 1186 1516 1264 γὰρ
1549 1181 1912 1254 ἐκκλησίάζων

264 1279 355 1335 καὶ
410 1278 584 1335 πάντα
660 1276 941 1357 συγκαλῶν
999 1284 1077 1353 τῷ
1130 1277 1430 1356 κηρύγματι
1488 1277 1516 1331 6
1560 1271 1910 1351 Παράκλητὸς

264 1388 409 1448 εστι,
444 1368 505 1424 τὸ
535 1373 748 1443 Πνεῦμα
774 1372 872 1435 τῆς
900 1364 1174 1444 ἀληθείας,
1208 1364 1292 1422 διὰ
1320 1371 1607 1445 προφητῶν
1637 1365 1727 1420 καὶ
1770 1362 1912 1418 ἀπο-

264 1455 471 1516 στόλων
518 1457 758 1536 συνάγων
815 1454 941 1537 (64)
1001 1457 1125 1518 τοὺς
1186 1454 1546 1531 σωζομένουςο
1603 1456 1677 1508 ὧν
1729 1448 1913 1518 ἐπειδὴ

264 1548 356 1609 Εἰς
425 1546 635 1605 ἅπασαν
718 1546 817 1614 τῆν
889 1551 994 1625 γῆν
1049 1544 1263 1613 ἐξῆλθεν
1331 1547 1359 1601 6
1415 1543 1644 1624 φθόγγος
1718 1540 1912 1612 αὐτῶν,

262 1637 354 1692 καὶ
382 1637 454 1702 είς
506 1636 572 1691 τὰ
626 1634 829 1714 πέρατα
898 1638 999 1701 τῆς
1059 1632 1374 1707 οἰκουμένης
1430 1634 1498 1690 τὰ
1548 1630 1762 1712 ῥήματα
1816 1633 1913 1688 αὒ-

1997 551 2171 616 simul
2193 556 2499 619 audiatur?
2529 556 2670 629 Quis
2706 557 2867 619 locus
2900 564 2973 619 ad
3008 556 3358 619 concionem
3393 556 3643 619 venien-

1996 648 2083 702 tes
2106 653 2281 724 queat
2302 646 2609 727 excipere?
2627 646 2895 719 Quantus
2916 654 3113 709 autem
3137 646 3366 725 doctor,
3397 654 3456 707 et
3486 648 3645 727 quali

1994 733 2286 812 sapientia
2302 736 2677 817 przeditus,ut
2697 736 3057 798 documenta
3078 736 3338 797 inveniat
3358 754 3643 798 consessu

1994 829 2154 883 tanto
2176 824 2382 904 digna?
2404 828 2695 906 Exspecta
2717 833 3127 909 parumper,et
3148 845 3217 888 ea
3237 844 3368 908 quia
3388 844 3644 906 sequun-

1997 918 2111 987 tur,
2124 915 2709 995 promissisLindigna
2733 935 2848 977 non
2881 934 3012 978 esse
3039 916 3302 990 edisces;
3331 914 3644 997 Siquidem

1995 1001 2408 1077 concionator,
2458 1014 2517 1068 et
2548 1006 2649 1085 qui
2674 1024 2883 1067 omnes
2916 1005 3212 1086 praeconio
3245 1007 3429 1085 cogit,
3463 1007 3649 1067 Para-

1994 1089 2183 1152 cletus
2214 1101 2325 1168 est,
2361 1094 2458 1155 ille
2482 1092 2737 1174 Spiritus
2761 1094 3046 1169 veritatis,
3084 1112 3191 1174 per
3215 1096 3537 1175 prophetas
3592 1100 3652 1154 et

1993 1182 2295 1261 apostolos
2320 1202 2423 1244 eos
2450 1202 2819 1263 congregans
2848 1184 2949 1264 qui
2986 1183 3240 1247 salutem
3273 1182 3651 1245 consecuturi

1993 1280 2180 1333 erant:
2210 1291 2461 1353 quorum
2480 1274 2619 1355 quia
2642 1274 2715 1335 In
2732 1292 2971 1337 omnem
2998 1283 3231 1336 terram
3251 1275 3444 1335 exivit
3463 1290 3649 1335 sonus

1993 1370 2285 1441 eorum,et
2312 1368 2372 1424 in
2399 1363 2547 1441 ﬁnes
2568 1365 2731 1426 orbis
2757 1372 2937 1426 terra:
2960 1362 3144 1426 verba
3173 1360 3652 1439 eorummﬁdcir-

1998 1468 2069 1510 co
2090 1450 2717 1527 dicit:.4uitite,omnes
2739 1461 3030 1533 gentes,et
3050 1470 3253 1515 omnes
3279 1454 3385 1533 qui
3409 1450 3658 1514 habita-

2000 1540 2077 1601 tis
2098 1539 2321 1602 orbem.
2344 1541 2718 1622 Quapropter
2748 1550 2805 1604 et
2827 1541 3094 1604 Ecclesia
3129 1560 3198 1604 ex
3222 1540 3499 1603 omnibus
3520 1540 3649 1602 col-

2002 1631 2154 1694 lecta
2183 1642 2272 1695 est
2303 1634 2843 1715 conditionibus,ut
2865 1654 3041 1697 nemo
3075 1635 3173 1716 qui
3208 1652 3411 1695 exsors
3433 1632 3651 1693 situti-

262 1731 399 1784 τῶνο
457 1724 542 1780 διὰ
598 1724 751 1781 τοῦτό
809 1739 993 1805 φησιν·
1053 1721 1371 1802 Ἀκούσατε,
1426 1722 1596 1778 πάντα
1656 1720 1721 1776 τὰ
1766 1718 1911 1787 ἔθνη.

2004 1722 2180 1785 litatis
2200 1723 2844 1804 relinquatur.Etenim
2869 1723 3360 1804 congregationes
3381 1732 3500 1783 tres
3517 1728 3654 1783 sunt

263 1816 355 1872 καὶ
430 1834 624 1878 παντες
696 1816 743 1869 οἱ
797 1820 1166 1876 κατοικοῦντες
1236 1812 1337 1879 τὴν
1415 1808 1754 1885 οἰκουμένην.
1821 1810 1914 1864 Διὸ

265 1905 355 1960 καὶ
409 1905 444 1972 ἡ
477 1900 766 1969 Ἐκκλησία
827 1902 888 1959 ἐκ
928 1899 1284 1959 παντοδαπῶν
1332 1897 1766 1974 ἐπίτηδευμάτων
1798 1919 1917 1954 συν·

265 1993 524 2073 είλεκται,
585 1990 678 2049 ἵνα
721 1990 907 2067 μηδεὶς
959 1990 1062 2056 ’ἐξω
1111 1996 1211 2058 τῆς
1268 1988 1528 2069 ὠφελείας
1590 1986 1912 2068 ἀπολειφθῇ.

265 2094 427 2165 Τρετς
475 2083 575 2162 γὰρ
652 2083 752 2139 εἰσι
812 2081 1048 2157 συζυγίαι
1105 2086 1213 2137 τῶν
1265 2077 1608 2155 κεκλημένων
1634 2126 1650 2151 ,
1713 2078 1768 2135 ἐν
1820 2077 1913 2140 αἶς

264 2173 411 2230 ἀπαν
452 2173 513 2227 τὸ
550 2171 657 2227 τῶν
708 2170 997 2248 ἀνθρώπων
1061 2168 1373 2250 περιέχεται
1433 2168 1585 2247 γένος
1645 2168 1768 2235 ἔθνη
1812 2168 1913 2246 γὰρ

265 2264 315 2320 οἱ
365 2266 736 2324 κατοικοῦντες
777 2261 876 2327 τὴν
935 2258 1270 2335 οίκουμένην·
1319 2270 1573 2337 γηγενεῖς
1624 2260 1710 2314 καὶ
1740 2258 1786 2314 οί
1814 2257 1913 2313 υἱοὶ

262 2355 373 2407 τῶν
429 2349 739 2427 ἀνθρώπων·
798 2346 1049 2406 πλούσιοι
1108 2349 1196 2404 καὶ
1255 2347 1505 2416 πένητες.
1568 2348 1694 2406 Τίνα
1742 2346 1912 2403 τοίνυν

260 2440 366 2508 ἔξω
417 2437 768 2497 καταλέλοιπε
803 2440 905 2504 τῆς
964 2436 1317 2517 ἀκρὸάσεως;
1372 2439 1431 2495 Οἱ
1484 2436 1755 2516 ἀλλότριοι
1811 2442 1912 2503 τῆς

258 2531 498 2592 πίστεως
547 2527 632 2584 διὰ
665 2526 791 2609 (65)
848 2528 955 2583 τῶν
1015 2526 1177 2585 ἐθνῶν
1232 2525 1560 2597 ἐκλήθησαν,
1622 2528 1688 2584 Οἳ
1744 2547 1799 2581 εν
1843 2532 1913 2603 τῇ

258 2617 564 2691 Ἐκκλησία
619 2619 769 2691 εἰσὶν,
837 2620 884 2674 οἱ
956 2616 1329 2680 κατοικούντες
1406 2616 1506 2683 τὴν
1572 2614 1911 2691 οἳκουμένην,

256 2710 524 2787 Γηγένετς
558 2707 605 2764 οἱ
635 2708 703 2763 τὰ
734 2708 893 2785 γήινα
950 2713 1283 2786 φρονοῦντες,
1320 2706 1405 2762 καὶ
1447 2711 1553 2762 τῶν
1595 2704 1913 2780 θελημάτων

253 2803 368 2866 τῆς
416 2798 608 2876 σαρκὸς
666 2796 1045 2877 ἀντεχόμενοι,
1094 2797 1205 2854 Υίοὶ
1236 2795 1342 2852 τῶν
1397 2796 1685 2874 ἀνθρώπων
1717 2797 1764 2851 οἱ
1796 2793 1918 2851 ἐπι-

257 2887 487 2965 μέλειάν
538 2909 657 2944 τινα
717 2887 806 2943 καὶ
863 2885 1093 2953 ἄσκησιν
1168 2893 1260 2942 τοῦ
1335 2884 1496 2963 λόγου
1584 2885 1915 2960 ποιούμενοι⁶

257 2976 412 3035 ἴδιον
462 2977 562 3055 γὰρ
621 2981 713 3033 tofi
743 2974 1018 3054 ἀνθρώπου
1042 2976 1103 3031 τὸ
1134 2973 1372 3053 λογικόν,
1425 2973 1671 3031 Πλούσιοι
1702 2976 1789 3031 καὶ
1819 2972 1923 3029 πέ-

1997 1812 2584 1892 vocatorum,qnibus
2610 1832 2790 1874 omne
2822 1814 3129 1874 hominum
3151 1831 3338 1892 genus
3368 1829 3649 1891 compre-

1999 1900 2301 1976 henditur;
2333 1911 2540 1980 gentes
2562 1902 2979 1965 ethabitantes
3007 1901 3242 1978 orbem;
3268 1903 3581 1979 terrigenae
3595 1908 3655 1962 et

1999 1991 2105 2051 lilii
2125 1991 2681 2072 hominum,divites
2699 2002 2755 2054 et
2780 2010 3095 2073 pauperes.
3120 1994 3309 2067 Quem
3339 1992 3515 2071 igitur
3538 2012 3651 2053 ex-

2000 2088 2087 2144 tra
2117 2079 2456 2142 auditorum
2489 2082 2965 2160 reliquit?Alieni
2986 2103 3018 2144 a
3039 2083 3292 2163 fide,per
3323 2090 3536 2160 gentes
3553 2100 3654 2143 vo-

1999 2171 2108 2231 cati
2139 2171 2272 2231 178
2288 2179 2445 2235 sunt.
2483 2173 2593 2244 Qui
2632 2183 2870 2234 manent
2896 2174 2956 2233 in
2989 2172 3325 2250 Ecclesia,ii
3359 2180 3519 2245 sunt,
3543 2174 3643 2251 qui

2000 2259 2261 2322 habitant
2293 2261 2528 2322 orbein.
2564 2260 2909 2342 Terrigenae
2940 2269 3079 2323 sunt
3131 2263 3230 2343 qui
3267 2272 3508 2323 terrena
3549 2280 3652 2321 sa-

2002 2348 2169 2427 piunt
2192 2360 2251 2413 et
2274 2351 2471 2412 carnis
2506 2351 2716 2433 placita
2743 2351 3311 2432 assequuntur.Filii
3343 2350 3653 2413 hominum

1998 2441 2543 2520 sunt,quiquodam
2576 2443 2750 2503 modo
2782 2442 3076 2504 rationem
3106 2454 3318 2503 curant
3351 2448 3657 2502 exercent-

1998 2545 2279 2607 que;nam
2305 2532 2455 2591 ratio
2482 2531 2718 2612 propria
2741 2531 3002 2592 hominis
3023 2531 3399 2593 est.Divitum
3420 2548 3491 2592 ac
3517 2548 3657 2609 pau-

2001 2634 2205 2695 perum
2245 2618 2581 2698 proprietas
2614 2638 2720 2699 per
2750 2638 2816 2681 se
2845 2619 3253 2698 cognoscitur:
3290 2618 3375 2680 illi
3410 2617 3650 2698 quidem

1998 2706 2484 2787 superabundant
2529 2727 2730 2770 rerum
2752 2709 3221 2770 necessariarum
3245 2708 3653 2789 possessione,

2004 2796 2066 2858 hi
2099 2815 2233 2857 vero
2261 2798 2320 2859 in
2355 2798 2703 2859 earumdem
2745 2798 2944 2879 inopia
2992 2799 3237 2879 degunt.
3276 2798 3421 2860 Cum
3454 2804 3651 2859 autem

2007 2886 2276 2949 medicus
2306 2887 2645 2950 animarum
2694 2907 2811 2949 non
2839 2895 3089 2968 venerit,
3124 2899 3183 2948 ut
3223 2891 3416 2965 justos
3468 2895 3656 2958 vocet,

2007 2974 2109 3036 sed
2148 2986 2491 3055 peccatores
2516 2978 2588 3039 ad
2624 2976 3276 3059 pcenitcntiammzquod
3311 2976 3372 3037 in
3396 2974 3660 3057 qualibet

266 3087 435 3135 νητες
494 3065 706 3123 αὒθόθεν
749 3063 935 3144 ἔχουσι
986 3064 1383 3143 γνωριζομένην
1425 3065 1523 3132 τὴν
1579 3062 1840 3131 ἰδιότητα·
1879 3063 1916 3120 οἳ

2010 3066 2427 3144 conjugatione
2461 3067 2917 3147 reprehensioni
2952 3066 3275 3129 obnoxium
3311 3074 3436 3128 erat
3484 3073 3661 3145 atque

273 3156 375 3233 μὶν
405 3153 803 3233 ὑπερϐαίνοντες
845 3154 944 3220 τὴν
1004 3155 1193 3220 κτῆσιν
1254 3159 1358 3209 τῶν
1418 3153 1740 3233 ἀναγκαίων,
1775 3154 1820 3210 οἱ
1868 3151 1923 3208 δὲ

274 3245 330 3301 ἓν
361 3244 532 3317 ὶνδεία
584 3244 783 3301 τούτων
841 3242 1261 3309 καθεστηκότες.
1318 3241 1536 3311 Ἐπειδὴ
1592 3240 1647 3298 δὲ
1682 3245 1709 3300 6
1745 3244 1922 3321 ἰατρὸς

274 3335 385 3393 τῶν
431 3339 625 3413 ψυχῶν
657 3334 750 3390 οὒκ
777 3330 905 3410 ᾗλθε
953 3331 1176 3388 καλέσαι
1209 3330 1461 3411 δικαίους,
1496 3330 1633 3387 ἀλλὰ
1671 3331 1923 3411 ἀμαρτω-

273 3424 401 3490 λοὺς
435 3426 508 3487 εἷς
540 3424 851 3502 μετάνοιαν,
911 3427 1121 3501 πρῶτον
1179 3419 1358 3488 ἔταξεν
1415 3422 1469 3478 ἐν
1525 3429 1593 3498 τῇ
1650 3421 1839 3490 κλήσει
1871 3425 1925 3478 ἓν

271 3515 478 3591 ἑκάστη
535 3514 755 3593 συζυγία
809 3514 870 3568 τὸ
913 3511 1379 3590 κατεγνωσμένον.
1446 3512 1667 3588 Χείρονα
1719 3513 1820 3591 γὰρ
1861 3513 1927 3568 τά

272 3605 401 3671 ἔθνη
460 3609 567 3659 τῶν
623 3602 1015 3659 κατοικούντων
1070 3601 1167 3669 τὴν
1222 3600 1557 3677 οἱκουμὲνην·
1616 3600 1736 3659 ἀλλ’
1781 3600 1927 3676 ὅμως

273 3693 664 3775 προτετίμηται
703 3690 824 3772 (66)
858 3692 932 3755 εἷς
964 3690 1063 3759 τὴν
1092 3688 1308 3771 κλῆσιν,
1341 3690 1434 3746 ἵνα
1471 3692 1518 3749 οἱ
1561 3697 1737 3756 κακῶς
1767 3690 1930 3770 ἕχον·

2008 3155 2397 3229 damuationi,
2432 3157 2487 3219 id
2519 3162 2775 3237 primum
2810 3157 2868 3217 in
2898 3158 3202 3219 vocatione
3262 3157 3478 3237 posuit.
3536 3157 3664 3218 De-

2011 3244 2261 3307 teriorcs
2293 3247 2453 3307 enim
2496 3257 2637 3309 sunt
2668 3257 2876 3326 gentes
2921 3266 3095 3327 quam
3129 3246 3230 3329 qui
3265 3246 3531 3308 habitant
3562 3264 3663 3305 or-

2010 3334 2281 3395 bemzsed
2342 3345 2539 3396 tamen
2576 3337 2909 3416 praepositae
2936 3345 3074 3397 sunt
3129 3338 3188 3397 in
3221 3336 3563 3409 vocatione,
3603 3344 3667 3397 ut

2009 3423 2107 3503 qui
2132 3423 2284 3484 male
2316 3424 2534 3487 habent
2565 3425 2798 3505 priores
2827 3445 2858 3486 a
2893 3426 3125 3507 medico
3187 3424 3520 3506 percipiant
3553 3424 3664 3484 uti-

2011 3513 2503 3577 litatein.Rursus
2534 3517 2849 3593 terrigenze
2878 3524 3019 3578 ante
3049 3515 3204 3576 ﬁlios
3229 3514 3537 3575 hominum
3573 3532 3667 3574 re-

2011 3602 2222 3663 censiti
2254 3612 2417 3678 sunt;
2448 3611 2506 3665 et
2534 3603 2751 3665 divites
2782 3613 2919 3665 ante
2953 3622 3269 3685 pauperes.
3306 3602 3671 3681 Desperaius

2013 3691 2185 3763 ordo,
2222 3701 2278 3752 et
2315 3693 2419 3770 qui
2445 3692 2762 3755 difﬁculter
2794 3693 3042 3755 salutem
3069 3693 3477 3773 consequitur,
3526 3700 3670 3753 ante

273 3805 364 3850 τες
422 3781 675 3861 πρότερον
721 3777 1063 3858 μεταλάϐωσι
1122 3784 1221 3848 τῆς
1275 3782 1338 3837 ὲκ
1407 3788 1501 3840 τοῦ
1537 3780 1716 3858 ἰατροῦ
1785 3781 1916 3859 ὡφε-

2018 3788 2257 3840 vocatus
2284 3790 2373 3842 est
2406 3801 2584 3862 quam
2619 3801 2929 3861 pauperes.
2962 3781 3323 3861 Hnjusmodi
3384 3779 3541 3840 enim
3578 3786 3673 3840 est

276 3874 450 3935 λείας.
501 3870 669 3928 Πα¹λιν
723 3873 770 3928 οἱ
824 3883 1077 3949 γηγενεῖς
1120 3870 1219 3949 πρὸ
1274 3876 1382 3927 τῶν
1424 3871 1546 3927 ὓίῶν
1591 3875 1696 3926 τῶν
1728 3868 1916 3946 ἀνθρώ⁴

2021 3870 2356 3948 benignitas
2384 3871 2795 3951 medici:prius
2816 3891 2989 3953 opem
3013 3868 3669 3933 fertimbecillicribus.

279 3987 399 4021 πων
447 3961 775 4040 ἐτάχθησαν*
825 3963 916 4018 καὶ
971 3959 1213 4019 πλούσιοι
1265 3961 1368 4041 πρό
1397 3961 1502 4017 τῶν
1547 3961 1811 4030 πενήτων.
1865 3960 1916 4017 Ti

2020 3959 2417 4022 Simulautem
2456 3962 2615 4040 pacis
2640 3961 2818 4023 etiam
2869 3961 3240 4024 conciliatrix
3275 3968 3365 4022 est
3393 3977 3671 4021 commu-

282 4050 699 4128 ἀπεγνωσμένον
755 4048 958 4128 τάγμα.
1019 4051 1109 4107 καὶ
1158 4049 1414 4108 δύσκολον
1447 4049 1578 4130 ἕχον
1620 4051 1717 4117 τὴν
1750 4072 1916 4115 σωτη·

2020 4049 2174 4110 nitas
2199 4049 2550 4123 vocationis,
2577 4051 2723 4111 adeo
2759 4060 2819 4111 ut
2857 4052 2957 4129 qui
2993 4052 3284 4113 hactenus
3342 4052 3491 4110 inter
3518 4067 3581 4108 se
3613 4046 3673 4107 in

286 4142 425 4220 ρὶαν,
486 4139 742 4217 πρότερον
800 4138 1058 4206 κέκληται
1116 4146 1221 4197 τῶν
1281 4147 1540 4221 πτωχῶν.
1578 4140 1807 4206 Τοιαύτη
1838 4139 1916 4217 γὰρ

2024 4138 2292 4200 moribus
2323 4138 2753 4212 dissenserant;
2782 4140 2855 4201 ob
2889 4143 3046 4202 hunc
3077 4149 3433 4201 conventum
3461 4144 3678 4197 mutuae

290 4232 326 4299 ἡ
358 4236 450 4287 τοῦ
476 4228 657 4306 ἱατροῦ
706 4225 1069 4306 φιλανθρωπία
1125 4242 1241 4294 τοῖς
1274 4229 1688 4308 ἀσθενεστέροις,
1737 4227 1916 4307 προτέ·

2022 4237 2366 4290 assuescant
2396 4228 2691 4292 charitati.
2739 4236 3033 4309 Agnoscat
3058 4229 3218 4290 enim
3251 4228 3422 4290 dives
3444 4245 3508 4287 se
3540 4245 3676 4287 cum

290 4340 403 4399 ροις
584 4314 896 4390 μεταδίδωσι
943 4316 1037 4383 τῆς
1102 4316 1382 4395 ὡφελείας.
1447 4315 1612 4389 Ὀμοῦ
1660 4316 1714 4374 δὲ
1746 4319 1833 4374 καὶ
1867 4319 1911 4372 εί

2026 4336 2283 4399 paupere
2316 4320 2614 4398 prmcouio
2643 4321 2769 4399 pari
2805 4337 3080 4382 vocatum
3106 4316 3473 4381 esse.Simul
3503 4316 3570 4379 in
3600 4336 3679 4378 u—

285 4409 458 4489 ρήνης
513 4404 622 4461 ἐστὶ
655 4405 962 4483 συναγωγὸν
1006 4406 1041 4472 ἡ
1084 4405 1333 4463 κοινωνία
1363 4406 1461 4473 τῆς
1490 4405 1759 4485 κλήσεως,
1794 4405 1916 4461 ὥστε

2022 4424 2167 4466 num
2185 4406 2767 4488 enim,inquil,dives
2781 4412 3513 4491 etpauper.Posteaquam
3535 4406 3682 4468 loris

283 4498 409 4562 τοὺς
453 4494 683 4576 ἔχοντας
724 4493 857 4558 τέως
909 4493 969 4550 ἐκ
999 4499 1106 4549 τῶν
1156 4491 1589 4568 ἐπινηδευμάτων
1615 4496 1745 4572 πρὸς
1771 4493 1916 4563 ἀλλῄη

2021 4493 2335 4573 reliqueris
2356 4514 2487 4557 eam
2522 4516 2633 4576 qua
2659 4497 2975 4559 inferiores
2990 4516 3232 4578 superas
3251 4498 3676 4577 praestantiam,

282 4586 409 4649 λους
436 4585 781 4664 ὑπεναντίως,
812 4583 1026 4647 τούτους
1086 4580 1172 4640 διὰ
1213 4588 1309 4650 τῆς
1372 4582 1696 4650 Ἐκκλησίας
1769 4604 1916 4660 προσ-

2025 4592 2082 4643 et
2111 4600 2238 4643 eam
2271 4602 2401 4663 quae
2422 4603 2491 4645 ex
2517 4585 2739 4646 divitiis
2760 4588 2948 4648 oritur
2978 4586 3412 4658 elationem,ita
3437 4584 3680 4646 demum

284 4676 556 4742 εθισθῆναι
600 4673 856 4744 ἀλλήλοις
910 4674 985 4736 εἷς
1041 4674 1141 4741 τὴν
1192 4674 1434 4751 ἀγάπην,
1497 4672 1812 4729 Γινωσκὲτω
1843 4673 1912 4749 γὰ

2025 4672 2341 4751 ingredere
2400 4674 2457 4733 in
2512 4673 2836 4737 Ecclesiam
2871 4675 2996 4738 Dei.
3033 4678 3238 4756 Neque
3291 4675 3466 4753 igitur
3520 4674 3686 4735 dives

285 4768 316 4822 6
359 4762 640 4845 πλούσιος,
693 4762 774 4819 ὅτι
833 4763 1075 4837 ὁμοτίμῳ
1133 4763 1436 4841 κηρύγματι
1490 4761 1750 4829 κέκληται
1800 4763 1916 4841 πρὸς

2019 4779 2338 4843 pauperem
2384 4762 2693 4844 despiciat;
2718 4783 2909 4843 neque
2935 4784 3159 4845 pauper
3196 4764 3475 4825 formidet
3521 4763 3687 4821 locu-

286 4856 383 4911 τὸν
425 4855 653 4920 πένητα.
709 4850 831 4911 Ἐπὶ
882 4854 943 4908 τὸ
991 4851 1119 4908 αὒτὸ
1170 4853 1292 4932 γὰρ,
1340 4852 1495 4931 φησί,
1540 4851 1795 4915 πλούσιος
1847 4874 1915 4907 κα

2022 4854 2240 4933 pletum
2272 4852 2620 4929 potentiam:
2650 4872 2842 4932 neque
2868 4854 2967 4914 lilii
2994 4853 3311 4914 hominum
3344 4852 3685 4929 terrigenas

290 4942 481 5011 πένης,
538 4941 694 5008 "Eine
751 4941 1062 5000 καταλιπὼν
1113 4945 1213 5008 τὴν
1272 4945 1402 5019 πρὸς
1434 4943 1552 5007 τοὺς
1586 4939 1916 4998 καταδεεστέ·

2024 4940 2474 5024 parvipendant,
2522 4960 2632 5003 nec
2670 4960 2875 5003 rursus
2907 4942 2979 5002 ab
3005 4943 3121 5002 illis
3152 4960 3286 5001 sese
3336 4939 3688 5001 abalienent

291 5055 411 5111 ρους
440 5033 737 5113 ὑπεροχὴν,
791 5032 878 5089 καὶ
907 5032 967 5087 τὸ
1010 5030 1070 5087 ἐκ
1119 5039 1211 5088 τοῦ
1266 5031 1497 5089 πλούτου
1541 5031 1809 5111 φρύαγμα,
1844 5030 1916 5088 ού-

2022 5031 2495 5109 terrigenazlmo
2520 5039 2726 5110 gentes
2758 5050 2891 5092 cum
2927 5031 2998 5092 iis
3023 5031 3126 5110 qui
3154 5030 3421 5092 habitant
3447 5028 3681 5109 orbem,

374 5192 438 5244 ὅτ
467 5190 627 5257 Psal.
658 5207 820 5273 xvui,
854 5192 915 5256 5.
998 5191 1063 5241 58
1092 5190 1304 5256 Matth.
1340 5206 1423 5268 Ix,
1457 5189 1556 5254 13.

383 5353 506 5433 (63)
540 5351 732 5415 Editio
780 5351 957 5415 Basil.
992 5351 1320 5420 τηλικαύτης
1354 5352 1562 5433 σοφίας..
1609 5349 1808 5433 Editio
1837 5354 1916 5433 Pa

2036 5353 2108 5415 ab
2138 5353 2399 5415 editione
2429 5353 2608 5415 Basil.

298 5429 409 5515 ris,
430 5429 577 5515 cum
613 5450 757 5496 mss.
789 5434 1120 5502 τηλικαύτης
1151 5429 1500 5515 Ἐκκλησίας,
1536 5430 1916 5515 benerider

2122 5436 2242 5507 {66)
2275 5433 2371 5496 Sic
2404 5436 2667 5515 quinque
2695 5452 2833 5493 mss.
2872 5434 2939 5495 At
2973 5432 3113 5494 editi
3138 5451 3272 5494 cum
3336 5430 3481 5511 Reg.
3526 5439 3692 5491 sexto

301 5511 446 5573 editi
480 5514 738 5588 ἀνάμενον
781 5516 867 5571 καὶ
900 5516 1151 5591 μαθήσει.
1195 5513 1270 5575 Αι
1318 5531 1463 5577 mss.
1521 5530 1621 5573 sex
1667 5513 1916 5590 ἀνάμεινο

2039 5511 2444 5596 προτετίμηναῇ

298 5596 392 5650 καὶ
418 5596 668 5668 μαθήσει.

409 5674 506 5743 64)
535 5671 751 5752 ltasex
787 5690 928 5733 mss.
970 5673 1042 5735 At
1078 5673 1218 5735 editi
1251 5675 1493 5752 συνάγον.

2043 5672 2238 5738 Paris.
2282 5695 2416 5738 cum
2456 5676 2671 5738 Catena
2705 5672 2952 5737 Corder.
3000 5675 3275 5755 πρότερον,

410 5754 507 5832 65)
540 5751 734 5815 Editio
764 5752 947 5814 Paris.
979 5757 1066 5811 καὶ
1093 5754 1217 5817 διά.
1249 5751 1438 5816 AbeSt
1466 5753 1557 5811 καί
1592 5760 1648 5815 et
1677 5770 1711 5816 a
1737 5770 1883 5814 mss.
1905 5762 1963 5817 et

2122 5588 2349 5673 (67)]ta
2398 5604 2531 5657 octo
2582 5612 2729 5673 mss.
2782 5603 2840 5655 et
2889 5594 3068 5656 editio
3110 5591 3288 5655 Basil.
3325 5591 3514 5653 Editio
3551 5607 3695 5652 vero
3788 5588 3791 5591 ’
