4106 6394
279 318 396 384 437

1380 310 1705 377 HOMILIA
1750 312 1829 375 IN
1875 311 2240 375 PSALMUM
2285 311 2559 373 XLVIII.

3543 305 3659 371 438

282 475 419 517 σεως
484 451 655 532 λέγει,
714 450 831 524 περὶ
873 448 940 517 ἧς
1001 446 1238 528 εἵρηταιθ
1299 447 1503 526 Ἡμέρα
1550 450 1736 528 Κυρίου
1792 448 1909 505 ἁνία

1998 464 2326 529 ιιιυεῐηιιυθ
2358 445 2814 509 circumdabant
2844 445 3090 508 consilia
3120 442 3303 507 sua“.
3340 447 3509 507 Tunc
3542 442 3657 506 ita-

280 566 374 608 τος
407 542 492 600 ἐπὶ
534 542 705 599 πάντα
736 540 801 596 τὰ
831 538 978 613 ἔθνη,
1032 538 1085 595 έν
1141 541 1199 615 ᾗ,
1256 540 1415 619 φησὶν
1446 541 1473 595 ὁ
1505 540 1807 618 προφήτης,
1844 537 1925 595 ὅτι

280 632 545 692 κυγλώσει
597 630 819 687 ἕκαστον
866 630 932 685 τὰ
985 627 1255 684 διαϐούλια
1307 632 1486 690 αὐτοῦ.
1521 628 1650 686 Τότε
1694 628 1807 704 οὖν,
1842 626 1927 683 διὰ

276 725 341 780 τὸ
374 720 539 799 μηδὲν
596 742 688 795 μοι
734 719 995 796 πεπράθαι
1053 716 1250 794 ἄνομον
1295 718 1349 774 ἐν
1392 723 1461 794 τῇ
1507 714 1611 791 ὁδῷ
1661 723 1729 793 τῇ
1794 717 1927 773 κατὰ

280 815 369 869 τὸν
426 812 560 887 βίον,
608 810 668 866 ού
727 805 987 887 φοϐοῦμαι
1038 808 1135 875 τὴν
1183 806 1386 887 ἡμέραν
1426 807 1523 873 την
1560 807 1819 885 πονηρύν,
1853 809 1925 863 Οὒ

278 901 381 981 γὰρ
426 898 801 977 περιστήσεταί
859 918 950 973 μοι
1008 897 1075 953 τὰ
1132 895 1273 977 θίχνη
1342 903 1448 953 τῶν
1499 895 1919 975 ἡμαρτημένων,

275 988 393 1046 οὒδὲ
437 988 698 1046 κυκλώσει
744 1008 833 1062 με,
900 986 954 1041 ὲν
1011 992 1080 1063 τῇ
1159 985 1420 1061 σιωπῶσῃ
1481 986 1776 1063 κατηγορίᾳ
1833 986 1927 1041 τὸν

275 1077 505 1158 ἕλεγχόν
566 1100 656 1153 μοι
696 1075 987 1154 ἐπάγοντα.
1042 1074 1219 1138 Οὒδεὶς
1280 1076 1380 1153 γάρ
1418 1097 1510 1132 σου
1567 1074 1745 1153 ἔτερος
1792 1097 1927 1130 κατ-

273 1169 471 1247 ήγορος
505 1168 757 1237 στήσεται
789 1166 825 1235 ἢ
870 1166 1018 1225 αὐταὶ
1079 1167 1130 1221 αἱ
1185 1164 1398 1243 πράξεις
1449 1165 1583 1239 μετὰ
1641 1169 1741 1230 τῆς
1786 1163 1915 1228 ἰδίας

271 1262 486 1337 μορφῆς
545 1256 743 1323 ἑκάστη
797 1254 1197 1331 παρισταμένη·
1260 1256 1295 1322 ἡ
1343 1254 1587 1333 μοιχεία,
1642 1255 1676 1321 ἡ
1714 1252 1919 1333 κλοπὴ,

270 1349 306 1416 ἡ
338 1349 580 1427 πορνεία,
617 1346 751 1422 μετὰ
801 1348 899 1414 τῆς
957 1346 1163 1423 νυκτὸς,
1201 1345 1335 1419 μετὰ
1392 1344 1484 1401 τοῦ
1513 1344 1735 1423 τρόπου,
1787 1346 1921 1419 μετὰ

270 1441 379 1494 τῶν
437 1435 941 1517 χαρακτηριζόντων
998 1435 1163 1502 αὐτὴν
1222 1432 1547 1513 ἰδιωμάτων,
1594 1435 1682 1492 καὶ
1749 1434 1922 1499 ἁπαξ-

268 1524 480 1606 απλῶς,
546 1526 745 1592 ἑκάστη
797 1524 1026 1603 ἆμαρτία
1079 1524 1215 1599 μετὰ
1257 1531 1349 1581 τοῦ
1391 1521 1520 1581 ἰδίου
1577 1528 1920 1603 χαρακτῆρος

268 1612 469 1693 ἐναργῆ
528 1615 755 1695 φέρουσα
813 1614 912 1681 τὴν
962 1614 1261 1689 ὑπόμνησιν
1304 1614 1728 1692 παραστήσεται.
1791 1612 1923 1688 Ἐμὲ

2010 553 2149 615 que,
2184 535 2323 616 quia
2353 536 2500 597 nihil
2528 554 2560 597 a
2596 553 2687 596 me
2736 535 2919 617 iniqui
2953 536 3011 596 in
3042 535 3176 596 vitae
3226 535 3316 595 via
3368 541 3658 614 patratum

2009 634 2122 705 est,
2157 630 2370 687 malam
2403 645 2521 687 non
2546 625 2770 689 timebo
2791 624 3132 689 diem.Nam
3160 632 3535 705 peccatorum
3556 639 3657 684 ve-

2010 714 2177 795 stigia
2209 735 2326 777 non
2346 734 2441 777 me
2463 716 2926 785 circumsistent.
2958 734 3146 795 neque
3169 712 3656 784 circumdabunt,

2011 806 2181 869 tacita
2213 807 2594 869 accusatione
2631 826 2727 868 me
2775 806 3173 887 objurgantia.
3227 804 3441 867 Nullus
3493 801 3655 865 enim

2010 896 2161 958 alius
2189 905 2497 958 accusator
2527 895 2608 957 tui
2641 897 2903 970 sistetur,
2930 914 3104 977 quam
3139 895 3263 975 ipsa
3315 893 3485 966 facta,
3520 910 3654 954 cum

2010 1004 2116 1047 sua
2146 1004 2398 1064 quaeque
2433 987 2625 1047 forma
2658 988 2903 1047 astantia
2936 1007 2948 1046 :
2986 983 3368 1056 adulterium,
3405 982 3653 1055 furtum,

2012 1082 2304 1155 stuprum,
2342 1095 2473 1137 cum
2508 1085 2705 1143 nocte.
2737 1096 2873 1138 cum
2910 1074 3112 1147 modo,
3147 1093 3280 1135 cum
3318 1071 3653 1152 proprieta-

2001 1165 2163 1229 tibus
2193 1164 2249 1225 id
2284 1165 2749 1243 designantibus,
2784 1174 2839 1227 et
2872 1165 2931 1227 in
2963 1184 3212 1231 summa,
3272 1160 3655 1242 unumquod-

2003 1272 2121 1336 que
2138 1265 2442 1334 peccatum
2473 1273 2606 1315 cum
2633 1256 2870 1335 proprio
2896 1257 3242 1316 charactere
3267 1250 3648 1331 producetur,

2005 1343 2224 1405 claram
2255 1344 2514 1406 aﬁ‘erens
2544 1345 3046 1407 recordationem.
3084 1346 3177 1407 Me
3210 1344 3387 1421 igitur
3410 1339 3656 1418 vestigia

2006 1441 2383 1514 peccatorum
2420 1452 2534 1494 non
2569 1434 3027 1496 circumdabant
3060 1452 3073 1497 :
3110 1433 3330 1515 quippe
3381 1430 3523 1508 quia
3555 1432 3652 1489 in-

2009 1524 2224 1585 clinavi
2259 1530 2316 1584 in
2351 1522 2689 1604 parabolam
2724 1542 2927 1585 aurem
2965 1544 3179 1599 meam,
3234 1531 3291 1585 et
3324 1519 3531 1602 aperui
3591 1518 3650 1580 in

2010 1613 2290 1693 psalterio
2323 1614 2786 1694 propositionem
2826 1632 3039 1676 meam.

268 1705 362 1762 οὗν
392 1705 453 1761 οὔ
482 1704 745 1764 κυκλώσει
777 1705 841 1761 τὰ
870 1701 1010 1783 ἴχνη
1040 1708 1146 1760 τῶν
1203 1701 1598 1781 ἡμαρτημένων
1623 1718 1637 1733 ⁶
1700 1701 1832 1759 διότι
1874 1701 2077 1760 έκλινον
2132 1706 2200 1769 εἷς
2251 1702 2561 1782 παραϐολὴν
2593 1707 2653 1759 τὸ
2685 1707 2772 1769 οὖς
2805 1728 2929 1785 μου,
2960 1704 3141 1772 ἤνοιξα
3173 1705 3227 1759 ἑν
3264 1701 3545 1778 ψαλτηρίῳ
3589 1701 3649 1755 τὸ

267 1790 561 1873 πρόϐλημά
592 1817 718 1870 μου.

350 1884 478 1944 3.οἱ
506 1884 818 1945 πεποιθότες
875 1882 961 1940 ἐπὶ
996 1885 1063 1959 τῇ
1094 1879 1308 1957 δυνάμει
1352 1880 1548 1959 αὐτων,
1585 1882 1670 1937 καὶ
1719 1881 1803 1937 ἐπὶ
1837 1887 1910 1954 τῷ

2081 1880 2136 1943 3.
2155 1880 2376 1943 Vsnsfi
2390 1883 2857 1962 .Ouiconﬁdunt
2872 1885 2934 1943 in
2948 1886 3173 1944 virtute
3186 1885 3385 1954 suam
3404 1880 3469 1939 in
3482 1879 3647 1939 mul-

264 1971 459 2043 πλήθει
513 1980 606 2030 τοῦ
667 1970 895 2029 π>ούτου
954 1972 1127 2028 αύτῶν
1191 1970 1560 2050 καυχώμενοι.
1619 1971 1757 2049 Πρὸς
1827 1968 1917 2026 δύο

268 2062 533 2140 πρόσωπα
580 2067 657 2136 τῷ
712 2062 966 2141 Προφὴτη
1025 2063 1053 2117 ὁ
1097 2060 1255 2139 λόγος
1306 2060 1438 2117 ἐστί’
1514 2058 1643 2137 πρός
1696 2058 1755 2115 τέ
1805 2082 1915 2137 γη-

270 2168 454 2232 γενεῖς
497 2152 584 2207 καὶ
635 2153 764 2229 πρὸς
821 2152 942 2213 τοὺς
1002 2148 1304 2213 πλουσίους,
1359 2158 1484 2214 Τοῖς
1538 2147 1635 2223 μὲν
1665 2148 1766 2227 γὰρ
1794 2145 1912 2204 δια-

269 2242 510 2320 λέγεται,
557 2243 819 2317 κᾳθαιρῶν
862 2240 959 2308 τὴν
1017 2239 1103 2295 ἐπὶ
1132 2244 1198 2315 τῇ
1228 2237 1443 2314 δυνάμει
1488 2239 1660 2295 αὒτῶν
1705 2239 1912 2311 οἴησιν,

262 2344 383 2394 τοῖς
444 2328 499 2386 δὲ
561 2330 660 2396 τὴν
711 2328 797 2385 ἐπὶ
844 2334 912 2405 τῇ
960 2327 1083 2407 (73)
1125 2328 1405 2406 περὶουαίᾳ
1446 2332 1550 2384 τῶν
1624 2329 1916 2403 κτημάτων

262 2421 508 2499 ἔπαρσιν.
563 2418 781 2498 Ὑμεῖς,
840 2420 1022 2497 φησὶν,
1085 2420 1131 2473 οἱ
1185 2417 1495 2479 πεποιθότες
1540 2416 1625 2472 ἐπὶ
1656 2423 1722 2492 τῇ
1754 2414 1914 2472 δυνά-

261 2532 349 2581 μει
395 2509 592 2572 αὐτῶν,
649 2508 804 2566 Οὔτοι
835 2509 934 2586 γὰρ
964 2510 1009 2563 οἱ
1040 2519 1315 2586 γηγενεῖς,
1352 2508 1397 2563 οἱ
1442 2507 1601 2587 ἷσχύῖ
1661 2505 1914 2579 σώματος

263 2597 662 2671 ἐπελπίζοντες,
692 2597 780 2653 καὶ
822 2597 1053 2671 οἰόμενοι
1087 2596 1320 2675 αὐτάρκη
1350 2595 1493 2651 εἶναι
1524 2596 1619 2662 τὴν
1651 2593 1914 2673 ἀνθρωπί-

258 2710 355 2755 νην
386 2689 540 2767 φύσιν
576 2688 706 2758 πρὸς
730 2687 790 2743 τὸ
820 2684 1047 2751 δυνατῶς
1106 2684 1378 2741 ἐπιτελεῖν
1430 2683 1463 2740 ἂ
1508 2683 1779 2761 βούλεται.
1819 2686 1915 2743 Καὶ

267 2778 457 2852 ὑμεῖς,
508 2777 688 2858 φησὶν,
762 2777 809 2831 οἶ
866 2774 1177 2837 πεποιθότες
1228 2776 1312 2831 ἐπὶ
1343 2772 1569 2831 πλούτου
1621 2770 1913 2841 ἀδηλότητι

1999 1969 2230 2027 ιίεαᾶἱπθ
2247 1971 2563 2027 divitiarum
2589 1988 2819 2029 suarum
2845 1973 3173 2043 gloriantur.
3208 1968 3289 2024 Ad
3316 1968 3455 2024 duas
3516 1980 3648 2036 per-

1998 2078 2176 2121 sonas
2199 2059 2511 2141 PrOphet:e
2527 2080 2725 2123 sermo
2766 2071 2853 2123 est
2882 2080 2894 2124 :
2925 2072 2980 2124 et
3002 2061 3075 2124 ad
3104 2067 3449 2139 terrigenas,
3476 2063 3533 2118 et
3574 2056 3643 2117 ad

2000 2148 2381 2211 divites.lllos
2407 2152 2566 2212 enim
2588 2152 2930 2232 alloquitur,
2957 2152 3128 2214 sicut
3154 2150 3644 2212 existimationem

2000 2256 2173 2318 quam
2209 2238 2284 2300 de
2316 2259 2380 2301 se
2414 2240 2557 2322 ipsis
2590 2241 2663 2302 ob
2695 2242 3016 2321 potentiam
3051 2246 3648 2320 conceperant,ever-

2001 2336 2085 2390 tat
2120 2352 2132 2387 :
2163 2329 2270 2389 hos
2303 2347 2471 2403 vero,
2507 2330 2593 2392 sic
2628 2339 2690 2391 ut
2731 2330 2995 2393 destruat
3025 2330 3289 2410 ipsorum
3342 2326 3416 2388 ob
3468 2343 3643 2405 opum

2000 2418 2229 2496 cupiam
2254 2418 2966 2501 elationem.Vos,inquit,
2998 2420 3098 2501 qui
3122 2421 3184 2483 in
3207 2426 3407 2480 vestra
3432 2415 3647 2476 virtute

1998 2507 2316 2569 conﬁditis.
2347 2505 2422 2568 Hi
2450 2508 2608 2568 enim
2633 2518 2767 2570 sunt
2794 2510 3130 2588 terrigenae,
3158 2509 3260 2586 qui
3284 2509 3342 2569 in
3375 2504 3646 2584 corporis

1998 2595 2224 2656 viribus
2255 2615 2422 2676 spem
2456 2608 2704 2679 ponunt,
2738 2607 2795 2659 et
2828 2601 3142 2661 humanam
3168 2608 3441 2659 naturam
3476 2594 3645 2656 suﬁi-

2000 2686 2258 2747 cientem
2291 2704 2423 2748 esse
2456 2694 2683 2767 putant,
2719 2688 2790 2748 ad
2843 2697 3084 2750 strenue
3117 2684 3482 2768 perﬁcienda
3511 2701 3646 2759 quae

2001 2774 2140 2835 vult.
2177 2773 2247 2837 Et
2279 2794 2403 2850 vos,
2437 2779 2654 2856 inquit,
2696 2776 2797 2857 qui
2830 2777 2887 2837 in
2920 2778 3146 2838 incerto
3206 2774 3543 2837 divitiarum
3591 2768 3646 2812 ⁸³

256 2866 539 2929 ἂκούσστε,
580 2866 792 2942 Δύτρων
820 2867 948 2940 ὑμῖν
1006 2865 1163 2943 χρεία
1211 2865 1343 2943 πρὸς
1392 2865 1454 2920 τὸ
1497 2865 1569 2927 εἷς
1615 2866 1714 2930 τὴν
1758 2862 1909 2919 ἐλευ-

1998 2863 2271 2925 ﬁduciam
2298 2865 2612 2939 habuistis,
2642 2866 3071 2929 audite.Pretio
3094 2861 3524 2945 redemptionis
3546 2878 3643 2920 vo-

252 2956 428 3032 θερίαν
484 2953 838 3032 ἐξαιρεθῆναι,
896 2954 963 3022 ἣν
1020 2953 1319 3034 ἀφῃρέθητε
1366 2951 1663 3020 νιϐηθέντες
1721 2959 1788 3029 τῇ
1828 2952 1909 3031 ρίᾳ

1998 2952 2084 3014 bis
2108 2970 2255 3033 Opus
2278 2963 2387 3026 est,
2415 2964 2476 3015 ut
2498 2955 2847 3017 asseramini
2873 2957 2932 3017 in
2980 2955 3340 3034 libertatem,
3363 2970 3477 3033 qua
3497 2967 3641 3028 spo-

251 3053 340 3104 τοῦ
382 3042 659 3117 διαϐόλου,
716 3044 801 3118 ὃς,
832 3044 1168 3122 ὑποχειρίους
1212 3044 1347 3112 ὑμᾶς
1407 3040 1613 3122 λαϐὼν,
1667 3044 1726 3099 οὗ
1767 3044 1905 3122 πρό-

1998 3041 2113 3105 liati
2139 3043 2360 3124 fuistis,
2395 3043 2449 3103 vi
2482 3043 2705 3105 diaboli
2737 3045 2895 3118 victi,
2930 3046 3029 3123 qui
3063 3044 3327 3124 captivos
3360 3059 3460 3100 vos
3490 3039 3633 3100 reti-

248 3156 394 3213 τερο)
449 3139 547 3201 τῆς
593 3134 781 3189 ἑαυτοῦ
810 3131 1107 3210 τυραννίδος
1162 3132 1373 3212 ἀφίησι,
1408 3134 1539 3211 πρὸν
1576 3130 1637 3187 ἂν
1668 3155 1770 3189 τινι
1804 3130 1905 3188 λύ-

1998 3150 2289 3193 nens.non
2318 3133 2479 3212 prius
2501 3152 2534 3194 a
2552 3152 2659 3195 sna
2687 3135 2999 3214 tyrannide
3020 3134 3185 3196 abire
3209 3132 3431 3194 liberos
3454 3129 3639 3208 sinet,

244 3246 352 3302 τρῳ
399 3222 676 3301 ἀξιολόγῳ
734 3225 966 3287 πεισθεὶς
1021 3221 1438 3287 ἀνταλλάξασθαι
1489 3223 1626 3296 ὑμᾶς
1690 3221 1901 3289 ἕληται.

1998 3240 2162 3302 quam
2198 3223 2492 3301 condigne
2522 3224 2721 3303 aliquo
2753 3224 3180 3303 redemptionis
3212 3223 3399 3303 pretio
3444 3217 3637 3280 addu-

248 3321 345 3369 Δεῖ
373 3312 475 3370 οὖν
506 3315 567 3369 τὸ
596 3311 783 3390 λύτρον
816 3312 893 3387 μὴ
944 3311 1196 3388 ὁμογενὲς
1243 3312 1385 3369 εἶναι
1431 3324 1548 3375 τοῖς
1593 3311 1905 3390 κατεχομέ-

1998 3320 2142 3384 ctus,
2179 3321 2518 3392 permutare
2548 3333 2650 3374 vos
2682 3314 2842 3376 velit.
2896 3313 3155 3375 Proinde
3207 3308 3641 3388 redemptionis

246 3424 380 3484 νοις,
410 3400 561 3459 ἀλλὰ
591 3400 776 3476 πολλῷ
806 3399 1070 3481 διαφέρειν
1109 3406 1188 3474 τῷ
1232 3399 1433 3478 μέτρῳ,
1479 3402 1522 3455 εἰ
1555 3399 1742 3474 μέλλοι
1769 3401 1907 3458 ἑκὼν

1998 3401 2245 3480 pretium
2282 3420 2399 3461 non
2427 3404 2696 3480 ejusdem
2732 3404 2971 3482 generis
2996 3422 3128 3465 esse
3153 3408 3388 3484 oportet
3411 3418 3540 3459 cum
3568 3397 3641 3457 iis

251 3491 480 3573 ἀφήσειν
541 3497 641 3558 τῆς
715 3489 953 3555 δουλείας
1032 3491 1152 3554 τοὺς
1234 3489 1633 3569 αἰχμαλώτους.
1713 3491 1906 3567 Διόπερ

1998 3489 2090 3570 [ιυὶ
2123 3490 2488 3565 detinentur,
2526 3493 2628 3552 sed
2662 3492 2834 3553 modo
2870 3511 3268 3571 mensuraque
3299 3491 3470 3566 longe
3495 3505 3635 3566 pt‘tB-

252 3579 478 3664 ἀδελφὸς
533 3582 666 3656 ὑμᾶς
699 3580 837 3660 (74)
867 3579 1227 3658 λυθρώσασθιοι
1283 3579 1342 3636 οὗ
1386 3577 1618 3640 δύναται.
1646 3578 1901 3655 ’Ἄνθρω-

252 3693 352 3735 πος
410 3672 516 3752 γὰρ
590 3668 753 3734 οὐδεὶς
825 3667 1040 3732 δυνατός
1094 3669 1204 3726 ἐστι
1259 3681 1443 3725 πεῖσαι
1500 3670 1590 3724 τὸν
1657 3666 1903 3725 διάϐολον

250 3762 379 3833 πρὸς
408 3764 472 3817 τὸ
517 3761 609 3816 τὸν
667 3757 804 3825 ἅπαξ
874 3761 1013 3833 αὒτῷ
1093 3756 1432 3815 ὑποπεσόντα
1488 3756 1748 3822 ἐξελέσθαι
1795 3757 1901 3813 ἀπὸ

252 3851 346 3919 τῆς
398 3850 658 3917 ἐξουσίας·
715 3847 772 3913 ὅς
826 3869 887 3925 γε
948 3846 1062 3904 οὒδὲ
1114 3849 1230 3926 περὶ
1261 3852 1367 3903 τῶν
1394 3845 1537 3903 ἰδίων
1568 3846 1899 3921 ἁμαρτημά-

1986 3579 2259 3655 stantius,
2282 3579 2331 3640 si
2363 3580 2625 3641 futurum
2646 3588 2734 3641 est
2760 3590 2821 3642 ut
2843 3581 3057 3643 lubens
3078 3582 3338 3662 captivos
3360 3578 3640 3638 servitute

1989 3666 2623 3741 liberet.Quamobrem
2643 3669 2825 3731 frater
2838 3689 2938 3731 vos
2956 3689 3327 3750 nequaquam
3343 3666 3640 3728 redimere

1984 3760 2158 3819 valet.
2187 3758 2395 3819 Nullus
2417 3759 2575 3819 enim
2599 3760 2772 3820 homo
2794 3760 3155 3839 persuadere
3174 3757 3408 3819 diabolo
3430 3753 3638 3834 possit,

1988 3860 2044 3906 ut
2083 3864 2218 3908 eum
2255 3848 2353 3925 qui
2388 3849 2500 3909 sibi
2536 3847 2840 3926 subjectus
2867 3851 3052 3911 semel
3086 3857 3195 3929 est,
3233 3866 3301 3909 ex
3343 3851 3633 3925 potestate

250 3961 356 3995 των
405 3938 528 4002 οἷός
586 3938 643 3995 τέ
702 3939 813 3995 ἐστι
875 3937 1129 4014 ἐξίλασμα
1160 3937 1336 3994 δοῦναι
1369 3942 1444 4010 τῷ
1489 3941 1625 4009 Θεῷ.
1661 3942 1780 3998 Πῶς
1813 3938 1902 3991 οὗν

1998 3953 2091 3996 Sua
2130 3936 2387 3997 eximat:
2434 3938 2537 4013 qui
2581 3938 2807 3999 scilicet
2833 3957 2905 3998 ne
2945 3956 3050 4017 pro
3071 3944 3192 3999 suis
3236 3936 3471 4018 quidem
3506 3934 3636 3992 I80

251 4029 461 4107 ἰσχύσει
505 4035 660 4085 τοῦτο
715 4027 844 4105 ὑπὲρ
897 4027 1075 4103 ἐτέρου
1105 4026 1294 4105 πρᾶξαι
1332 4045 1347 4097 ς
1409 4028 1467 4085 Τὶ
1516 4024 1561 4080 δ’
1594 4023 1654 4080 ἂν
1686 4026 1772 4080 καὶ
1802 4047 1897 4081 το-

1998 4026 2245 4104 peccatis
2277 4024 2398 4087 Deo
2433 4037 2608 4107 queat
2642 4028 2941 4107 piaculare
2987 4028 3342 4089 sacriﬁcium
3389 4025 3625 4085 offerre.

252 4124 438 4171 σοῦτον
514 4117 771 4185 κτήσαιτο
829 4116 882 4170 ὲν
935 4124 1012 4189 τῷ
1069 4118 1219 4171 αἱῶνι
1267 4117 1459 4195 τούτῳ,
1512 4117 1585 4178 ὼς
1647 4114 1898 4191 αὔταρκες

1998 4112 2291 4186 Quomodo
2324 4115 2505 4192 igitur
2541 4117 2757 4196 poterit
2790 4117 2846 4178 id
2883 4136 2986 4197 pro
3019 4118 3131 4178 alio
3164 4113 3451 4177 efﬁcere?
3476 4110 3630 4197 Quid

255 4202 404 4283 ἔχειν
433 4208 533 4269 τῆς
578 4208 764 4281 ψυχῆς
795 4202 1148 4280 ἀντάλλαγμα
1198 4209 1296 4272 τῆς
1328 4192 1476 4283 φύσει
1528 4204 1728 4278 τιμίας,
1764 4202 1895 4260 διότι

1998 4221 2188 4264 rursus
2213 4206 2355 4264 tanti
2384 4192 2555 4285 pretii
2586 4207 2639 4266 in
2670 4207 2782 4268 hoc
2806 4192 3023 4269 saeculo
3071 4205 3421 4287 possederit,
3468 4192 3629 4263 utiid

358 4292 373 4314 ’
454 4293 470 4348 ἶ
510 4293 537 4349 ό
711 4299 732 4309 ”
865 4292 877 4312 '
1171 4294 1186 4314 ’
1237 4292 1251 4311 ‘
1365 4293 1388 4348 ἐ
1428 4292 1451 4348 έ
1583 4314 1595 4325 ·
1847 4292 1884 4311 ’“

252 4315 352 4349 κατ
426 4314 507 4348 εκ
543 4314 605 4347 να
650 4313 737 4348 του
792 4313 1070 4355 κτισαντος
1132 4314 1296 4359 αυτην
1393 4316 1425 4370 γ
1459 4316 1598 4373 νετο,
1635 4300 1797 4359 Ποῖος
1841 4308 1896 4349 οε

1998 4311 2114 4354 :um
2152 4294 2348 4354 anima
2376 4313 2508 4374 quae
2537 4296 2794 4373 pretiosa
2826 4306 2917 4356 est
2943 4308 3177 4370 natura,
3214 4295 3430 4356 idonee
3454 4290 3635 4371 possit

249 4382 493 4458 κάματος
524 4392 617 4441 τοῦ
660 4381 947 4442 ἐνεστῶτος
1006 4382 1196 4441 αἰῶνος
1242 4380 1497 4459 αὔταρκες
1541 4380 1748 4459 ἐφόδιον
1807 4390 1898 4439 τοῦ

1998 4384 2355 4457 :ommutari,
2379 4384 2675 4465 siquidem
2698 4385 2770 4445 ad
2794 4386 3090 4447 Creatoris
3114 4385 3457 4463 imaginem!
3482 4381 3636 4441 facta

251 4470 543 4547 μέλλοντος
597 4472 787 4533 αἰῶνος
843 4475 911 4547 τῇ
968 4470 1265 4547 ἀνθρωπίνη
1297 4474 1478 4549 quax-ﬁ;
1510 4477 1768 4528 Τοσοῦτον
1800 4472 1897 4545 μὲν

1998 4472 2310 4557 sst.Qualis
2333 4481 2527 4535 autem
2553 4474 2726 4535 labor
2750 4475 3061 4554 praesentis
3082 4474 3282 4536 saeculi
3301 4491 3431 4534 esse
3452 4470 3637 4551 possit

250 4561 339 4618 οὖν
388 4561 748 4638 ἁπλούστερον
795 4566 961 4616 ταῦτα
1014 4559 1363 4631 νενοήκαμεν.
1445 4557 1553 4617 Κᾶν
1610 4564 1714 4614 τῶν
1760 4559 1901 4636 μέγα

1998 4577 2092 4639 pro
2124 4560 2322 4623 futuro
2355 4563 2571 4624 saeculo
2604 4564 2876 4625 viaticum
2912 4565 3217 4626 sufﬁciens
3236 4565 3510 4624 humanas
3529 4578 3632 4619 na-

252 4673 332 4717 τις
389 4649 689 4726 δυναμένων
754 4650 808 4706 ἐν
863 4652 940 4723 τῷ
996 4649 1094 4725 βίῳ
1164 4648 1332 4719 τούτῳ
1388 4648 1530 4704 εἶναι
1600 4646 1750 4723 δοκῇ,
1803 4648 1899 4703 κᾶν

1998 4649 2459 4712 ;uraa?Hacteuus
2498 4654 2740 4734 quidem
2778 4655 2901 4715 haec
2954 4654 3290 4734 simplicius
3336 4648 3632 4712 intellexi-

247 4744 453 4807 πλῆθος
484 4742 727 4810 κτήσεως
778 4736 1243 4818 περιϐεϐλημένῳς
1284 4739 1346 4817 ᾗ,
1379 4735 1610 4793 διδάσκει
1653 4741 1896 4793 καθεῖναι

250 4831 351 4896 τῆς
384 4832 610 4901 οἰήσεως
645 4832 672 4885 ὁ
702 4827 885 4908 λόγος,
919 4829 1006 4885 καὶ
1050 4828 1435 4895 ταπεινωθῆναι
1492 4826 1593 4881 ὑπὸ
1624 4828 1723 4891 τὴν
1764 4846 1898 4904 κρα-

251 4920 402 4976 ταιὰν
436 4932 601 5000 χεῖρα
659 4925 751 4975 τοῦ
807 4926 963 4993 Θεοῦ,
1024 4919 1111 4973 καὶ
1164 4922 1306 4993 μητε
1337 4917 1421 4973 ἐπὶ
1454 4916 1777 4991 νομιζομένῃ
1801 4913 1888 4970 δυ-

250 5007 400 5082 νάμει
462 5008 793 5079 πεποιθέναι,
852 5009 990 5084 μήτε
1049 5008 1134 5064 ἐπὶ
1183 5014 1260 5081 τῷ
1301 5005 1494 5077 πλήθει
1533 5012 1627 5061 τοῦ
1667 5003 1897 5063 πλούτου

246 5104 573 5178 καυχᾶσθαι.
610 5099 838 5157 Δυνατὸν
869 5096 1048 5173 μέντοι
1089 5098 1175 5154 καὶ
1204 5095 1389 5174 μικρόν
1421 5118 1470 5151 αι
1496 5090 1893 5173 προσαναϐῆναι

248 5185 313 5258 τῇ
362 5184 587 5265 διανοίᾳ,
649 5189 736 5245 καὶ
780 5188 900 5253 τοὺς
962 5186 1278 5250 πεποιθότας
1331 5184 1416 5242 ἐπὶ
1446 5190 1513 5261 τῇ
1542 5183 1757 5259 δυνάμει
1790 5183 1890 5239 αὐ-

327 5315 383 5364 “
407 5317 545 5381 Ose.
571 5337 678 5402 vu,
711 5320 769 5384 2.
857 5321 918 5371 ‘3
942 5320 962 5379 l
985 5318 1143 5383 Tim.
1176 5335 1260 5393 vn,
1297 5320 1394 5381 17.

250 5462 551 5547 mendosis
584 5467 664 5528 ita
708 5467 927 5547 legerit
962 5486 974 5529 :
1005 5467 1285 5547 quoniam
1315 5476 1511 5528 tamen
1543 5464 1732 5527 oratio
1763 5465 1893 5526 sine

247 5546 308 5601 οὗ
332 5544 631 5628 cohaerere
665 5544 795 5628 noni
815 5566 993 5628 posse
1022 5544 1302 5628 Videtur,
1337 5547 1559 5609 idcirco
1592 5563 1720 5608 eam
1780 5563 1888 5605 vo-

249 5626 782 5707 ceinretinendam
816 5626 949 5689 esse
972 5626 1390 5707 judicavim‘us.

330 5702 451 5783 (73)
486 5707 632 5767 Etiiti
665 5709 759 5774 τὴν
786 5708 839 5762 ἐν
868 5702 1082 5783 τῇίΑῑ
1125 5727 1265 5772 mss.
1304 5708 1470 5769 multi
1514 5709 1611 5776 τὴν
1662 5707 1746 5763 ἐπὶ
1795 5712 1883 5783 τῇ.

1485 5315 1539 5360 ‘4
1568 5318 1589 5379 Ι
1621 5318 1783 5379 Petr.
1818 5334 1876 5399 ν,
1910 5318 1972 5382 6.

1985 4756 2135 4798 mus.
2170 4738 2415 4802 Etiamsi
2448 4744 2580 4822 quis
2616 4743 2671 4803 in
2706 4744 2810 4803 hac
2862 4745 2975 4803 vita
3009 4760 3368 4821 magnopere
3423 4749 3633 4819 potens

1981 4826 2095 4887 sibi
2131 4848 2259 4889 esse
2289 4830 2575 4904 videatur,
2613 4832 2845 4893 etiamsi
2881 4831 3218 4891 divitiarum
3254 4836 3420 4908 copia
3453 4827 3633 4903 stipa-

1983 4923 2075 4978 tus
2097 4916 2337 4983 sit.eum
2365 4938 2562 4981 sermo
2587 4920 2761 4982 docet
2779 4922 2930 4981 hanc
2948 4921 3106 4981 illam
3131 4918 3629 4980 existimationem

1979 5004 2303 5087 deponere,
2340 5018 2517 5087 atque
2550 5009 2928 5070 humiliatum
2964 5027 3096 5070 esse
3129 5009 3237 5069 sub
3275 5014 3497 5086 potenti
3523 5004 3630 5065 Dei

1978 5114 2156 5156 manu
2191 5095 2266 5167 α,
2298 5106 2355 5159 et
2380 5118 2574 5180 neque
2597 5099 2655 5160 in
2700 5118 2767 5160 ea
2788 5117 2963 5180 quam
2992 5096 3189 5158 animo
3214 5098 3471 5175 concipit
3518 5115 3624 5176 po-

1976 5185 2160 5247 tentia
2190 5186 2401 5269 ﬁdere,
2438 5206 2630 5269 neque
2660 5189 2719 5249 in
2753 5206 2932 5268 opum
2959 5187 3337 5248 multitudine
3359 5186 3625 5266 gloriari.

1977 5461 2188 5525 Statim
2227 5466 2371 5543 Reg.
2409 5465 2707 5528 secundus
2738 5467 2821 5523 ἐπὶ
2854 5474 2919 5542 τῇ
2952 5468 3150 5523 ἑαυτῶι
3182 5466 3421 5539 δυνάμει,

2061 5544 2288 5621 (“illa
2321 5564 2460 5606 mss.
2492 5545 2735 5609 Atediti
2784 5549 2951 5621 ἡμᾶς.
3008 5549 3136 5608 Mox
3198 5548 3377 5607 editio
3436 5545 3620 5609 Paris.

1975 5643 2107 5685 cum
2141 5624 2311 5686 Colb.
2345 5635 2513 5687 sexto
2546 5624 2869 5703 ’Ἄνθρωπος
2906 5629 3028 5704 γάρ.
3068 5630 3247 5690 Deest
3274 5629 3371 5705 γὶὲρ
3401 5633 3457 5686 in
3518 5647 3620 5689 sex

1975 5723 2121 5767 mss.
2167 5705 2416 5785 perinde
2445 5714 2623 5788 atque
2657 5707 2715 5768 id
2738 5707 3000 5770 editione
3032 5708 3209 5771 Basil.
