4106 6376
292 384 409 448 445

1388 381 1717 447 HOMILIA
1758 378 1839 447 IN
1892 378 2259 446 PSALMUM
2306 380 2576 446 XLVIII.

3543 378 3662 443 446

284 521 431 584 θεοὺς
492 519 739 595 ὀνομάζει
798 519 920 583 τοὺς
980 521 1057 594 μὴ
1118 520 1267 598 φύσει
1320 518 1502 591 ὄντας,
1547 526 1614 592 τῇ
1683 517 1929 588 συνηθείᾳ

2028 514 2271 576 fantium
2305 522 2545 576 secutus
2576 512 3068 575 consuetudinem
3107 532 3119 573 :
3155 511 3234 572 ita
3284 529 3520 591 quoque
3554 530 3654 573 sa-

286 615 392 666 τῶν
442 609 803 681 ἠπατημένων
887 609 1173 687 ἑπόμενος,
1239 607 1376 665 οὕτω
1440 609 1525 664 καὶ
1569 610 1760 686 σοφοὺς
1807 607 1933 663 εἶπε

288 701 409 756 τοὺν
466 698 693 779 ἄφρονας
748 700 836 755 καὶ
893 699 1174 768 ἀνοήτους,
1240 701 1469 754 Δυνατὸν
1517 702 1604 755 οὖν
1634 703 1701 774 τῇ
1732 698 1933 769 ἐπινοίᾳ

289 788 486 845 διελεῖν
518 791 608 844 τὸν
645 788 845 866 ἄφρονα
878 790 983 844 ἀπὸ
1017 796 1106 844 τοῦ
1138 789 1391 857 ἀνοήτου.
1441 787 1668 867 ’Ἄφρων
1703 788 1800 861 μὲν
1833 788 1933 863 γὰρ

286 878 428 935 ἐστιν
473 880 501 933 6
546 879 895 955 ἐστερημένος
953 877 1281 958 φρονήσεως,
1346 880 1432 933 καὶ
1465 880 1492 933 6
1522 879 1653 954 πρὸς
1686 878 1751 931 τὰ
1783 878 1932 932 κοινὰ

289 969 375 1024 καὶ
450 969 748 1046 ἀνθρώπινα
821 966 1131 1044 διορατικῶς
1190 968 1267 1042 μη
1315 967 1483 1047 ἔχων.
1550 966 1700 1023 Οὕτω
1751 969 1837 1022 καὶ
1897 969 1929 1033 ἡ

290 1059 537 1126 συνήθεια
588 1057 869 1136 φρονίμους
927 1056 1084 1113 καλεῖ
1135 1058 1255 1119 τοὺς
1302 1057 1355 1112 ἐν
1386 1070 1502 1117 τοῖς
1535 1058 1671 1112 κατὰ
1699 1060 1791 1112 τὸν
1820 1056 1931 1131 βίον

289 1146 565 1225 πράγμασι
624 1148 684 1201 τὸ
741 1145 1011 1223 ὠφέλιμον
1047 1148 1134 1201 καὶ
1178 1144 1435 1221 βλαϐερὸν
1465 1144 1595 1223 (91)
1631 1143 1927 1217 διακρίνον-

288 1254 406 1297 τας·
443 1236 573 1291 καθὸ
628 1235 841 1313 εἴρηται
902 1238 987 1290 καὶ
1043 1235 1097 1290 ἐν
1151 1239 1226 1308 τῷ
1281 1232 1614 1310 Επαχγελίογ
1679 1232 1810 1291 ’Ὅτι
1884 1236 1928 1289 οἷ

286 1326 385 1380 υἱοὶ
455 1332 547 1380 τοῦ
613 1323 803 1388 αἰῶνος
887 1325 1073 1381 τούτου
1157 1325 1544 1403 φρανιμώτεροι
1624 1322 1753 1392 ὑπὲρ
1808 1323 1927 1385 τοὺς

946 1414 1016 1477 εἱς

290 1506 439 1561 εἰσιν.
502 1505 572 1560 Ού
629 1504 729 1581 γὰρ
788 1501 968 1565 ἁπλῶς
1044 1503 1449 1581 φρονιμώτεροι,
1500 1501 1616 1557 ἀλλ’
1686 1504 1758 1565 εἷς
1830 1504 1929 1566 τὴν

289 1590 618 1668 διεξαγωγὴν
669 1590 763 1658 τῆς
808 1597 951 1661 ζωῆς
1000 1594 1198 1656 ταύτης
1255 1597 1355 1658 σῆς
1401 1592 1453 1646 ἐν
1487 1597 1553 1667 τῇ
1592 1593 1744 1669 σαρκί
1785 1589 1925 1661 (99).

290 1679 444 1737 Οὗτοι
486 1676 541 1734 δὲ
598 1681 683 1735 καὶ
730 1680 999 1754 οἰκονόμοι
1036 1678 1234 1741 ἀδικίας
1268 1678 1536 1755 λέγονται,
1588 1677 1672 1733 διὰ
1702 1680 1762 1734 τὸ
1794 1678 1929 1757 φρό-

288 1791 448 1843 νιμον
500 1773 599 1836 τῆς
659 1770 775 1844 περὶ
817 1772 907 1824 τὸν
963 1772 1162 1825 ἒαυτιῦν
1214 1769 1327 1845 βίον
1381 1768 1706 1843 οἰκονομίας,
1788 1768 1931 1824 Κατὰ

286 1879 442 1913 τουτο
471 1860 530 1913 τὸ
563 1860 958 1934 σημαινόμενον

287 1415 427 1478 υἱοὺς
514 1421 603 1471 τοῦ
688 1416 861 1493 φωτὸς
946 1414 1016 1477 εἱς
1100 1415 1198 1481 τὴν
1283 1414 1441 1491 γενὰν
1526 1413 1623 1480 τὴν
1731 1412 1928 1467 ἑαυτῶν

968 1907 982 1937 ἳ

290 1945 602 2010 καταδύσεις
650 1949 861 2011 ἑαυτοῖς
916 1948 1330 2027 εὖτρεττίζοντες⁷
1369 1950 1453 2003 καὶ
1497 1947 1551 2002 ἐν
1595 1960 1709 2011 τοῖς
1750 1944 1933 2001 κινδύ-

290 2058 398 2099 νοις
432 2039 588 2092 παντὶ
622 2037 802 2114 τρόπῳ
830 2038 924 2100 τὰς
958 2037 1042 2092 ἐπὶ
1096 2037 1196 2103 τὴν
1254 2036 1489 2117 κεφαλὴν
1546 2035 1931 2113 πληγὰςδάπο-

289 2127 597 2205 φεύγοντες·
662 2124 867 2189 ”Ανους
901 2124 953 2180 δὲ
985 2125 1199 2205 λέγεται
1232 2130 1258 2183 ὁ
1289 2131 1381 2185 οὐκ
1413 2126 1560 2206 ἔχων
1589 2128 1655 2181 τὰ
1685 2133 1775 2181 τοῦ
1834 2127 1933 2181 ἁν-

286 2215 495 2292 θρώπου
551 2213 805 2292 ἐξαίρετα.
839 2223 1012 2271 Ταῦτα
1054 2214 1109 2271 δέ
1164 2216 1277 2272 ἐστι
1335 2224 1462 2272 Θεοῦ
1528 2217 1729 2291 [ἰατρὸς
1761 2236 1932 2271 κατα-

288 2305 496 2378 νόησις,
555 2305 643 2359 καὶ
693 2305 726 2371 ἡ
787 2311 878 2360 τοῦ
923 2304 975 2358 ἐν
1037 2305 1183 2383 ἀρχῇ
1239 2304 1391 2367 ὄντος
1453 2307 1581 2383 πρὸς
1658 2307 1750 2360 τὸν
1805 2305 1936 2359 Θεὸν

291 2392 466 2470 Λόγου
508 2390 793 2472 παραδοχή
827 2391 971 2469 (93)’
1034 2396 1122 2449 καὶ
1190 2396 1216 2449 6
1268 2395 1409 2472 παρὰ
1459 2402 1548 2450 τοῦ
1592 2394 1743 2470 ἁγίου
1779 2401 1935 2448 [Ινευ-

289 2503 455 2555 ματος
502 2481 842 2559 ἐγγινόμὲνος
896 2482 1189 2560 φωτισμός·
1228 2480 1406 2538 ὅντινα
1456 2482 1574 2537 ν’)δν
1629 2481 1846 2561 ἔχουσιν
1890 2483 1935 2536 οἱ

288 2566 567 2645 δυναμε-δοι
618 2572 753 2646 μετὰ
802 2570 1005 2629 Παύλου
1057 2570 1255 2650 λέγειν’
1320 2572 1516 2647 Ἠμεῖς
1549 2570 1603 2626 δὲ
1635 2580 1754 2629 νοῦν
1801 2578 1934 2648 Χρι-

294 2660 423 2714 στοῦ
481 2658 705 2737 ῗχομεν,
809 2659 1084 2739 Κέχρηται
1157 2659 1336 2735 μέντοι
1423 2662 1510 2716 καὶ
1598 2658 1935 2737 ἐνηλλαγμέ-

297 2771 399 2812 νως
458 2762 576 2813 τοῖς
640 2748 838 2828 ῥήμασι
896 2751 1097 2812 τούτοις
1147 2752 1181 2818 ἡ
1232 2752 1477 2819 συνήθεια
1546 2750 1641 2817 τῆς
1699 2754 1936 2828 Γραφῆς,

291 2838 381 2895 τὸν
441 2839 537 2913 μὲν
595 2838 746 2896 ἄθεον
805 2836 1004 2918 ἄφρονα
1055 2839 1281 2917 λέγουσα
1314 2839 1367 2894 ἐν
1398 2845 1493 2913 τῷ,
1550 2839 1719 2897 Εἶπεν
1764 2838 1941 2918 ἅφρῶν

293 2927 347 2984 ἓν
402 2926 585 3007 καρδίᾳ
650 2932 826 2986 αὐτοῦ·
886 2928 994 2986 Ούκ
1064 2928 1176 2984 ἔστι
1261 2929 1412 2992 Θεός·
1503 2930 1589 2985 καὶ
1675 2926 1833 2984 πάλιν
1879 2930 1938 2983 τὸ

293 3018 410 3095 περὶ
494 3018 593 3084 τὴν
677 3019 819 3088 ζωὴν
903 3015 1157 3095 βλαϐερὸν
1241 3018 1467 3085 ἀνόητον
1575 3018 1934 3093 ὀνομαζουσα·

293 3108 365 3169 ὡς
426 3110 453 3163 6
501 3105 822 3171 Ἀπύστολος
882 3108 998 3184 περὶ
1040 3113 1147 3163 τῶν
1202 3106 1577 3183 ἐμπιπτόντων
1622 3109 1694 3170 εἰς
1751 3106 1939 3163 ἐπιθυ-

2020 609 2272 681 pientes,
2308 603 2660 682 insipientes
2689 612 2749 663 et
2792 601 3000 662 stultos
3058 600 3223 661 dixit.
3276 599 3661 678 Insipientem

2017 692 2194 770 igitur
2223 712 2256 752 a
2288 693 2472 753 stulto
2510 691 2875 770 cogitatione
2899 691 3034 751 licet
3064 688 3663 769 distinguere.Siqui-

2018 782 2152 841 dem
2186 783 2477 861 insipiens
2501 791 2592 843 est
2617 784 2714 860 qui
2753 780 3066 859 prudentia
3098 778 3383 857 privatus,
3411 780 3471 839 in
3497 797 3662 840 com-

2019 874 2300 934 munibus
2330 893 2399 935 ac
2429 873 2707 934 humanis
2738 871 2917 933 rebus
2951 871 3256 952 perspicax
3280 890 3398 933 non
3429 880 3538 932 est.
3566 870 3665 941 Sic

2017 962 2190 1022 etiam
2216 962 2584 1024 consuetudo
2615 961 2939 1042 prudentes
2972 973 3139 1021 vocat
3164 978 3288 1034 eos,
3324 961 3426 1040 qui
3446 961 3504 1021 in
3532 961 3665 1021 vitze

2016 1052 2292 1129 negotiis,
2320 1053 2463 1112 utile
2486 1061 2543 1111 et
2566 1051 2805 1111 noxium
2834 1050 3375 1128 discernunt,juxta
3396 1049 3551 1129 quod
3577 1049 3663 1110 dio

2015 1151 2174 1200 ctum
2205 1148 2297 1201 est
2326 1149 2384 1201 et
2412 1140 2472 1201 in
2513 1142 2874 1218 Evangelio:
2916 1138 3072 1211 Quia
3106 1138 3228 1216 ﬁlii
3251 1137 3432 1217 hujus
3455 1138 3664 1200 saeculi

2006 1230 2372 1301 prudentiores
2397 1231 2528 1299 ﬁlii:
2558 1230 2696 1285 lucis
2731 1230 2787 1284 in
2813 1233 3155 1299 generatione
3182 1243 3281 1282 sua
3300 1235 3426 1284 sunt
3460 1226 3660 1285 69.N0n

2015 1317 2173 1376 enim
2202 1315 2620 1395 prudentiores
2645 1325 2784 1375 sunt
2806 1312 3294 1392 simpliciter,sed
3327 1312 3399 1374 ad
3433 1313 3661 1389 degen-

2014 1405 2146 1466 dam
2183 1407 2335 1466 hanc
2367 1407 2425 1465 in
2462 1423 2641 1465 carne
2686 1404 2881 1463 vitam.
2936 1401 3164 1464 Rursus
3213 1410 3269 1461 et
3315 1401 3493 1463 villici
3529 1404 3665 1463 185

2015 1494 2445 1576 illiiniquitatis
2486 1495 2810 1573 prudentes
2838 1490 3306 1570 dicuntur,quod
3341 1491 3671 1571 prudenter

2014 1585 2190 1646 vitam
2217 1602 2382 1645 suam
2409 1585 2741 1645 instituant.
2775 1582 3100 1642 Prudentes
3123 1599 3358 1660 quoque
3371 1589 3509 1641 sunt
3530 1600 3665 1643 ser-

2016 1683 2226 1753 pentes
2256 1674 2342 1746 70,
2364 1673 2690 1733 secundum
2719 1671 2869 1731 hanc
2893 1669 3410 1749 signiﬁcationem,
3441 1671 3664 1751 quippe

2016 1768 2115 1841 qui
2134 1762 2250 1821 sibi
2279 1767 2420 1841 ipsis
2442 1770 2647 1841 parent
2662 1758 3186 1838 latibula,atquein
3209 1759 3663 1837 periculisomni

1040 1860 1286 1938 φρύνιμαί
1334 1860 1460 1914 εἰσιν
1524 1859 1608 1913 καὶ
1667 1859 1713 1911 οἱ
1759 1856 1927 1934 ὄφεις,

2028 1850 2196 1910 modo
2232 1851 2431 1931 plagas
2460 1851 2671 1930 capitis
2702 1849 2950 1911 evitent.
2976 1847 3488 1938 Stultusgautemis
3509 1849 3663 1911 dici-

2019 1948 2133 2012 tur,
2158 1940 2260 2019 qui
2280 1959 2396 2000 non
2421 1939 2598 2000 habet
2629 1958 2722 2012 ea,
2756 1956 2884 2018 quae
2904 1947 3039 1998 sunt
3061 1936 3321 1997 hominis
3340 1938 3661 2019 praecipua.

2018 2028 2155 2091 Haec
2186 2039 2380 2090 autem
2413 2038 2573 2109 sunt,
2598 2029 2708 2090 Dei
2732 2028 2921 2090 Patris
2954 2030 3250 2105 notitia,et
3273 2024 3481 2104 Verbi,
3505 2029 3664 2108 quod

2018 2126 2146 2179 erat
2176 2118 2235 2178 in
2259 2117 2558 2198 principio
2581 2120 2739 2195 apud
2770 2116 2957 2178 Deum
2978 2115 3333 2189 7‘,doctrina
3358 2135 3391 2177 a
3417 2120 3664 2197 majori-

2019 2208 2129 2270 bus
2160 2215 2494 2287 accepta,et
2523 2226 2555 2267 a
2584 2214 2787 2267 sancto
2810 2206 3035 2285 Spiritu
3061 2206 3394 2284 procedens
3418 2207 3671 2269 illustra-

2019 2297 2099 2359 tio
2126 2319 2138 2361 :
2182 2316 2357 2378 quam
2382 2306 2645 2358 mentem
2674 2294 3031 2372 habent,qui
3057 2305 3304 2373 possunt
3326 2314 3459 2355 cum
3485 2295 3667 2358 Paulo

2018 2386 2372 2450 dicerezNos
2395 2393 2596 2448 autem
2614 2394 2874 2447 mentem
2897 2383 3124 2445 Christi
3152 2383 3442 2447 habemus
3470 2385 3669 2449 73.At-

2021 2484 2216 2538 tamen
2244 2476 2337 2537 his
2364 2475 2613 2536 vocibus
2644 2474 2899 2534 vicissim
2932 2491 3001 2533 ac
3030 2471 3371 2553 promiscue
3400 2474 3484 2536 uti
3515 2476 3667 2538 solet

2020 2565 2567 2645 Scriptura,utpote
2601 2581 2733 2644 quae
2762 2563 3015 2642 impium
3052 2575 3219 2622 vocet.
3248 2562 3656 2642 insipientem,

2020 2653 2302 2717 videlicet
2333 2653 2463 2714 loco
2492 2653 2614 2725 illo,
2655 2652 2835 2712 Diwit
2865 2653 3170 2731 insipiens
3202 2656 3267 2711 in
3295 2653 3471 2713 corde
3510 2672 3657 2717 suo:

2022 2745 2157 2807 Non
2186 2753 2268 2805 est
2311 2746 2464 2806 Deus
2492 2742 2568 2806 73.
2605 2744 2678 2805 Et
2722 2748 2938 2802 iterum
2994 2740 3079 2817 id,
3113 2740 3269 2821 quod
3302 2741 3432 2801 vitae
3464 2753 3661 2819 nocet,

2025 2836 2267 2896 stultum
2294 2834 2597 2913 nominat;
2631 2829 3136 2911 quemadmodum
3157 2830 3476 2909 Apostolus
3497 2832 3571 2893 de
3598 2834 3668 2895 iis

2023 2926 2127 3005 qui
2154 2925 2213 2985 in
2240 2920 2757 3002 concupiscentias
2780 2920 2989 2980 stultas
3006 2931 3067 2980 et
3089 2923 3296 2981 noxias
3316 2919 3664 2987 incidunt“.

2023 3012 2149 3076 Hoc
2173 3014 2379 3094 utique
2402 3020 2569 3091 pacto
2596 3011 2885 3089 insipiens
2909 3016 2965 3069 et
2986 3009 3201 3069 stultus
3222 3008 3571 3073 deferuntur
3592 3012 3666 3073 ad

2023 3123 2206 3166 unum
2236 3120 2617 3164 communem
2649 3099 2857 3172 ﬁnem,
2879 3098 3274 3178 perditionem
3295 3098 3349 3141 ⁷⁵
3366 3100 3663 3166 videlicet.

294 3200 416 3270 μίας
458 3197 713 3266 ἀνοήτους
768 3197 855 3252 καὶ
920 3175 1201 3275 βλαϐεράς.
1233 3175 1400 3254 Ὀὕτω
1459 3198 1639 3274 μέντοι
1718 3195 1847 3275 (94)
1913 3198 1936 3251 ὃ

2028 3196 2217 3257 Possit
2248 3195 2424 3254 etiam
2456 3192 2589 3272 quis
2620 3190 2843 3262 dicere,
2873 3175 3255 3267 insipientem
3289 3192 3530 3271 quidem
3559 3211 3667 3272 ap-

297 3284 474 3365 ἅφρων
529 3287 616 3341 καὶ
674 3288 701 3341 6
746 3284 897 3350 ἄνους
949 3287 1078 3363 πρὸς
1138 3288 1192 3343 ἓν
1251 3288 1423 3342 κοινὸν
1471 3286 1624 3349 τέλος
1655 3286 1752 3354 τὴν
1782 3284 1938 3341 ἀπώ-

296 3373 443 3431 λειαν
497 3374 902 3454 καταφέρονται,
964 3375 1190 3431 Δύναται
1252 3374 1303 3431 δὲ
1354 3398 1433 3438 τις
1502 3377 1672 3432 εἷπεῖν
1741 3372 1940 3453 ἄφρονα

296 3465 394 3540 μὲν
446 3463 749 3539 ὠνομάσθαι
829 3466 922 3520 τὸν
1007 3463 1227 3528 ἐθνικῶς
1284 3470 1478 3537 ζῶντα,
1535 3464 1689 3519 ἄνουν
1750 3461 1805 3518 δὲ
1850 3464 1940 3519 τὸν

296 3554 604 3621 Ἰοῦδαῖκῶς
663 3558 800 3614 κατὰ
859 3558 958 3624 τὴν
1012 3555 1176 3631 ψιλὴν
1225 3566 1316 3615 τυῦ
1366 3557 1527 3631 νόμο)
1576 3558 1802 3634 τήρησιν
1848 3577 1943 3611 πο-

295 3645 658 3720 λιτευόμενον,
725 3647 902 3720 Τούτῳ
931 3648 1031 3725 γὰρ
1079 3653 1156 3721 τῷ
1206 3644 1391 3725 ἄφρονι
1424 3647 1581 3703 εἶπεν
1627 3648 1654 3701 6
1700 3646 1827 3710 Θεὸς
1860 3642 1945 3699 διὰ

296 3736 394 3803 τὴν
468 3735 870 3815 ἐνυπάρχουσαν
967 3740 1105 3809 οὒτῷ
1182 3734 1463 3802 ἀθεότητα·
1558 3732 1773 3813 ’Ἄφρον
1811 3781 1827 3809 ,
1889 3732 1944 3787 ἐν

296 3825 465 3902 ταύτῃ
517 3830 585 3901 τῇ
660 3829 806 3881 νυκτὶ
852 3826 946 3893 νὴν
1027 3825 1211 3902 ψυχήν
1293 3844 1385 3883 σου
1454 3824 1758 3903 ἀφαιροῦσιν
1837 3823 1944 3879 ἀπὸ

298 3922 391 3972 σοῦ
443 3913 595 3993 (95).
648 3912 852 3980 ’Ἄνους
896 3914 949 3970 δὲ
998 3917 1025 3971 6
1079 3915 1217 3971 κατὰ
1275 3915 1444 3992 σάρκα
1488 3913 1702 3992 Ἰσραὴλ
1734 3914 1945 3986 ὠνόμα-

300 4026 418 4060 σται
466 4007 602 4060 κατὰ
644 4006 733 4061 τόν
786 4006 1091 4084 προφήτην,
1126 4002 1183 4067 ὅς
1242 4020 1395 4084 φησι⁶
1448 4005 1546 4061 Καὶ
1607 4004 1671 4070 ἦν
1709 4001 1946 4082 Ἐφρα³ιμ

300 4094 372 4154 ὡς
426 4095 707 4170 περιστερὰ
763 4092 939 4157 ἄνους·
1000 4095 1272 4172 Αἴγυπτον
1350 4092 1673 4151 ἐπεκαλεῖτο
1753 4090 1885 4173 (96)
1923 4140 1940 4167 ,

303 4182 389 4237 καὶ
442 4182 513 4245 εἷς
578 4180 879 4260 Ἀσσυρίους
957 4183 1261 4262 ἐπορεύετο,
1356 4186 1563 4243 Τούτων
1647 4182 1735 4240 οὖν
1792 4188 1946 4259 κοινῇ

301 4272 404 4326 ὑπὸ
444 4270 542 4337 τῆς
586 4268 716 4334 ἰδίας
786 4271 1002 4349 ἀγνοίας
1049 4270 1489 4352 συντριϐομένων,
1547 4275 1713 4348 ἡμεῖς
1764 4274 1812 4330 οἰ
1840 4270 1943 4328 ἀλ·-

301 4358 505 4439 λότριοι
541 4360 711 4417 αὐτῶν
740 4359 1081 4440 κληρομόμυι
1111 4367 1203 4416 τοῦ
1246 4361 1477 4418 πλούτου
1508 4362 1763 4438 γινόμεθα
1790 4359 1943 4440 (97).

2026 3284 2303 3363 pellatum
2362 3298 2496 3343 esse
2548 3298 2710 3351 eum,
2771 3277 2873 3358 qui
2937 3296 3100 3339 more
3158 3277 3297 3339 vivit
3346 3281 3660 3359 gentium:

2025 3373 2267 3433 stultum
2302 3388 2439 3431 vero
2471 3368 2761 3447 eum,qui
2816 3384 2981 3427 more
3030 3364 3277 3428 Judaico
3337 3368 3669 3431 secundum

2029 3460 2249 3521 nudam
2274 3458 2425 3537 legis
2447 3457 2615 3519 obsei
2632 3456 2929 3518 vationem
2945 3456 3116 3515 vitam
3146 3456 3321 3534 degit.
3336 3456 3488 3520 Huic
3508 3459 3670 3520 enim

2025 3548 2337 3629 insipienti
2370 3546 2516 3609 dixit
2542 3545 2721 3625 Deus,
2756 3543 2831 3605 ob
2889 3562 3021 3605 eam
3070 3562 3203 3623 quae
3240 3547 3298 3606 in
3361 3546 3490 3627 ipso
3543 3557 3674 3611 erat

2027 3639 2431 3719 impietatem:
2485 3636 2815 3716 Insipiens,
2852 3637 2961 3696 hac
2990 3642 3160 3696 nocte
3192 3643 3368 3697 tuam
3396 3639 3672 3701 animam

2025 3728 2312 3805 auferunt
2340 3745 2377 3789 a
2411 3735 2463 3787 te
2480 3726 2555 3788 ⁸⁷6.
2591 3725 2771 3786 Israel
2803 3732 3024 3799 autem,
3054 3728 3157 3803 qui
3188 3725 3515 3787 secundum
3548 3744 3672 3788 car-

2029 3836 2165 3879 nem
2215 3825 2324 3897 est,
2389 3827 2626 3878 vocatus
2681 3822 2772 3876 est
2819 3813 3058 3890 stultus,
3096 3814 3265 3892 juxta
3315 3818 3669 3895 prophetam

2026 3908 2360 3970 dicentem:
2396 3906 2550 3968 Erat
2582 3904 2890 3984 Ephraim
2934 3905 3112 3982 quasi
3132 3902 3402 3966 columba
3429 3907 3617 3968 stulta
3653 3930 3667 3968 :

2025 3996 2368 4076 Egi/ptum
2398 3994 2746 4069 invocabat,
2780 4000 2833 4054 et
2864 3991 2943 4053 ad
2971 3992 3272 4071 Assyrios
3296 3994 3423 4057 ibat
3452 3993 3528 4059 τ’.
3566 3995 3672 4058 His

2029 4086 2205 4165 igitur
2232 4103 2338 4166 per
2359 4103 2525 4146 suam
2548 4086 2814 4165 ipsorum
2836 4080 3139 4143 inscitiam
3171 4083 3349 4145 simul
3371 4086 3668 4158 contritis,

2027 4176 2208 4238 alieni
2235 4193 2346 4235 nos
2372 4175 2710 4236 divitiarum
2740 4190 2983 4233 suarum
3027 4172 3303 4235 haeredes
3350 4176 3667 4239 efﬁcimur.

2027 4264 2239 4331 Nostra
2291 4264 2453 4327 enim
2513 4273 2653 4326 sunt
2714 4264 3280 4343 pracepta,'nostri
3340 4267 3671 4346 prophetae,

2027 4356 2216 4418 nostri
2248 4355 2599 4434 patriarchae
2626 4374 2642 4430 ;
2675 4352 2864 4414 nostri
2905 4361 3045 4414 sunt
3079 4359 3179 4432 qui
3212 4371 3247 4415 a
3279 4358 3501 4419 seculo
3527 4357 3676 4437 justi

302 4446 490 4526 Ἠμῶν
548 4451 648 4529 γὰρ
711 4453 762 4506 αἱ
848 4448 1102 4529 ἐντολαὶ,
1194 4448 1438 4528 ἧμὲτεροι
1524 4453 1571 4506 οἱ
1654 4470 1936 4529 προιργιτοιι1

2036 4444 2225 4509 fuere.
2260 4447 2410 4508 Suas
2441 4444 2613 4507 nobis
2640 4443 2873 4505 divitias
2926 4442 3298 4525 reliquerunt
3325 4445 3428 4527 qui
3476 4446 3537 4507 in
3566 4464 3675 4509 sua

383 4608 448 4660 69
478 4611 620 4674 Luc.
654 4626 779 4685 xvr,
811 4609 873 4674 8.

303 4689 411 4753 751
435 4689 592 4753 Tim.
626 4709 704 4772 vr,
737 4691 799 4754 9.

958 4611 1021 4661 70
1047 4606 1253 4672 Matth.
1280 4625 1341 4683 x,
1369 4608 1467 4670 46.

884 4690 949 4740 ⁷6
976 4693 1121 4754 Luc.
1158 4705 1268 4764 xu,
1301 4688 1403 4752 20.
1492 4687 1554 4738 77
1584 4687 1724 4752 Ose.
1760 4703 1860 4763 vn,
1898 4694 1954 4752 1.

385 4852 512 4931 (91)
536 4851 695 4914 Εάίίί
725 4855 786 4910 τὸ
812 4851 1067 4933 βλαϐερὸν
1085 4853 1184 4933 καὶ
1211 4850 1507 4933 ὠφέλιμον,
1543 4850 1951 4933 Legiturvero

306 4932 368 4995 in
390 4928 500 4995 sex’
520 4950 663 4993 mss.
706 4928 940 4995 inversi)
966 4928 1180 4995 ordine
1210 4928 1282 4989 το
1314 4931 1586 5012 ὠφέλιμον
1619 4928 1707 4989 καὶ
1753 4928 1950 5008 βλαϐε-

337 5016 419 5079 όν,

306 5037 517 5172 p“(’92)
553 5090 710 5157 Edili
736 5094 790 5151 ἐν
817 5096 991 5172 σαρκί.
1026 5094 1105 5155 At
1139 5109 1280 5153 mss.
1312 5091 1477 5156 multi
1509 5096 1577 5170 τῇ
1606 5092 1659 5149 ἐν
1692 5096 1865 5171 σαρκί.

417 5094 494 5159 92
553 5094 710 5157 Ειὶίιί
736 5094 790 5151 ἐν
817 5096 991 5172 σαρκί.
1026 5094 1105 5155 At
1139 5109 1280 5153 mss.
1312 5094 1477 5156 multi
1509 5096 1577 5170 τῇ
1606 5094 1659 5149 ἐν
1692 5096 1865 5171 σαρκί.

392 5094 520 5257 E93;
555 5174 687 5257 Illa,
714 5177 801 5257 mi
894 5182 989 5231 τοῦ
1016 5177 1070 5230 εν
1101 5174 1248 5253 ἀρχῇ
1276 5172 1428 5238 ὄντος
1489 5176 1616 5257 πρὸς
1672 5175 1798 5257 τὸνμ
1822 5177 1953 5257 Θεὸν

309 5252 483 5336 Λόγου
500 5252 909 5336 ’παραδοχήβίο
939 5252 1517 5336 verteratinterpres
1540 5272 1555 5312 :
1579 5252 1722 5314 Item
1754 5254 1947 5336 Verbi,

310 5333 472 5415 (ιιιὸά
491 5337 557 5397 in
580 5333 886 5425 principio
900 5342 1030 5398 erat
1054 5335 1221 5425 apud
1240 5333 1811 5425 Qeujttpssumptio.
1833 5333 1950 5425 Sed

311 5414 420 5497 vox
449 5414 941 5497 assu'mptio'visa
993 5424 1092 5497 est
1124 5414 1483 5497 Gombeﬁsio
1528 5414 1836 5497 remotior,
1870 5416 1946 5477 ob

309 5494 496 5575 idque
514 5493 896 5589 interpretari
919 5496 1144 5587 maluit,
1163 5493 1335 5557 Verbi
1366 5497 1431 5556 in
1446 5495 1756 5635 principio
1779 5493 1943 5576 apud

311 5577 505 5635 Deum
526 5578 777 5635 traditio
798 5585 857 5635 et
881 5574 1438 5635 ﬁdes.Vimvocabu
1468 5594 1554 5635 181
1574 5584 1939 5635 snectemus.

311 5574 505 5656 Deum
526 5574 777 5639 traditio
798 5585 857 5638 et
878 5574 1198 5656 fides.Vim
1210 5574 1486 5637 vocabuli
1503 5574 1554 5656 si
1574 5574 1939 5655 spectemus,

310 5655 595 5737 παραδοχή
638 5655 885 5736 proprie
931 5658 1044 5718 erit
1070 5658 1367 5735 susceptio
1397 5655 1563 5717 verbi
1588 5674 1602 5718 :
1630 5656 1721 5716 vel
1748 5664 1942 5736 potius

310 5735 607 5828 doctrina,
641 5735 817 5817 quam
850 5755 884 5797 a
914 5737 1239 5815 majoribus
1257 5737 1333 5798 de
1362 5736 1546 5799 Verbi
1576 5735 1945 5818 susceptione

308 5834 675 5883 accepimus.
975 5862 978 5866 ~

395 5836 734 5984 (aitagit;
753 5896 944 5965 Paris.
968 5862 1105 5977 cum
1128 5898 1395 5980 quinque
1417 5905 1516 5961 aut
1545 5914 1653 5963 sex
1677 5914 1820 5962 mss.
1855 5899 1952 5958 οὗ⁹

1552 4608 1607 4658 Ἠ
1643 4606 1819 4670 Joan.
1853 4624 1895 4682 ι,
1924 4607 1985 4673 2.

2071 4605 2129 4657 ’12
2158 4607 2181 4669 I
2207 4604 2344 4671 Cor.
2370 4623 2434 4684 ιι,
2460 4606 2560 4669 16.
2643 4607 2708 4657 73
2724 4603 2880 4669 Psal.
2911 4620 3039 4684 xm,
3067 4612 3121 4667 1.

3208 4602 3263 4648 ⁷⁸
3290 4608 3468 4670 Rom.
3502 4624 3544 4685 1,
3573 4607 3673 4672 3i.

2035 4872 2124 4929 τος
2161 4848 2367 4929 μέντοι.
2399 4848 2578 4912 Coisl.
2614 4858 2776 4929 Outoc
2820 4848 2918 4922 μὲν
2947 4848 3036 4904 οὖν
3068 4848 3268 4929 ἄφρων.
3303 4848 3504 4910 Editio
3535 4866 3675 4911 vero

2034 4927 2219 4991 Basil.
2245 4938 2306 4990 et
2330 4929 2500 5008 Regii
2522 4927 2821 4990 secundus
2841 4935 2900 4988 et
2920 4927 3278 4991 sextus'cum
3302 4929 3466 4991 Colb.
3480 4930 3675 5009 primo

2035 5011 2239 5084 Οὕτως,
2273 5010 2511 5073 melius.

2121 5091 2240 5171 (95;
2275 5091 2463 5152 Voces
2494 5092 2599 5147 ἀπὸ
2624 5096 2719 5147 σοῦ
2741 5088 2957 5151 desunt
2975 5087 3038 5151 in
3066 5107 3169 5152 sex
3201 5108 3344 5154 mss.
3379 5098 3440 5152 et
3462 5091 3522 5151 in
3554 5090 3680 5153 edi-

2037 5170 2198 5233 tione
2228 5172 2415 5234 Basil.

2122 5250 2248 5333 (96)
2276 5250 2605 5333 Colbertini
2634 5250 2884 5333 primus,
2918 5259 3122 5333 sextus
3149 5260 3208 5312 et
3228 5251 3516 5333 septimus
3537 5270 3675 5316 cum

2036 5330 2269 5394 duobus
2298 5333 2502 5411 Regiis
2532 5330 2914 5394 ἐπεκαλέσατο.
2945 5330 3175 5395 Ibidem
3207 5330 3348 5393 editi
3381 5341 3440 5394 et
3490 5334 3678 5413 major

2036 5430 2172 5493 pars
2207 5430 2346 5473 mss.
2384 5413 2681 5491 ἐπορεύετο.
2717 5413 3118 5493 Aliiquidam
3153 5430 3299 5475 mss.
3332 5413 3671 5488 ἐπορεύοντο.

2028 5492 2184 5557 LXX
2206 5512 2443 5574 quoque
2476 5510 2727 5555 numero
2746 5492 3144 5555 multitudinis
3168 5494 3256 5555 usi
3288 5496 3673 5575 ευιιι,ὲπορεύ-

2025 5579 2214 5643 θησαν.

2107 5655 2234 5735 (97)
2267 5654 2438 5716 Colb.
2466 5652 2760 5735 septimus
2788 5656 3067 5732 γενόμεθα.
3095 5657 3244 5732 Reg.
3264 5657 3565 5717 secundus
3583 5678 3672 5734 γι-

2029 5733 2263 5818 magna.
2298 5737 2429 5795 Hoc
2458 5733 2587 5815 ipso
2620 5733 2681 5795 in
2726 5735 2856 5796 loco
2879 5745 3121 5818 septem
3170 5752 3310 5796 mss.
3346 5735 3513 5813 Ἡμῖν
3546 5733 3669 5814 γάρ.

2034 5815 2196 5879 Editi
2228 5832 2363 5877 vero
2395 5833 2529 5879 cum
2563 5832 2681 5877 uno
2712 5823 2813 5877 aut
2841 5815 3025 5879 altero
3058 5835 3172 5879 ms.
3200 5819 3357 5892 ἡμῶν
3387 5818 3508 5898 γάρ.
