4106 6396
329 322 449 388 449
1440 316 1759 385 HOMILIA
1804 314 1882 381 IN
1927 317 1985 380 Pl

2075 318 2178 382 LM
2189 322 2296 383 UM
2342 316 2613 386 XLVIII.
3602 323 3723 388 450

331 478 552 535 ηγοριας
613 454 1071 527 ένσημηναμενοι,
1127 453 1214 511 ἐπὶ
1302 453 1436 511 πο)ὺ
1510 457 1982 533 ωμπαραταθῆναι

2075 453 2313 533 longum
2345 456 2474 518 vita;
2501 463 2732 537 tempus
2763 473 2868 517 sua
2901 455 3167 535 ipsorum
3202 458 3489 521 memoria
3514 468 3713 522 exten-

331 551 407 619 τῷ
430 545 528 622 βίῳ
558 544 652 612 τὴν
718 544 938 618 μνήμην
992 543 1193 599 ἑαυτῶν
1242 542 1563 611 ἐπενόησαν’
1630 547 1716 600 καὶ
1775 545 1829 601 ἐν
1889 544 1985 600 τά-

2075 544 2337 620 dcretur,
2407 547 2547 626 quin
2610 545 2785 607 etiam
2846 546 3281 624 magniﬁcentia
3310 548 3372 609 in
3424 550 3717 629 sepulcris

332 657 450 714 τροις
499 632 553 689 δὲ
603 631 995 710 μεγαλουργίαν
1068 629 1475 708 ἐπιδειξάμενοι,
1521 648 1639 696 τοὶς
1715 636 1985 710 μνήμασιν

2075 643 2334 708 ostensa,
2373 637 2774 698 monumentis
2816 638 3059 699 nomina
3088 656 3195 700 sua
3246 639 3713 719 insculpserum.

330 722 530 779 ἓαυτῶν
625 721 895 799 έναφῆκαν
985 721 1049 775 τὰ
1107 722 1366 795 ὀνόματα,
1435 724 1591 779 Οὗτοί
1648 725 1776 779 εἰσιν
1829 726 1877 780 οἰ
1924 724 1990 779 τὰ

328 814 492 890 γήϊνα
563 819 899 889 φρονοῦντες,
959 812 1046 866 καὶ
1105 812 1204 878 τὴν
1257 815 1477 870 ἐνταῦθα
1527 811 1703 886 δόξαν,
1777 815 1864 870 καὶ
1922 814 1984 868 τὸ

330 901 473 979 παρὰ
520 900 641 962 τοῖς
698 899 996 971 ἀνθρώπσις
1056 902 1485 975 μνημονεύεσθαι
1540 901 1792 979 αὔταρκες
1857 903 1983 958 ἑαυ-

335 1002 449 1051 τοῖς
483 991 554 1055 εἰς
584 989 953 1067 μακαριότητα
1008 987 1369 1067 λογιζόμενοι,
1420 988 1529 1047 Κᾶν
1585 989 1709 1067 ἴδῃς
1737 990 1790 1047 δὲ
1861 1013 1989 1047 τινα

334 1085 436 1137 τῶν
464 1079 549 1135 ἐπὶ
619 1078 945 1154 ψευδωνύμῳ
1015 1078 1211 1155 γνώσει
1271 1078 1410 1156 μέγα
1491 1082 1823 1156 φρονούντων
1889 1080 1987 1156 (2),

334 1169 419 1224 καὶ
486 1167 891 1245 προσνεμόντων
946 1169 1165 1231 ἐαυτοὰς
1218 1171 1512 1246 μοχθηρῶν
1561 1191 1717 1225 τινων
1777 1168 1981 1248 δογμά-

333 1279 439 1314 των
471 1256 877 1335 συγκαταθέσεσι
933 1254 1039 1333 (3),
1105 1259 1192 1312 καὶ
1254 1257 1367 1312 ἀντὶ
1414 1259 1509 1312 τοῦ
1566 1258 1826 1333 ὀνόματος
1880 1265 1986 1314 τῶν

338 1352 689 1425 Χριστιανῶν,
749 1345 838 1426 ἀφ’
893 1346 1005 1407 ἑνός
1064 1367 1207 1411 τινος
1262 1352 1367 1401 τῶν
1458 1348 1985 1427 αἰρεσιαρχησάντων

338 1436 549 1500 ἑαυτοὺς
602 1435 985 1510 ὀνομάζοντας,
1049 1435 1374 1514 Μαρκίωνος,
1437 1437 1472 1504 ἢ
1526 1437 1893 1517 Οὐαλεντίνου,
1949 1438 1984 1505 ἢ

336 1528 440 1583 τῶν
471 1534 556 1582 νῦν
585 1523 1016 1595 ὲπιπολαζόντων
1049 1546 1217 1603 τινος,
1252 1528 1501 1606 γίνωσκε,
1566 1526 1647 1583 ὅτι
1696 1530 1783 1584 καὶ
1844 1531 1986 1584 οὗτοι

334 1614 725 1672 ἐπεκαλέσαντο
814 1616 880 1670 τὰ
934 1615 1169 1691 ὀνόματα
1227 1617 1396 1672 αὐτῶν
1483 1618 1571 1672 επὶ
1628 1624 1734 1673 τῶν
1792 1618 1983 1696 γαιῶν,

334 1708 582 1783 φθαρνοῒς
668 1704 966 1783 ἀνθρώποιτ
1028 1707 1115 1760 καὶ
1172 1706 1233 1760 τὸ
1290 1703 1415 1761 ὅλον
1488 1708 1702 1784 γηίνοις
1772 1708 1987 1768 ἑαυτοὺς

329 1796 760 1872 προσνείμαντες,

415 1884 474 1947 8.
566 1886 661 1941 Καὶ
745 1882 1015 1962 ἅνθρωπος
1094 1884 1148 1939 ἐν
1234 1889 1365 1955 τιμῆ
1439 1882 1535 1959 ὢν,
1621 1890 1680 1944 οὔ
1767 1891 1983 1952 συνῆκε·

332 1970 774 2049 παρασυνεϐλήθη
862 1986 979 2037 τοῖς
1065 1970 1278 2039 κτήνεσι
1349 1986 1467 2038 τοῖς
1548 1974 1818 2047 ἀνοήτοις,
1900 1976 1987 2031 καὶ

332 2063 586 2139 ὡμοιώθη
671 2063 879 2128 αὐτοῖς.
975 2062 1119 2130 Αὕτη
1207 2066 1240 2131 ἡ
1297 2060 1413 2125 ὁδὸς
1466 2066 1636 2121 αὐτῶν
1693 2063 1988 2121 σκάνδαλον

333 2153 543 2215 αὖτοῒς³
606 2154 694 2209 καὶ
769 2154 906 2227 μετὰ
975 2163 1138 2212 ταῦτα
1208 2152 1263 2207 ἐν
1346 2161 1423 2227 τῷ
1507 2156 1731 2229 στόματι
1813 2154 1985 2210 ὰῦτῶν

335 2241 702 2310 εὖδοκήσουσι,
774 2242 925 2319 Μέγα
1010 2242 1302 2320 ἄνθρωπος,
1414 2246 1499 2299 καὶ
1581 2246 1755 2319 τίμιον
1852 2244 1985 2321 ἀνὴρ

336 2330 608 2405 ἐλεήμων,
640 2330 700 2385 τὸ
757 2331 932 2404 τίμιον
982 2330 1036 2387 ἐν
1068 2336 1134 2397 τῆ
1187 2335 1381 2409 φυσιγῆ
1438 2338 1743 2399 κατασκευῆ
1812 2331 1984 2413 ἔχων.

335 2421 394 2479 Τί
421 2420 520 2498 γὰρ
552 2419 654 2475 τῶν
677 2418 761 2475 ἐπὶ
782 2424 883 2495 γῆς
923 2418 1054 2479 ἄλλο
1125 2420 1243 2476 κατ’
1303 2421 1480 2477 εἰκόνα
1533 2428 1626 2478 τοῦ
1706 2421 1984 2487 κτίσαντος

331 2508 565 2587 γέγονες
642 2511 757 2565 Τίνι
815 2510 847 2575 ἡ
876 2508 1013 2563 κατὰ
1070 2509 1284 2565 πάντων
1311 2509 1402 2589 (4)
1460 2510 1610 2589 ἀρχὴ
1657 2514 1747 2567 καὶ
1778 2509 1982 2575 ἐξουσία

330 2598 439 2655 τῶν
468 2618 527 2652 τε
572 2599 841 2676 χερσαίων
899 2599 986 2654 καὶ
1042 2596 1266 2675 ἐνύδρων
1335 2600 1422 2654 καὶ
1517 2598 1765 2677 ἐναερίων
1834 2600 1985 2670 ζώων

330 2688 647 2766 κεχάρισται
683 2704 699 2762 ;
754 2687 936 2767 Βραχὺ
997 2686 1092 2761 μὲν
1150 2685 1449 2754 ὒποϐέϐηκε
1479 2690 1577 2755 τὴν
1604 2692 1709 2745 τῶν
1739 2689 1984 2767 ἀγγέλων

331 2776 473 2842 ἀξίαν
505 2774 584 2831 διὺ
617 2776 715 2844 τὴν
770 2777 900 2854 πρὸς
956 2778 1018 2832 τὸ
1069 2775 1262 2854 γεῶδες
1322 2778 1478 2853 σῶμα
1529 2780 1833 2858 συνάφειαν·
1897 2781 1987 2835 τὸν

332 2867 428 2943 μὲν
459 2866 546 2922 οὖν
596 2865 867 2945 ἄνθρωπον
912 2868 1161 2932 ἱποίησεν
1219 2869 1323 2923 ὰπὸ
1367 2874 1465 2935 τῆς
1522 2874 1649 2946 γῆς,
1710 2870 1797 2924 καὶ
1864 2870 1984 2932 τοὺς

334 2956 672 3034 λειτουργοὺς
734 2956 891 3012 αὗτοῦ
971 2959 1132 3035 πυρὸς
1193 2958 1389 3036 φλόγα,
1451 2957 1571 3014 ἀλλ’
1610 2956 1755 3033 ὅμως
1817 2961 1852 3029 ἥ
1924 2980 1985 3036 γε

333 3054 425 3104 τοῦ
455 3060 598 3102 νοεῖν
629 3048 717 3102 καὶ
776 3044 1003 3102 συνιέναι
1047 3048 1138 3101 τὸν
1181 3047 1381 3104 ἑαυτῶν
1442 3048 1672 3115 Κτίστην
1723 3050 1811 3104 καὶ
1866 3057 1981 3114 Δη⁸

335 3139 588 3215 μιουργὸν
632 3133 847 3210 δύναμις
906 3136 993 3192 καί
1049 3135 1103 3191 ἐν
1172 3148 1291 3200 τοῖς
1355 3136 1651 3214 ἀνθρώποις
1723 3138 2044 3225 ὅπάρχει,ο

336 3226 662 3305 Ἐνεφύσησε
725 3226 824 3303 γὰρ
887 3224 965 3300 (5)
1048 3226 1118 3289 εἰς
1180 3226 1239 3281 τὸ
1325 3225 1633 3303 πρόσωπον
1716 3229 1980 3299 τουτέστι,

338 3315 531 3393 μοῖράν
605 3335 721 3370 τινα
779 3318 874 3380 τῆς
922 3311 1054 3377 ἰδίας
1109 3318 1327 3393 χάριτος
1404 3314 1684 3372 ἐναπέθετο
1743 3321 1822 3388 τῷ
1882 3317 1982 3371 ἁν-

338 3408 554 3485 θρωπῳ,
586 3402 677 3460 ἵνα
715 3410 790 3478 τῷ
846 3404 1014 3478 ὁμοίῳ
1070 3403 1400 3482 έπιγινώσκῃ
1458 3407 1519 3460 τὸ
1568 3404 1777 3480 ὅμοιον⁶
1828 3403 1983 3485 Ἀλλ’

334 3494 480 3569 ὅμως
515 3494 578 3549 ἆν
616 3499 749 3569 τιμῇ
807 3491 881 3548 ὤν
930 3492 1251 3571 τηλικαύτῃ,
1328 3494 1389 3551 ἐκ
1440 3502 1533 3551 τοῦ
1588 3484 1985 3573 δεδημιουργῆ-

333 3588 449 3642 σθαι
482 3581 604 3639 κατ’
650 3582 827 3639 εἰκόνα
857 3586 954 3639 τοῦ
1020 3583 1322 3656 κτίσαντος,
1368 3584 1499 3662 ὑπὲρ
1555 3587 1798 3663 οὐρανὸν²
1856 3584 1984 3662 ὑπὲρ

334 3673 510 3749 ἥλιον,
564 3674 694 3751 ὑπὲρ
764 3673 859 3737 τὰς
900 3675 1006 3729 τῶν
1063 3671 1298 3748 ἀστέρων
1354 3674 1572 3752 χορείας
1629 3672 1983 3749 τετιμημένος

335 3763 438 3843 (τίς
493 3764 594 3842 γὰρ
642 3768 748 3818 τῶν
805 3761 1040 3841 οὐρανῶν
1099 3760 1178 3841 (6)
1237 3764 1392 3819 εἰκὼν
1446 3762 1661 3841 εἴρηται
1708 3770 1801 3820 τοῦ
1856 3771 1987 3821 Θεοῦ

333 3861 428 3912 τοῦ
456 3853 677 3928 ὑψίστου
708 3853 903 3929 ,ποίαν
960 3849 1015 3907 δὲ
1066 3850 1220 3923 ἥλιος
1280 3853 1457 3910 εἰκόνα
1518 3854 1674 3923 σώζει
1722 3860 1816 3910 τοῦ
1873 3855 1989 3909 κτίεσ

337 3958 576 4017 σαντος;
643 3943 691 3999 τί
743 3942 780 4008 ³η
838 3943 1081 4022 σελήνης
1146 3942 1197 3997 τί
1223 3943 1270 3998 οἱ
1327 3941 1506 3999 λοιποί¹
1528 3942 1768 4021 ἆστέρες;
1799 3942 1988 4024 ἄψυχα

337 4036 432 4109 μὲν
462 4034 550 4089 καὶ
578 4030 755 4105 ὁλικὰ,
788 4029 1034 4111 έδιαφανῆ
1064 4030 1119 4088 δὲ
1170 4032 1333 4109 μόνον
1377 4046 1443 4089 τα
1492 4034 1718 4108 σώματα
1786 4055 1980 4101 κεκτη-

339 4122 511 4195 μένοι,
599 4119 653 4174 ὲν
733 4120 819 4183 οἷς
915 4118 1144 4196 οὐδαμοῦ
1215 4120 1440 4201 διάνοια,
1515 4124 1574 4179 οὗ
1629 4124 1988 4201 προαιρετικαὶ

337 4209 603 4279 κινήσεις,
637 4205 734 4264 οὐκ
784 4207 1244 4277 αὒνεξουσιότητος
1302 4209 1586 4289 έλευθερία’
1644 4210 1781 4267 ἀλλὰ
1828 4210 1986 4269 δοῦλοί

338 4296 450 4354 ίστι
506 4300 604 4363 τῆς
658 4294 1000 4370 ἐπικειμένης
1052 4296 1316 4375 ἀνάγκης,
1376 4300 1494 4356 καθ’
1542 4299 1607 4366 ἦν
1665 4299 1984 4377 ὰπαραλλάυυ

337 4407 477 4450 κτως
530 4385 612 4441 ἀεὶ
684 4384 802 4463 περὶ
864 4385 929 4440 τὰ
1015 4386 1147 4443 αὐτὰ
1204 4387 1634 4468 ἀναστρέφεται)·
1695 4390 1826 4467 ὑπὲρ
1895 4390 1985 4447 οὗν

2072 723 2143 784 Hi
2171 734 2308 785 sunt
2331 727 2426 805 qui
2454 736 2687 788 terrena
2711 727 2967 806 sapiunt,
2998 737 3053 789 et
3094 742 3444 808 praesentem
3471 729 3715 807 gloriam

2071 834 2137 875 ac
2161 816 2465 876 hominum
2486 816 2959 879 recordationem
2988 817 3183 878 sibiad
3203 817 3545 879 felicitatem
3579 820 3720 880 satis

2072 922 2203 965 esse
2225 904 2754 976 existimant.Quod
2781 906 2830 966 si
2856 924 3033 983 quem
3060 907 3231 968 etiam
3256 907 3717 981 videriseorum,

2073 992 2175 1073 qui
2210 993 2284 1054 ob
2342 994 2472 1055 falsi
2527 995 2787 1056 nominis
2844 996 3157 1057 scientiam
3220 997 3594 1077 superbiunt.
3663 1007 3720 1059 et

2076 1087 2267 1162 pravis
2300 1084 2649 1163 quibusdam
2683 1086 3058 1164 dogmatibus
3084 1088 3513 1162 assentiuntur,
3547 1107 3617 1149 ac
3640 1091 3720 1149 lo-

2070 1193 2140 1235 co
2171 1174 2431 1234 nominis
2460 1174 2812 1255 Christiani,
2844 1174 2917 1236 ab
2959 1194 3077 1237 uno
3102 1176 3300 1256 aliquo
3322 1178 3722 1239 haeresiarcha

2069 1263 2181 1325 sibi
2216 1282 2431 1325 nomen
2466 1264 2787 1337 asciscunt,
2828 1274 2966 1345 puta
2995 1285 3029 1327 a
3072 1266 3389 1337 Marcione,
3453 1278 3551 1329 aut
3598 1268 3718 1329 Va-

2071 1353 2323 1426 lentino,
2351 1361 2449 1413 aut
2479 1353 2550 1413 ab
2584 1353 2782 1433 aliquo
2808 1372 3017 1415 eorum
3053 1355 3154 1436 qui
3185 1375 3252 1417 ex
3315 1356 3531 1435 ignotis
3564 1376 3721 1419 nunc

2069 1443 2376 1521 conspicui
2412 1451 2596 1501 sunt:
2636 1444 2807 1505 velim
2864 1447 3102 1505 noveris
3162 1446 3268 1508 hos
3326 1465 3561 1528 quoque
3619 1465 3724 1507 sua

2074 1532 2313 1593 nomina
2344 1550 2584 1593 vocasse
2631 1533 2690 1594 in
2725 1534 2923 1608 terris,
2965 1544 3027 1594 ut
3057 1537 3152 1615 qui
3178 1535 3525 1598 hominibus
3584 1556 3723 1598 cor—

2072 1622 2259 1703 ruptis
2286 1641 2353 1683 ac
2386 1622 2560 1701 plane
2592 1624 2847 1685 terrenis
2877 1643 3009 1687 sese
3040 1626 3401 1688 addixerint.

2154 1893 2211 1951 8.
2249 1890 2424 1953 VEns.
2471 1892 2564 1965 t3,
2596 1892 2690 1955 l4.
2722 1891 2805 1952 Et
2825 1891 2998 1954 homo
3020 1911 3153 1954 cum
3178 1895 3243 1956 in
3265 1893 3507 1958 hnmnre
3551 1907 3718 1974 esset,

2075 1995 2182 2036 noa
2212 1982 2476 2038 intellecti!
2506 1999 2525 2039 :
2555 1990 2900 2054 comparatus
2920 1986 3001 2036 est
3025 1984 3286 2054 jumentis
3315 1986 3721 2058 insipientibus,

2070 2069 2118 2117 et
2148 2062 2342 2117 similis
2369 2064 2551 2132 factus
2580 2070 2655 2120 est
2684 2063 2811 2120 illis.
2853 2063 2975 2120 Hac
2997 2066 3090 2121 via
3130 2065 3349 2121 illorum
3408 2067 3726 2124 scandalum

2075 2143 2248 2219 ipsis:
2267 2152 2322 2205 et
2333 2151 2543 2222 postea
2556 2147 2619 2204 in
2635 2161 2734 2205 ore
2747 2162 2856 2205 suo
2876 2144 3350 2225 complacebunt.
3383 2150 3593 2226 Magna
3624 2167 3723 2211 res

2075 2232 2272 2299 homo,
2306 2240 2363 2291 et
2383 2231 2707 2311 pretiosum
2722 2232 2999 2312 quiddam
3021 2233 3105 2294 vir
3128 2233 3492 2307 misericors,
3522 2237 3717 2316 digni-

2074 2327 2249 2380 tatem
2272 2321 2874 2402 excellentiamquein
2890 2324 3143 2385 naturali
3158 2342 3263 2385 sua
3281 2328 3723 2389 constructione

2071 2409 2320 2472 habens.
2350 2410 2502 2483 Quid
2531 2413 2690 2472 enim
2717 2412 2875 2473 aliud
2902 2431 2971 2473 ex
2995 2412 3066 2473 iis
3119 2432 3250 2493 qua;
3273 2414 3333 2474 in
3360 2423 3515 2476 terra
3556 2431 3720 2489 sunt,

2069 2498 2139 2559 ad
2168 2499 2511 2561 Conditoris
2534 2500 2852 2578 imaginem
2871 2501 3091 2562 factum
3115 2511 3205 2564 est
3238 2501 3338 2563 82?
3362 2504 3469 2566 Cui
3496 2506 3719 2580 princi-

2071 2596 2237 2666 patus
2263 2598 2322 2649 et
2349 2596 2610 2667 potestas
2630 2590 2691 2649 in
2719 2590 3210 2651 omniaanimalia
3237 2600 3359 2653 tum
3388 2596 3720 2676 terrestria,

2073 2688 2191 2737 tum
2212 2678 2653 2757 aquatilia,tum
2675 2697 2847 2740 aerea
2865 2696 3149 2741 concessa
3163 2679 3347 2743 est33?
3369 2681 3721 2761 Estquidem

2072 2767 2246 2847 paulo
2277 2766 2521 2829 inferior
2551 2768 2776 2847 angelis
2808 2768 3092 2846 dignitate
3121 2766 3196 2842 3‘,
3251 2769 3327 2831 ob
3358 2790 3524 2833 suam
3586 2791 3718 2833 cum

2073 2857 2340 2918 terrestri
2377 2876 2629 2937 corpore
2652 2857 3391 2938 conjunctionemzquippe
3412 2860 3718 2922 hominem

2069 2945 2312 3021 fecitjde
2362 2956 2517 3008 terra
2570 2945 2644 3022 ⁸⁵,
2716 2949 2782 3010 Et
2840 2954 3159 3010 ministros
3211 2966 3356 3011 suos
3409 2949 3724 3029 ﬂammam

2068 3040 2232 3117 ignis
2267 3038 2343 3101 εδ.
2392 3041 2469 3101 At
2495 3048 2655 3102 certe
2681 3042 2764 3102 vis
2815 3041 3186 3120 intelligendi
3217 3049 3276 3101 et
3326 3043 3725 3121 cognoscendi

2071 3129 2458 3192 Conditorem
2487 3129 2849 3211 etOpificem
2889 3132 3426 3193 suuminestetiam
3454 3133 3513 3194 in
3530 3133 3725 3194 homi.

2070 3219 2617 3300 nibuansu/ﬂavit
2634 3225 2796 3283 enim
2819 3223 2877 3283 iu
2891 3219 3185 3300 faciem“;
3206 3224 3319 3284 hoc
3335 3231 3446 3293 est,
3464 3224 3720 3303 aliquam

2070 3312 2273 3387 gratiae
2308 3311 2559 3391 propria;
2592 3313 2719 3370 [85
2744 3321 2969 3391 partem
2995 3315 3054 3375 in
3089 3315 3393 3375 hominem
3450 3314 3721 3394 immisit,

2068 3399 2350 3460 utsimile
2383 3419 2487 3480 per
2516 3402 2712 3462 simile
2754 3412 3089 3481 cognoscat.
3132 3404 3413 3463 Attamen
3469 3422 3602 3464 cum
3660 3402 3722 3462 in

2065 3498 2226 3551 tanto
2261 3500 2420 3550 esset
2451 3491 2781 3565 honore,ex
2812 3512 2881 3551 eo
2913 3492 3070 3572 quod
3104 3493 3176 3551 ad
3210 3491 3549 3553 Conditoris
3575 3492 3720 3552 ima-

2068 3580 2265 3659 ginem
2288 3578 2557 3639 conditus
2617 3588 2797 3655 esset,
2865 3581 3048 3658 magis
3094 3580 3267 3653 ccelo,
3328 3584 3513 3659 magis
3562 3581 3714 3656 sole,

2071 3667 2259 3747 magis
2288 3668 2597 3729 stellarum
2630 3669 2867 3731 choreis
2893 3670 3213 3731 honoratus
3244 3670 3497 3749 (ecquod
3556 3671 3717 3730 enim

2067 3760 2354 3819 calorum
2380 3762 2569 3836 imago
2601 3758 2707 3819 Dei
2737 3759 3005 3820 altissimi
3035 3760 3259 3821 dictum
3292 3769 3381 3820 est
3404 3768 3431 3822 ‘8
3480 3760 3714 3839 qualem

2071 3848 2247 3909 etiam
2283 3846 2597 3925 imaginem
2644 3847 2973 3910 con-litoris
3004 3850 3093 3911 sui
3125 3857 3320 3910 servat
3380 3848 3519 3912 sol?
3568 3848 3711 3929 quid

2072 3939 2263 4000 luna?
2323 3936 2462 4014 quid
2514 3938 2758 4018 reliquas
2801 3938 2984 4000 stellae
3013 3944 3041 4000 ?
3086 3957 3338 4019 corpora
3390 3938 3717 4000 inanimata

2071 4028 2314 4109 quidem
2337 4036 2397 4088 et
2418 4046 2486 4088 ex
2513 4029 2761 4089 materia
2784 4030 3113 4091 constantia
3129 4045 3197 4089 ac
3216 4029 3407 4089 solum
3424 4028 3718 4107 pellucida

2072 4118 2320 4189 sortitas,
2352 4116 2413 4177 in
2437 4116 2651 4197 quibus
2684 4136 2971 4199 nusquam
3009 4136 3175 4179 mens
3204 4126 3318 4191 est,
3348 4136 3466 4179 non
3495 4118 3713 4179 volun—

2070 4206 2200 4270 tarii
2233 4215 2455 4285 motus,
2498 4225 2614 4268 non
2648 4207 2901 4269 liberum
2930 4208 3268 4277 arbitrium;
3303 4206 3408 4267 sed
3452 4208 3716 4268 serviunt

2070 4296 2443 4380 incumbenti
2470 4298 2831 4375 necessitati,
2870 4316 2976 4379 per
3025 4316 3200 4378 quam
3248 4315 3495 4375 semper
3528 4297 3723 4359 modis

2094 4384 2545 4453 inmutabilibus
2576 4389 2737 4452 circa
2786 4392 2993 4453 eadem
3058 4386 3392 4466 versantur)
3436 4408 3449 4444 :
3511 4386 3716 4470 homo,

336 4485 501 4535 ταῦτα
555 4487 681 4539 ταῖς
738 4486 925 4549 τιμαῖς
968 4474 1299 4553 προηγκένος
1341 4476 1694 4554 ὃᾶνθρωπος,
1743 4478 1802 4533 οὗ
1858 4502 1980 4536 συν-

2075 4474 2561 4557 inquamfmagis
2578 4477 2669 4539 his
2695 4480 3041 4557 honoratus,
3071 4495 3188 4538 non
3233 4475 3548 4556 intellexit,
3587 4478 3717 4554 sed,

337 4565 491 4639 ἧκεν,
523 4562 662 4621 ἀλλὰ
683 4561 994 4620 καταλιπὼν
1036 4564 1095 4619 τό
1152 4562 1367 4620 ἕπεσθαι
1432 4566 1569 4640 Θεῷ,
1617 4567 1706 4622 καὶ
1762 4568 1984 4642 ὁμοιοῦ-

2076 4571 2396 4652 (ιυοάζειιω
2420 4570 2617 4651 sequi,
2641 4579 2699 4632 et
2721 4568 3024 4632 Couditori
3044 4566 3255 4629 similis
3280 4565 3411 4627 ﬁeri
3433 4566 3685 4644 neglexit
3700 4618 3715 4650 ,

341 4659 460 4713 σθαι
489 4661 566 4730 τῷ
586 4653 846 4727 κτίσαντι,
907 4651 1091 4718 δοῦλος
1136 4662 1419 4733 γενόμενος
1489 4660 1595 4710 τῶν
1655 4659 1837 4713 παθῶν
1884 4663 1983 4726 τῆς

2075 4651 2280 4724 servus
2300 4660 2550 4723 eﬂ‘ectus
2570 4660 2959 4740 cupiditatum
2977 4656 3198 4729 carnis,
3223 4658 3622 4735 Co-mparatus
3634 4666 3724 4719 est

344 4746 561 4825 σαρκὸς²
636 4740 1085 4822 Παρασυνεϐλήθη
1183 4757 1301 4809 τοῖς
1356 4744 1573 4814 κτήνεσι
1641 4757 1759 4809 τοῖς
1812 4746 1982 4815 ἀνοή-

2075 4753 2358 4826 iuemntis
2390 4747 2841 4829 insipientibus,
2875 4754 2929 4809 et
2960 4745 3181 4808 similis
3209 4747 3404 4822 factus
3435 4753 3521 4807 est
3567 4747 3717 4807 illis.

420 4904 486 4959 82
512 4902 663 4969 Gen.
696 4918 740 4984 ι,
773 4900 871 4966 27.
960 4903 1025 4954 85
1051 4901 1200 4964 ibid.
1233 4901 1336 4968 28.
1419 4904 1483 4955 84
1512 4902 1669 4966 Psal.
1700 4922 1830 4988 vm,
1863 4908 1925 4974 6.

2102 4910 2252 4975 Gen.
2286 4928 2351 4992 ιι,
2386 4913 2445 4973 7.
2531 4909 2597 4961 86
2622 4906 2809 4970 Hebr.
2838 4924 2880 4981 ι,
2914 4910 2970 4966 7.
3059 4903 3121 4954 87
3155 4903 3305 4967 Gen.
3340 4920 3402 4967 II.
3437 4906 3497 4967 7.

424 5084 521 5165 (2)
552 5082 711 5147 Editi
732 5102 867 5146 cum
896 5084 1046 5163 Reg.
1080 5087 1289 5163 quarto
1319 5080 1881 5164 μεγαλοφρονούντων,
1907 5091 1992 5156 At

344 5184 490 5229 mss.
524 5171 659 5245 octo
684 5167 1175 5245 μεγαφρονούντων,

429 5246 512 5337 (3)
548 5244 647 5337 Sic
680 5241 1017 5337 mss.'0ct_o,
1048 5260 1083 5337 ε
1112 5241 1328 5337 quibus
1362 5261 1478 5337 non
1502 5242 1787 5337 differunt
1816 5250 1988 5337 editi,

344 5323 457 5407 nisi
492 5323 648 5405 quod
685 5345 789 5407 pro
822 5323 1146 5407 μοχθηρῶν
1172 5323 1432 5386 habeant
1480 5335 1753 5407 πονηρῶν.
1796 5330 1870 5393 Αι
1931 5323 1991 5393 in

343 5406 495 5482 Reg.
527 5406 705 5485 tertio
730 5407 817 5468 sic
846 5406 1080 5485 legitur,
1110 5406 1516 5483 προσνεμόντων
1548 5406 1758 5473 ἑαυτοῖς
1808 5436 1986 5481 πονη-

343 5492 450 5563 ρῶν
470 5507 625 5540 τινων
656 5484 937 5565 δογμάτων
966 5485 1397 5563 συγκαταθέσεις.

423 5565 506 5643 (4)
540 5565 698 5626 Editi
731 5562 924 5625 πάντα.
962 5562 1106 5628 Octo
1128 5582 1269 5626 vero
1303 5582 1446 5626 mss.
1476 5569 1713 5631 πάντων.
1751 5573 1874 5634 Nec
1911 5571 1989 5632 ita

346 5647 531 5706 multo
563 5653 692 5785 Ἐπεί
719 5644 836 5706 duo
869 5663 1013 5706 mss.
1048 5648 1178 5722 πρὸς
1212 5646 1271 5700 τὸ
1304 5644 1550 5724 γαιῶδες,

430 5725 511 5807 ιδ)
620 5722 725 5785 diti
768 5726 868 5803 γὰρ
923 5748 1108 5805 φησιν.
1166 5725 1345 5787 Deest
1403 5728 1550 5805 φηςίη

347 5824 492 5872 mss.

2153 5088 2372 5171 (6),Sic
2397 5085 2722 5171 Colbertini
2774 5089 3382 5171 quintus,__s_extus_et
3403 5082 3723 5171 __sep_t_imus

2073 5162 2460 5234 cum'duobus
2495 5167 2699 5243 Regiis
2730 5162 2951 5227 et'cum
2996 5163 3255 5227 editione
3287 5164 3462 5228 Basil.
3506 5162 3720 5227 ‘Editio

2072 5270 2211 5314 vero
2238 5249 2427 5313 Paris.
2454 5250 2515 5306 Tt
2540 5251 2640 5326 γὰρ
2688 5251 2793 5326 τῶν
2830 5246 3103 5326 οὒρανίων,
3169 5243 3408 5324 Ecquid
3454 5247 3617 5308 enim
3646 5264 3723 5308 ea:

2072 5331 2534 5403 calestibus,etc
2550 5324 2622 5388 ῙΑ⁷
2640 5325 2851 5407 quibus
2875 5324 3154 5407 omnibus
3175 5342 3295 5384 non
3324 5344 3530 5403 parum
3548 5325 3721 5386 dissi-

2071 5413 2171 5475 det
2196 5411 2363 5474 Colb.
2397 5404 2670 5488 quintus;
2690 5408 2749 5466 in
2783 5425 2898 5486 quo
2922 5404 3007 5466 sic
3034 5404 3385 5488 legitura'r‘t;
3412 5409 3510 5483 γὰρ
3536 5415 3637 5488 τῶν
3663 5410 3721 5461 ἓν

2073 5486 2724 5572 οὔρωιξηΕσᾲιιὶκ-ςηζτη
2747 5504 2949 5572 eorum
2974 5488 3157 5563 quiin
3183 5487 3328 5546 cmlo
3351 5486 3722 5572 sunl,dicl_us

2071 5567 2157 5636 est
2183 5567 2725 5655 imago,cte._\_ierl_)a
2756 5567 2854 5627 illa
2876 5585 3007 5655 quas
3032 5584 3165 5628 mox
3190 5576 3541 5655 sequuntur,
3564 5570 3718 5622 ποξαν

2073 5645 2405 5734 δέ,ειο.,’θο
2435 5649 2646 5734 ordine
2668 5648 2945 5734 leguntur
2966 5648 3025 5707 in
3055 5664 3196 5734 mss,
3217 5666 3340 5734 quo
3376 5645 3676 5734 edidimus
3704 5663 3717 5703 :

620 5722 725 5785 diti
768 5726 868 5803 γὰρ
923 5748 1108 5805 φησιν.
1166 5722 1345 5787 Deest
1403 5728 1561 5805 φησίν
1614 5729 1675 5791 in
1732 5730 1985 5814 quinque

2081 5722 2187 5796 sed
2209 5722 2383 5793 aliter
2410 5734 2467 5814 in
2492 5728 2666 5814 editis
2687 5722 3109 5814 disponuntur,
3137 5722 3413 5814 videlicet
3433 5726 3547 5786 hoc
3595 5745 3713 5787 mo-

2080 5814 2156 5876 do
2192 5834 2208 5877 :
2240 5814 2397 5871 ποίαν
2425 5809 2478 5866 δὲ
2507 5810 2682 5867 εἰκόνα
2714 5809 2867 5880 σώζει
2898 5812 2924 5865 ὁ
2954 5809 3112 5874 ἣλιος
3144 5815 3234 5864 τοῦ
3264 5808 3562 5869 κτίσαντος.

670 5928 940 5991 ΡΑτιιοι.
985 5928 1101 5992 Gs.
1148 5924 1367 5992 XXIX.
1556 5946 1563 5954 ’

3225 5931 3294 5991 15
