4106 6400
386 308 499 375 451

390 554 626 609 narum,
665 532 938 594 adhinnit
963 530 1215 610 proximi
1264 530 1356 590 sui
1402 528 1644 590 uxori38
1678 547 1690 591 :
1719 549 1876 590 nunc
1904 548 2041 590 vero

391 634 671 703 tanquam
693 623 866 704 lupus
891 640 1068 701 rapax
1091 619 1565 680 alienisinsidias
1589 618 2041 681 struit89:inter-

390 716 529 778 dum
562 714 637 775 ob
670 712 997 773 adhibitum
1032 710 1314 770 adversus
1345 709 1587 770 fratrem
1643 708 1869 781 dolum,
1905 728 2041 770 vero

391 805 560 867 sutiaa
591 801 783 882 vulpis
826 800 1185 862 assimilatnr
1232 796 1307 857 90.
1360 797 1462 859 Est
1508 808 1706 859 autem
1760 799 2035 863 cumulus

391 893 654 958 stultitia;
668 887 1555 971 etdementiaaplanebelluinaa,
1599 907 1736 949 eum
1771 890 2033 969 quicon-

391 985 551 1048 ditus
582 990 669 1043 est
698 981 768 1041 ad
799 981 1103 1042 Creatoris
1149 978 1492 1055 imaginem,
1532 997 1725 1058 neque
1786 981 2034 1058 primam

392 1091 562 1135 suam
592 1070 1078 1133 constitutionem
1113 1069 1448 1148 percipere,
1480 1086 1673 1146 neque
1693 1076 1773 1128 tot
1793 1087 1861 1130 ac
1878 1078 2038 1134 tanta

393 1182 498 1245 pro
528 1181 593 1223 se
624 1162 970 1239 dispensata
1003 1158 1278 1237 mysteria
1300 1156 1634 1236 intelligere
1672 1157 1844 1239 velle,
1877 1168 1935 1221 et
1965 1180 2040 1223 ne

394 1271 468 1315 ex
500 1252 619 1314 illis
640 1249 884 1330 quidem
908 1248 1255 1327 dignitatem
1288 1266 1456 1309 suam
1486 1267 1847 1326 cognoscere
1881 1268 1897 1309 :
1932 1251 2038 1312 sed

391 1344 804 1403 immemorem
848 1356 1004 1400 esse.
1038 1336 1199 1413 quod
1232 1336 1464 1416 abjecta
1494 1338 1581 1399 rei
1607 1337 1867 1399 caelestis
1896 1340 2038 1402 ima-

393 1434 556 1511 gine,
585 1430 673 1491 rei
719 1439 970 1491 terrenae
998 1427 1319 1505 imaginem
1353 1428 1929 1509 sumpseritﬁAtque
1976 1439 2039 1491 ut

398 1540 473 1581 ne
488 1521 546 1581 in
563 1527 803 1600 peccato
818 1525 1187 1598 permaneat,
1210 1524 1449 1595 propter
1473 1535 1605 1577 eum
1635 1518 1881 1579 Verbum
1898 1538 2040 1583 caro

392 1611 631 1689 factum.
662 1616 772 1681 est,
807 1615 862 1670 et
895 1608 1199 1669 habitavit
1228 1606 1292 1666 in
1326 1605 1496 1667 nobis
1514 1610 1591 1687 9i,
1618 1609 2040 1684 etusqueadeo

397 1707 671 1780 seipsum
689 1696 1006 1777 depreésit,
1024 1695 1286 1757 utfactus
1314 1696 1390 1756 sit
1420 1693 1712 1759 Obediens
1739 1716 1923 1776 usque
1962 1700 2042 1761 ad

396 1797 673 1866 mortem,
695 1796 948 1850 mortem
978 1793 1178 1847 autem
1202 1791 1397 1847 crucis
1419 1784 1490 1845 99.
1529 1788 1745 1849 Prima;
1780 1798 1893 1850 tuae
1923 1790 2039 1852 ori-

395 1880 549 1960 ginis
569 1881 615 1940 si
648 1896 878 1939 memor
899 1895 1019 1937 non
1043 1894 1127 1945 es,
1151 1895 1220 1936 ex
1272 1876 1573 1956 persoluto
1604 1896 1706 1957 pro
1734 1888 1790 1939 te
1853 1883 2040 1957 pretio

394 1970 870 2050 qualemcunque
899 1965 1199 2044 dignitatis
1225 1973 1340 2026 tuae
1369 1967 1673 2027 notionem
1705 1971 1933 2049 accipe;
1967 1970 2040 2031 ad

398 2059 653 2141 pretium
680 2057 827 2119 illud
861 2074 976 2135 quo
1009 2062 1409 2117 commutatus
1439 2073 1505 2117 es
1533 2058 1791 2137 respice,
1848 2067 2038 2118 tuam-

395 2168 510 2229 que
538 2166 795 2227 agnosce
824 2145 1200 2224 (lignitatem.
1234 2145 1487 2222 Emptus
1513 2163 1577 2205 es
1611 2147 2041 2225 pretiosissima

395 2239 612 2311 Christi
645 2236 956 2310 sauguine,
988 2233 1215 2315 peccati
1244 2252 1319 2295 ne
1355 2236 1460 2295 ﬁas
1485 2253 1713 2297 servus.
1776 2237 2043 2317 lnlellige

396 2338 553 2390 tuam
581 2329 999 2407 praestantiam,
1031 2326 1116 2403 {ut
1153 2342 1227 2384 ne
1274 2323 1564 2403 jumentis
1619 2327 2043 2406 insipientibus

394 2417 769 2479 assimileris.
797 2414 980 2478 Vsus.
1018 2416 1114 2476 14.
1142 2413 1283 2475 Haec
1301 2420 1403 2476 via
1424 2432 1659 2496 eorum,
1683 2418 2043 2479 scandalum

392 2510 567 2588 ipsis.
603 2506 711 2579 Qui
744 2524 841 2566 res
892 2513 1118 2565 nostras
1176 2503 1518 2565 moderatur
1563 2506 1740 2580 Deus,
1806 2505 2044 2568 obsistit

394 2596 569 2659 nobis
591 2615 699 2677 per
723 2595 963 2655 malitia;
980 2593 1128 2656 viam
1162 2593 1972 2671 incedentibus,oﬂ‘endicula
1986 2603 2043 2656 et

398 2686 823 2766 impedimenta
856 2684 1173 2763 ohjiciens,
1204 2693 1267 2742 ut
1296 2702 1329 2743 a
1356 2684 1472 2744 vita
1502 2687 1747 2748 rationis
1790 2702 2041 2765 experte

392 2774 749 2853 resilientes,
786 2785 989 2853 postea
1017 2774 1079 2835 in
1131 2780 1333 2832 nostro
1383 2792 1487 2835 ore
1537 2777 2037 2860 complaceamus,

396 2865 497 2927 ubi
529 2867 713 2927 corde
746 2864 985 2944 quidem
1020 2862 1458 2925 crediderimus
1489 2864 1557 2924 ad
1586 2864 1907 2943 justitiam,
1939 2886 2045 2930 ore

394 2972 534 3016 vero
563 2954 819 3017 confessi
852 2954 1141 3015 fuerimus
1162 2954 1232 3012 ad
1284 2952 1540 3012 salutem
1571 2952 1645 3015 93.
1709 2954 2043 3036 Perseque-

394 3042 569 3106 batur
598 3044 835 3118 Paulus,
870 3042 1210 3103 devastabat
1248 3042 1573 3104 Ecclesiam
1607 3044 1823 3105 Christi
1845 3045 1922 3127 9‘,
1951 3065 2045 3108 su-

1742 306 1801 368 S.
1848 304 2132 368 BASILII
2162 306 2431 372 LMAGNI

391 445 562 510 Nunc
613 444 857 526 quidem
908 450 1189 522 tanquam
1239 457 1640 521 equusamore
1664 439 2040 502 furensfemi-

2127 461 2257 513 τοις,
2293 446 2380 500 καὶ
2410 446 2663 519 ὡμοιώθη
2723 450 2931 514 αὐτοῖς.

3656 314 3785 380 452

3024 455 3110 506 νῦν
3169 446 3265 524 μὲν
3316 451 3390 513 ὡς
3451 451 3619 515 ἵππος
3676 456 3786 519 θη-

2127 529 2364 605 λυμανὴς
2438 537 2764 614 χρεμετίζων
2825 539 2910 594 ἐπὶ
2969 540 3067 605 τὴν
3116 552 3347 615 γυναῖκα
3412 548 3504 615 τοῦ
3555 540 3785 608 πλησίον

2126 623 2305 679 αὐτοῦ’
2343 631 2426 680 νῦν
2459 624 2513 680 δὲ
2549 629 2619 692 ὡς
2691 626 2846 692 λύκος
2899 625 3069 706 ἅρπαξ
3141 627 3427 707 ἐφεδρεύων
3497 644 3618 695 τοῖς
3675 630 3782 687 ἀλ-

2126 710 2375 801 λοτρίοις·
2432 713 2623 773 ἄλλοτε
2681 715 2735 772 δὲ
2792 716 2872 797 (7)
2935 714 3020 772 διὰ
3085 724 3179 772 τοῦ
3211 719 3342 797 πρὸς
3403 720 3493 774 τὸν
3548 718 3783 801 ἀδελφὸν

2125 798 2279 856 δόλου
2351 808 2416 878 τῇ
2481 806 2772 885 πανουργίᾳ
2845 812 2943 873 τῆς
3018 805 3297 871 ἀλώπεκος
3399 798 3771 884 εἰκαζόμενος.

2118 890 2415 970 Ὑπερϐολή
2447 892 2501 949 δὲ
2533 899 2630 963 τῆς
2663 897 2839 958 ἀνοίας
2891 898 2978 952 καὶ
3030 898 3128 965 τῆς
3184 896 3487 964 κτηνώδους
3557 898 3783 976 ἀλογίας

2120 983 2195 1056 τῷ
2224 982 2334 1038 ὄντι
2381 985 2518 1058 μήτε
2546 990 2643 1052 τῆς
2673 984 2723 1051 ἐξ
2757 986 2934 1065 ἀρχῆς
2987 987 3173 1043 ἑαυτοῦ
3216 993 3549 1057 κατασκευῆς
3607 990 3773 1046 ἐπαι-

2120 1072 2416 1149 σθάνεοθαι,
2469 1072 2936 1152 δημιουργηθέντα
2993 1076 3112 1132 κατ’
3169 1078 3345 1133 εἰκόνα
3396 1084 3490 1134 τοῦ
3558 1080 3780 1136 κτίσαν-

2122 1182 2234 1235 τος,
2289 1163 2429 1236 μήτε
2479 1164 2576 1228 τὰς
2637 1163 2968 1230 τηλικαύτας
3044 1165 3174 1242 ὑπὲρ
3258 1167 3414 1223 αὐτοῦ
3485 1168 3782 1244 γενομένας

2123 1253 2420 1327 οἰκονομίας
2473 1266 2617 1309 νοεῖν
2672 1254 2950 1329 βούλεσθαι
3012 1252 3145 1334 (8),
3230 1258 3318 1311 καὶ
3388 1254 3481 1312 ἀπ’
3562 1257 3779 1315 ἐκείνων

2121 1344 2244 1417 γοῦν
2287 1343 2475 1399 ἑαυτοῦ
2528 1346 2799 1422 γνωρίζειν
2854 1346 2916 1400 τὸ
2981 1346 3175 1419 τίμιον·
3224 1344 3344 1401 ἀλλ’
3411 1346 3779 1428 ἀμνημονεῖν,

2122 1430 2203 1486 ὅτι
2272 1430 2557 1488 αποϐαλὼν
2616 1433 2712 1499 τὴν
2771 1434 2947 1490 εἰκόνα
2998 1441 3093 1490 τοῦ
3161 1432 3487 1513 ἐπουρανίοῦ,
3552 1435 3777 1493 ἀνέλαϐε

2121 1522 2219 1589 τὴν
2277 1522 2456 1577 εἰκόνα
2511 1530 2603 1579 τοῦ
2658 1524 2877 1602 χοϊκοῦ,
2939 1526 3034 1581 Καὶ
3078 1524 3171 1581 ’ίνα
3228 1530 3305 1600 μὴ
3336 1525 3665 1603 ὲναπομείνῃ
3698 1535 3769 1603 τῇ

2122 1612 2373 1690 ἁμαρτίᾳ,
2440 1610 2514 1668 δι’
2587 1615 2743 1669 αὔτὸν
2803 1612 2862 1670 ’Θ
2923 1615 3092 1692 Λόγος
3180 1614 3303 1693 σάρξ
3368 1616 3624 1693 ἐγένετο,
3689 1619 3782 1675 καὶ

2123 1700 2424 1770 ἐσκήνωσεν
2482 1702 2536 1757 ἐν
2581 1704 2765 1777 ἡμῖν,
2825 1706 2913 1760 καὶ
2970 1703 3054 1760 ἐπὶ
3104 1710 3352 1760 νοσοῦτον
3411 1706 3597 1762 ἑαυτὸν
3657 1707 3783 1763 ἐτα-

2122 1790 2401 1865 πείνωσεν,
2456 1791 2595 1848 ὥστε
2654 1793 2893 1869 γενεσθαι
2960 1790 3228 1862 ἰ’πήκοος
3286 1794 3451 1873 μέχρι
3521 1796 3777 1874 θανάτου,

2122 1879 2343 1942 θανᾶτου
2400 1878 2454 1935 δὲ
2504 1903 2747 1960 σταυροῦ.
2804 1884 2885 1939 Εἰ.
2950 1883 3026 1955 μὴ
3072 1882 3170 1949 τῆς
3252 1882 3469 1961 πρώτης
3556 1892 3783 1942 σεαυτοῦ

2124 1969 2379 2048 γενέσεως
2411 1970 2713 2050 μέμνησαι,
2761 1970 2820 2026 ἐκ
2850 1976 2948 2037 τῆς
3006 1968 3431 2038 καταϐληθείσης
3487 1973 3617 2053 ὑπὲρ
3686 1977 3784 2030 σοῦ

2123 2065 2286 2134 τιμῆς
2318 2057 2447 2115 λάϐε
2501 2067 2594 2116 τοῦ
2658 2060 2957 2134 ἀξιώματος
3020 2059 3252 2117 ἔννοιαν·
3316 2059 3628 2137 ἀπόϐλεψόν
3685 2086 3783 2120 σου

2126 2151 2256 2227 πρὸς
2292 2151 2354 2205 τὸ
2378 2148 2749 2227 ἀντάλλαγμα,
2817 2151 2904 2206 καὶ
2953 2150 3112 2228 γνῶθι
3174 2158 3394 2208 σεαυτοῦ
3454 2154 3549 2219 τὴν
3608 2151 3779 2218 ἀξίαν.

2128 2239 2212 2312 Τῷ
2264 2238 2616 2313 πολυτιμήτω
2682 2239 2877 2314 α’ίματι
2962 2247 3053 2295 τοῦ
3146 2248 3376 2319 Χριστοῦ
3448 2241 3781 2321 ὗγορασθηςο

2126 2329 2202 2402 μὴ
2233 2329 2375 2405 γίνου
2435 2328 2519 2407 (9)
2569 2326 2752 2392 δοῦλος
2807 2334 2905 2395 τῆς
2963 2330 3245 2406 ἁμαρτίας,
3320 2330 3480 2393 Σύνες
3559 2334 3786 2388 σεαυτοῦ

2125 2418 2223 2485 τῆς
2255 2418 2438 2493 τιμῆς,
2472 2418 2564 2473 ’ίνα
2597 2419 2673 2492 μὴ
2720 2422 3088 2496 παρεικασθῇς
3150 2433 3268 2479 τοῖς
3328 2420 3580 2490 ἀνοήτοις
3639 2423 3783 2491 κτή-

2126 2530 2289 2569 νεσιν.
2350 2509 2493 2575 Αὕτη
2547 2512 2581 2579 ἡ
2639 2508 2753 2570 ὁδὸς
2816 2509 2986 2564 αὐτῶν
3071 2507 3363 2565 σκάνδαλον
3421 2514 3630 2576 αὔτοϊς,
3712 2511 3775 2568 Ὀ

2126 2600 2416 2673 οἰκονομῶν
2462 2599 2526 2653 τὰ
2550 2597 2781 2676 ἡμέτερα
2817 2601 2943 2662 Θεὸς
2979 2597 3223 2673 ἐμποδίζε
3309 2601 3446 2671 ἡμῖν
3532 2598 3617 2656 διὰ
3679 2604 3778 2668 τῆς

2125 2688 2311 2749 κακίας
2366 2684 2684 2762 βαδίζουσιν,
2769 2686 3157 2763 προσκόμματα
3231 2688 3370 2763 ἡμῖν
3431 2690 3515 2744 καὶ
3596 2687 3777 2744 κωλύ-

2126 2798 2268 2852 ματα
2341 2777 2522 2848 τιθεὶς,
2596 2775 2713 2855 ἵνα,
2800 2774 3122 2839 ἀποστάντες
3197 2782 3295 2843 τῆς
3367 2778 3502 2832 κατὰ
3560 2777 3781 2857 ἀλογίαν

2126 2865 2289 2940 ζωῆς,
2350 2866 2485 2939 μετὰ
2553 2872 2717 2921 ταῦτα
2769 2866 2823 2921 ἐν
2881 2866 2961 2940 τῷ
3015 2868 3240 2940 στόματι
3273 2868 3429 2942 ἡμῶν
3473 2865 3779 2937 εὖὸοκήσω-

2128 2978 2248 3035 μεν,
2310 2953 2493 3031 καρδίᾳ
2582 2955 2681 3028 μὲν
2770 2956 3166 3012 πιστευσάντων
3256 2956 3327 3019 εἷς
3415 2952 3777 3033 δικαιοσύνην,

2129 3045 2354 3118 στόματι
2412 3041 2466 3098 δὲ
2529 3041 2981 3120 ὁμολογησάντων
3051 3046 3122 3107 εἷς
3197 3046 3487 3124 σωτηρίαν,
3557 3044 3776 3103 Ἐδίωκε

397 3153 492 3195 um
521 3133 594 3193 ad
631 3150 707 3193 ne
733 3132 979 3208 quitiam
1012 3149 1253 3193 cursum
1285 3131 1642 3194 acceleravit
1676 3153 1689 3196 :
1721 3133 1944 3196 deinde
1986 3136 2040 3197 in

2134 3132 2359 3206 Παῦλος,
2420 3132 2625 3211 ἐπόρθει
2680 3134 2779 3200 τὴν
2834 3132 3157 3200 Ἐκκλησίαν
3227 3140 3319 3190 τοῦ
3380 3141 3631 3212 Χριστοῦ,
3688 3137 3774 3192 ἐν·

394 3242 498 3284 ore
531 3240 640 3283 suo
683 3221 1067 3299 complacuit,
1102 3241 1236 3283 cum
1267 3220 1645 3284 annuntiaret
1684 3225 1745 3284 in
1797 3242 2045 3305 synago-

395 3312 508 3392 gis,
544 3309 723 3385 Quod
750 3309 847 3371 hic
876 3319 961 3371 est
995 3311 1271 3373 Chiis-tus
1299 3307 1374 3373 9⁵.

479 3585 537 3647 9.
564 3586 744 3647 Vrsas.
782 3584 879 3648 15.
917 3583 1095 3647 Sicut
1124 3601 1259 3646 oves
1279 3585 1346 3645 in
1368 3579 2043 3667 infermoposuit,mora

398 3679 665 3758 depascct
694 3692 816 3749 eos,
853 3676 1206 3754 Quicunque
1246 3681 1444 3735 autem
1503 3672 1754 3736 belluini
1806 3684 1945 3738 sunt
1972 3695 2041 3739 ac

399 3765 722 3846 comparati
782 3764 946 3826 fuere
1004 3764 1235 3826 stolidis
1294 3763 1635 3845 pecoribus,
1696 3766 1854 3827 velut
1903 3785 2041 3828 oves

400 3875 592 3937 neque
617 3854 984 3916 intellectum
1007 3872 1200 3934 neque
1223 3854 1586 3915 defendendi
1611 3874 1675 3916 se
1705 3855 2040 3918 facultatem

394 3947 713 4025 habentes,
742 3945 790 4005 is
821 3945 1010 4024 quiad
1046 3946 1440 4023 captivitatem
1478 3946 1652 4023 rapit,
1678 3964 1813 4007 cum
1839 3946 2039 4008 inimi-

394 4056 499 4096 cus
544 4037 639 4108 sit,
692 4035 826 4095 186
852 4035 976 4113 jam
1008 4034 1067 4095 in
1107 4053 1273 4094 suam
1305 4034 1491 4113 ipsius
1525 4054 1721 4096 arcem
1758 4037 2038 4117 conjecit,

310 4166 313 4171 -
392 4144 461 4187 ac
486 4126 657 4185 morti
683 4124 926 4185 tradidit
947 4125 1297 4204 pascendos.
1318 4122 1679 4203 Depascebat
1703 4126 1861 4186 enim
1882 4144 2041 4187 mors

2129 3224 2257 3292 ἧκεν
2302 3226 2460 3281 αὐτοῦ
2482 3225 2573 3279 τὸν
2621 3221 2815 3301 δρόμον
2859 3225 2950 3279 τὸν
3007 3224 3093 3281 ἐπὶ
3149 3224 3245 3292 τὴν
3304 3226 3562 3304 πονηρίαν
3614 3224 3771 3305 (10)·

2130 3314 2265 3389 μετὰ
2294 3323 2457 3373 ταῦτα
2484 3312 2535 3368 ἐν
2579 3320 2657 3387 τῷ
2716 3313 2940 3389 στόματι
2986 3316 3145 3370 αὒτοῦ
3216 3310 3495 3389 εὖδόκησε,
3567 3336 3779 3394 καταγ-

2126 3402 2333 3482 γέλλων
2399 3403 2452 3460 ἐν
2509 3416 2632 3467 ταῖς
2706 3416 3073 3483 συναγωγαῖς,
3155 3399 3295 3460 ’Ὅτι
3348 3402 3498 3469 οὗτός
3548 3403 3692 3461 ἐστιν
3749 3407 3779 3461 ὁ

2130 3494 2349 3573 Χριστός
2362 3541 2376 3556 .

2204 3585 2264 3649 9,
2339 3582 2433 3650 Ὠς
2530 3581 2769 3664 πρόϐατα
2860 3583 2915 3639 ἐν
3009 3581 3109 3659 ᾂδῇ
3159 3581 3303 3639 ἔθετο
3355 3583 3507 3659 (Ml,
3554 3584 3776 3649 Θάνατος

2124 3688 2386 3751 ποιμανεῖ
2458 3675 2670 3738 αὐτούς.
2707 3675 2839 3737 Τοὺς
2896 3671 2951 3730 δὲ
3008 3671 3296 3740 κτηνώδεις
3350 3675 3434 3730 καὶ
3487 3696 3780 3753 παρασυμ-

2124 3764 2411 3833 ϐληθέντας
2468 3777 2587 3828 τοῖς
2640 3763 2858 3830 κτήνεσι
2927 3777 3045 3829 τοῖς
3102 3763 3375 3837 ἀνοήτοις,
3430 3767 3502 3829 ὡς
3536 3763 3778 3844 πρόϐατα

2124 3854 2241 3914 οὔτε
2301 3856 2505 3911 σύνεσιν
2563 3854 2785 3933 ἔχοντα,
2840 3852 2956 3911 οὔτε
3012 3854 3111 3921 τήν
3176 3855 3305 3930 πρὸς
3364 3856 3425 3910 τὸ
3481 3854 3777 3929 ἀμύνασθαι

2122 3944 2418 4020 δύναμιν,ὁ
2469 3942 2767 4022 διαρπάζων
2825 3944 2897 4008 εὶς
2953 3943 3052 4010 τὴν
3112 3942 3516 4023 αἰχμαλωσίαν,
3578 3944 3777 4025 ἐχθρὸς

2124 4035 2218 4108 ὢν,
2277 4032 2381 4100 ἤδη
2442 4030 2732 4088 κατέϐαλεν
2817 4034 2887 4097 εἷς
2936 4033 2995 4089 τὸ
3068 4031 3206 4089 ἴδιον
3265 4035 3423 4090 αὐτοῦ
3485 4035 3770 4114 ὀχύρωμα,

2125 4126 2213 4181 καὶ
2263 4121 2534 4201 παρέδωκε
2581 4124 2657 4195 τῷ
2709 4123 2917 4196 θανάτῳ
2972 4123 3272 4198 ποιμαίνειν
3355 4123 3506 4204 (12)’
3582 4124 3776 4182 Ἐποί-

392 4216 466 4277 ab
498 4215 682 4276 Adam
716 4218 790 4275 ad
815 4233 1004 4291 usque
1051 4212 1261 4292 Moysis
1319 4213 1901 4276 administrationem
1959 4214 2037 4295 9⁸,

2127 4235 2289 4289 μαινε
2350 4214 2448 4292 γὰρ
2510 4216 2533 4269 5
2592 4213 2816 4277 θάνατος
2874 4213 2980 4268 ἀπὸ
3033 4211 3203 4287 Ἀδὰμ
3256 4214 3417 4293 μέχρι
3492 4213 3586 4281 τῆς
3637 4216 3774 4271 κατὰ

394 4302 587 4364 donec
619 4304 779 4362 venit
806 4321 981 4362 Verus
1013 4311 1230 4380 pastor,
1277 4308 1377 4382 qui
1411 4321 1576 4362 suam
1613 4305 1872 4364 animam
1938 4323 2040 4385 pro

2129 4306 2352 4359 Μωϋσεα
2374 4301 2665 4373 πολιτείας,
2700 4301 2801 4366 ἕως
2834 4302 2894 4358 οὗ
2942 4300 3101 4369 ἦλθεν
3158 4305 3186 4358 ὁ
3243 4302 3492 4370 ἀληθινὸς
3544 4305 3770 4383 ποιμὴν,

395 4391 600 4453 ovibus
623 4390 912 4473 posuit”,
948 4393 1154 4470 sicque
1176 4410 1277 4451 eas
1299 4409 1499 4453 secum
1529 4394 1833 4470 excitatas,
1882 4402 1941 4455 et
1970 4414 2040 4457 ex

2129 4397 2156 4450 ὁ
2186 4395 2289 4456 θεὶς
2338 4393 2435 4459 τὴν
2495 4392 2680 4448 ἑαυτοῦ
2737 4393 2922 4470 ψνχὴν
3006 4392 3136 4470 ὑπὲρ
3183 4393 3288 4447 τῶν
3335 4389 3636 4473 προϐάτων,
3683 4396 3773 4451 καὶ

392 4482 609 4543 inferni
643 4498 883 4543 carcere
903 4482 976 4542 ad
1008 4480 1469 4543 resurrectionis
1496 4485 1849 4545 matutinum
1882 4483 2036 4546 edu-

2126 4486 2285 4547 οὕτως
2344 4485 2514 4556 ἑαυτῷ
2572 4483 2970 4552 συναναστήσας
3029 4482 3115 4537 καὶ
3194 4481 3469 4561 ἐξαγαγὼν
3539 4481 3600 4538 ἐκ
3668 4488 3772 4551 τῆς

470 4643 535 4726 38
564 4645 787 4726 Jerem.
824 4658 883 4717 v,
917 4642 976 4705 8.
1062 4643 1126 4726 8_9
1159 4644 1376 4726 Ezech.
1404 4664 1542 4719 χχιι,
1575 4647 1675 4708 27.
1763 4647 1827 4696 89
1848 4645 2040 4711 Ezech

2126 4664 2223 4722 LIII,
2250 4647 2311 4724 4;
2347 4646 2493 4726 Luc.
2526 4658 2652 4719 xm,
2690 4639 2808 4726 32.Δ
2873 4638 3144 4726 94__Joan.
3194 4661 3235 4718 ι,
3276 4644 3390 4726 141,
3455 4641 3515 4693 9³
3545 4642 3769 4726 Philip.

394 4740 461 4803 ιι,
498 4725 559 4786 8.
646 4724 708 4773 95
735 4723 906 4786 Rom.
940 4740 1002 4794 x,
1039 4724 1136 4788 10.
1222 4724 1287 4775 94
1316 4725 1444 4786 Act.
1483 4743 1613 4807 νιιι,
1646 4728 1704 4788 3.
1792 4728 1856 4778 95
1885 4729 2015 4793 Act.

2158 4732 2256 4789 22.
2298 4721 2306 4724 ⁷
2343 4725 2408 4775 96
2437 4727 2611 4789 Rom.
2645 4741 2704 4797 v,
2742 4723 2838 4784 i4.
2926 4722 2988 4772 97
3017 4721 3189 4786 Joan.
3225 4741 3283 4800 x,
3321 4723 3418 4785 15.

484 4885 575 4966 (7)
609 4884 729 4948 Dee
743 4894 801 4949 st
836 4885 889 4967 δὲ
920 4885 984 4948 ἱη
1018 4904 1162 4950 mss.
1198 4906 1316 4967 non
1353 4886 1578 4967 paucis.
2136 4889 2351 4952 ἐαυτους
2388 4888 2850 4967 constituerunt
2877 4901 2940 4967 se
2967 4884 3151 4967 ipsos.
3174 4882 3322 4945 Nam
3348 4884 3427 4967 it_a
3456 4885 3777 4967 scripsisse

479 4963 560 5040 ('8)
595 4968 678 5030 Ita
702 4966 847 5028 editi
879 4985 1015 5049 cum
1039 4967 1165 5029 solo
1198 4963 1368 5029 Colhl
1400 4969 1677 5049 septimo.
1704 4969 1778 5031 At
1811 4969 1914 5031 alii
1946 4968 2053 5031 de-
2135 4963 3070 5049 Symmachum__locupletissirni
3126 4970 3309 5027 testes
3363 4963 3656 5028 Eusebius
3714 4976 3776 5030 et

395 5063 527 5108 cem
562 5065 682 5126 mss
713 5061 855 5104 νοεῖν
879 5046 1176 5124 βουληθείς,
1472 5045 1488 5049 ”

2134 5045 2545 5111 Tlteodoretus
2573 5046 2786 5107 litteris
2819 5045 3230 5126 prodiderunt.

474 5124 671 5210 (invita
700 5145 803 5210 sex
837 5147 977 5210 mss.
1005 5127 1161 5190 Editi
1184 5146 1323 5190 vero
1352 5131 1427 5205 μὴ
1460 5134 1615 5210 γίνῃ.
2219 5130 2267 5209 (1
2284 5131 2414 5210 ‘2)ln
2440 5129 2699 5189 editione
2723 5124 2997 5190 Paris.ita
3020 5127 3242 5210 editum
3265 5124 3649 5210 inveniturzti’a
3677 5128 3769 5210 θατ

482 5204 606 5285 (l0)
643 5206 971 5269 Colbertini
1004 5216 1230 5288 primus
1264 5218 1321 5271 et
1349 5204 1563 5271 sextus
1602 5209 1817 5288 δρόμον,
1854 5212 1912 5266 ὸν
1963 5212 2040 5270 ἐπῐ

2130 5204 2271 5283 νάτὶρ
2324 5204 2651 5285 ποιμαίνειν.
2734 5210 2833 5264 Καὶ
2917 5208 3406 5286 κατακυριεύσουσιν
3491 5209 3661 5288 αυτῶν
3715 5204 3770 5288 *οἱ

388 5283 771 5374 τὴνποξιηρίαν
804 5283 1033 5370 ἕτρελεέ
1072 5290 1229 5374 quod
1262 5291 1402 5371 quin
1447 5309 1515 5374 ex
1551 5283 1773 5374 _{tllqu0
1804 5283 2040 5369 'glOSSB-

2129 5293 2294 5355 εὖοεῗς
2328 5294 2387 5347 τ).
2421 5283 2584 5374 ἠρρκί.
2618 5288 2692 5374 Et
2716 5283 3447 5374 :dominabuntursorum
3496 5283 3645 5374 recti
3702 5284 3772 5374 in

395 5376 554 5449 male
589 5366 647 5449 in
680 5366 899 5430 textum
925 5366 1431 5449 'i'rrep_serit,'non
1466 5366 1695 5431 dubito'.
1818 5366 1837 5369 ⁷

2126 5366 2597 5441 ηιατ-ιιιίηοςδειι
2634 5369 2749 5429 illa.
2782 5371 2888 5424 ἷκαὶ
2932 5366 3446 5449 κατακυριεύσουςιν,
3481 5371 3642 5449 _etc.,
3707 5366 3771 5426 in

478 5448 523 5535 ti
546 5448 597 5535 1_)
623 5448 793 5527 Apud
829 5441 1113 5535 LXX_pro
1147 5441 1313 5535 agas,
1346 5452 1577 5535 posuit,
1600 5450 1815 5535 legitur
1836 5452 2033 5533 ἔθεντο,
2127 5450 2850 5535 mss.desitlera_ntur.Nec
2872 5441 3375 5535 valdead'mOdmn
3396 5441 3766 5535 dubitamus,

387 5526 767 5605 positis-um,
806 5550 915 5592 nec
940 5526 1129 5591 ab'eis
1163 5526 1441 5591 dissentit
1474 5526 1735 5607 Vulgata.
1774 5526 2038 5609 Symmal
2120 5531 2262 5608 quin
2290 5532 2410 5592 brec
2429 5532 2619 5591 etalia
2641 5531 2847 5602 multa,
2888 5546 2921 5587 e
2966 5526 3173 5609 Bibliis
3220 5531 3503 5609 contextu
3552 5542 3585 5584 a
3620 5526 3767 5609 qui?

391 5603 560 5695 cbus,
594 5609 905 5695 siANobilio
939 5611 1088 5695 ﬁdes
1128 5609 1436 5695 babeatur,
1472 5611 1550 5695 ita
1592 5603 2033 5695 interpretatus
2119 5603 2367 5695 busdam
2390 5609 2925 5695 librariisadjecta
2956 5608 3104 5695 sint,
3134 5623 3330 5695 eoque
3357 5606 3562 5695 magis,
3598 5603 3761 5695 quod

392 5696 503 5767 est,
534 5686 605 5751 ὡς
633 5690 951 5765 βοσκήματα
984 5689 1105 5762 ᾆδον
1128 5688 1304 5768 ἔταξεν
1335 5692 1544 5766 αὖτούς,
1583 5686 1784 5753 εἰδυῖ’
1809 5709 2030 5768 pecora

2126 5692 2336 5753 seriem
2361 5690 2645 5752 orationis
2669 5686 3034 5751 intercidere
3057 5687 3387 5768 videantur.
3415 5686 3611 5768 Quare
3634 5686 3767 5768 ipsa

392 5764 624 5851 inferni
673 5764 986 5851 constituit
1009 5786 1133 5851 eos.
1158 5766 1275 5851 Sed
1308 5769 1482 5851 facile
1504 5764 1857 5851 crediderim
1892 5790 2029 5835 eum
2115 5772 2318 5835 delere
2341 5771 2526 5851 satius
2548 5769 2847 5832 duximus.
2873 5770 2997 5831 Hoc
3020 5776 3149 5851 ipso
3180 5768 3239 5829 in
3262 5766 3393 5830 loco
3410 5764 3554 5828 editi
3573 5766 3769 5822 Ἐποί-

396 5844 541 5923 bili,
574 5854 752 5927 atque
782 5866 891 5929 pro
913 5848 1091 5913 ἔταξεν
1118 5847 1300 5913 αὐτούς
1329 5848 1649 5927 legendum
1679 5868 1818 5914 esse
1845 5853 2030 5919 ἔταξαν

2126 5875 2247 5911 save
2282 5853 2383 5932 γάρ
2415 5850 2491 5914 At
2523 5869 2667 5914 mss.
2698 5851 3031 5925 Ἐποίμαινε.
