4106 6384
409 322 533 390 455

1766 319 1827 381 S.
1873 317 2155 381 BASILII
2198 315 2447 382 MAGNI

3670 324 3794 389 456

408 461 461 523 si
490 478 781 543 nusquam
808 457 885 520 sit
907 456 1280 538 providentia
1300 454 1435 527 Dei,
1468 473 1602 533 quae
1630 473 1731 517 res
1762 455 2055 516 humanas

2149 452 2367 528 αύδαμού
2425 454 2535 512 ἔστι
2583 457 2807 535 πρόνοια
2855 462 2989 513 Θεοῦ
3049 454 3417 515 ἐπισκοποῖισα
3474 460 3539 515 τὰ
3582 460 3793 538 ἀνθρώ-

409 551 710 631 inspiciat;
731 558 831 611 aut
852 550 929 609 sit
951 548 1195 628 quidem
1218 547 1487 609 fortassis
1510 545 1804 626 inspectio
1828 544 2046 618 divina,

407 641 517 704 sed
546 660 617 702 ea
648 657 1017 721 nequaquam
1040 638 1111 699 ad
1132 646 1479 699 terrestrem
1504 636 1701 696 locum
1728 634 2048 715 pet-tingat,

409 735 559 796 adeo
581 745 642 793 ut
664 749 762 793 res
780 747 1015 810 quoque
1038 737 1276 788 nostras
1312 727 1441 786 187
1458 728 1758 787 intueatur
1783 749 1797 794 ;
1827 724 2048 785 etenim

410 825 461 887 si
475 830 635 885 esset
648 816 1017 900 providentia
1030 815 1375 896 ,unicuique
1389 812 1774 875 distribueret
1790 812 2050 900 propria,

411 914 497 975 sic
528 919 591 974 ut
614 899 825 971 divites
855 906 1099 988 quidem
1133 914 1336 967 essent
1365 904 1538 983 justi,
1585 903 1686 983 qui
1712 902 1939 963 divitiis
1972 899 2055 963 uti

414 1002 639 1065 scirent
673 1021 686 1063 :
725 1014 1169 1079 pauperesvero
1192 1002 1395 1056 essent
1416 994 1809 1072 mali,quibus
1838 989 2059 1051 divitiae

412 1096 879 1154 instrumentum
901 1086 1093 1149 forent
1111 1104 1234 1146 suae
1256 1086 1523 1163 ipsorum
1548 1079 2055 1158 iuiquitatis.Cum

413 1183 596 1262 igitur
627 1180 795 1240 multi
828 1178 947 1239 sint
973 1177 1127 1237 inter
1160 1184 1367 1253 gentes
1388 1180 1566 1252 atque
1592 1170 2060 1262 terrigenas,qui

412 1261 563 1337 talia
584 1266 1110 1346 sentiunt,quique
1134 1274 1378 1345 propter
1398 1271 1785 1342 apparentem
1806 1261 2060 1341 inaequa—

414 1363 642 1425 litatem
659 1356 1098 1419 distributionis
1110 1373 1310 1416 rerum
1326 1356 1395 1415 ad
1413 1356 1585 1413 vitam
1605 1351 2056 1431 pertinentium,

417 1452 708 1513 mundum
743 1448 888 1508 citra
922 1443 1352 1525 providentiam
1377 1443 1500 1520 regi
1519 1442 1922 1522 suspicantur;
1954 1442 2061 1500 hos

417 1532 1624 1619 compellatsermo,ineruditumipsorum
1651 1540 1868 1591 motum
1894 1548 2060 1593 coer‘

416 1648 562 1693 cens
596 1650 609 1690 :
645 1625 939 1705 quosipso
964 1624 1139 1684 etiam
1164 1622 1331 1683 initio
1352 1621 1423 1682 ad
1454 1620 1750 1682 audienda
1779 1620 2060 1699 dogmata

420 1718 727 1781 invitabat.
764 1716 884 1775 Aut
914 1712 1091 1774 etiam
1129 1712 1399 1791 privatim
1453 1711 1525 1772 ad
1559 1710 1747 1772 solam
1778 1710 2061 1789 pauperis

418 1824 735 1891 personam
755 1805 1087 1866 orationem
1108 1798 1632 1879 convertit,dicens
1668 1818 1682 1861 :
1721 1798 1806 1860 Ne
1828 1804 2058 1873 timeas,

428 1888 565 1962 cum
582 1897 752 1959 dives
773 1896 965 1972 factus
981 1893 1169 1968 fuerit
1190 1892 1382 1952 homo.
1409 1889 1478 1951 Hi
1504 1889 1664 1950 enim
1686 1889 1775 1950 vel
1800 1888 2058 1951 maxime

427 1988 701 2066 indigent
721 1982 1237 2053 consolatione,ne
1257 1980 1623 2059 potentiores
1642 1979 2055 2041 reformident.

420 2077 600 2143 Nulla
618 2068 1259 2152 enim,inquit,utilitas
1283 2078 1373 2129 est
1393 2068 1559 2129 diviti
1594 2067 1898 2147 morienti,
1924 2087 2059 2129 cum

419 2188 539 2233 non
562 2172 739 2247 queat
792 2179 996 2225 secum
1028 2160 1262 2222 auferre
1295 2160 1527 2220 divitias
1556 2178 1571 2234 ;
1605 2160 1705 2240 qui
1740 2160 1969 2220 scilicet
1998 2158 2057 2218 id

419 2279 490 2324 ex
512 2274 718 2321 earum
774 2250 1150 2333 possessione
1210 2250 1472 2311 lucratus
1525 2248 1601 2309 sit
1628 2249 1845 2323 solum,
1901 2248 2060 2327 quod

417 2349 608 2430 ipsius
623 2345 823 2408 anima
846 2344 905 2403 in
926 2342 1038 2403 hac
1061 2340 1182 2401 vita
1195 2340 1267 2401 ab
1281 2338 1689 2430 adulatoribus
1703 2339 1876 2401 beata
1906 2357 2061 2420 prae-

420 2428 617 2503 dicata
652 2435 753 2496 sit.
787 2431 1008 2495 Verum
1036 2448 1172 2491 cum
1207 2428 1479 2502 moritur,
1517 2448 1633 2490 non
1668 2431 2063 2503 assumet,in—

419 2528 569 2611 quit,
595 2542 834 2588 omnem
867 2521 1017 2611 hanc
1075 2519 1439 2611 opulentiam
1469 2540 1481 2581 ε
1516 2519 1611 2580 vix
1642 2519 2061 2581 indumentum

419 2608 693 2695 accipiet,
728 2632 844 2691 quo
879 2608 1152 2690 pudenda
1180 2610 1309 2689 ejus
1336 2616 1631 2687 tegantur,
1665 2608 1867 2689 idque,
1904 2609 1953 2669 si
1985 2611 2059 2670 vi-

419 2726 552 2770 sum
574 2705 756 2766 fuerit
773 2701 1007 2763 famulis
1043 2699 1237 2779 ipsum
1259 2698 1697 2761 amicientibus.
1736 2703 1897 2761 Bene
1929 2718 2062 2760 cum

422 2815 493 2859 eo
514 2806 712 2857 actum
736 2789 997 2860 fuerit,si
1018 2788 1290 2867 exiguam
1321 2803 1546 2849 terram
1582 2788 2064 2861 sortiatur,eam-

421 2905 537 2968 que
559 2884 674 2964 ipsi
703 2901 737 2943 a
757 2880 990 2943 funeris
1014 2878 1392 2939 curatoribus
1412 2877 1609 2938 datam
1644 2878 1719 2939 ob
1751 2878 2068 2940 commise-

418 2966 736 3039 rationem:
762 2970 865 3050 qui
888 2976 943 3030 ei
964 2968 1169 3028 isthtec
1194 2966 1575 3047 prtestant,ob
1602 2968 1938 3027 communis
1962 2968 2069 3028 hu-

428 3082 617 3127 manae
640 3070 864 3122 natura;
890 3057 1443 3127 reverentiam,non
1476 3054 1531 3115 ei
1564 3056 1691 3116 haec
1723 3055 2064 3133 largientes,

2142 566 2268 599 πινα
2303 563 2317 579 ·
2418 547 2530 602 ἔστι
2563 546 2660 621 μέν
2692 569 2795 605 που
2830 546 2976 626 τάχα
3019 549 3052 614 ἡ
3086 548 3199 603 θεία
3232 547 3529 624 ἐπισκοπὴ,
3584 551 3643 607 ού
3687 552 3795 624 μὴν

2138 635 2225 689 καὶ
2285 636 2415 713 πρὸς
2476 639 2569 696 τὸν
2618 638 2882 715 περίγειον
2927 637 3092 693 τόπον
3136 638 3343 717 ςμθάνει,
3399 638 3537 695 ὥστε
3583 641 3671 696 καὶ
3730 642 3797 697 τὰ

2136 721 2368 803 ἡμέτερα
2423 724 2633 804 ἐφορᾷν,
2682 728 2737 782 Ei
2795 728 2894 805 γαρ
2952 728 3174 803 πρόνοια
3239 728 3327 799 ἦν,
3374 729 3583 803 ἑκάστῳ
3636 731 3791 804 μερί-

2140 820 2297 883 ζουσα
2355 816 2420 869 τὰ
2478 818 2675 895 οἰκεῖα,
2722 815 2859 871 ὥστε
2919 815 3173 872 πλουτεῖν
3218 817 3315 889 μὲν
3378 819 3500 881 τοὺς
3532 818 3791 899 δικαίους,

2139 903 2260 967 τοὺς
2305 905 2688 980 ἐπισταμένους
2746 909 2822 979 τῷ
2877 904 3092 979 πλούτῳ
3155 908 3484 985 χρήσασθαι,
3546 908 3795 965 πένεσθαι

2140 990 2193 1047 δὲ
2255 996 2376 1056 τοὺς
2433 1000 2700 1072 πονηροὺς
2753 997 2874 1057 τοὺς
2907 995 3138 1074 ἔχοντας
3175 995 3301 1075 (20)
3351 997 3576 1075 ὄργανον
3598 1004 3697 1065 τῆς
3727 1001 3801 1055 oi-

2141 1083 2285 1146 κείας
2341 1086 2597 1162 πονηρίας
2642 1087 2733 1141 τὸν
2780 1082 3031 1143 πλοῦτον.
3090 1086 3237 1142 Ἐπεὶ
3297 1086 3388 1141 οὖν
3438 1086 3629 1144 πολλοί
3662 1091 3797 1144 εἰσιν

2144 1172 2197 1227 ἐν
2228 1186 2343 1237 τοῖς
2373 1172 2538 1230 ἔθνεσι
2570 1176 2657 1230 καὶ
2687 1186 2806 1239 τοῖς
2836 1172 3116 1252 γηγενέσιν
3177 1178 3223 1231 οἱ
3268 1177 3332 1231 τὰ
3393 1177 3616 1233 τοιαῦτα
3648 1200 3790 1258 φρο-

2143 1269 2374 1337 νοῦντες,
2407 1266 2495 1320 καὶ
2525 1260 2607 1318 διὰ
2652 1264 2751 1330 τὴν
2801 1264 3129 1343 φαινομένην
3162 1265 3470 1339 ἀνωμαλίαν
3531 1277 3622 1325 τοῦ
3667 1268 3791 1324 ἐπι-

2143 1360 2403 1431 μερισμοῦ
2460 1353 2565 1408 τῶν
2621 1354 2884 1429 βιωτικῶν
2940 1354 3271 1431 πραγμάτων
3330 1356 3660 1434 ἀπρονόητον
3696 1358 3794 1415 εἷο

2144 1466 2226 1497 ναι
2258 1444 2348 1497 τὸν
2407 1443 2607 1517 κόσμον
2656 1441 3119 1507 ὑπολαμϐάνοντες
3157 1461 3169 1475 ⁸
3230 1446 3436 1508 τούτοις
3490 1445 3800 1527 διαλέγεται

2145 1533 2171 1585 ὁ
2216 1530 2398 1609 λόγος,
2445 1531 2820 1587 καταστέλλων
2852 1532 3023 1587 αὒτῶν
3068 1533 3167 1599 τὴν
3210 1532 3519 1592 ἀπαίδευτον
3552 1538 3792 1603 κίνησιν·

2145 1623 2230 1685 οὒς
2264 1621 2428 1677 καὶέν
2455 1623 2750 1696 προοιμίοις
2796 1620 2883 1677 ἐπὶ
2942 1622 3038 1689 τὴν
3086 1623 3338 1700 ἀκρόασιν
3382 1627 3488 1679 τῶν
3518 1624 3793 1703 διδαγμά-

2143 1733 2250 1767 των
2279 1711 2481 1773 ἐκάλει,
2528 1711 2595 1765 Ἠ
2650 1732 2749 1767 που
2807 1713 2892 1767 καὶ
2950 1714 3083 1789 πρὸς
3143 1713 3307 1786 μόνον
3351 1712 3493 1781 ἰδίως
3528 1718 3589 1773 τὸ
3619 1718 3800 1795 πρόσ-

2089 1819 2126 1869 B
2148 1823 2294 1857 ωπον
2323 1812 2416 1860 τοῦ
2445 1802 2674 1868 πένητος
2708 1802 3040 1857 ἀποτείνεται
3072 1801 3268 1881 λέγων’
3318 1806 3404 1863 Μὴ
3441 1802 3623 1883 ξοϐοῦ,
3660 1805 3792 1863 ὅταν

2144 1889 2419 1966 πλουτήσῃ
2460 1890 2755 1969 ἅνθρωπος.
2813 1890 2969 1947 Οὗτοι
3030 1893 3130 1969 γὰρ
3174 1894 3261 1948 καὶ
3322 1893 3555 1967 μάλιστα
3601 1918 3791 1974 παρα-

2146 1983 2329 2055 μυθίας
2384 1980 2587 2037 δέονται
2644 1982 2775 2057 πρὸς
2816 1982 2877 2035 τὸ
2920 1982 2997 2055 μὴ
3041 1983 3408 2052 ὑποπτήσσειν
3463 1986 3584 2048 τοὺς
3632 1987 3803 2065 ὓπερ-

2146 2071 2397 2149 έχοντας.
2436 2067 2595 2128 Οὐδὲν
2625 2070 2748 2147 γὰρ,
2796 2072 2991 2149 φησὶν,
3027 2070 3218 2148 ὄφελος
3250 2079 3326 2143 τῷ
3362 2072 3594 2146 πλουσίῳ
3650 2077 3797 2131 ἀπο-

2144 2161 2449 2233 θνήσκοντι,
2513 2160 2589 2234 μὴ
2669 2156 2939 2234 δυναμένῳ
3013 2158 3198 2216 λαϐεῖν
3282 2164 3371 2217 τὸν
3426 2161 3654 2220 πλοῦτον
3708 2166 3804 2221 σὺν

2145 2251 2316 2324 ἑαυτῷ
2351 2265 2364 2278 ⁸
2414 2248 2471 2313 ὅς
2524 2272 2584 2326 γε
2636 2256 2886 2306 τοσοῦτον
2942 2249 3049 2305 ἀπὸ
3105 2256 3204 2316 τῆς
3262 2251 3609 2319 ἀπολαύσεως
3650 2254 3799 2333 ἐκέρ-

2146 2338 2287 2395 δαινε
2336 2339 2519 2415 μόνον,
2592 2339 2715 2395 ὅσον
2804 2340 2904 2407 τὴν
2979 2342 3163 2418 ψυχὴν
3224 2342 3381 2397 αὐτοῦ
3438 2342 3493 2397 ἐν
3554 2349 3621 2418 τῇ
3680 2351 3795 2421 ζωῇ

2147 2430 2315 2506 ταύτῃ
2378 2430 2502 2508 (⁸21)
2561 2431 2702 2507 παρά
2770 2435 2877 2484 τῶν
2920 2428 3164 2484 κολάκων
3235 2432 3651 2509 μακαρισθῆναι.
3706 2432 3799 2490 Ἐν

2147 2516 2202 2573 δὲ
2259 2526 2336 2593 τῷ
2366 2518 2742 2590 ἀποθνήσκειν,
2778 2520 2835 2573 ού
2888 2518 3145 2598 λήψεται,
3193 2522 3344 2598 φησὶ,
3395 2527 3571 2576 πᾶσαν
3601 2523 3803 2589 ταύτην

2146 2612 2247 2675 τὴν
2290 2606 2583 2687 περιϐολήν
2622 2624 2636 2637 ·
2686 2606 2843 2683 μόλις
2876 2606 3069 2682 ἔνδυμα
3117 2607 3348 2677 λήψεται
3400 2609 3672 2667 καλύπτον
3702 2614 3802 2667 αύ-

2147 2705 2240 2754 τοῦ
2269 2698 2334 2753 τὰ
2366 2698 2658 2777 ἀσχήμονα
2693 2712 2705 2725 ’
2767 2699 2855 2753 καὶ
2911 2707 3089 2770 τοῦτο,
3128 2698 3215 2753 ἐὰν
3246 2696 3369 2775 δόξῃ
3428 2700 3534 2755 τῶν
3567 2702 3796 2756 οἰκετῶν

2148 2801 2264 2850 τοῖς
2325 2786 2780 2864 περιστέλλουσι».
2860 2785 3175 2863 Ἀγαπητὸν
3247 2789 3390 2859 αύτῷ
3446 2794 3549 2865 γῆς
3609 2789 3797 2867 ὀλίγης

2148 2876 2350 2956 λαχεῖν
2388 2896 2399 2908 ·
2435 2879 2524 2932 καὶ
2559 2877 2751 2942 ταύτης
2795 2874 2865 2930 δι’
2912 2875 3098 2932 οἶκτον
3155 2874 3433 2950 διδομένης
3480 2881 3623 2951 αύτῷ
3652 2880 3795 2957 παρά

2149 2972 2255 3022 τῶν
2301 2966 2653 3038 κηδεσόντων,
2716 2965 2913 3025 οἵτινες
2952 2967 3094 3038 αύτῷ
3146 2967 3473 3045 παρέχονται
3518 2974 3682 3024 ταῦτα
3716 2971 3805 3024 αἷς

2150 3054 2236 3112 δοῖ
2294 3055 2389 3123 τῆς
2446 3060 2628 3123 κοινῆς
2686 3056 2773 3112 καὶ
2844 3052 2969 3135 (22)
3033 3055 3363 3133 ἀνθρωπίνης
3415 3058 3648 3135 φύσεως,
3711 3060 3801 3115 οὒκ

424 3156 530 3218 sed
552 3157 869 3215 humanam
897 3155 1165 3207 naturam
1190 3146 1421 3206 honore
1449 3144 2062 3209 afﬁcientcsProinde

2152 3149 2294 3204 αύτῶ
2323 3146 2695 3225 χαριζόμενοι,
2756 3143 2893 3201 ἀλλὰ
2938 3145 3200 3216 τιμῶντες
3258 3146 3357 3211 την
3390 3145 3792 3224 ἀνθρωπότητα,

425 3264 503 3306 ne
528 3244 610 3305 sis
627 3238 838 3322 pusillo
853 3236 1049 3296 animo
1068 3235 1227 3295 circa
1252 3234 1567 3313 praesentia
1599 3255 1612 3296 :
1649 3235 1759 3295 sed
1790 3248 2066 3316 exspecta

426 3335 663 3396 beatam
692 3329 852 3390 illam
887 3334 945 3386 et
979 3335 1323 3405 perpetuam
1358 3329 1559 3388 vitam.
1594 3324 1760 3387 Tunc
1796 3328 1954 3387 enim
1980 3328 2067 3387 vi-

429 3422 597 3485 debis
630 3426 1057 3499 paupertatem,
1090 3424 1148 3475 et
1180 3414 1590 3492 ignominiam,
1625 3424 1683 3476 et
1717 3414 2065 3478 deliciarum

430 3512 818 3593 privationem
846 3507 898 3566 ei
932 3503 1031 3584 qui
1056 3506 1253 3582 justus
1285 3513 1375 3565 est
1422 3503 1577 3565 bene
1605 3507 1846 3567 cedere.
1884 3508 1955 3568 Et
1993 3526 2069 3569 ne

428 3598 806 3664 conturberis
836 3613 994 3656 nunc
1029 3602 1271 3674 propter
1292 3612 1362 3654 ea
1409 3612 1541 3673 quae
1575 3604 1853 3674 putantur
1886 3596 2062 3671 bona,

426 3698 701 3770 tauquam
722 3686 936 3766 injuste
958 3684 1075 3744 sint
1097 3682 1304 3744 divisa.
1345 3684 1569 3744 Audies
1587 3684 1746 3744 enim
1769 3687 2066 3765 quomodo

426 3779 661 3840 dicetur
681 3773 1113 3853 divitiquidem
1150 3793 1163 3835 :
1196 3772 1502 3850 Recepisti
1536 3774 1687 3834 bona
1708 3784 1813 3836 tua
1848 3778 1907 3836 in
1937 3778 2067 3837 vita

426 3875 530 3932 tua
552 3868 603 3941 ες
628 3864 871 3948 pauperi
903 3881 1039 3923 vero
1063 3862 1219 3941 quod
1236 3862 1701 3940 acceperitmala
1718 3865 1773 3924 in
1802 3866 1917 3926 vita
1936 3884 2062 3926 sua.

423 3956 795 4036 Quapropter
821 3960 885 4013 ut
907 3953 1001 4012 hic
1029 3952 1167 4031 jure
1193 3968 1262 4011 ac
1293 3950 1503 4011 merito
1540 3952 1763 4030 reperit
1796 3956 2070 4016 consola-

421 4045 817 4116 lationem,ita
836 4041 938 4101 ille
960 4040 1168 4100 dolore
1183 4039 1694 4102 cruciaturNeas.
1713 4043 2050 4123 19.(Jonﬁte

427 4135 530 4197 bar
562 4134 697 4208 tibi,
729 4148 863 4193 cum
897 4131 1253 4206 bene/eceris
1292 4130 1369 4190 ei.
1404 4128 1686 4208 Loquitur
1720 4132 1793 4192 de
1826 4132 2069 4194 homine

424 4233 688 4303 terreno,
720 4232 778 4282 et
801 4220 901 4298 qui
936 4220 1092 4279 bona
1124 4236 1260 4280 esse
1285 4219 1586 4279 existimat
1610 4224 1766 4283 solas
1796 4223 1925 4284 vita:
1955 4224 2069 4284 hu-

418 4314 523 4393 jus
548 4310 1146 4393 prierogativas,spes,
1180 4314 1610 4386 sanitate'nque
1637 4320 1697 4371 et
1721 4314 2068 4391 potentiam.

422 4400 510 4463 De
529 4401 640 4462 hoc
664 4407 775 4459 isto
794 4398 1126 4475 dicit,quod
1154 4398 1278 4459 Deo
1298 4398 1703 4472 confitebitur,
1740 4421 1874 4462 cum
1898 4403 2074 4465 fuerit

422 4490 669 4551 affectus
699 4487 1038 4560 beneficiis;
1061 4486 1119 4545 in
1152 4485 1419 4547 adversis
1449 4500 1645 4550 autem
1677 4508 1915 4554 omnem
1942 4512 2072 4574 pro-
2092 4496 2374 4588 οθύνηται
2410 4510 2424 4526 ο

2152 3237 2241 3303 Μὴ
2272 3236 2599 3315 μικροψύχει
2651 3238 2737 3291 οὖν
2798 3236 2916 3313 περὶ
2966 3235 3031 3290 τά
3084 3236 3341 3313 παρόντα,
3376 3235 3515 3292 ἀλλὰ
3572 3236 3798 3313 ἀνέμενε

2150 3328 2247 3394 τὴν
2304 3328 2565 3403 μακαρίαν
2647 3325 2852 3391 ἐκείνην
2915 3327 3056 3396 ζωὴν
3106 3326 3192 3381 καὶ
3236 3325 3555 3406 ἀπέραντον.
3622 3327 3801 3403 ’Ὂψει

2151 3418 2249 3495 γὰρ
2274 3418 2418 3488 τότε,
2455 3416 2536 3471 ὅτι
2568 3417 2698 3493 πρὸς
2732 3415 2897 3471 καλοῦ
2929 3416 3127 3492 γίνεται
3176 3422 3252 3488 τῷ
3298 3413 3479 3487 δικαίῳ
3532 3418 3565 3483 ἡ
3616 3419 3793 3475 πενία.

2150 3509 2300 3575 καὶὴ
2363 3504 2562 3584 ἀδοξία,
2625 3507 2715 3561 καὶ
2777 3507 2804 3571 ἡ
2858 3507 3098 3582 στέρησις
3141 3508 3238 3572 τῆς
3296 3509 3519 3583 τρυφῆς.
3574 3507 3671 3562 Καὶ
3716 3507 3797 3579 μὴ

2150 3600 2423 3675 ταραχθῇς
2457 3602 2540 3651 νῦν
2587 3595 2672 3651 ἐπὶ
2719 3608 2836 3659 τοῖς
2866 3594 3232 3669 νομιζομένοις
3264 3594 3513 3671 ἀγαθοῖς,
3571 3596 3641 3658 ὼς
3675 3593 3797 3650 ἀδί-

2150 3707 2255 3750 κως
2311 3684 2697 3762 μεριζομένοις.
2762 3683 2994 3759 Ἀκούσῃ
3041 3684 3140 3760 γὰρ
3198 3691 3311 3748 πῶς
3355 3688 3430 3756 τῷ
3474 3684 3573 3759 μὲν
3625 3683 3801 3740 πλού.

2152 3778 2249 3847 σίῳ
2292 3775 2664 3855 λεχθήσεται·
2744 3770 3042 3836 Ἀπέλαϐες
3100 3774 3166 3829 τὰ
3234 3774 3407 3849 ἀγαθά
3464 3795 3559 3831 σου
3619 3773 3675 3828 ἐν
3733 3780 3803 3850 τῇ

2149 3872 2263 3941 ζωῇ
2317 3887 2409 3920 σου
2442 3880 2457 3894 ⁸
2518 3871 2594 3937 τῷ
2625 3861 2680 3918 δὲ
2724 3863 2939 3941 πένητι,
2971 3862 3051 3918 ὅτι
3096 3862 3293 3941 ἀπέχει
3342 3863 3407 3918 τὰ
3439 3865 3577 3919 κακά
3636 3863 3690 3920 ἐν
3734 3870 3802 3941 τῇ

2150 3958 2262 4031 ζωῇ
2308 3954 2489 4016 αὖτοῦ,
2544 3954 2738 4030 Διόπερ
2782 3952 3081 4015 ἀκολούθως
3133 3955 3161 4008 'o
3223 3953 3322 4026 μὲν
3379 3952 3797 4030 παρακαλεῖται.

2152 4048 2180 4101 ὁ
2239 4047 2293 4101 δὲ
2351 4043 2615 4103 ὁδονᾶται.
2703 4042 3189 4120 Ἐξομολογήσεταί
3249 4064 3357 4119 σοι,
3420 4044 3543 4099 ὃταν
3597 4044 3795 4121 ἀγαθύ-

2153 4156 2248 4211 νῃς
2297 4138 2438 4208 αὐτῷ
2486 4130 2636 4212 (Ξ3).
2676 4134 2797 4210 Περὶ
2840 4138 2932 4187 τοῦ
2971 4138 3169 4209 χοϊκοῦ
3202 4130 3480 4209 ἀνθρώπου
3509 4134 3599 4188 καὶ
3636 4134 3804 4211 ἀγαθὰ

2154 4227 2459 4300 νομίζοντος
2515 4223 2655 4278 εἶναι
2716 4223 2851 4297 μόνα
2895 4223 2961 4276 τὰ
3017 4224 3111 4277 τοῦ
3165 4222 3282 4296 βίου
3314 4224 3498 4278 τούτο.)
3531 4225 3798 4302 προτερήσ-

2155 4337 2322 4394 ματα,
2373 4313 2626 4391 πλοῦτον,
2700 4314 2787 4367 καὶ
2844 4313 3066 4390 ὑγίειαν,
3127 4313 3213 4366 καὶ
3290 4309 3620 4386 δυναστείαν,
3683 4313 3802 4391 περὶ

2154 4406 2338 4462 τούτου
2365 4404 2547 4483 φησὶν,
2601 4401 2680 4457 ὅτι
2740 4400 3186 4478 ἐξομολογήσεται
3217 4404 3293 4473 τῷ
3326 4402 3466 4475 Θεῷ,
3499 4399 3626 4458 ὅταν
3660 4402 3803 4479 ἀγα-

2512 4493 2564 4547 ἐν
2626 4489 2680 4546 δὲ
2748 4504 2868 4554 τοῖς
2927 4502 3319 4567 περιστατικοῖς
3373 4497 3547 4547 πᾶσαν
3614 4492 3804 4571 ἀφίησι

426 4580 576 4642 ferat
594 4576 1024 4655 blaSphemiam
1038 4574 1202 4638 .Nam
1218 4576 1426 4639 relicto
1454 4585 1935 4661 paupere,Deum
1949 4585 2062 4663 jam

2155 4584 2476 4663 δυσφημίαν,
2543 4580 2861 4640 Καταλιπὼν
2932 4581 3032 4658 γὰρ
3088 4580 3179 4635 τὸν
3244 4579 3473 4655 πένητα,
3522 4582 3654 4659 πρὸς
3713 4584 3807 4637 τὸν

424 4667 767 4748 alloquitur:
792 4666 855 4726 in
882 4666 1311 4743 redarguendis
1332 4666 1551 4730 divitiis
1570 4670 1884 4750 etiam;boc
1907 4675 2073 4735 adhi-

426 4758 602 4840 bens,
622 4756 781 4840 quod
805 4756 970 4819 dives
989 4756 1050 4816 in
1071 4756 1197 4819 sola
1210 4757 1514 4838 opulentia
1536 4759 1659 4822 Deo
1681 4770 1813 4840 agat
1829 4766 2065 4842 gratias,

503 4921 531 4964 ²
558 4924 705 4985 Luc.
740 4937 860 5002 xvi,
895 4920 994 4984 25.

513 5100 638 5181 (‘20)
661 5096 757 5161 Sic
788 5098 964 5177 Regii
996 5099 1247 5179 primus,
1273 5102 1592 5181 secundus,
1625 5108 1833 5171 tertius
1862 5118 2075 5173 etsex-

429 5188 694 5269 tus,_non
728 5197 899 5241 secus
952 5182 1399 5269 ac_Coll)_crt_ini
1460 5187 1692 5269 tertius,
1745 5193 1987 5269 quintus
2020 5200 2077 5251 et

428 5260 716 5337 septimus
741 5278 873 5320 cum
909 5259 1171 5323 editione
1196 5259 1933 5332 Basileensi.Editio‘vero
1968 5277 2077 5332 l‘a-

426 5340 535 5481 Sis.
571 5359 707 5399 cum
739 5339 909 5401 Colb.
948 5352 1112 5403 sexto
1154 5346 1274 5408 τοὺς
1324 5345 1400 5417 μὴ
1434 5346 1683 5424 ἔχοντας,
1716 5371 1832 5413 non
1867 5371 2077 5413 emen-

468 5429 583 5481 ate.

468 5429 583 5481 ate.

540 5502 634 5572 21)
665 5501 811 5577 Reg.
847 5500 1056 5561 tertius
1081 5502 1133 5556 ἐν
1160 5509 1228 5577 τῇ
1260 5509 1372 5576 ζωῇ
1406 5509 1583 5570 animo.
1856 5569 1865 5575 ,

538 5582 639 5663 22)
666 5580 767 5663 Sic
798 5581 1062 5657 quinque
1096 5598 1237 5643 mss.
1265 5580 1443 5644 Deest
1473 5590 1560 5643 καί
1594 5588 1649 5647 in
1686 5589 1884 5653 editis.

508 5660 628 5737 (:33)
660 5660 753 5721 Sic
783 5676 924 5719 mss.
961 5669 1091 5720 octo
1115 5678 1249 5721 cum
1303 5664 1565 5729 editione
1596 5671 1883 5731 Romana.
1918 5670 2073 5733 Editi

427 5757 566 5802 vero
587 5748 648 5801 et
695 5737 864 5801 Colb.
899 5748 1100 5800 sextus
1148 5742 1411 5819 ἀγαθύνης
1442 5750 1621 5809 αὐτόν.
1656 5751 1789 5811 Mox
1820 5750 2073 5815 Colber-

2155 4677 2283 4732 Θεὸν
2315 4672 2418 4741 ἤδη
2471 4685 2705 4728 ποιεῖται
2749 4672 2837 4726 τὸν
2893 4669 3054 4749 λόγον
3088 4685 3102 4699 ⁸
3159 4669 3211 4724 ἐν
3257 4673 3551 4749 κατηγορίᾳ
3599 4677 3666 4747 τῇ
3712 4678 3805 4727 τοῦ

2156 4766 2386 4824 πλούτου
2441 4762 2564 4841 (24)
2625 4758 3055 4838 παραλαμϐάνων
3108 4760 3195 4814 καὶ
3250 4761 3313 4815 τὸ
3358 4760 3412 4815 ἐν
3469 4765 3538 4836 τῇ
3589 4760 3805 4832 εὖθηνίᾳ

2159 5108 2267 5171 tini
2294 5114 2496 5170 sextus
2519 5110 2577 5167 et
2606 5100 2895 5183 septimus
2924 5118 3057 5163 cum
3087 5097 3232 5178 Reg.
3260 5099 3433 5161 tertio
3464 5097 3794 5173 ἐξομολογή-

2159 5213 2333 5260 σεται,

2245 5258 2367 5349 (~24)
2402 5266 2553 5327 Editi
2589 5282 2900 5349 cum_ms_s.
2946 5281 3065 5349 non
3100 5260 3381 5349 anCis‘év
3412 5258 3704 5349 κατηγορὲιῃ
3736 5258 3801 5349 τὰ

2160 5338 2530 5407 τοίπιίτώτου,
2582 5350 2658 5407 Al
2716 5343 2890 5405 COiSI.
2958 5346 3011 5399 ἐν
3071 5338 3357 5415 κατηγορίᾳ
3403 5342 3469 5414 τῇ
3500 5346 3592 5393 τοῦ
3627 5338 3802 5393 πλού-

2154 5454 2267 5491 του.
2306 5427 2701 5493 Combefisius
2728 5444 2795 5484 ex
2822 5423 3044 5485 Catena
3071 5422 3386 5498 legendum
3419 5425 3625 5479 censet
3654 5418 3806 5498 ἐντῇ

2157 5512 2451 5584 κατηίοτλίᾳ
2507 5516 2597 5562 τοῦ
2650 5506 2876 5585 πλούτῳ
2916 5522 2926 5561 ε
2962 5526 2991 5563 a
3047 5497 3562 5585 qti_a_conject_ura
3621 5497 3807 5561 codex

2159 5579 2338 5652 Cuisl.
2396 5579 2511 5648 non
2546 5587 2792 5645 multum
2828 5579 3081 5646 abludit:
3116 5580 3337 5644 Ibidem
3373 5579 3519 5641 editi
3553 5588 3611 5641 et
3660 5598 3804 5640 mss.

2159 5669 2431 5731 nonnulli
2464 5670 2549 5724 καὶ
2579 5667 2638 5722 τὸ
2684 5667 2734 5721 ἐν
2799 5672 2887 5742 τῇ.
2926 5665 3047 5726 Alli
3078 5664 3321 5745 quidam
3357 5680 3498 5723 mss.
3533 5662 3621 5719 καὶ
3648 5662 3802 5717 τοῦτο

2157 5753 2211 5807 ἓν
2242 5758 2333 5828 τῇ.
2360 5748 2503 5827 Reg.
2542 5754 2787 5827 quartus
2819 5746 2904 5801 καὶ
2948 5759 3100 5805 τοῦτο
3130 5745 3190 5799 τὸ
3220 5745 3274 5801 ἐν
