4106 6432
364 344 483 409 463

1721 354 1780 415 S.
1828 352 2106 417 BASILII
2150 355 2314 427 MAG
2324 349 2404 416 NI

3643 358 3777 423 464

366 499 435 541 ae
468 497 677 541 omnes
697 480 874 560 hujus
894 481 1112 560 psalmi
1138 484 1363 547 utilitas
1388 487 1713 565 perveniat.
1731 487 1840 560 Qui
1866 486 2016 547 enim

2112 486 2265 553 τέλος
2290 486 2344 543 δὲ
2375 487 2520 567 λέγει
2549 492 2611 546 τὸ
2643 490 2726 547 ἐπὶ
2776 489 3047 564 συντελείᾳ
3101 498 3208 548 τῶν
3265 492 3470 549 αἰώνων
3528 490 3777 564 ἐκϐήσε-

366 571 779 642 immutantur,
820 580 872 631 et
900 572 1001 651 qui
1028 575 1521 639 immutabuntur.
1554 577 1595 637 ii
1620 587 1757 637 sunt
1778 577 1878 658 qui
1902 597 1976 638 ne
1995 612 2009 623 -

362 678 477 739 que
510 660 784 719 eumdem
818 664 1085 739 corporis
1120 662 1385 726 habitum
1431 675 1693 739 servant,
1724 685 1918 746 neque
1948 667 2006 727 in

363 749 569 809 eadem
596 767 838 828 semper
852 750 1176 830 persistunt
1198 754 1520 817 sententia:
1546 756 1650 817 sed
1677 755 1777 834 qui
1803 766 2009 818 utcor-

364 858 506 920 pore
530 838 628 900 alii
655 839 1176 921 efﬁciunturjuxta
1199 853 1436 906 attalum
1459 844 2008 921 vicissitudines,ita

364 938 561 990 mente
583 947 687 1009 pro
711 946 955 990 casuum
988 932 1365 995 varietatibus
1403 943 1833 1014 permutantur.
1887 935 2006 999 Alii

364 1036 622 1096 namque
652 1036 856 1080 sumus
888 1028 1079 1103 pueri,
1103 1022 1202 1082 alii
1245 1024 1524 1103 puberes,
1590 1023 1688 1084 alii
1719 1024 1827 1084 viri
1883 1026 2003 1104 jam

361 1108 523 1188 facti,
558 1127 629 1168 ac
660 1120 1157 1172 consenescentes
1188 1113 1403 1175 iterum
1438 1113 1685 1174 omnino
1720 1115 2001 1175 immuta-

363 1201 595 1261 mur.Et
614 1197 713 1258 alti
738 1197 979 1278 quidem
999 1219 1205 1262 sumus
1232 1202 1291 1263 in
1314 1201 1540 1265 laitiore
1561 1222 1762 1264 rerum
1805 1212 1958 1265 statu
1990 1224 2002 1265 :

363 1289 463 1350 alii
498 1306 632 1348 vero
658 1305 726 1348 ex
756 1288 887 1349 aliis
947 1288 1263 1366 efﬁcimur,
1320 1292 1627 1373 asperiore
1675 1301 2007 1372 temporum

362 1397 501 1440 casu
531 1377 623 1439 usi
661 1394 674 1439 :
711 1376 808 1437 alii
842 1378 983 1439 dum
1017 1391 1401 1457 aegrotamus,
1428 1382 1527 1443 alii
1560 1384 1698 1443 dum
1727 1383 2005 1443 valemus:

363 1468 460 1530 alii
486 1468 543 1528 in
587 1467 831 1547 nuptiis,
877 1468 976 1529 alii
1007 1469 1069 1529 in
1100 1469 1282 1532 luctu.
1317 1472 1434 1532 Aut
1467 1474 1748 1548 quoniam
1784 1474 2007 1533 dictum

365 1577 484 1619 non
511 1566 621 1637 est,
644 1555 722 1616 Iis
745 1557 843 1637 qui
867 1557 1277 1635 immutantur,
1308 1562 1438 1635 sed,
1472 1562 1557 1623 Iis
1578 1563 1685 1640 qui
1724 1563 2014 1623 immuta-

363 1648 611 1719 buntur,
649 1665 873 1726 voxque
899 1648 1163 1726 speciem
1222 1651 1551 1730 prophetiae
1586 1670 1708 1730 prae
1765 1670 1829 1712 se
1884 1650 2013 1713 fert.

360 1736 519 1812 quod
556 1734 733 1796 futuri
768 1735 838 1794 sit
874 1739 1179 1815 temporis;
1215 1740 1673 1801 convenientius
1719 1739 1916 1813 fuerit,
1950 1747 2013 1799 ut

2098 578 2218 633 σθαι
2257 575 2476 651 μέλλον.
2518 580 2610 634 Διὸ
2632 580 2863 643 καὶτοῖς
2893 578 3412 654 ἀλλοιωθησομένοις
3462 582 3775 662 γεγράφθαι

2092 668 2218 745 φησῖ
2272 668 2361 722 τὸν
2426 666 2667 743 ψαλμόν,
2706 666 2873 725 ’Ἔστι
2937 667 2990 724 δὲ
3046 669 3376 735 ἁπαξαπλῶς
3410 672 3527 748 περὶ
3558 674 3778 735 παντὸς

2090 762 2181 831 τοῦ
2209 755 2392 834 γένους
2438 764 2544 813 τῶν
2578 758 2867 835 ἀνθρώπων
2899 764 3116 837 νοῆσαι,
3151 761 3225 825 ὡς
3284 762 3360 825 εἷς
3405 761 3623 825 πάντας
3674 765 3779 827 τῆς

2093 847 2326 912 ἀπὸτοῦ
2381 845 2607 921 ψαλμοῦ
2639 845 3011 914 διαϐαινοόσης
3069 847 3352 923 ὠφελείας.
3415 849 3783 926 Ἀλλοιούμε-

2092 956 2175 992 νοι
2209 936 2307 1013 γὰρ
2339 937 2434 992 παὶ
2459 934 2955 1010 ἆλλοιωθησόμενοι
2988 939 3036 992 οἱ
3077 938 3213 1013 μήτε
3266 939 3362 1005 τὴν
3417 946 3509 995 τοῦ
3570 939 3781 1014 σώμα-

2091 1044 2183 1085 τος
2216 1020 2318 1088 ἕξιν
2351 1023 2451 1091 τήν
2484 1024 2651 1092 αὗτῆν
2700 1023 3085 1105 διασώζοντες,
3150 1028 3287 1099 μήτε
3318 1026 3403 1084 ἐπὶ
3460 1032 3559 1095 τῆς
3624 1027 3783 1105 γνώ-

2090 1135 2199 1188 μης
2228 1113 2307 1168 ἀεὶ
2337 1115 2437 1179 τῆς
2463 1113 2627 1181 αὒτῆς
2660 1112 2979 1193 βεϐηκότες,
3034 1114 3173 1172 ἀλλὰ
3229 1118 3290 1172 τὸ
3322 1117 3421 1188 μὲν
3468 1123 3637 1192 σῶμα
3668 1139 3781 1173 κα-

2093 1202 2157 1257 τὰ
2188 1202 2283 1263 τὰς
2320 1209 2425 1257 τῶν
2462 1202 2685 1270 ἡλικιῶν
2742 1201 3044 1277 μεταϐολὰς
3087 1203 3488 1281 ἁλλοιούμενοι,
3549 1207 3661 1271 τὴν
3724 1204 3781 1262 δὲ

2094 1282 2329 1346 διάνοιαν
2370 1292 2503 1366 πρὸς
2549 1291 2647 1355 τὰς
2694 1290 2967 1355 ποικιλίας
3033 1295 3140 1348 τῶν
3192 1295 3612 1370 συμπτωμάτων
3666 1316 3778 1369 με·

2093 1379 2450 1460 τατιθέμενοι,
2487 1378 2693 1437 ’Ἄλλοι
2728 1380 2824 1455 μὲν
2856 1382 2957 1460 γὰρ
2990 1382 3149 1457 ἐσμεν
3178 1382 3393 1458 παῖδες,
3460 1385 3554 1441 καὶ
3617 1382 3781 1440 ἄλλοι

2096 1457 2310 1549 ἔφηϐοι,
2338 1471 2424 1525 καὶ
2448 1468 2795 1549 ἀνδρωθέντες
2821 1457 3142 1550 γάρἾέτεροι,
3176 1474 3265 1529 καὶ
3321 1457 3781 1551 ἀπογηράσαντες

2100 1555 2263 1613 πάλιν
2300 1558 2585 1624 παντελῶς
2617 1557 2977 1634 ἀλλοιούμεθα
3004 1558 3148 1639 (45).
3195 1563 3291 1620 Καὶ
3346 1560 3499 1620 ἄλλοι
3556 1563 3665 1637 μὲν
3728 1563 3784 1619 ἒν

2097 1659 2218 1709 ταῖς
2255 1645 2626 1726 φαιδροτέρους
2692 1648 2850 1723 ἐσμὲν
2926 1651 3283 1707 καταστάσεσι
3347 1651 3452 1708 τῶν
3508 1652 3786 1729 πραγμά-

2096 1757 2224 1797 των,
2262 1735 2419 1793 ἄλλοι
2455 1735 2511 1792 δὲ
2546 1735 2598 1803 ἐξ
2660 1737 2838 1794 ἄλλων
2897 1739 3151 1816 γινόμεθα
3209 1749 3513 1819 τραχυτέρᾳ
3581 1763 3788 1800 συντυ-

358 1824 760 1887 immutandos
790 1824 1199 1904 intelligamus
1255 1847 1381 1903 eos,
1420 1830 1551 1910 qui,
1601 1830 1807 1891 relicta
1869 1848 2011 1889 vana

2108 1845 2194 1902 (th
2248 1826 2448 1902 καιρῶν
2510 1826 2869 1906 κεχρημένου
2953 1825 3107 1885 ἄλλοι
3154 1836 3453 1909 νοσοῦντες,
3517 1830 3613 1885 καὶ
3675 1828 3782 1885 ἄλ-

358 1925 587 1996 patrum
622 1933 862 1977 suorum
888 1918 1340 1993 consuetudine,
1371 1939 1440 1979 ex
1474 1920 1775 1999 Evangelii
1824 1919 2008 1979 disci-

2108 1911 2190 1967 λοι
2251 1914 2630 1979 εὐπαθοῦντεςο
2688 1914 2840 1973 ἄλλοι
2890 1914 2943 1972 ἓν
3031 1918 3253 1993 γάμοις,
3330 1919 3419 1974 καὶ
3504 1916 3672 1976 ἄλλοι
3731 1918 3788 1974 ἓν

361 2005 522 2087 plina
544 2006 718 2065 vitam
740 2023 905 2065 suam
933 2015 1103 2067 erant
1125 2008 1688 2089 instituturi.Itaque
1712 2027 1831 2070 non
1865 2008 2016 2068 illius

2108 2004 2368 2065 πένθεσιν,
2422 2002 2509 2060 ’Ἥ
2564 2003 2648 2060 διά
2704 2006 2765 2061 τὸ
2828 2005 2905 2080 μὴ
2980 2007 3218 2084 εἰρῆσθαι
3274 2017 3402 2069 Τοῖς
3442 2006 3783 2083 ἀλλοιουμέ-

360 2093 788 2157 aetatisJudaais
821 2094 914 2155 hic
952 2096 1220 2174 psalmus
1251 2099 1511 2177 scriptus
1544 2108 1654 2171 est,
1691 2097 1797 2157 sed
1850 2096 2016 2158 nobis

2108 2112 2237 2170 νοις,
2290 2091 2448 2160 ἀλλὰ,
2483 2094 2612 2159 Τοῖς
2682 2093 3233 2170 ἀλλοιωθησομένοις,
3289 2099 3378 2153 καὶ
3432 2097 3530 2164 τὴν
3593 2099 3783 2176 φωνὴν

363 2183 879 2263 immutandis,qui
904 2184 1151 2246 deorum
1182 2186 2015 2266 multitudineminpietatem,

2108 2177 2314 2246 ἔνδειξιν
2359 2182 2507 2261 ἔχειν
2543 2184 2897 2263 προφητείας,
2934 2188 3010 2259 τῷ
3034 2187 3108 2249 εἰς
3130 2187 3192 2241 τὸ
3245 2185 3440 2260 μέλλον
3496 2186 3631 2267 (46)
3681 2190 3783 2243 ὲκ-

363 2294 431 2337 ac
456 2274 747 2335 idolorum
774 2291 1038 2335 errorem
1065 2275 1124 2336 in
1143 2276 1481 2339 Conditoris
1504 2277 1689 2338 nostri
1720 2276 2016 2355 cognitiu-

2108 2269 2369 2327 κεκλίσθα;
2398 2275 2487 2328 τὸν
2521 2274 2739 2352 χρόνον,
2774 2272 3188 2354 ἀκολουθότερον
3244 2274 3448 2331 ἐννοεῖν
3496 2277 3627 2340 τοὺς
3687 2275 3787 2333 ἀλ-

362 2383 499 2425 nem
520 2362 1009 2444 mutavimuszqui
1030 2383 1134 2444 pro
1159 2375 1534 2445 repugnante
1550 2366 1667 2443 legi
1688 2366 2015 2447 voluptate,

2108 2357 2564 2436 λοιωθησομένυυς
2596 2363 2719 2426 τοὺς
2747 2361 3076 2443 μέλλοντας,
3126 2368 3227 2432 τὴν
3272 2366 3403 2442 πρὸς
3435 2365 3501 2420 τὰ
3566 2366 3782 2441 μάταια

366 2454 836 2523 consentientem
871 2452 988 2529 legi
1019 2456 1477 2533 temperantiam
1534 2455 1831 2534 elegimus
1867 2472 1879 2516 :
1917 2456 2014 2535 qui

367 2564 471 2626 pro
497 2542 658 2604 tibiis
681 2550 739 2604 et
754 2542 952 2604 choris
972 2562 1041 2604 ac
1064 2542 1357 2605 ebrietate
1382 2545 1672 2622 psalmum
1684 2545 2022 2624 jejunium-

366 2653 483 2715 que
513 2642 570 2695 et
600 2633 1002 2713 precationem
1037 2632 1210 2693 nobis
1241 2633 1701 2695 vindicavimus.
1764 2633 2023 2696 Proinde

367 2724 467 2805 qui
498 2723 653 2785 hunc
681 2722 972 2802 psalmum
1004 2721 1221 2783 dixerit
1254 2722 1545 2803 scriptum
1580 2724 1751 2786 nobis
1801 2742 1954 2804 esse,
1989 2744 2023 2785 a

361 2814 620 2877 veritatis
643 2831 823 2893 scopo
848 2810 1005 2873 haud
1028 2809 1362 2875 aberrabit.
1389 2813 1528 2878 Ideo
1576 2822 1634 2875 et
1653 2822 1855 2875 nostra
1886 2824 2023 2875 sunt

360 2903 602 2967 oracula
632 2901 853 2979 divina,
890 2911 948 2963 et
979 2900 1052 2963 ab
1088 2902 1361 2965 Ecclesia
1387 2904 1518 2983 Dei,
1552 2910 1832 2985 tanquam
1867 2904 2023 2965 dona

360 2993 638 3056 divinitus
666 2991 868 3071 missa,
907 2991 964 3051 io
1001 2991 1251 3069 singulis
1276 2991 1679 3055 conventibus
1713 2992 2016 3075 leguntur,

358 3086 517 3153 velut
544 3082 893 3145 alimentum
926 3080 1221 3159 quoddam
1253 3082 1613 3163 animarum,
1645 3083 1803 3162 quod
1830 3084 2022 3163 aSpi-

2098 2454 2203 2506 τῶν
2265 2451 2504 2530 πατέρων
2562 2454 2842 2522 συνήθειαν
2891 2452 3018 2531 (47)
3096 2453 3349 2534 ἀφέντας,
3397 2459 3466 2530 τῇ
3519 2456 3667 2511 κατὰ
3717 2456 3778 2510 τὸ

2108 2538 2434 2617 Εὐαγγελιον
2497 2540 2739 2619 ἂκρικειᾳ
2825 2543 3116 2613 κανονίζειν
3188 2544 3286 2611 τὴν
3340 2541 3641 2604 πολιτείαν.
3705 2548 3777 2603 Οὖ

2106 2628 2278 2684 τοίνυν
2312 2642 2432 2695 τοῖς
2464 2631 2586 2686 τότε
2618 2629 2893 2695 Ἰουδαίοις
2930 2633 2956 2688 6
2988 2630 3205 2707 ψαλμὸς
3265 2632 3586 2711 γέγραπται,
3652 2631 3774 2689 ἀλλ’

2105 2718 2241 2791 ἡμῖν
2267 2732 2391 2780 τοῖς
2452 2719 2999 2796 ἐλλοιωθησομένοις,
3040 2735 3157 2785 τοῖς
3189 2722 3288 2790 τὴν
3343 2720 3645 2780 πολυθεῗαν
3701 2724 3774 2786 εἰς

2106 2805 2374 2865 εὐσέϐειαν
2465 2807 2818 2885 διαμείϐουσι,
2883 2810 2985 2878 τὴν
3048 2810 3168 2889 πέρὶ
3217 2812 3283 2867 τὰ
3361 2809 3569 2869 εἴδωλα
3614 2802 3776 2869 πλά-

2106 2920 2201 2963 νην
2253 2897 2384 2975 (48)
2435 2901 2505 2964 εἷς
2553 2904 2658 2956 τῶν
2717 2906 2809 2955 τοῦ
2864 2901 3190 2970 ποιήσαντος
3234 2900 3382 2977 ἡμᾶς
3456 2902 3770 2980 ἐπίγνωσιν.

2107 2998 2223 3046 τοῖς
2255 2987 2368 3042 ἀντὶ
2400 2986 2597 3057 ἡδονῆς
2655 2988 2958 3064 παρανόμου
3012 2989 3355 3070 σωφροσύνην
3389 2990 3611 3066 ἔννομον
3682 2994 3769 3047 αἱ-

2106 3075 2406 3152 ρυυμένοις·
2444 3077 2557 3134 ἀντὶ
2602 3076 2801 3155 αὐλῶν,
2834 3080 2920 3135 καὶ
2953 3084 3153 3158 χορῶν,
3215 3081 3303 3136 καὶ
3363 3082 3557 3156 μέθης,
3624 3079 3765 3156 ψαλ-

356 3172 474 3233 ritu
496 3171 1016 3233 suliministretur.
1058 3169 1174 3232 Sed
1218 3172 1316 3233 hic
1339 3172 1605 3252 psalmus
1631 3172 1892 3251 scriptus
1934 3180 2016 3233 est

2108 3166 2232 3239 μὸν,
2295 3168 2383 3222 καὶ
2442 3169 2718 3241 νηστείαν,
2772 3168 2859 3224 καὶ
2921 3169 3224 3247 προσευχὴν
3282 3168 3762 3245 μεταλμϐάνουσιν.

358 3269 421 3322 ut
452 3261 511 3321 in
544 3262 822 3322 columna
849 3258 1238 3341 inscribatnr;
1273 3261 1388 3321 hoc
1423 3269 1537 3341 est,
1574 3278 1694 3320 non
1719 3260 2019 3339 negligen-

360 3359 451 3410 ter
480 3357 538 3410 et
572 3348 971 3428 perfunctiore
1001 3350 1296 3423 audiatur;
1339 3366 1563 3430 neque,
1617 3351 2013 3429 quemadmo-

361 3438 502 3498 dum
535 3437 652 3497 cito
685 3437 960 3499 delentur
989 3458 1121 3521 qum
1151 3440 1210 3499 in
1246 3440 1495 3500 materia
1549 3456 1613 3500 se
1655 3441 1777 3500 l9i
1846 3439 2017 3499 facile

363 3534 780 3605 corrumpente
827 3526 1173 3589 scribuntur
1207 3546 1220 3591 :
1261 3528 1349 3590 sic
1382 3528 1442 3588 in
1471 3538 1567 3589 tuo
1592 3528 1788 3588 animo
1815 3528 2018 3591 isthzec

364 3615 436 3676 ad
472 3615 648 3677 breve
681 3624 912 3696 tempus
946 3618 1252 3677 memorias
1284 3617 1605 3696 insculpas,
1642 3617 1859 3679 deinde
1891 3618 2018 3698 ipsa

365 3704 647 3768 contundi
678 3724 746 3767 ac
770 3706 1101 3769 oblitterari
1126 3707 1311 3783 sinas;
1334 3707 1438 3768 sed
1477 3709 1537 3767 in
1565 3714 1665 3768 tua
1687 3708 1887 3767 anima
1909 3727 2019 3770 ceu

366 3795 427 3855 in
460 3795 737 3857 columna
769 3796 955 3858 incisa
987 3798 1134 3869 sint;
1176 3796 1236 3857 id
1271 3806 1380 3870 est,
1446 3796 1897 3858 imtnutahiliter
1952 3817 2021 3859 ac

368 3884 743 3966 ﬁrmiterper
772 3905 949 3949 omne
980 3886 1295 3966 tempusin
1349 3885 1639 3946 memoria
1690 3886 2018 3947 insideant.

2100 3260 2271 3329 Ἠμτν
2316 3256 2406 3312 οὖν
2439 3257 2734 3335 γεγράφθαι
2780 3258 2872 3312 τὸν
2906 3255 3123 3331 ψαλμὸν
3176 3257 3339 3315 εἰπών
3389 3281 3494 3339 τις,
3547 3264 3643 3317 οὐκ
3711 3256 3768 3312 ἂν

2100 3344 2329 3421 ἁμάρτοι
2361 3351 2461 3412 τῆς
2492 3344 2770 3413 ἀληθείας,
2808 3347 2900 3401 Διὸ
2932 3345 3060 3425 (49)
3093 3347 3181 3403 καὶ
3210 3348 3477 3426 ἡμτέτερά
3534 3350 3647 3405 ἐστι
3704 3349 3767 3401 τὰ

2098 3435 2218 3489 θεῖα
2274 3436 2457 3514 Λὸγια,
2517 3435 2609 3491 καὶ
2664 3441 2732 3511 τῇ
2789 3435 2882 3491 τοῦ
2947 3437 3080 3491 Θεοῦ
3137 3434 3457 3515 Ἐκκλησία,
3505 3439 3579 3499 ὡς
3638 3436 3760 3492 θεό-

2105 3546 2323 3598 πεμπτα
2407 3522 2570 3602 δῶρα.
2645 3523 2764 3581 καθ’
2823 3523 3047 3582 ἕκαστον
3102 3524 3362 3604 σύλλογον
3421 3524 3760 3605 ὑπαναγινώ-

2102 3635 2309 3689 σιιεται,
2365 3614 2481 3671 οἷόν
2513 3636 2592 3677 τις
2623 3616 2793 3695 τροφὴ
2855 3615 3049 3695 ψυχῶν
3119 3616 3501 3695 χορηγουμένη
3547 3614 3631 3672 διὰ
3672 3624 3764 3673 τοῦ

2102 3704 2431 3778 Ηνεύμιιτος,
2494 3703 2663 3760 Ἀλλὰ
2724 3707 2811 3761 καὶ
2870 3708 2947 3767 εἱς
3012 3703 3409 3783 στηλογραφίαν
3469 3706 3763 3783 γέγραπται

2103 3796 2131 3850 6
2189 3791 2426 3868 ψαλμὸς⁶
2491 3793 2759 3867 τουτέστι,
2814 3794 2890 3869 μὴ
2955 3794 3218 3873 πάρὲργος
3282 3793 3423 3851 ἕστω
3495 3800 3655 3854 αὐτοῦ
3733 3795 3767 3860 ἦ

2105 3882 2383 3959 ἀκρόασις
2436 3881 2598 3958 μηδὲ,
2646 3882 2828 3961 ὥσπερ
2859 3884 2928 3940 τὰ
2962 3882 3017 3937 ὲν
3070 3888 3137 3961 τῇ
3172 3886 3445 3963 εὖφθάρτῳ
3484 3884 3587 3961 ὕλῃ
3646 3907 3772 3962 γρά-

370 3975 545 4047 Quod
578 3976 626 4036 si
650 3994 757 4036 nos
782 3975 1351 4055 repuleritJudaaus,
1371 3974 1529 4037 velut
1551 3994 1585 4036 a
1616 3976 1858 4056 scriptis
1888 3976 2016 4036 alie-

2108 3972 2313 4051 φόμενα
2364 3974 2536 4050 ταχὺν
2588 3973 2719 4051 (50)
2769 3969 3031 4046 λαμϐάνει
3062 3974 3153 4028 τὸν
3226 3974 3555 4053 ἀφανισμὸν,
3596 3972 3762 4036 οὕτως

372 4082 500 4138 nos;
541 4084 644 4145 per
666 4066 791 4127 haec
823 4084 951 4146 qua:
981 4066 1201 4144 scripta
1230 4074 1391 4137 sunt,
1447 4064 1640 4146 ipsum
1697 4066 2016 4127 atﬁciamus

2109 4071 2163 4126 ἐν
2193 4066 2260 4136 τῇ
2295 4068 2517 4117 σεαυτοῦ
2546 4059 2745 4134 διανοίᾳ
2773 4064 2903 4139 πρὸς
2937 4060 3117 4138 ὀλίγον
3167 4061 3471 4142 ἐγχαράξας
3518 4069 3589 4138 τῇ
3623 4064 3768 4139 μνή-

376 4154 604 4235 pudore
641 4172 653 4214 :
689 4155 774 4215 sic
802 4166 870 4214 ut
916 4154 1300 4216 ostendamus
1352 4160 1592 4214 mixtam
1656 4155 2016 4215 vocationem

2112 4174 2212 4227 μη,
2270 4150 2394 4206 εἶτα
2453 4153 2823 4229 συγχωρήσης
2883 4151 3016 4207 αὐτὰ
3077 4155 3406 4231 συγχυθῆναι
3499 4152 3620 4231 (51)
3685 4151 3770 4207 καὶ

371 4263 503 4306 esse
536 4263 667 4324 quas
687 4244 967 4305 distantia
981 4244 1294 4322 colligit,et
1314 4262 1383 4304 ea
1420 4260 1552 4323 quae
1577 4246 1781 4324 procul
1811 4244 2016 4305 absunt

2111 4241 2482 4320 ἀφανισθῆναι⁹
2508 4237 2631 4295 υλλ¹
2681 4240 2778 4320 ἔχε
2809 4240 3285 4315 ἒνεστηλιτευμένα
3335 4263 3429 4299 σου
3458 4248 3527 4316 τῇ
3584 4247 3760 4321 ψυχῇ·

373 4344 680 4407 convocat,
707 4352 774 4394 ac
807 4351 913 4413 per
948 4333 1124 4394 ﬁdem
1159 4333 1217 4393 in
1252 4332 1551 4395 Christum
1595 4334 1779 4397 efﬁcit
1814 4335 2016 4395 multo:

2110 4329 2380 4386 τουτέστιν
2424 4327 2648 4395 ἀκίνητα
2708 4330 2802 4386 καὶ
2869 4330 3037 4408 πάγια
3089 4331 3161 4391 εἰς
3210 4330 3386 4385 πάντα
3430 4332 3521 4386 τὸν
3574 4329 3763 4412 χρόνον

376 4443 585 4485 unum.
612 4421 797 4487 VERs.
824 4422 876 4485 7.
896 4422 1067 4485 Meus
1089 4430 1196 4499 est,
1228 4423 1441 4504 inquit,
1487 4424 1745 4500 Galuad,
1771 4432 1831 4485 et
1869 4442 2016 4484 metu

2115 4418 2420 4497 ἐνιδρυμένα
2490 4425 2558 4495 τῇ
2600 4421 2820 4495 μνήμῃ.
2878 4418 3005 4476 Ἐαν
3069 4417 3124 4474 δὲ
3179 4423 3493 4497 παρωθῆται
3540 4423 3684 4497 ἡμᾶς
3742 4419 3768 4473 6

373 4510 1168 4591 estz’llanussesElEphraim
1190 4510 1311 4573 dixi
1331 4521 1439 4593 t,et
1456 4511 1485 4575 J
1495 4512 1668 4575 udam
1687 4511 2016 4593 assumpsit1

2115 4507 2371 4571 Ἰουδαῖος
2419 4511 2495 4572 ὡς
2545 4508 2857 4587 ἀλλοτρίους
2924 4515 3031 4564 τῶν
3086 4508 3497 4590 γεγραμμένων,
3549 4510 3611 4568 ἐκ
3665 4514 3769 4565 τῶν

375 4600 1231 4672 etannumeravitMoab.Quin
1261 4602 1392 4663 etin
1414 4600 1733 4664 Idumaaam
1750 4619 2016 4665 ascensu

2116 4598 2501 4678 γεγραμμένων
2592 4598 2749 4655 αὒτόν
2833 4595 3255 4673 δυσωπήσωμεν·
3329 4597 3612 4666 δηλοῦντες
3708 4598 3767 4653 τὸ

375 4709 510 4751 rum
532 4709 598 4752 se
620 4691 974 4763 minatur,ac
994 4690 1261 4753 omnium
1280 4692 1455 4752 simul
1478 4690 1912 4771 subjectionem
1933 4708 2016 4752 ani

2118 4690 2412 4763 σύμμικτον
2443 4692 2542 4754 τῆς
2573 4686 2843 4758 κλήσεως’
2885 4687 3032 4752 ὅπως
3087 4688 3153 4742 τὰ
3220 4686 3478 4746 διεστῶτα
3529 4687 3763 4764 συνάγει,

377 4780 608 4843 nuntiat
642 4801 656 4844 :
692 4782 875 4843 Vens.
911 4782 1007 4842 tO.
1051 4780 1209 4842 Mihi
1233 4782 1594 4861 alienigena
1616 4778 1845 4842 subditi
1863 4786 2016 4841 sunt.

2116 4779 2183 4835 τὰ
2211 4778 2419 4856 μακρὰν
2440 4776 2729 4858 συγκαλεῖ,
2758 4776 2850 4834 ἕνα
2899 4790 3050 4834 ποιεῖ
3080 4776 3201 4840 toi);
3252 4776 3485 4842 πολλοὺς
3535 4776 3617 4834 διὰ
3668 4780 3766 4840 τῆς

376 4874 450 4935 εἰς
508 4873 731 4950 Χριστὸν
789 4872 1018 4937 πίστεως
1084 4869 1238 4950 (52),
1304 4871 1467 4945 Ἐμός
1537 4869 1671 4945 ἐστι,
1738 4871 1891 4949 φησὶ,
1954 4867 2167 4926 Γαλαάδ
2204 4884 2219 4899 ’
2284 4865 2385 4923 καῖ’
2469 4866 2598 4943 ἐμός
2663 4867 2776 4923 ἐστι
2842 4870 3162 4933 Μανασσῆς.
3226 4868 3322 4925 Καὶ
3378 4869 3471 4923 τὸν
3528 4866 3765 4945 Ἐφραὶμ

457 5039 589 5119 (45)
620 5038 765 5121 Reg.
793 5040 1009 5103 tertius
1029 5040 1426 5121 ﬂictodpevm,

461 5039 589 5119 (45)
620 5038 765 5121 Reg.
793 5040 1009 5103 tertius
1029 5040 1426 5117 ἀλλοιούμενον..

461 5121 583 5199 (46)
608 5121 807 5183 Nostri
832 5121 1114 5184 undecim
1149 5138 1295 5182 mss.
1328 5119 1549 5181 habent
1583 5122 1655 5184 εἰς
1714 5122 1774 5176 τὸ
1807 5117 2016 5194 μέλλον

2114 5036 2321 5112 μένοις,
2357 5034 2631 5097 Secunda
2693 5034 2877 5099 editio
2899 5034 3090 5099 Paris.
3151 5034 3462 5113 ἡρημένοις.
3503 5035 3577 5096 At
3619 5046 3757 5091 mss.

2116 5116 2475 5199 αῖρφιθιέένξιις-
2995 5196 3033 5199 __
3239 5195 3274 5199 _
3360 5195 3391 5199 __
3472 5194 3480 5199 ,

2116 5116 2448 5195 αἱρουμένοις
2461 5164 2475 5178 .

378 5199 532 5263 Edili
568 5198 642 5265 εἷς
666 5204 755 5258 τὸν
789 5202 1082 5279 μέλλοντα,
1132 5200 1363 5263 Ibidem
1420 5209 1539 5262 tres
1594 5218 1737 5260 mss.
1795 5198 2034 5278 ἐγκεκλί-

379 5281 760 5364 οθαιτᾳδιᾶῑίῐῐι
793 5284 1056 5364 quinque
1084 5298 1225 5364 mss,
1264 5280 1672 5364 ᾁκολουθότερον
1702 5292 1869 5341 νοεῖν,

467 5360 589 5441 (473
632 5364 716 5424 Ita
746 5359 900 5427 Oliv.
937 5359 994 5423 et
1026 5361 1293 5425 Combet‘.
1332 5379 1465 5421 cum
1497 5360 1627 5422 aliis
1652 5378 1753 5423 sex
1780 5378 1917 5421 mss.
1949 5359 2026 5419 At

382 5441 525 5505 editi
551 5451 609 5503 et
634 5445 786 5521 Reg.
817 5453 1017 5505 sextus
1047 5450 1153 5498 τῶν
1185 5442 1441 5520 ὰθρώπων
1466 5441 1761 5508 συνήθειαν,

458 5522 586 5601 (48)
608 5523 934 5586 Colbertini
956 5521 1183 5602 primus
1201 5529 1259 5582 et
1285 5531 1487 5581 sextus
1505 5540 1633 5602 eam
1663 5523 2031 5601 Regquarto

382 5606 476 5672 τήν
508 5606 625 5679 περὶ
653 5607 718 5660 τὰ
744 5604 942 5661 εἴδωλα
963 5601 1180 5681 πτοίαν,
1209 5603 1449 5662 inanem
1472 5601 1764 5665 idolorum
1781 5608 2028 5664 metum.

385 5683 555 5763 Multi
574 5682 683 5763 alii
718 5701 859 5747 mss.
886 5702 1021 5746 cum
1048 5680 1223 5743 editis
1254 5683 1348 5750 τήν
1394 5685 1510 5763 περὶ
1540 5684 1605 5763 τὰ
1648 5682 1848 5763 εἴδωλα
1884 5680 2030 5739 πλά-

384 5788 504 5830 νην.
543 5762 663 5825 Nec
695 5766 773 5825 ita
804 5765 986 5827 multo
1022 5771 1152 5844 post
1181 5770 1381 5824 nostra
1411 5761 1588 5824 editio
1622 5761 1806 5825 Paris.
1872 5765 2033 5842 αἱρη-

2201 5187 2327 5274 (49)
2359 5197 2442 5257 Ita
2465 5212 2565 5257 sex
2593 5214 2730 5259 mss.
2776 5216 2912 5259 cum
2940 5196 3207 5259 editione
3239 5195 3415 5257 Basil.
3451 5194 3530 5256 At
3580 5187 3759 5251 editio

2120 5274 2308 5338 Paris.
2346 5275 2501 5339 διότι,

2192 5356 2309 5434 (5οι
2345 5356 2597 5438 Codices
2628 5357 2854 5437 aliquot
2882 5361 3048 5438 ταχύ,
3074 5357 3382 5419 celeriter.

2190 5440 2317 5516 (41)
2379 5436 2538 5501 Etliti
2568 5434 2891 5516 συγχέθῇναι
2926 5434 3001 5499 Αἱ
3047 5454 3194 5498 mss.
3229 5434 3765 5516 septemc-unﬁn-

2118 5509 2208 5575 ναί
2263 5509 2387 5579 Ηοο
2419 5518 2550 5599 ipso
2580 5509 2801 5581 in'loco
2833 5519 3018 5579 editio
3049 5517 3235 5579 Paris.
3270 5509 3767 5599 ἐνεετηλιτευμένα.

2118 5601 2194 5661 Αι
2257 5595 2472 5678 qnatoi'
2530 5616 2676 5663 mss.
2756 5599 3230 5674 ὲνεστηλιτευμένα
3267 5642 3282 5657 .
3338 5595 3507 5659 Colb.
3576 5598 3774 5654 sextus

2119 5677 2561 5753 EctnXttsupéva.

2199 5759 2320 5837 (52)
2351 5758 2679 5821 Colbertiui
2717 5758 2967 5842 primus,
2995 5765 3262 5839 quartus,
3296 5756 3770 5838 quintus,sextus
