4106 6420
323 387 446 452 465

1439 383 1771 448 HOMILIA
1813 381 1897 444 IN
1940 380 2308 443 PSALMUM
2353 382 2522 442 LIX.

323 519 474 597 εἶπε,
508 520 595 576 καὶ
636 519 728 574 τὸν
771 514 969 574 ’ῐούδαν
999 513 1362 596 προσελάϐετο
1397 533 1412 547 ⁶
1445 517 1532 572 καὶ
1564 515 1922 589 συνηρίθμησε
1973 522 2067 567 τον
2098 509 2288 575 Μωάϐ.
2327 515 2424 571 Καὶ
2453 519 2552 580 τῆς
2584 511 2886 588 Ἰδουμαίας
2916 511 3264 582 ἐπιϐήσεσθαι
3295 513 3511 571 ἀπειλεῖ
3548 531 3560 545 ⁸

3587 380 3706 444 466

3617 517 3704 572 καὶ

319 609 534 665 πάντων
564 610 697 682 ὁμοῦ
725 608 823 674 τὴν
846 607 1124 684 ὑποταγὴν
1151 605 1544 685 εὐαγγελίζεται
1572 624 1588 640 °
1625 603 1780 678 Ἐμοὶ
1812 599 2102 680 ἂλλόφυλοι
2128 603 2494 677 ὑπετάγησαν,

401 694 459 759 3.
521 696 582 754 Ὀ
637 697 767 760 Θεὸς
825 696 913 753 οὖν
972 695 1175 752 ἀπώσω
1223 698 1390 770 ἡμᾶς.
1440 696 1571 754 Τοὺς
1604 693 2024 772 μακρύνονταςΑ

321 785 535 850 ἑαυτοὺς
594 786 701 841 ἀπὸ
759 793 852 843 σοῦ
896 787 1031 841 κατὰ
1075 787 1172 853 τὴν
1233 784 1516 862 ἀναλογίαν
1558 786 1664 840 τῶν
1713 785 1962 860 ἁμαρτη-

320 876 501 950 μάτων
551 875 776 934 ὰπώσω.
829 877 905 936 Τὰ
976 877 1288 950 συστήματα
1347 875 1444 942 τῆς
1507 875 1764 951 πονηρίας
1805 874 1963 947 ἡμῶν

319 963 588 1044 καθεῖλες,
653 966 962 1043 [εὐεργετῶν
1004 967 1148 1039 ἡμᾶς
1193 964 1276 1020 διὰ
1319 970 1418 1030 τῆς
1465 963 1782 1040 ἀσθενείας.]
1833 964 1964 1040 Ὠρ-

318 1056 527 1132 γίσθης,
562 1054 650 1111 ὅτε
679 1055 815 1130 ἦμεν
848 1055 998 1135 φύσει
1030 1054 1188 1110 τέκνα
1222 1055 1415 1133 ὀργῆς,
1442 1051 1628 1110 ἐλπίδα
1671 1058 1750 1128 μὴ
1798 1053 1966 1132 ἕλον-

318 1166 431 1224 τες,
484 1147 573 1200 καὶ
607 1144 748 1202 ἄθεοι
809 1144 862 1201 ὲν
900 1151 978 1216 τῷ
1022 1145 1234 1218 κόσμῳ,
1269 1142 1620 1224 ’ῼκτείρησας
1651 1145 1819 1217 ἡμᾶς,
1878 1141 1966 1198 ὅτε

320 1235 408 1292 τὸν
465 1235 739 1314 Μονογενῆ
820 1255 915 1290 σου
988 1234 1208 1309 προέθου
1296 1231 1606 1311 ἱλαστήριον
1675 1234 1806 1310 ὑπὲρ
1861 1235 1966 1289 τῶν

320 1323 593 1400 ἁμαρτιῶν
634 1325 812 1399 ἡμῶν,
858 1323 952 1380 ’ίνα
997 1323 1049 1379 ἐν
1096 1331 1170 1397 τῷ
1202 1322 1394 1399 αἵματι
1425 1323 1584 1378 αὐτοῦ
1628 1324 1726 1390 τὴν
1757 1321 1966 1379 ἀπολύ-

319 1435 514 1494 τρωσιν
567 1412 828 1493 εὕρωμεν.
884 1412 972 1474 ’⁹Α
1029 1413 1125 1470 οὒκ
1170 1413 1232 1469 ἂν
1259 1413 1620 1492 ἐγνωρίσαμεν
1653 1414 1961 1492 εὐεργετούο

320 1525 496 1577 μενοι,
557 1505 600 1559 εἰ
680 1505 758 1578 μὴ
855 1501 1106 1566 ὲπότισας
1163 1505 1308 1577 ἡμᾶς
1369 1502 1535 1558 Οἶνον
1604 1501 1961 1566 κατανύξεως.

319 1593 484 1650 Οἶνον
534 1591 680 1671 λέγει
709 1595 802 1648 τὸν
830 1591 990 1669 λόγον
1048 1599 1140 1649 τὸν
1189 1593 1286 1660 τὴν
1317 1591 1724 1670 πεπωρωμένην
1755 1590 1966 1668 καρδιαν

328 1685 402 1746 εἷς
473 1683 810 1748 συναίσθησιν
890 1681 1113 1759 ὁίγοντα.
1217 1681 1477 1746 ’Ἕδωκας
1561 1695 1679 1746 τοῖς
1766 1678 1964 1761 ροϐου-

316 1772 494 1847 μένοις
551 1793 609 1828 σε
679 1773 999 1846 σημείωσιν,
1073 1779 1168 1829 τοῦ
1240 1785 1429 1851 φυγεῖν
1502 1771 1608 1827 ἀπὸ
1679 1771 1967 1849 προσώπου

315 1859 489 1925 τόξου.
580 1862 808 1927 Μωΰσῆς
894 1861 993 1936 μὲν
1075 1862 1172 1925 τὰς
1251 1861 1408 1941 φλιὰς
1493 1868 1601 1917 τῶν
1685 1858 1963 1937 Ἰσραηλιο

315 1956 420 2006 τῶν
480 1949 602 2027 (53)
662 1955 739 2023 τῷ
795 1949 987 2006 ατῗματι
1037 1950 1131 2008 τοῦ
1191 1948 1459 2027 προϐάτου
1517 1951 1959 2023 κατεσημήνατο·

2135 693 2192 750 3.
2220 691 2374 753 Deus
2397 692 2573 770 igitur
2588 691 2863 770 repulistt
2889 709 3014 753 nos.
3054 693 3171 754 Eos
3201 693 3301 772 qui
3347 691 3700 769 semetipsos

2053 787 2174 839 ate
2205 781 2500 860 elongant,
2539 800 2647 860 pro
2709 784 2940 843 ratione
2991 782 3340 842 delictorum
3401 781 3697 860 repulisti.

2053 869 2408 930 Destruxisti
2425 870 2754 950 iniquitatis
2771 881 2986 932 nostra;
2999 871 3434 948 congeriem,ob
3452 871 3701 930 intirnii-

2056 969 2230 1022 tatem
2274 962 2449 1024 nobis
2501 963 2907 1027 benefaciens.
2945 963 3135 1024 Iratus
3189 985 3278 1034 es,
3312 981 3444 1026 cum
3491 973 3702 1024 natura

2053 1069 2322 1112 essemus
2346 1053 2444 1113 ira:
2467 1053 2573 1113 filii
2595 1052 2844 1132 4°,spem
2872 1073 2988 1114 non
3013 1054 3388 1132 habentes,et
3421 1073 3492 1112 ue
3515 1055 3699 1115 Deum

2052 1139 2293 1219 quidem
2321 1141 2380 1202 in
2406 1142 2628 1203 mundo
2656 1151 3047 1221 agnoscentes
3068 1143 3501 1204 “.Misertuses
3516 1142 3702 1202 nostri

2052 1238 2200 1303 tum,
2233 1249 2367 1290 cum
2420 1232 2805 1311 Unigenitum
2862 1243 3024 1294 tuum
3054 1249 3159 1312 pro
3194 1233 3411 1292 nostris
3445 1232 3701 1310 peccatis

2051 1319 2536 1399 propitiationem
2566 1323 3014 1403 proposuisti,ut
3040 1323 3099 1382 in
3134 1322 3263 1402 ejus
3294 1321 3578 1399 sanguine
3602 1321 3700 1380 in-

2050 1408 2390 1470 veniremus
2405 1411 2885 1492 redemptionem
2899 1412 3065 1484 .Quaa
3077 1416 3281 1490 utique
3294 1429 3414 1470 non
3428 1409 3700 1488 agnovis-

2048 1515 2252 1559 semus
2283 1499 2578 1562 beneﬁcio
2638 1509 2738 1562 tuo
2799 1501 2973 1562 nobis
3029 1499 3368 1576 contigisse,
3418 1498 3532 1559 nisi
3594 1515 3702 1558 nos

2044 1588 2260 1666 (VI-sus.
2289 1590 2347 1668 5)
2391 1591 2532 1651 Vino
2556 1590 3039 1670 compunctzonis
3063 1589 3575 1668 potasses.Vinum
3603 1605 3704 1648 au-

2055 1684 2171 1737 tem
2209 1677 2468 1757 appellat
2517 1697 2886 1758 sermonem,
2917 1699 3032 1759 quo
3085 1678 3442 1740 obduratum
3493 1696 3597 1738 cor
3627 1676 3700 1737 ad

2051 1781 2292 1825 sensum
2315 1765 2850 1829 deducituI-.VEus.
2875 1767 2934 1830 6.
2967 1767 3192 1830 Dedisti
3213 1763 3612 1826 metuentibus
3644 1770 3700 1824 te

2047 1854 2640 1933 signiﬁcationem,ut
2652 1859 2946 1934 fugianta
2960 1857 3117 1934 facie
3131 1851 3701 1933 arcusliloysesqui-

2048 1940 2186 2004 dem
2222 1941 2624 2005 lsraelitarum
2661 1955 2857 2024 postes
2888 1945 3060 2006 ovillo
3090 1943 3379 2021 sanguiue
3415 1941 3697 2019 obsigna-

315 2041 378 2096 σὺ
427 2037 482 2096 δὲ
553 2037 755 2103 ἔδωκας
827 2042 963 2114 ἡμῖν
1021 2041 1337 2114 σημείωσιν,
1399 2042 1525 2095 αὑτὸ
1570 2041 1630 2095 τὸ
1687 2039 1828 2114 αἷμα
1873 2037 1960 2093 τοῦ

2050 2030 2237 2104 vit”;
2275 2041 2333 2093 tu
2367 2051 2502 2094 vero
2527 2035 2701 2094 nobis
2745 2033 2960 2094 dedisti
3007 2033 3530 2113 signiﬁcationem,
3557 2049 3696 2091 san-

314 2128 544 2204 ἆμώμου
603 2129 772 2197 ἀμνοῦ
831 2137 925 2186 τοῦ
970 2129 1383 2210 σιραγιασθέντος
1448 2129 1582 2206 ἁπὲρ
1627 2131 1725 2196 τῆς
1784 2127 1960 2203 ἆμαρ-

2050 2122 2290 2198 guinem
2325 2122 2519 2202 ipsum
2553 2124 2996 2184 incontaminati
3030 2125 3188 2202 agni,
3215 2122 3320 2202 qui
3353 2139 3458 2202 pro
3489 2119 3698 2182 mundi

314 2220 429 2282 τίας
485 2219 579 2273 τοῦ
634 2219 863 2291 κόσμου.
955 2219 1050 2275 Καὶ
1133 2217 1396 2289 Ἰεζεκιὴλ
1476 2219 1562 2275 ἐπὶ
1619 2219 1685 2274 τὰ
1741 2217 1965 2291 μέτωπα

315 2314 422 2363 τῶν
481 2308 784 2384 προσώπων
828 2304 1056 2362 δίδοσθαι
1116 2305 1263 2384 λέγει
1321 2308 1381 2362 τὸ
1438 2320 1696 2380 σημεῖον.
1732 2307 1964 2384 Πορεύε-

317 2399 406 2452 σθε
466 2397 589 2473 γὰρ,
667 2397 856 2475 φησὶν,
918 2395 1089 2451 ὀπίσω
1161 2396 1344 2468 αὐτοῦ,
1403 2397 1491 2452 καὶ
1534 2395 1762 2452 κόπτετε
1794 2411 1807 2425 °
1887 2395 1963 2470 μὴ

315 2487 566 2566 φείσησθε
631 2483 804 2565 (54)·
871 2483 1010 2560 μηδὲ
1067 2484 1352 2554 ἐλεήσητε,
1434 2483 1814 2563 Πρεσϐύτερον,
1876 2485 1964 2540 καὶ

313 2576 607 2654 νεανίσκον,
657 2575 747 2632 καὶ
816 2572 1040 2649 νήπιον,
1107 2576 1197 2631 καὶ
1261 2573 1542 2653 παρθένον,
1621 2575 1708 2630 καὶ
1766 2584 1961 2651 γυναῖ-

312 2686 408 2730 κας
464 2664 812 2722 ἀποκτείνατε
902 2666 974 2727 εἰς
1047 2663 1316 2740 ἐξαλειψιν
1352 2685 1366 2699 ·
1456 2663 1544 2720 ἐπὶ
1619 2662 1674 2719 δὲ
1731 2665 1956 2742 πάντας,

311 2753 394 2832 ἐφ’
442 2753 528 2814 οὒς
601 2753 711 2810 ἐστι
769 2754 830 2809 τὸ
909 2766 1164 2830 σημεῖον,
1234 2754 1311 2828 μη
1367 2753 1640 2832 ἐγγίσητε.
1702 2750 1760 2811 Ὀ
1831 2755 1958 2814 Θεὸς

2048 2211 2656 2289 peccatoimmolatus
2698 2221 2808 2276 est.
2850 2211 2917 2274 Et
2957 2211 3228 2274 Ezechiei
3262 2214 3319 2275 in
3355 2213 3578 2273 frontes
3607 2210 3696 2270 fa-

2047 2297 2275 2360 cierum
2300 2299 2534 2376 signum
2553 2301 2753 2362 datum
2769 2299 3141 2364 essedicit“:
3162 2305 3211 2364 A
3225 2301 3491 2364 mbulate
3509 2301 3695 2373 enim,

2050 2385 2262 2466 inquit.
2285 2397 2424 2467 post
2450 2390 2842 2469 ipsum,ctpei
2861 2393 3156 2464 cutite,ne
3177 2391 3699 2472 peperceritis,ne-

2048 2493 2164 2556 que
2181 2477 2616 2540 misereamini.
2648 2481 2991 2554 Seniorem,
3020 2489 3078 2542 et
3084 2483 3463 2560 juvenem,et
3494 2479 3702 2558 infan-

2049 2573 2260 2645 tem,et
2275 2568 2658 2646 virginem,“
2682 2568 2967 2631 mulieres
2990 2571 3312 2648 interﬁcite
3334 2571 3415 2630 ad
3439 2574 3700 2631 interne-

2045 2656 2386 2718 cionemzad
2407 2674 2612 2717 omnes
2627 2660 2880 2737 vero,in
2899 2658 3117 2738 quibus
3131 2667 3217 2721 est
3232 2659 3580 2737 signumme
3593 2676 3693 2738 ap-

2041 2745 2490 2824 propinquatis.
2526 2743 2709 2808 Vsus.
2746 2746 2803 2807 8.
2832 2746 2988 2808 Deus
3015 2749 3256 2808 locutus
3285 2748 3461 2808 estin
3489 2753 3699 2809 sancto

2043 2851 2176 2907 suo,
2191 2832 2830 2914 Lmtabor.etpartibor
2842 2835 3378 2899 Sicimam.Sicima
3399 2836 3700 2915 peculiare

311 2929 568 3010 διαμεριῶ
613 2931 810 3007 Σίκιμα
851 2930 1003 3012 (55).
1054 2940 1250 3006 Σίκιμα
1307 2934 1367 2988 τὸ
1410 2930 1672 3011 ἑξαίρετον
1733 2933 1957 3010 χωρίον,

2050 2923 2629 3004 ρτωάἱυιημῐοεθρὺο
2648 2944 2680 2986 a
2698 2927 2918 2989 Jacobo
2945 2926 3416 3004 datum”,ﬁgura
3442 2943 3511 2986 ac
3531 2935 3699 3006 typus

310 3028 386 3092 τῷ
425 3019 625 3101 Ἰωσὴφ
693 3023 835 3100 παρὰ
889 3029 979 3078 τοῦ
1044 3021 1236 3080 Ἰἆκὼϐ
1292 3019 1596 3096 δεδομένον,
1652 3022 1815 3082 τύπος
1866 3027 1960 3087 τῆς

2050 3023 2137 3075 est
2161 3013 2689 3093 testamentiquod
2715 3016 2916 3076 Israeli
2939 3017 3050 3077 soli
3072 3015 3350 3077 traditum
3374 3032 3505 3075 esse
3522 3014 3693 3076 vide-

311 3109 566 3178 διαθήκης
612 3115 711 3179 τῆς
745 3112 892 3186 μύνῳ
923 3110 1184 3178 δοκούσης
1230 3119 1307 3187 τῷ
1351 3111 1566 3190 Ἰσραὴλ
1611 3109 1935 3190 δεδωρῆσθαι

2051 3111 2162 3163 tur.
2205 3104 2408 3182 Itaque
2428 3104 2730 3184 peculiare
2757 3105 2897 3167 illud
2922 3112 3338 3166 testamentum
3368 3104 3693 3167 haeredita-

313 3202 421 3266 Τὴν
477 3203 646 3260 τοίνυν
707 3200 967 3279 ἐξαίρετον
1014 3199 1277 3271 διαθήκην
1317 3203 1404 3257 καὶ
1461 3200 1822 3279 κληρονομίαν
1875 3211 1960 3260 τοῦ

2051 3200 2292 3272 temque
2345 3194 2550 3274 populi
2610 3194 2899 3257 adducam
2956 3195 3018 3257 in
3050 3195 3428 3268 divisionem,
3463 3211 3533 3256 ac
3559 3212 3694 3258 cum

313 3288 445 3345 λαοῦ
493 3291 688 3357 ταύτην
744 3293 817 3354 είς
880 3293 1146 3368 μερισμὸν
1201 3289 1333 3367 ἄξω,
1380 3292 1468 3346 καὶ
1511 3292 1695 3358 κοινὴν
1751 3289 1960 3356 ποιήσω

2050 3283 2282 3343 caneris
2313 3283 2792 3348 communicabo.
2838 3287 3152 3366 Postquam
3189 3303 3328 3364 ergo
3365 3296 3695 3347 testamen-

313 3380 445 3454 πρὸς
477 3380 598 3444 τοὺς
636 3381 883 3444 λοιπούς.
927 3382 1367 3458 Διαμερισθείσης
1413 3382 1500 3436 οὖν
1546 3385 1644 3446 τῆς
1703 3378 1960 3448 διαθήκης

2050 3379 2171 3430 tum
2231 3371 2389 3432 inter
2447 3391 2659 3434 omnes
2717 3375 3107 3438 distributum
3169 3375 3370 3448 fuerit,
3418 3384 3477 3436 et
3534 3374 3697 3437 illius

312 3471 384 3532 εἰς
417 3469 646 3548 πάντας,
676 3471 764 3526 καὶ
818 3477 912 3526 τοῦ
956 3468 1048 3525 ἀπ’
1080 3469 1246 3537 ἁύτῆς
1291 3468 1561 3548 ὠφελίμου
1613 3467 1792 3525 κοινοῦ
1853 3475 1960 3524 πᾶ-

2050 3458 2273 3520 utilitas
2304 3460 2584 3522 omnibus
2626 3462 2920 3525 beneﬁcio
2979 3484 3012 3525 a
3072 3464 3193 3524 Deo
3251 3463 3478 3525 affectis
3539 3465 3696 3525 facta

312 3579 365 3614 σι
420 3571 541 3622 τοῖς
602 3559 1065 3636 εὖεργετουμένοις
1110 3560 1254 3639 παρὰ
1312 3566 1444 3615 Θεοῦ
1489 3557 1794 3636 γινομένου,
1841 3558 1960 3612 τότε

2050 3548 2224 3609 fuerit
2256 3551 2610 3617 communis.
2650 3560 2787 3612 tunc
2818 3554 2996 3623 etiam
3034 3553 3321 3614 convallis
3348 3551 3692 3614 tabernacu-

313 3650 402 3705 καὶ
458 3649 494 3716 ἡ
543 3648 726 3714 κοιλὰς
782 3649 888 3705 τῶν
950 3655 1162 3716 σκηνῶν
1193 3637 1742 3724 Ἵδιαμετρηθήσεταμ
1803 3669 1960 3705 τουτ-

2050 3637 2238 3698 lorum
2276 3639 2598 3700 metietur:
2651 3641 2764 3702 hoc
2815 3651 2924 3717 est,
2961 3651 3116 3703 totus
3174 3651 3469 3704 terrarum
3531 3643 3694 3702 orbis

313 3737 481 3810 ἐστιν,
540 3739 574 3805 ἡ
635 3737 920 3812 οἰκουμένη
981 3744 1150 3810 πᾶσα,
1196 3739 1352 3796 οἷονεῖ
1406 3737 1625 3814 κλήροις
1681 3737 1810 3816 τισί,
1843 3749 1960 3800 ταῖς

2050 3726 2400 3789 habitaculis
2430 3747 2535 3808 per
2566 3731 2795 3809 singula
2828 3732 2958 3792 loca
2985 3732 3149 3812 quasi
3183 3731 3535 3812 quibusdam
3570 3747 3695 3790 sor-

311 3825 430 3883 καθ’
486 3825 709 3884 ἕκαστον
768 3828 933 3885 τόπον
998 3827 1305 3902 παροικίαις
1364 3825 1777 3904 διαιρεθήσεται.
1829 3827 1960 3883 Τότε

2050 3816 2204 3877 tibus
2235 3817 2554 3880 dividetur.
2591 3819 2761 3882 Tunc
2789 3821 3030 3883 demum
3063 3820 3341 3882 distantia
3371 3820 3694 3898 conjunget

311 3917 399 3972 καὶ
454 3918 520 3971 τὰ
573 3914 834 3973 διεστῶτα
891 3916 1138 3997 συνέψει,
1201 3917 1259 3974 Ὀ
1319 3916 1668 3995 εἰρηνοποιῶν
1724 3915 1839 3970 εἴτε
1898 3915 1960 3970 τὰ

2050 3907 2118 3978 is,
2147 3905 2278 3997 Qui
2309 3909 2589 3986 paciﬁcat
2618 3912 2747 3972 sive
2771 3929 2903 3990 quae
2933 3912 2997 3973 in
3032 3913 3236 3983 terris,
3267 3912 3396 3972 sive
3444 3927 3576 3989 quae
3627 3910 3694 3970 in

312 4003 397 4060 ἐπὶ
449 4011 552 4072 τῆς
623 4011 754 4085 γῆς,
805 4007 918 4063 εἴτε
969 4009 1035 4064 τὰ
1103 3995 1157 4062 ἐν
1210 4007 1331 4070 τοῖς
1393 4007 1637 4084 οὒρανοϊς
1673 4020 1685 4034 ⁸
1757 4005 1853 4061 Καὶ
1901 4004 1960 4059 τὸ

2050 3995 2211 4058 caelis
2240 4005 2377 4059 sunt
2407 3997 2496 4061 ‘5:
2533 3998 2614 4060 Et
2646 4002 2912 4061 medium
2944 4002 3238 4080 parietem
3267 4003 3547 4062 maceriae
3576 3999 3692 4060 sot-

311 2841 572 2908 ἒλάλησεν
645 2842 699 2898 ἐν
757 2848 834 2915 τῷ
883 2843 1018 2919 ἁγίῳ
1083 2843 1265 2916 αὐτού,
1348 2841 1806 2922 Ἀγαλλιάσομαι,
1873 2843 1960 2898 καὶ

314 4094 638 4171 μεσότοιχον
691 4101 785 4150 τοὺ
843 4108 1085 4175 φραγμοῦ
1131 4095 1257 4177 (56)
1331 4095 1516 4169 λύσας,
1578 4097 1643 4150 τὰ
1689 4094 1962 4172 ἀμφότερα

314 4179 528 4246 ποιήσει
560 4180 638 4239 ἕν.

392 4271 455 4329 4.
510 4268 676 4344 Ἐμός
735 4273 845 4326 ἔστι
926 4270 1159 4345 Γαλαάδ,
1221 4275 1309 4329 καὶ
1379 4273 1507 4346 ἐμός
1567 4273 1678 4330 ἐστι
1740 4279 1960 4328 Μανασ-

309 4357 434 4427 σῆς.
497 4357 783 4436 ’Ἔγγονος
856 4367 948 4415 τοῦ
1008 4361 1264 4427 Μανασσῆ
1322 4361 1622 4419 ὀΓαλαᾶδ³
1686 4361 1780 4416 ’ίνα
1818 4357 1958 4435 δείξῃ

309 4448 406 4516 τὴν
463 4453 570 4504 τῶν
616 4455 965 4528 πατριαρχῶν
1023 4446 1334 4505 ἀκολουθίαν
1392 4451 1536 4527 παρὰ
1596 4452 1728 4505 θεοῦ
1784 4450 1958 4517 καθή-

307 4559 531 4616 κουσαν,
593 4537 645 4602 ἐξ
673 4539 747 4593 ὧν
779 4540 806 4594 ὁ
848 4539 1069 4616 Χριστὸς
1099 4539 1158 4593 τὸ
1189 4539 1323 4596 κατὰ
1357 4539 1546 4615 σάρκα,
1585 4540 1682 4595 Καὶ
1719 4535 1957 4615 Ἐφραῖμ

310 4625 594 4702 ἀντίληψις
681 4626 781 4695 τῆς
871 4625 1112 4708 κεφαλῆς
1211 4649 1313 4700 μου
1345 4643 1358 4654 ⁸
1438 4624 1632 4692 Ἰούδας
1707 4625 1954 4702 βασιλεύς

309 4737 434 4791 μου,
481 4717 557 4773 Τὰ
604 4715 970 4795 ἀποῤῥλίγὲντα
1029 4715 1167 4796 μέρη
1233 4716 1484 4772 συνάπτει
1537 4714 1622 4771 διὰ
1663 4719 1762 4781 τῆς
1823 4717 1958 4789 ὁμο-

392 4849 452 4902 ¹ο
480 4849 700 4931 Ephes.
737 4867 800 4925 II,
835 4850 895 4913 3.
987 4851 1036 4902 Η
1069 4850 1220 4916 ibid.
1258 4851 1354 4914 12.
1443 4851 1496 4894 ίε
1528 4849 1715 4913 Exod.
1742 4866 1847 4924 xu,
1882 4851 1943 4911 '7.

311 4948 352 5007 ι,
389 4931 486 4994 20.
532 4929 548 4931 “
582 4929 639 4981 ιϐ
668 4931 892 5012 Ephes.
928 4948 990 5006 II,
1026 4933 1124 4994 14.

309 5073 369 5129 et
397 5063 689 5144 septimus
719 5084 856 5128 cum
883 5064 1028 5144 Reg.
1066 5066 1239 5128 tertio
1272 5073 1371 5135 τῆς
1427 5071 1498 5128 et;
1535 5067 1756 5142 Χριστὸν
1809 5063 1951 5135 κλή-

309 5169 468 5218 σεως,
503 5145 656 5206 haud
710 5158 896 5207 recte.
960 5146 1115 5209 Editi
1168 5166 1299 5208 cum
1365 5147 1565 5226 Regiis
1626 5155 1834 5228 quarto
1895 5154 1954 5206 et

307 5237 498 5304 sexto,
527 5232 594 5288 ut
626 5228 683 5286 in
719 5234 898 5287 textu.

396 5305 518 5387 (53)
556 5306 721 5369 Colb.
759 5313 1002 5387 quartus
1031 5307 1186 5386 φλιὰς
1234 5315 1340 5364 τῶν
1383 5307 1728 5384 Ἰσραηλιτῶν
1760 5310 1947 5384 θυρῶν,

310 5392 504 5465 postes
533 5395 842 5465 portarum
879 5387 1327 5450 Israelitarum.
1363 5387 1476 5451 Sed
1528 5387 1696 5448 abest
1722 5390 1887 5465 Θυρὼν
1919 5404 1954 5447 a

311 5464 511 5526 multis
541 5466 670 5526 aliis
699 5486 843 5530 mss.
879 5476 937 5528 et
965 5468 1039 5528 ab
1067 5469 1265 5530 editis.

534 5545 958 5642 Renes-quartus
991 5555 1045 5642 et
1081 5549 1247 5640 Col-b.
1285 5556 1483 5609 sextus
1508 5565 1682 5642 aeque
1713 5564 1779 5606 ac
1811 5545 1951 5606 LXX

305 5623 770 5719 φείδξῖεῗεέβρξιξ.
789 5646 923 5719 cum
955 5627 1225 5719 plurimis
1260 5647 1413 5719 mss.
1433 5623 1701 5719 φείσησθε,

385 5707 504 5780 (55)
527 5703 626 5788 Sic
647 5703 1491 5788 Colbertiniprimus,quartiis
1515 5717 1782 5770 etsextus
1809 5725 1941 5767 cum

305 5784 450 5866 Reg.
482 5784 658 5866 tertio
724 5783 850 5846 Vox
895 5783 1086 5864 Σίκιμα
1118 5783 1302 5850 εειιῆιῖι
1335 5791 1616 5851 duntaxat
1643 5788 1945 5866 reperitur

2045 4103 2213 4160 vens,
2250 4094 2500 4164 utraque
2527 4106 2718 4150 unum
2748 4090 2931 4168 faciet
2962 4089 3034 4153 16.

2123 4271 2184 4332 4.
2219 4267 2386 4330 Meus
2416 4278 2501 4331 est
2533 4269 2791 4347 Galaad,
2814 4279 2870 4332 et
2901 4290 3069 4334 meus
3099 4279 3184 4334 est
3219 4273 3540 4335 Monaeses.
3571 4271 3689 4334 Ga-

2045 4357 2172 4417 Iaad
2213 4358 2344 4418 I92
2377 4361 2663 4422 Manassen
2695 4371 2782 4422 est
2811 4361 3050 4424 soboles
3079 4385 3091 4440 ;
3124 4371 3186 4422 ιιι
3220 4362 3687 4440 patriarcharum

2043 4445 2259 4507 seriem
2285 4448 2559 4509 ostendat
2590 4468 2658 4510 ex
2691 4449 2811 4512 Deo
2844 4451 3334 4526 descendentem,
3371 4469 3438 4512 ex
3473 4451 3691 4532 quibus

2040 4534 2310 4598 Christus
2327 4540 2755 4600 estsecundum
2773 4559 3037 4602 carnem.
3075 4540 3155 4602 Et
3172 4543 3467 4619 Epliraim
3487 4559 3687 4602 susce-

2036 4627 2169 4704 ptio
2187 4627 2404 4703 capitis
2429 4629 2549 4690 mei
2577 4649 2591 4705 ;
2615 4630 2779 4691 Juda
2802 4648 2912 4693 rex
2937 4648 3129 4692 meus.
3159 4630 3473 4692 Abscissas
3495 4639 3690 4712 partes

2038 4713 2320 4774 connexit
2345 4733 2452 4795 per
2472 4719 3072 4782 concordiam.Vt-:us.
3116 4726 3208 4779 tO.
3239 4719 3412 4780 Moab
3446 4721 3576 4798 spei
3596 4721 3688 4781 le-

2029 4848 2086 4897 ‘5
2116 4846 2329 4914 Ezech.
2357 4867 2438 4929 Ix,
2471 4853 2532 4928 5,
2567 4852 2606 4915 ϐ
2721 4855 2776 4902 14
2804 4854 2955 4917 Gen.
2988 4870 3191 4928 XLVIII,
3217 4854 3317 4916 9‘2.
3368 4855 3425 4906 ‘5
3452 4855 3680 4916 Coloss.

2036 5063 2352 5149 xmpiov,sic
2372 5073 2625 5149 verterat
2635 5070 2952 5148 interpres,
2962 5073 3339 5148 praecipuum
3358 5069 3677 5149 praedium:

2035 5145 2164 5219 sed,
2195 5162 2326 5206 meo
2351 5145 3082 5286 quidemjudiciomelius
3106 5145 3370 5210 reddidit
3391 5149 3681 5213 Combeti-

2035 5225 2183 5286 sius.
2214 5243 2360 5286 necu
2395 5228 2526 5286 iure
2549 5230 2871 5286 praedium-
2931 5229 3189 5286 Jacobus
3249 5231 3408 5286 enim
3474 5249 3679 5286 aerum

2035 5225 2183 5307 sius,
2213 5225 2526 5307 p_eculiare
2545 5225 2871 5307 praedium.
2931 5229 3189 5291 Jacobus
3249 5231 3408 5290 enim
3474 5249 3679 5307 agrum

2034 5305 2202 5366 illum
2233 5304 2494 5386 Josepho
2518 5304 2680 5369 extra
2703 5319 2920 5371 sortem
2949 5309 3264 5371 tradidisse
3287 5304 3676 5372 dicitur'Gen.

2036 5401 2241 5448 XLVIII.
2279 5385 2377 5448 σε.

2117 5467 2238 5551 (56)
2274 5465 2354 5526 Ita
2385 5467 2598 5551 editio
2629 5469 2810 5533 Basil.
2842 5480 2900 5531 et
2935 5490 3073 5531 mss.
3111 5489 3227 5532 non
3270 5472 3462 5551 pauci.
3496 5469 3680 5551 Abest

2033 5547 2320 5632 articulus
2341 5546 2420 5632 ab
2462 5548 2721 5632 editione
2749 5552 2937 5613 Paris.
2972 5546 3289 5632 Aliquanto
3333 5560 3464 5632 post
3493 5550 3676 5611 editio

2033 5627 2209 5713 Basil.
2243 5636 2300 5713 et
2321 5627 2439 5713 duo
2463 5646 2604 5713 mss.
2636 5629 2879 5713 ἔγγονος.
2918 5635 2978 5694 in
3003 5627 3104 5693 illo
3130 5632 3286 5713 quod
3315 5627 3444 5692 mox
3471 5632 3675 5710 sequi-

2030 5708 2246 5792 ιμπ,’ἰνχ
2279 5707 2721 5792 δεῖς-ῃβΙΙίρΞὶιιι
2746 5712 2946 5774 inesse
2969 5707 3671 5792 vident,opincr,omn_es.

2027 5785 2148 5847 Hoc
2175 5798 2261 5847 est
2288 5809 2299 5844 :
2339 5788 2471 5872 Har,
2502 5785 2640 5850 ideo
2685 5793 2856 5872 dicit,
2885 5803 2950 5854 ut
2978 5785 3257 5856 ostendai
3285 5785 3674 5870 patriarcha-

304 5865 367 5930 in
394 5864 698 5950 aliquibus
729 5883 870 5929 mss.
921 5876 980 5930 et
1003 5875 1062 5931 in
1111 5869 1310 5932 editis.
1363 5869 1537 5952 Illud,
1571 5874 1632 5926 τὸ
1683 5864 1941 5949 ἐξαίρετον
2023 5885 2161 5930 rum
2187 5871 2619 5932 surcessionam
2645 5889 2721 5934 ea:
2752 5864 2873 5936 Deo
2904 5864 3381 5938 descendentem.
