4106 6420
409 284 531 349 475

1765 281 1826 343 8.
1875 274 2153 343 BASILII
2197 277 2444 347 MAGNI

3672 279 3795 349 476

410 430 558 485 runt
576 420 887 501 repellere;
919 437 1173 482 euenrre
1189 427 1337 480 runt
1361 424 1426 481 in
1438 420 1550 481 siti
1557 435 1684 499 ,ore
1705 434 1813 480 suo
1838 414 2064 478 benedi-

2156 419 2212 471 ἒν
2272 417 2432 494 δίψει,
2494 427 2571 476 τῶ
2629 420 2854 494 στόματι
2889 418 3060 478 αὐτῶν
3091 420 3362 498 εὖλόγουν,
3396 421 3483 477 καὶ
3513 422 3581 497 τῇ
3611 420 3799 500 καρδίᾳ

410 510 891 584 eebant,etcorde
908 526 1018 571 suo
1042 508 1776 572 maledicebant.Pretium
1800 506 2063 567 hominis

414 612 502 662 est
532 601 769 678 sanguis
786 598 1247 661 Christizprelio
1271 597 1874 678 enim,inquit,empti
1896 596 2063 666 estis;

412 693 606 754 nolite
631 694 764 753 ﬁeri
793 690 956 751 servi
988 688 1298 750 hominum
1324 690 1396 748 33.
1432 688 1557 750 Hoc
1597 688 1779 767 igitur
1810 687 2062 763 pretium

411 779 621 841 inutile
655 777 821 838 nobis
880 777 1139 839 reddere
1191 781 1597 856 cogitaverunt
1634 777 1855 836 milites
1889 774 2068 853 hujus

413 867 678 947 maligni,
712 866 899 928 semel
931 864 1217 927 liberatos
1247 884 1454 927 rursus
1478 866 1537 925 in
1580 865 1920 926 servitutem
1955 863 2064 923 ad-

409 956 1141 1023 ducentesﬂucurmrunt
1165 963 1229 1017 in
1250 954 1855 1017 siti.Concitationem
1881 971 1950 1013 ac
1970 970 2061 1013 ve-

414 1051 773 1111 hementiam
798 1044 1150 1106 insidiarum
1169 1044 1510 1106 daemonum
1535 1042 2060 1122 enuntiatzquippe

408 1138 726 1200 adversum
761 1154 869 1196 nos
900 1142 1169 1208 currunt,
1204 1134 1508 1196 interitum
1545 1140 1812 1194 nostrum
1846 1132 2061 1193 sitien-

410 1225 655 1289 tes.0re
676 1242 787 1286 suo
817 1223 1264 1299 benedicebant,
1293 1231 1354 1285 et
1377 1223 1559 1285 corde
1587 1240 1703 1284 suo
1735 1221 2059 1283 maledice-

409 1318 577 1380 bant.
606 1315 777 1378 Multi
808 1322 947 1374 sunt
977 1313 1080 1393 qui
1115 1331 1321 1393 pravas
1351 1312 1746 1393 comprobant
1769 1311 2060 1385 actiones;

412 1406 755 1467 etdicacem
790 1402 1031 1483 quidem
1063 1401 1321 1478 lepidum
1358 1401 1586 1476 dicunt,
1612 1420 1745 1462 eum
1782 1419 1923 1461 vero
1962 1398 2063 1479 qui

413 1494 673 1556 obscena
695 1492 872 1552 verba
896 1490 1459 1570 profert,politicum
1488 1512 1500 1553 :
1535 1491 1972 1551 amarulentum
2007 1496 2066 1549 et

414 1584 791 1655 iracundum,
839 1599 955 1641 non
983 1579 1493 1642 contemnendum
1531 1580 1738 1640 dicunt
1772 1599 1784 1640 :
1822 1579 2068 1639 laudant

2147 507 2320 561 αὐτῶν
2377 512 2712 588 κατηρῶντο.
2796 510 2940 585 Τιμη
3033 511 3305 589 ἀνθρώπου
3361 512 3423 566 τὸ
3496 510 3638 587 αἷμα
3709 511 3803 568 τοῦ

2148 603 2375 672 Χριστοῦ
2412 620 2425 632 ·
2479 605 2654 675 Τιμῆς
2713 601 2836 677 γὰρ,
2898 602 3080 678 φησὶν,
3154 600 3487 678 ἠγοράσθητε
3524 614 3539 629 ⁸
3594 600 3673 674 μὴ
3719 602 3803 678 γί-

2149 690 2296 742 νεσθε
2374 686 2553 745 δοῦλοι
2617 687 2927 766 ἀνθρώπων,
3014 690 3217 755 Τςύτην
3308 691 3395 745 οὖν
3454 690 3553 756 τὴν
3634 690 3801 764 τιμὴν

2150 773 2528 834 ἒϐουλεύσκντο
2611 778 2888 857 ἄχρηστον
2973 781 3110 853 ἡμῖν
3200 780 3588 859 καταστῆσαι,
3679 782 3801 843 τοὺς

2150 864 2288 931 ἅπαξ
2347 867 2787 947 ἐλευθερωθέντας
2844 868 3005 925 πάλιν
3063 870 3137 933 εἷς
3210 867 3447 927 δουλείαν
3496 869 3799 948 ἐνάγοντες,

2150 956 2198 1009 οἱ
2255 963 2572 1033 στρατιῶται
2634 966 2727 1014 τοῦ
2784 967 3041 1035 πονηροῦ,
3088 956 3373 1037 ’Ἒδραμον
3417 960 3469 1014 ἐν
3514 957 3676 1033 δίψει,
3734 960 3803 1016 Τὸ

2150 1044 2395 1101 σύντονον
2467 1046 2609 1123 λέγει
2682 1048 2776 1114 τῆς
2836 1048 2939 1105 τῶν
3001 1046 3267 1124 δαιμόνων
3343 1045 3653 1128 ἐπιϐουλῆς,
3720 1046 3801 1103 ὅτι

2145 1134 2397 1213 τρέχουσι
2451 1138 2566 1192 καθ’
2600 1139 2777 1212 ἡμῶν,
2814 1135 3075 1211 διψῶντες
3126 1140 3281 1205 ἡμῶν
3336 1140 3437 1205 τὴν
3493 1136 3797 1199 ἀπώλειαν,

2147 1226 2233 1295 Τῴ
2288 1224 2513 1299 στόματι
2573 1230 2742 1284 αὐτῶν
2814 1227 3087 1307 εὖλόγουν,
3145 1228 3230 1283 καὶ
3277 1232 3345 1303 τῇ
3398 1225 3582 1305 καρδίᾳ
3627 1228 3800 1283 eam

2146 1315 2479 1391 κατηρῶντο.
2551 1315 2746 1373 Πολλοί
2807 1318 2905 1371 εἰσι
2966 1315 3085 1392 (81)
3130 1318 3223 1381 τὰς
3281 1316 3516 1393 πονηρὰς
3582 1315 3800 1383 πράξεις

2148 1401 2567 1481 ἀποδεχόμενοι,
2622 1409 2709 1461 καὶ
2768 1405 3021 1484 χαρίεντα
3078 1406 3175 1480 μὲν
3213 1406 3302 1461 τὸν
3354 1403 3673 1483 εὐτράπελον
3702 1403 3800 1459 λέ-

2148 1513 2359 1570 γοντες,
2418 1495 2508 1548 τὸν
2564 1492 2619 1548 δὲ
2680 1493 3035 1573 ρίσχρολόγον
3089 1493 3365 1571 πολιτικόν
3403 1510 3417 1524 ·
3464 1496 3555 1550 τὸν
3613 1495 3801 1571 πικρὸν

2151 1583 2237 1637 καὶ
2266 1581 2476 1659 ὀργίλον
2526 1582 2964 1663 ἀκαταφρόνητον
3018 1584 3338 1659 ὀνομάζουσι
3374 1601 3388 1616 ·
3453 1586 3546 1641 τὸν
3599 1582 3801 1663 φειδω-

417 1692 659 1753 parcum
694 1681 749 1732 et
776 1669 1132 1730 illiberalem
1168 1678 1228 1729 ut
1258 1669 1717 1743 (nconomicum,
1758 1669 2064 1749 prodigum

2155 1669 2244 1726 λὸν
2295 1673 2384 1727 καὶ
2432 1672 2794 1739 ἀκοινώνητον
2844 1675 2915 1735 ὡς
2973 1675 3310 1749 οἰκονομικὸν
3362 1677 3664 1746 ἐπαινοῦσι,
3713 1696 3805 1730 τον

413 1770 691 1840 tanquam
716 1757 1448 1830 liberalem,scortatorem
1478 1766 1535 1817 et
1563 1758 1875 1833 lascivum,
1894 1756 2064 1817 utvi-

2155 1758 2355 1817 ἐίσωτον
2441 1764 2512 1824 ὡς
2600 1761 2914 1840 ἐλευθέριον,
2996 1765 3086 1819 τὸν
3162 1765 3357 1841 πόρνον
3432 1764 3522 1819 καὶ
3596 1761 3804 1840 ἀσελγῆ

412 1870 544 1912 rum
582 1850 755 1929 genio
788 1847 1285 1925 indulgentem,et
1314 1848 1494 1908 animi
1518 1846 1824 1908 solutioris
1850 1868 1861 1909 :
1889 1845 2062 1905 deni-

2155 1851 2545 1908 ἀπολαυστικόν
2600 1874 2718 1908 τινα
2785 1854 2875 1909 καὶ
2933 1852 3212 1925 ἀνειμένον
3248 1872 3264 1886 ⁸
3329 1854 3417 1909 καὶ
3474 1851 3803 1918 ἁπαξαπλῶς

411 1959 528 2021 que
548 1939 753 2000 vitium
787 1954 965 1997 omne
991 1941 1261 2015 specioso
1318 1937 1559 1996 nomine
1610 1938 1843 1997 virtutis
1893 1935 2064 2014 adja-

2155 1946 2322 1995 πᾶσαν
2367 1941 2557 1996 κακίαν
2612 1942 2672 1997 ἐκ
2728 1942 2825 2009 τῆς
2885 1942 3284 2019 παρακειμένης
3334 1942 3526 2021 ἀρετῆς
3601 1944 3800 1999 ὑποκο-

409 2036 595 2091 centis
626 2026 945 2113 appellant.
1007 2023 1337 2113 Talesuore
1372 2025 1616 2105 quidem
1676 2025 2061 2113 benedicunt,

2155 2029 2398 2104 ρίζονται,
2461 2032 2519 2086 Οἱ
2577 2040 2805 2088 τοιοῦτοι
2867 2038 2942 2102 τῷ
3001 2032 3229 2105 στόματι
3262 2032 3361 2105 μὲν
3393 2031 3693 2109 εὖλογοῦσι,
3731 2037 3803 2108 τῇ

408 2119 587 2181 corde
618 2110 756 2177 vero
788 2110 1243 2177 maledicunt“.
1278 2112 1427 2174 Nam
1465 2114 1660 2175 verbis
1710 2113 1868 2175 bene
1900 2111 2057 2173 omi-

410 2208 569 2269 natis
582 2221 817 2267 omnem
836 2203 1306 2264 exsecrationem
1328 2202 1463 2262 vitae
1486 2201 2056 2282 illorumvingerunt,

407 2297 692 2376 ipsosque
723 2301 963 2353 aeternae
993 2290 1394 2350 damnationis
1422 2307 1560 2351 reos
1595 2308 1699 2369 per
1719 2309 1787 2352 ea
1809 2309 1941 2371 quae
1957 2309 2060 2369 ap-

409 2386 681 2467 probant,
714 2381 1107 2445 constituunt.
1146 2382 1375 2441 Rursus
1404 2379 1723 2460 alloquitur
1769 2381 2052 2456 animam,

408 2476 539 2556 ejus
558 2491 694 2551 erga
708 2471 892 2532 Deum
906 2467 1306 2531 obedientiam
1323 2469 1453 2529 I96
1475 2470 1793 2547 adaugens.
1807 2470 2054 2534 Vensﬁ.

422 2565 872 2640 Verumtamen,
922 2560 1134 2640 inquit,
1173 2559 1293 2620 Deo
1344 2560 1613 2638 subiecta
1671 2571 1817 2641 esto,
1851 2566 2059 2621 anima

407 2671 566 2735 mea,
602 2651 893 2732 quoniam
956 2650 1031 2711 ab
1096 2651 1222 2729 ipso
1276 2650 1571 2729 patientia
1629 2666 1786 2712 mea.
1835 2649 2063 2712 [ndicat

411 2743 799 2805 tentationum
835 2738 1335 2818 magnitudinem,
1370 2748 1428 2800 et
1458 2738 1604 2800 illud
1656 2739 1927 2820 Apostoli
1960 2740 2059 2801 di-

412 2832 517 2914 cit,
540 2830 695 2913 quod
715 2847 830 2890 non
865 2828 1025 2890 sinet
1057 2827 1272 2889 tentari
1302 2846 1412 2890 nos
1444 2846 1624 2909 supra
1658 2829 1713 2891 id
1746 2830 1903 2910 quod
1955 2848 2060 2891 su-

413 2922 638 2985 stinere
670 2937 983 3002 possumus
1002 2919 1077 2982 35.
1103 2921 1193 2981 Ab
1218 2922 1350 3000 ipso
1381 2920 1539 2981 enim
1570 2921 1873 2998 patientia
1904 2936 2055 2982 mea.

492 3107 553 3169 4.
588 3105 769 3168 Vens.
805 3103 864 3165 8.
899 3100 977 3164 In
1034 3103 1151 3164 Deo
1204 3100 1482 3164 salutare
1530 3119 1755 3176 meum,
1788 3110 1845 3166 et
1874 3101 2066 3182 gloria

417 3195 737 3259 meazDeus
764 3192 993 3255 auxilii
1023 3194 1142 3253 mei
1153 3201 1229 3267 ,et
1260 3209 1395 3272 spes
1422 3210 1562 3254 mea
1576 3194 1639 3253 in
1660 3191 1779 3254 Deo
1810 3196 2066 3255 est.Bea-

419 3295 516 3347 tus
534 3285 636 3366 qui
681 3282 755 3343 ob
785 3281 1009 3343 nullam
1063 3280 1194 3342 vitm
1223 3299 1349 3341 rem
1383 3282 1716 3361 quatumvis
1747 3280 2062 3343 sublimem

420 3377 694 3447 exsultat,
734 3374 836 3435 sed
885 3390 1049 3433 suam
1086 3369 1343 3451 gloriam
1397 3371 1586 3433 Deum
1635 3370 2065 3450 habetzquiin

417 3464 650 3529 Christo
671 3461 978 3542 gloriatur,
1003 3478 1071 3521 ac
1109 3460 1439 3521 secundum
1482 3461 1828 3540 Apostolum
1863 3461 2070 3524 dicere

416 3561 653 3638 potest:
690 3550 843 3613 Mihi.
871 3558 1077 3613 autem
1108 3549 1266 3612 absit
1293 3549 1577 3631 gloriari,
1612 3552 1737 3612 nisi
1784 3553 1850 3613 in
1895 3570 2069 3615 cruce

416 3644 648 3707 Christi
667 3638 741 3701 ³⁸.
768 3639 936 3702 Nunc
962 3656 1100 3702 vero
1136 3638 1301 3699 multi
1335 3640 1408 3700 de
1438 3657 1689 3719 corpore
1715 3640 2063 3723 gloriantur,

417 3735 516 3814 qui
547 3749 678 3793 sese
709 3730 771 3790 in
799 3728 1090 3811 gymnicis
1120 3746 1444 3790 exercuere
1484 3729 1937 3812 certaminibus,
1969 3740 2067 3793 aut

416 3823 658 3885 omnino
690 3820 765 3881 ob
796 3819 983 3881 aetatis
1014 3819 1223 3879 ﬂorem
1252 3818 1446 3897 vigent
1474 3838 1488 3878 :
1526 3818 1698 3880 multi
1730 3819 1937 3881 itidem
1972 3821 2065 3882 ef-

418 3913 692 3975 feruntur
712 3910 786 3971 de
806 3908 1022 3971 bellica
1042 3908 1524 3989 fortitudine,qui
1546 3910 1722 3971 etiam
1756 3910 2064 3974 tribulium

416 4002 639 4064 caedem
667 4000 944 4060 virtutem
978 4016 1110 4060 esse
1135 3998 1381 4059 ducunt.
1420 4000 1596 4061 Enim
1619 4018 1755 4061 vero
1779 4017 1981 4062 rerum
2004 4001 2064 4062 in

420 4092 597 4154 bellis
628 4091 777 4151 bene
806 4102 1111 4183 gestarum
1137 4087 1481 4168 prwmia,ac
1504 4090 1768 4183 troplizea
1781 4089 1853 4151 ab
1881 4092 2066 4183 impe-
2089 4131 2132 4183 ο

419 4191 616 4243 ratore
641 4189 701 4240 et
728 4197 761 4240 a
791 4177 1127 4239 civitatibus
1157 4187 1379 4258 erecta,
1409 4196 1514 4258 pro
1546 4180 1727 4240 credis
1766 4179 2065 4254 magnitu-

419 4270 558 4331 dine
582 4267 871 4331 iiunt.Alii
887 4267 1217 4345 gloriantur
1233 4266 1308 4327 ob
1330 4266 1539 4328 ductos
1554 4268 1778 4328 circum
1800 4268 2069 4330 civitates

421 4378 625 4420 muros
652 4379 664 4421 :
690 4358 789 4420 alii
810 4358 881 4418 ob
900 4357 1354 4440 aquaeductuum
1388 4364 2069 4438 structuras,etmagno-

2142 2116 2197 2171 δὲ
2253 2114 2434 2196 κᾰρδίᾳ
2490 2126 2848 2196 καταρῶνσαι.
2924 2119 3013 2177 Ἐν
3087 2120 3188 2197 γὰρ
3247 2127 3315 2197 τῇ
3379 2128 3486 2177 τῶν
3542 2121 3801 2200 ῥημάτων

2142 2202 2373 2285 εὐφημίᾳ
2424 2214 2597 2264 πᾶσαν
2660 2210 2892 2287 κατάραν
2964 2208 3253 2287 ἐπάγουσιν
3311 2212 3482 2267 αὐτῶν
3524 2216 3592 2287 τῇ
3650 2216 3786 2287 ζωῇ,

2141 2293 2418 2359 ὅποδὲκους
2472 2297 2657 2362 αὖτοὺς
2698 2304 2767 2373 τῇ
2825 2299 3013 2368 αἰωνίᾳ
3069 2300 3374 2377 κατακρίσει
3435 2297 3560 2375 (82)
3616 2297 3685 2354 δι’
3715 2301 3791 2355 ὧν

2142 2383 2497 2464 ἀποδέχονται
2549 2387 2922 2452 καθιστῶντες.
3016 2385 3182 2443 Πάλιν
3261 2389 3328 2463 τῇ
3403 2392 3561 2467 ψυχῇ
3618 2385 3794 2444 διαλέ-

2141 2497 2315 2553 γεται,
2373 2476 2469 2542 τὴν
2531 2478 2803 2555 ὑποταγὴν
2868 2477 3025 2544 αὒτῆς
3071 2477 3170 2545 τὴν
3200 2479 3333 2555 πρὸς
3377 2476 3471 2533 λὸν
3502 2480 3632 2534 Θεὸν
3665 2477 3792 2534 ἐπι-

2142 2566 2348 2623 τείνων.
2414 2564 2567 2647 Πλὴν
2618 2568 2695 2628 τῶ
2737 2569 2876 2645 Θεῷ,
2925 2568 3108 2647 φησὶν,
3161 2567 3480 2646 ὒποτάγηθπ,
3542 2568 3577 2634 ἡ
3636 2569 3793 2647 ψυχή

2144 2677 2271 2734 μου,
2334 2653 2415 2711 ὅτι
2449 2656 2573 2735 παρ’
2622 2660 2781 2716 αὒτοῦ
2843 2653 2968 2736 (83)
3028 2656 3064 2722 ἦ
3122 2657 3368 2730 ὒπομονή
3416 2678 3542 2731 μου.
3590 2653 3795 2713 Ἐνδεί-

2143 2765 2326 2800 κνυται
2386 2747 2445 2801 τὸ
2492 2745 2713 2823 μέγεθος
2744 2753 2849 2802 τῶν
2895 2745 3229 2824 πειρασμῶν,
3286 2747 3373 2801 καὶ
3405 2747 3467 2801 τὸ
3499 2756 3587 2804 τοῦ
3618 2744 3795 2807 Ἀπο-

2145 2837 2335 2893 στόλου
2393 2836 2577 2915 λέγει’
2663 2837 2743 2893 ὅτι
2816 2840 2912 2895 οὒκ
2992 2838 3136 2893 ἐάσει
3215 2840 3360 2911 ἡμᾶς
3447 2837 3799 2918 πειρασθῆναι

2145 2926 2275 3005 ὑπὲρ
2333 2928 2360 2982 ὃ
2416 2927 3097 3005 δυνάμεθαῗὺπενεγκεῐν.
3177 2927 3307 3006 Παρ’
3368 2931 3524 2987 αὐτοῦ
3592 2929 3693 3006 γὰρ
3765 2931 3801 2998 ἦ

2083 3004 2123 3053 C
2147 3004 2391 3091 ὑπομονις
2425 3039 2550 3090 μου,

2230 3107 2289 3168 4.
2327 3105 2446 3163 Ἐπὶ
2477 3110 2552 3179 τῷ
2584 3110 2699 3179 Θεῴ
2730 3114 2807 3180 τῷ
2837 3106 3100 3183 σωτήριόν
3134 3130 3235 3182 μου
3281 3108 3370 3164 καὶ
3419 3108 3453 3170 ἡ
3486 3106 3608 3174 δόξα
3643 3130 3746 3184 μου
3784 3128 3797 3140 ·

2150 3202 2177 3256 ὁ
2227 3199 2356 3260 Θεὸς
2401 3201 2499 3262 τῆς
2557 3196 2802 3272 βοηθείας
2864 3218 2991 3271 μου,
3055 3198 3142 3252 καὶ
3204 3195 3417 3264 ἡέλπίς
3451 3219 3552 3272 μου
3596 3197 3680 3255 ἐπὶ
3724 3205 3801 3273 τῷ

2151 3294 2290 3362 Θεῷ.
2332 3287 2599 3364 Μακάριος
2633 3288 2659 3342 ὁ
2691 3284 2881 3361 μηδενὶ
2912 3285 3046 3363 (84)
3069 3293 3175 3342 τῶν
3227 3287 3364 3343 κατὰ
3392 3288 3482 3342 τὸν
3509 3288 3623 3363 βίον
3652 3290 3799 3363 ὕψι.-

2150 3378 2260 3435 λῶν
2319 3374 2784 3456 ἐπαγαλλόμενος,
2847 3374 2984 3432 ἀλλὰ
3043 3378 3173 3433 Θεὸν
3230 3375 3379 3455 ἔχων
3453 3376 3551 3443 τὴν
3613 3378 3802 3437 ἑαυτοῦ

2152 3468 2303 3534 δόξαν
2339 3484 2353 3498 ⁸
2414 3470 2441 3522 ὃ
2470 3466 2735 3546 καύχημα
2779 3465 2923 3547 ἔχων
2971 3467 3158 3525 ἐαυτοῦ
3201 3468 3291 3522 τὸν
3342 3468 3567 3542 Χριστόν
3603 3484 3617 3499 ⁸
3655 3470 3683 3523 ὁ
3713 3467 3802 3526 δυο

2154 3560 2377 3635 νάμενος
2412 3556 2587 3635 λέγειν
2618 3558 2755 3613 κατὰ
2790 3559 2879 3613 τὸν
2924 3554 3278 3613 ’Λπόστολονο
3326 3556 3480 3632 Ἐμοὶ
3516 3554 3571 3613 δὲ
3604 3557 3681 3631 μὴ
3713 3557 3803 3637 γέ-

2152 3672 2296 3707 νοιτο
2351 3651 2659 3726 καυχᾶσθαι
2718 3649 2761 3703 εἰ
2824 3648 2900 3718 μὴ
2955 3647 3007 3704 ὲν
3066 3654 3142 3721 τῷ
3192 3668 3398 3724 σταυρῳ
3423 3658 3516 3706 τοῦ
3547 3655 3798 3727 Χριστοῦ.

2153 3746 2254 3795 Νῦν
2292 3734 2349 3792 δὲ
2382 3734 2573 3792 πολλοὶ
2616 3734 2710 3809 μὲν
2744 3732 3105 3805 ἐνδοξάζονται
3156 3736 3387 3808 σώματι,
3436 3736 3485 3791 οἱ
3529 3738 3647 3813 περὶ
3677 3738 3802 3800 τοὺς

2151 3826 2434 3905 γυμνικοὺς
2495 3821 2856 3902 ἐσχολακότες
2916 3823 3151 3900 ἀγῶνας,
3214 3822 3249 3889 ἢ
3286 3820 3426 3884 ὅλως
3499 3825 3547 3878 οἱ
3606 3825 3692 3879 ἐπὶ
3735 3829 3804 3898 τῇ

2150 3916 2300 3991 ἆκμῇ
2328 3914 2423 3981 τῆς
2446 3911 2666 3983 Δἡλικίας
2692 3916 3017 3990 σφριγῶντες
3053 3910 3180 3989 (75)
3216 3927 3229 3940 ·
3256 3907 3449 3965 πολλοὶ
3478 3907 3534 3965 δὲ
3571 3912 3639 3977 τῆ
3666 3910 3805 3966 κατᾶ

2146 4005 2269 4067 τοὺς
2303 4001 2569 4075 πολέμους
2628 3999 2832 4077 ἀιδρίᾳ,
2879 4001 2926 4054 οἱ
2968 4001 3058 4055 καὶ
3096 3999 3154 4054 τὸ
3204 3997 3443 4078 φονεύειν
3491 3999 3611 4061 τοὺς
3672 4001 3807 4074 ὁμο-

2149 4093 2339 4172 φύλους
2392 4089 2586 4166 ἀρετὶιν
2639 4087 2925 4162 τιθέμενοι.
2986 4088 3051 4145 Ἠ
3113 4089 3213 4168 γὰρ
3273 4087 3328 4143 ἐν
3380 4101 3498 4152 τοῖς
3544 4089 3806 4165 πολέμοις

2150 4182 2383 4260 ἀριστεία
2428 4179 2514 4233 καὶ
2577 4179 2639 4232 τὰ
2697 4177 2925 4255 τρόπαια
2975 4179 3077 4234 ὑπὸ
3115 4178 3418 4257 στρατηγῶ
3451 4179 3537 4235 καὶ
3597 4178 3808 4236 πόλεων

2151 4270 2463 4349 ἐγειρόμενα
2525 4268 2665 4324 κατὰ
2713 4268 2809 4336 τὴν
2877 4276 2970 4325 τοῦ
3020 4270 3258 4349 φονεύειν
3302 4270 3609 4347 περιουσίαν
3668 4269 3805 4348 γίνεο

2153 4383 2260 4421 ται.
2308 4356 2513 4415 ’Ἄλλοι
2573 4356 2899 4433 δοξάζονται,
2944 4361 3105 4440 τείχη
3134 4360 3318 4416 πόλεσι
3352 4356 3796 4439 περιϐάλλοντες

497 4494 560 4543 55
588 4489 614 4553 I
640 4490 776 4554 Cor.
812 4507 916 4565 vn,
954 4491 1052 4554 23.
1137 4489 1201 4539 54
1230 4487 1387 4550 Psal.
1420 4506 1543 4558 ιιι,
1580 4490 1637 4552 5.
1723 4489 1786 4542 53
1818 4490 1840 4552 Ι
1872 4491 2007 4555 Cor.
2033 4513 2064 4554 x

2168 4493 2226 4557 3.
2308 4492 2375 4544 36
2398 4491 2589 4557 Galat.
2623 4509 2701 4574 v1,
2738 4493 2835 4556 14.

419 4636 581 4687 ταῦτα
641 4626 830 4694 συνέϐη
888 4626 1130 4707 χρόνοις,
1180 4624 1317 4681 ὥστε
1350 4625 1464 4681 ἀντὶ
1499 4634 1613 4686 τοῦ.
1669 4630 1724 4683 ἐν
1781 4626 1981 4707 ψεύδει,
2016 4629 2070 4685 ἐν

419 4710 556 4787 δίψει
576 4716 866 4789 γραφῆναι).
882 4705 1342 4789 iCueurrerunt
1363 4708 1429 4767 in
1452 4708 1797 4789 siti,mea.m
1824 4705 2071 4789 cernere

414 4784 725 4885 pernitiem
745 4784 1296 4885 sitientesP'roilto
1322 4793 1585 4878 autem,»
1608 4788 1670 4885 in
1690 4787 2064 4885 siti,Aquila,

425 4865 485 4933 in
520 4871 773 4949 fallacia;
798 4867 1199 4950 Lymmachus
1222 4865 1826 4950 vero,in_mendacio;
1859 4865 2072 4950 q'uinta

421 4952 707 5031 editio,in
738 4947 912 5031 falso;
936 4960 992 5031 et
1013 4947 1222 5031 inaiia
1243 4951 1384 5008 item
1411 4947 1687 5025 editio,in
1709 4947 2073 5027 dolo,'inter-

462 5026 647 5094 retati
666 5035 831 5093 sunt.
848 5026 1191 5112 Verisimile
1207 5031 1505 5112 itaqueest
1531 5034 1592 5090 in
1608 5038 1817 5112 nostra
1840 5026 2072 5112 quoque

418 5049 647 5171 fretam.
666 5049 831 5093 sunt.
851 5049 1191 5091 vermmite
1207 5049 1505 5106 uaquwsa
1531 5049 1592 5090 ιη
1608 5049 1817 5092 ηοεινα
1840 5049 2072 5112 quoque

445 5113 681 5206 ectione
702 5112 961 5190 positum
987 5110 1189 5206 primo
1215 5108 1496 5206 fuisse,.in
1523 5110 1860 5206 mendacio,
1893 5117 1982 5205 ita
2002 5116 2072 5206 ut

423 5188 1148 5270 diceretur,cucurrerunt
1175 5188 1239 5270 in
1269 5190 1673 5270 mendacio,id
1698 5197 1807 5267 est,
1833 5188 2069 5253 inimici

422 5278 477 5332 et
499 5267 893 5333 insidiatores
909 5271 1178 5349 mei,non
1202 5267 1348 5330 duce
1371 5267 1773 5343 veritate,sed
1791 5290 1925 5334 eum
1948 5288 2075 5333 sese

426 5358 577 5413 totos
608 5350 916 5411 mendacio
945 5349 1368 5427 tradidissent,
1404 5366 1644 5412 cursum
1697 5353 1755 5413 ei
1802 5352 2074 5414 studium

422 5449 599 5493 suum
625 5437 838 5493 contra
863 5448 954 5490 me
978 5430 1339 5491 dii-exerunt
1361 5430 1506 5511 ᾖδ’εά
1526 5432 1911 5511 sequentibus
1931 5440 2073 5494 tem-

419 5516 669 5593 poribus
690 5514 862 5593 tapsu
878 5511 1167 5593 graphice
1182 5527 1296 5588 pro
1324 5509 1453 5593 illo,
1490 5512 1544 5567 ἐν
1575 5509 1773 5589 ψεύδει,
1800 5513 1862 5574 in
1895 5531 2066 5575 meu-

424 5589 617 5667 aacio,
655 5594 707 5648 ἐν
737 5590 900 5672 δίψει,
936 5589 996 5650 in
1019 5589 1170 5672 sibi,
1196 5590 1466 5672 positum
1494 5594 1707 5672 fuisse.

507 5674 637 5755 (81)
674 5671 867 5735 Editio
902 5671 1084 5734 Paris.
1120 5670 1309 5729 πολλοί
1353 5670 1558 5732 εἰσινοὶ
1601 5673 1778 5738 Deest
1802 5676 1848 5731 οἱ
1870 5674 1930 5735 in
1952 5674 2075 5737 edi-

2151 4627 2314 4691 tione
2344 4625 2600 4690 Basil.et
2626 4625 2973 4707 in:quinque
2999 4643 3141 4687 mss.
3178 4624 3388 4690 Statim
3419 4627 3572 4708 Reg.
3593 4632 3805 4691 tertius

2154 4710 2583 4775 ἆκαταπόνητον.

2238 4788 2361 4871 (82)
2395 4787 2474 4871 ita
2501 4804 2658 4871 ιῑιεξν..Δ
2683 4784 2958 4871 plerique
2990 4804 3225 4847 omnes.
3261 4786 3418 4848 Editi
3439 4789 3629 4871 κρίσει,

2234 4864 2355 4945 (83)
2390 4866 2488 4929 Sic
2519 4865 2661 4927 editi
2688 4864 2831 4926 cum
2865 4864 3010 4945 Reg.
3040 4875 3206 4928 sexto
3237 4875 3297 4928 et
3323 4864 3803 4933 cum'Coleer-

2154 4945 2346 5031 tio.At
2365 4946 2541 5031 multi
2572 4963 2714 5031 mss.
2761 4954 2823 5031 et
2852 4945 2951 5011 hic
2994 4954 3054 5008 et
3086 4946 3259 5029 paulo
3293 4956 3424 5029 post
3474 4950 3600 5031 παρ’
3633 4952 3800 5031 αὐτῷ.

2153 5026 2422 5093 Subinde
2452 5026 2632 5108 editio
2663 5024 2909 5101 Basil,et
2936 5024 3189 5108 quatuor
3219 5024 3458 5093 mss.mt
3487 5024 3689 5091 τὸ’τοῠ.
3723 5024 3806 5092 E-

2153 5108 2299 5172 ditio
2330 5107 2662 5170 Paris.cum
2694 5125 2812 5167 uno
2840 5115 2939 5168 aut
2958 5106 3157 5169 altero
3192 5126 3302 5171 ms.
3327 5110 3503 5166 καὶτά
3523 5116 3639 5171 τοῦ.

2234 5189 2355 5269 (84)
2387 5188 2734 5269 διεπονειξι
2766 5204 2910 5269 mss.
2944 5206 3081 5249 cum
3107 5186 3369 5250 editione
3392 5186 3655 5249 Basil.At
3676 5185 3798 5249 edi-

2157 5270 2236 5332 tio
2268 5265 2456 5330 Paris.
2493 5268 2577 5323 ἐπὶ
2609 5265 2817 5341 μηδενί,

2237 5353 2361 5432 (ὃρ)
2385 5348 2640 5432 Codices
2665 5355 2785 5408 tres
2814 5364 2919 5426 pro
2950 5346 3528 5432 σγριγῶντες-ξιᾶδθηι
3559 5360 3812 5432 φρονοῦν-

2154 5454 2261 5497 τες.
2298 5428 2464 5491 Colb.
2487 5434 2744 5512 quartus
2774 5436 3252 5512 μεγαφρονοῠντες.
3275 5426 3404 5512 Yox
3437 5426 3583 5509 quae
3607 5434 3807 5512 sequi-

2158 5521 2273 5591 tur,
2298 5506 2552 5592 ἀριστεία,
2581 5508 2704 5568 fere
2735 5506 3030 5592 signiﬁcat
3049 5506 3482 5592 fortitudinem,
3521 5518 3619 5573 aut
3651 5506 3808 5592 prae-

2158 5588 2382 5655 clarum
2415 5588 2643 5651 facinus
2670 5608 2682 5670 ;
2707 5588 2813 5670 sed
2848 5593 2927 5650 ita
2951 5589 3325 5670 interpretati
3347 5588 3811 5667 sumus,ut'sen-

2159 5691 2260 5735 sus
2290 5670 2591 5752 postulare
2628 5666 2962 5733 videbatur.
