4106 6384
252 306 365 376 477

1388 307 1714 374 HOMILIA
1756 309 1841 372 IN
1884 303 2247 373 PSALMUM
2295 306 2453 373 LXI.

3515 303 3637 368 478

248 448 337 502 καὶ
370 443 520 503 ἄλλοι
554 446 607 502 ἐν
636 444 954 525 ὑδραγωγῶν
1016 459 1395 520 κατασκευαῖς,
1457 446 1545 502 καὶ
1601 444 1899 524 γυμνασίων

1986 460 2115 505 rum
2142 444 2584 525 gymnasiorum
2604 439 2875 504 aeeiﬁcio.
2892 437 2996 504 ille
3015 457 3160 523 opes
3184 456 3321 503 suas
3338 439 3398 501 in
3422 436 3642 504 bestia-

252 535 501 613 μεγάλων
562 533 1022 611 οξιιοδομήμασιν,
1086 536 1145 595 Ὀ
1189 536 1337 593 δεῖνα
1394 534 1446 591 δὲ
1536 535 1627 591 τὸν
1675 536 1903 595 πλοῦτον

247 624 437 679 ἑαυτοῦ
463 626 824 705 θηριομάχοις
870 626 1334 703 προσαναλίσκων,
1370 627 1455 681 καὶ
1485 639 1604 688 ταῖς
1654 626 1901 695 ματαίαις

250 719 356 768 τῶν
387 713 570 789 δήμων
604 729 806 793 φωναῖς
851 714 1317 793 ἐπαγαλλόμενος,
1350 722 1573 794 φυσᾶται
1600 728 1715 779 τοῖς
1745 715 1903 771 ἐπαί-

250 825 382 882 νοις,
431 804 521 859 καὶ
551 804 691 881 μέγα
714 819 924 885 φρονεῖ.
958 807 1056 872 τὴν
1097 804 1247 871 δόξαν
1291 805 1437 884 ἔχων
1483 804 1536 860 ἐν
1558 810 1626 879 τῇ
1670 805 1901 885 αὶσχόνῃ

251 894 427 949 αὐτοῦ’
493 891 551 956 ὅς
596 914 657 971 γε
701 896 788 950 καὶ
843 894 1105 973 ἔγγραφον
1164 895 1217 951 ἒν
1270 908 1386 959 τοῖς
1445 893 1751 973 περιφανέσι
1808 900 1903 960 τῆς

249 980 456 1044 πολεως
485 983 585 1048 τὴν
617 984 807 1039 ἑαυτοῦ
838 985 1101 1061 ἁμαρτίαν
1134 984 1218 1040 ἐπὶ
1250 991 1352 1039 τῶν
1414 984 1649 1040 πινάκων
1695 982 1901 1040 δείκνυ-

249 1092 355 1130 σιν,
395 1069 610 1135 ’Ἄλλος
634 1071 720 1127 ἐπὶ
744 1072 960 1145 πλούτῳ
1028 1072 1147 1152 (86)
1206 1072 1498 1144 δοξάζεται·
1562 1076 1648 1129 καὶ
1714 1072 1899 1153 ἄλλος,

251 1158 335 1217 ὅτι
368 1161 545 1238 ῥήτωρ
567 1160 676 1218 ἐστὶ
707 1160 880 1225 δεινός
909 1184 990 1227 τις
1024 1165 1111 1219 καὶ
1142 1162 1380 1243 ἄμαχος,
1424 1163 1460 1230 ἢ
1490 1168 1586 1231 τῆς
1619 1164 1754 1219 κατὰ
1809 1166 1901 1220 τὸν

250 1250 453 1323 κόσμον
522 1251 708 1330 σοφίας
787 1251 1063 1330 ἔμπειρος,
1128 1250 1243 1308 ’Ὢν
1306 1253 1519 1311 πάντων
1578 1251 1750 1309 ἐλεεῖν
1804 1254 1899 1321 τὴν

254 1337 405 1404 δόξαν
434 1342 697 1419 προσῆκε.
730 1344 1040 1419 μακαρίζειν
1070 1341 1124 1398 δὲ
1186 1344 1307 1405 τοὺς
1366 1344 1458 1399 τὸν
1513 1344 1645 1399 Θεὸν
1698 1345 1900 1400 ἑαυτῶν

254 1426 406 1494 δόξαν
436 1430 807 1505 ποιουμένους.
842 1434 900 1487 Ei
930 1433 1030 1509 γὰρ
1061 1436 1088 1488 ὁ
1143 1430 1292 1489 δεῖνα
1363 1432 1500 1509 μέγα
1558 1446 1765 1511 φρονεῖ,
1820 1434 1900 1489 ὅτι

254 1516 437 1582 δοῦλός
480 1520 596 1575 ἔστι
633 1518 922 1600 βασιλέως,
956 1523 1302 1597 τιμώμενως,
1337 1522 1462 1599 παρ’
1493 1523 1651 1582 αὑτοῦ
1680 1525 1744 1579 τὰ
1797 1546 1897 1599 με-

255 1609 414 1685 γάλα·
450 1610 617 1667 πόσον
660 1633 741 1666 σοι
799 1617 1071 1687 προσῆκεν
1122 1613 1207 1670 ἐπὶ
1264 1620 1440 1686 σαυτῷ
1489 1612 1897 1692 μεγάλῦνεσθαι,

254 1698 333 1756 ὅτι
365 1697 548 1762 δοῦλος
580 1700 636 1756 εἶ
667 1708 759 1757 τοῦ
788 1701 1025 1779 μεγάλου
1058 1702 1349 1775 Βασιλέως,
1388 1702 1739 1781 προσκληθεὶς
1772 1702 1899 1781 παρ’

1984 533 2107 594 rios
2129 533 2528 613 insumens,et
2555 533 2711 593 vanis
2736 530 3089 611 populorum
3109 528 3638 595 acclamationibus

1985 621 2598 689 exsultauslaudibus
2617 622 2959 696 inﬂatur,ac
2985 621 3301 700 magniﬁce
3320 619 3395 681 de
3415 636 3636 683 sesen-

1986 711 2056 771 tit
2073 722 2217 783 tum,
2246 731 2380 775 cum
2399 712 2644 791 gloriam
2669 711 2729 772 in
2745 729 2853 772 sua
2886 710 3250 791 turpitudine
3267 710 3519 773 collocat
3538 709 3593 753 ³⁷
3616 730 3632 774 :

1989 807 2090 879 qui
2119 801 2293 863 etiam
2318 808 2378 862 in
2394 801 2733 883 patentibus
2750 799 2917 861 urbis
2947 799 3094 862 locis
3125 818 3294 862 suum
3328 808 3635 881 peccatum

1989 888 2202 950 tabulis
2227 890 2575 970 inscriptum
2608 897 2882 951 ostentat.
2915 888 3176 951 Etl'ertur
3202 890 3350 953 alius
3373 892 3447 955 ob
3479 893 3635 956 divi-

1987 977 2120 1041 tias:
2141 980 2315 1055 alius,
2341 980 2500 1060 quod
2527 982 2735 1042 rhetor
2766 979 2843 1040 sit
2871 978 3142 1059 callidus,
3170 986 3229 1041 et
3249 982 3631 1060 invincibilis,

1985 1075 2083 1127 aut
2115 1070 2431 1131 mundana:
2464 1068 2774 1150 sapientiae
2807 1068 3328 1149 peritus.Quorum
3364 1071 3633 1135 omnium

1984 1156 2194 1233 gloriae
2217 1160 2489 1220 misereri
2513 1177 2620 1239 par
2641 1158 2907 1238 fuerit,et
2934 1157 3139 1221 beatos
3162 1160 3489 1239 praedicare
3507 1182 3632 1245 eos,

1984 1246 2083 1325 qui
2109 1250 2296 1310 Deum
2330 1267 2497 1310 suam
2533 1249 2798 1329 ipsorum
2828 1247 3081 1326 gloriam
3107 1252 3496 1314 constituunt.
3529 1252 3636 1314 Et-

1985 1337 2144 1398 enim
2168 1339 2214 1399 si
2235 1339 2369 1419 quis
2393 1356 2526 1400 sese
2553 1355 2915 1417 magnopere
2932 1337 3309 1417 jactat,quod
3334 1360 3542 1405 servus
3562 1344 3638 1405 sit

1983 1426 2142 1504 regis
2163 1430 2412 1507 atquein
2435 1446 2644 1506 magno
2682 1428 2909 1488 honore
2940 1427 3095 1507 apud
3127 1445 3261 1489 eum
3297 1430 3634 1495 habeatur:

1986 1525 2266 1594 quantum
2301 1516 2577 1577 convenit
2605 1517 2847 1595 gloriari
2907 1525 2964 1577 te
3018 1517 3175 1597 apud
3232 1521 3637 1599 temetipsum,

1985 1604 2146 1683 quod
2167 1606 2341 1683 [legis
2367 1606 2560 1685 magni
2580 1625 2785 1667 servus
2806 1623 2889 1669 es.
2910 1605 2983 1666 ab
3001 1606 3127 1686 ipso
3143 1608 3364 1669 accitus
3378 1609 3452 1671 ad
3464 1628 3634 1671 sum-

1989 1713 2142 1754 mam
2164 1695 2645 1776 familiaritatem,
2678 1696 3097 1775 promissionis
3120 1694 3347 1776 Spiritu
3366 1708 3633 1779 accepto:

251 1789 412 1845 αὖτοῦ
440 1791 512 1854 εἷς
535 1790 635 1856 τὴν
668 1789 830 1868 ἄκραν
859 1791 1144 1868 οἰκείωσιν,
1179 1790 1355 1849 λαϐὼν
1421 1794 1483 1848 τὸ
1529 1798 1740 1868 Πνεῦμα
1798 1794 1895 1861 τῆς

1986 1793 2045 1877 ut
2062 1786 2119 1846 in
2143 1786 2269 1877 ipso
2286 1785 2959 1877 obsignatus,iDeiﬁlius
2977 1785 3420 1877 efﬁciare?CAum
3438 1797 3633 1850 autem

249 1878 596 1955 ἒπαγγελίας,
630 1879 767 1935 ὥστε
801 1884 1134 1959 σφραγισθεὶς
1193 1882 1245 1937 ἐν
1308 1882 1451 1955 άῦτῷ
1512 1884 1621 1941 υἱὸξ
1672 1881 1893 1939 ἀποδει-

1986 1875 2231 1937 sincerae
2256 1875 2317 1936 in
2335 1875 2521 1936 Deum
2549 1876 2676 1956 spei
2696 1876 3009 1936 utilitatem
3034 1876 3094 1936 in
3115 1875 3437 1957 semetipso
3454 1895 3636 1957 agno-

247 1970 447 2045 χθῆναι
474 1974 632 2040 Θεοῦς
660 1966 746 2025 Ἐν
770 1968 941 2042 ἐαυτῷ
964 1969 1017 2025 δὲ
1034 1972 1187 2048 γνοὺς
1211 1972 1335 2049 (87)
1358 1974 1418 2026 τὸ
1435 1971 1621 2036 ὄφελος
1646 1978 1745 2039 τῆς
1770 1996 1895 2050 γνη-

1986 1974 2171 2025 sceret
2193 1965 2803 2046 Propheta,populum
2831 1965 2903 2027 ad
2928 1984 3130 2045 parem
3156 1985 3360 2028 secum
3385 1968 3632 2030 aemula-

246 2057 360 2121 σίας
390 2057 475 2113 ἐπὶ
508 2060 638 2113 Θεὸν
671 2057 903 2133 ἐλπίδος,
938 2060 1023 2117 ἐπὶ
1052 2064 1145 2117 τὸν
1175 2061 1296 2117 ἴσον
1317 2063 1503 2121 ἑαυτοῦ
1532 2060 1693 2133 ζῆλον
1717 2086 1896 2142 παρα-

248 2144 405 2201 καλεῖ
448 2149 539 2203 τὸν
566 2146 718 2220 λαὸν,
754 2147 946 2227 λέγων’
1019 2150 1301 2207 Ἐλπίσατε
1366 2150 1450 2207 ἐπ’
1525 2154 1703 2233 αὐτὸν,
1753 2159 1898 2211 πᾶσα

248 2237 535 2313 συναγωγὴ
596 2235 762 2311 λαῶν,
830 2237 1061 2313 ἐκψὲατε
1116 2239 1243 2319 (88)
1301 2241 1530 2297 ἒνώπιον
1589 2242 1746 2299 αὐτοῦ
1801 2244 1897 2307 τὰς

246 2322 460 2393 καρδίας
492 2327 661 2399 ὑμῶν.
709 2324 1026 2406 Ἀμῆχανόν
1059 2328 1172 2384 ἐστι
1208 2331 1547 2408 χωρητιγοὺς
1575 2332 1723 2405 ημῆς
1754 2333 1899 2410 γενέ-

250 2416 370 2469 σθαι
400 2418 499 2480 τῆς
529 2414 670 2478 θείας
702 2418 927 2495 χάριτος
972 2418 1048 2491 μὴ
1078 2419 1144 2473 τὰ
1197 2419 1302 2474 ἀπὸ
1334 2421 1520 2482 κακίας
1574 2420 1716 2487 πάθη
1756 2444 1898 2498 προ·-

249 2506 593 2583 κατασχόντα
651 2507 745 2567 τὰς
819 2508 999 2585 ψυχὰς
1088 2509 1244 2581 ἡμῶν
1306 2508 1673 2574 ἐξελάσαντας.
1740 2510 1898 2570 Εἶδον

248 2594 455 2671 ἰατροὺς
487 2594 596 2671 ἐγὼ
625 2597 702 2668 μὴ
731 2617 985 2673 προτερον
1029 2594 1262 2661 διδόντας
1316 2600 1380 2653 τὰ
1453 2600 1690 2677 σωτήρια
1762 2602 1901 2680 φάρ-

251 2705 422 2759 μακα,
447 2685 566 2763 πρὶν
597 2684 811 2759 ἐμετοϊς
844 2685 1182 2743 ἀποκενῶσαι
1234 2687 1332 2754 τὴν
1392 2691 1671 2746 νοσοποιὸν
1742 2689 1897 2767 ὕλην,

249 2774 314 2839 ἣν
358 2773 419 2829 ἐκ
447 2782 684 2853 πονηρᾶς
744 2774 946 2842 διαίτης
1007 2778 1220 2840 ἑαυτοῖς
1292 2781 1337 2834 οἱ
1400 2777 1687 2835 ἀκόλαστοι
1733 2780 1900 2838 ἐναπ-

251 2864 444 2923 temo.
507 2863 673 2922 Ἀλλὰ
729 2866 816 2921 καί
906 2865 1129 2943 ἀγγεῖον
1205 2867 1741 2946 προκατειλημμένον
1799 2869 1903 2926 ὑπό

248 2976 387 3018 τινος
419 2951 679 3017 δυσώδους
736 2956 885 3035 ὕγοῦ,
939 2956 1016 3028 μὴ
1076 2956 1385 3033 ἐκπλδνθὲν,
1440 2959 1500 3014 οὐ
1558 2958 1635 3032 μὴ
1691 2957 1901 3027 δέξηται

249 3051 338 3100 τοῦ
378 3044 544 3122 μύρου
596 3044 694 3111 τὴν
744 3043 1013 3122 ἑπιῤῥοήν.
1089 3056 1187 3103 Δεῖ
1257 3048 1427 3104 τοίνυν
1487 3048 1778 3127 ἐκχυθῆναι
1834 3052 1901 3107 τὰ

1979 2054 2199 2115 tionem
2222 2055 2426 2117 invitat
2446 2055 2689 2117 diceuS'
2716 2056 2894 2117 Vens.
2918 2055 3635 2137 9.8perateineo,omnis

1976 2146 2319 2215 congregatio
2334 2146 2676 2217 populorum,
2711 2144 2982 2217 effundite
3009 2161 3189 2201 coram
3226 2146 3321 2204 illo
3347 2146 3513 2205 corda
3541 2162 3635 2205 ve-

1979 2244 2127 2299 stra.
2166 2235 2321 2296 Fieri
2358 2254 2477 2297 non
2514 2241 2725 2315 potest,
2771 2241 2837 2295 ut
2866 2234 3081 2295 divinae
3128 2237 3336 2313 gratiae
3389 2255 3637 2318 capaces

1982 2324 2451 2400 reddamur,nisi
2472 2325 2712 2386 malitiae
2728 2324 3242 2405 aﬂ‘ectiones,quw
3258 2326 3488 2390 animas
3520 2346 3636 2390 no-

1983 2422 2135 2474 stras
2155 2424 2614 2493 occupaverant,
2653 2414 3080 2494 expulerimus.
3113 2412 3262 2477 Novi
3305 2434 3417 2495 ego
3452 2417 3640 2479 medi-

1986 2504 2352 2582 cos,quinon
2374 2504 2538 2583 prius
2549 2503 2829 2564 salutaria
2841 2503 3280 2566 medicamenta
3300 2505 3630 2582 trahebant,

1985 2605 2159 2666 quam
2187 2599 2495 2653 materiam
2532 2592 2867 2653 morbidam
2903 2610 3008 2671 per
3029 2594 3316 2655 vomitum
3350 2613 3633 2658 evacuas-

1986 2689 2141 2743 sent.
2176 2700 2351 2761 quam
2384 2682 2960 2763 intemperantesilli
2987 2699 3061 2744 ex
3094 2683 3253 2745 malo
3306 2684 3461 2746 victu
3519 2684 3633 2746 sibi

1986 2784 2366 2850 pepererant.
2392 2773 2509 2834 Sed
2533 2782 2590 2833 et
2617 2771 2679 2832 in
2708 2789 2801 2831 vas
2824 2771 3182 2851 grave-ﬂenti
3212 2774 3492 2853 quopiam
3554 2773 3632 2835 li-

1984 2878 2167 2939 quore
2188 2860 2629 2933 imbutum,nisi
2647 2862 2823 2923 tuerit
2845 2860 3089 2936 elotum,
3119 2869 3489 2941 unguentum
3514 2881 3633 2924 non

1983 2948 2332 3011 infunditur.
2387 2950 2470 3012 Ea
2517 2969 2655 3030 ergo
2688 2969 2820 3031 quae
2876 2950 3040 3031 prius
3091 2952 3350 3026 inerant,
3407 2951 3635 3014 effundi

1984 3047 2239 3116 Oportet.
2265 3050 2330 3102 ut
2353 3059 2485 3121 quae
2506 3040 2929 3114 immittuntur,
2957 3039 3146 3120 recipi
3176 3042 3398 3121 possint
3440 3045 3630 3108 VERS.

245 3111 683 3215 προϋπάρχοντα,
745 3111 873 3190 ’ίναη
910 3111 1106 3203 δυνηθῆ
1162 3141 1479 3216 χωρηθῆναι
1680 3111 1896 3218 ’ἑπαγό-

1986 3111 2084 3191 tl).
2124 3111 2550 3192 Verumtamen
2581 3132 2728 3192 vam’
2756 3111 3234 3210 ﬁliiliomirium.
3282 3129 3453 3193 Novit
3513 3150 3633 3194 non

247 3245 400 3296 μενα.
440 3224 588 3293 Πλὴν
618 3224 833 3300 μάταιοι
877 3228 924 3282 οἱ
956 3226 1054 3281 νὶοι
1086 3232 1193 3282 τῶν
1250 3228 1561 3306 ἀνθρώπων.
1618 3227 1745 3285 Εἵδε
1817 3232 1895 3305 μὴ

1986 3238 2191 3282 omnes
2212 3239 2384 3282 suum
2404 3228 2569 3302 sequi
2599 3221 2922 3296 monitum,
2950 3239 3146 3301 neque
3167 3240 3332 3302 spcm
3357 3222 3417 3282 in
3442 3221 3628 3284 Deum

249 3310 447 3376 πάντας
469 3313 879 3377 ἀκολουθοῦντας
930 3318 1088 3373 αὒνοῦ
1140 3318 1216 3389 τῷ
1264 3316 1678 3394 παραγγέλματι
1739 3317 1889 3397 (89),

1986 3318 2313 3391 suscipere,
2336 3310 2442 3373 sed
2464 3331 2631 3391 spem
2662 3330 2957 3391 reponere
2977 3310 3039 3372 in
3062 3311 3241 3391 hujus
3262 3312 3398 3373 vita;
3419 3311 3633 3374 vanita-

248 3400 384 3477 μηδὲ
431 3401 892 3483 καταδεχομένους
951 3404 1178 3469 ἐλπίξειν
1235 3404 1319 3461 ἐπὶ
1393 3408 1486 3463 τὸν
1552 3412 1705 3480 Θεὸν,
1764 3406 1886 3483 ἀλλ,

1986 3398 2396 3462 tibus.[dcirco
2418 3401 2529 3462 ait:
2568 3400 2991 3464 Verumtamen
3010 3405 3156 3464 vani
3163 3402 3282 3479 ﬁlii
3298 3403 3629 3483 hominum,

247 3493 472 3574 ἔχοντας
528 3495 628 3561 τὴν
686 3492 872 3551 ἐλπίδα
930 3496 1019 3551 επὶ
1080 3495 1146 3551 τὰ
1204 3496 1407 3570 μάταια
1451 3504 1546 3553 τοῦ
1600 3498 1737 3573 βίου.
1806 3499 1903 3554 Διὰ
1987 3489 3633 3569 mendacesﬁliihominum.Curvani?Quiamendaces.

247 3584 401 3641 τοῦτό
462 3606 615 3665 φησι.
679 3582 824 3653 Πλὴν
885 3586 1101 3659 μάταιοι
1175 3586 1222 3643 οἱ
1286 3587 1381 3642 νίοῖ
1427 3592 1532 3643 τῶν
1589 3586 1900 3665 ἀνθρώπων,

248 3673 461 3749 ψευδεῖς
512 3678 559 3731 οἱ
630 3676 727 3732 νὶοὶ
788 3674 892 3730 τῶν
963 3674 1271 3753 ἀνθρώπων,
1368 3677 1467 3733 Διὰ
1522 3679 1571 3732 τὶ
1632 3679 1899 3754 uicatim;

248 3763 469 3835 Ἐπειδὴ
554 3766 795 3842 ψευδεῖς.
878 3772 987 3826 Ποῦ
1044 3767 1278 3844 μάλιστα
1363 3769 1534 3824 αὒτῶν
1594 3772 1651 3827 τὸ
1711 3768 1900 3844 ψεῦδος

247 3856 533 3938 ἐλέγχεται
574 3877 590 3938 ;
650 3857 743 3915 Ἐν
790 3864 998 3936 ζυγοῖς,
1031 3859 1184 3936 φησὶ,
1244 3868 1337 3916 τοῦ
1386 3856 1659 3925 ἀδικῆσαι,
1720 3860 1899 3924 Ποίοις

247 3948 375 4027 φησὶ
414 3955 624 4025 ζυγοῖς;
684 3948 773 4016 Μὴ
824 3949 924 4026 γὰρ
982 3948 1177 4013 πάντες
1231 3946 1498 4027 ἅνθρωποι
1542 3956 1898 4028 ζυγοστατοῦ-

1368 3677 1467 3733 Διὰ
1522 3679 1571 3732 τὶ
1632 3679 1897 3752 μάταιοι;

247 4060 297 4094 σι
328 4057 344 4111 ;
376 4038 455 4111 μὴ
476 4037 668 4101 πάντες
691 4037 1005 4115 ὶριοπῶλαι,
1040 4037 1076 4105 ἢ
1109 4037 1247 4101 ὅλως
1282 4041 1399 4115 περὶ
1420 4040 1614 4102 ταύτας
1654 4040 1744 4104 τὰς
1771 4038 1898 4103 ὕλας

243 4126 279 4192 ἢ
312 4124 534 4202 ἄργυρον
568 4123 909 4199 διατίθενται,
945 4126 980 4192 ἢ
1015 4124 1156 4192 ὅλως
1222 4131 1339 4206 περὶ
1370 4129 1562 4194 ταύτας
1629 4129 1723 4193 τὰς
1772 4128 1897 4194 ὕλας

243 4214 343 4281 τὴν
388 4211 619 4281 σπουδὴν
649 4213 889 4293 ἔχουσιν,
936 4215 998 4278 ἃς
1023 4222 1206 4294 ζυγοῖς
1267 4220 1356 4274 καὶ
1405 4222 1666 4293 σταθμοῖς
1719 4220 1892 4297 πεφύ-

1984 3576 2237 3641 Ubinam
2253 3580 2504 3641 maxime
2517 3580 2889 3642 mendacium
2904 3599 3110 3655 eorum
3126 3581 3633 3659 deprehenditur?

1985 3668 2059 3730 In
2074 3668 2561 3749 stateris,inquit,
2580 3670 2657 3731 ad
2668 3671 3089 3747 fraudandum
3108 3671 3316 3749 factis.
3335 3669 3418 3732 De
3431 3670 3631 3753 quali-

1985 3757 2096 3819 bus
2118 3759 2353 3820 stateris
2378 3760 2635 3839 loquitur
2665 3766 2692 3821 ?
2732 3758 3011 3838 Nunquid
3048 3760 3207 3822 enim
3253 3779 3462 3823 omnes
3499 3761 3632 3821 197

1986 3849 2261 3911 homines
2282 3858 2528 3911 utuntur
2548 3849 2816 3912 steteris?
2848 3869 2987 3911 num
3015 3869 3223 3911 omnes
3254 3850 3404 3911 lana:
3429 3850 3635 3911 vendi-

1984 3948 2145 4001 tores
2168 3948 2329 4020 sunt,
2352 3948 2450 4000 aut
2469 3939 2815 4021 macellarii;
2843 3947 2941 4000 aut
2962 3958 3171 4001 aurum
3199 3949 3301 4000 aut
3319 3948 3630 4019 argentum

1984 4037 2257 4103 tractant,
2325 4039 2427 4090 aut
2459 4029 2708 4089 omnino
2741 4028 2799 4088 in
2836 4028 3000 4090 hisce
3027 4029 3291 4090 materiis
3307 4046 3551 4109 Operam
3576 4036 3635 4089 et

1985 4119 2242 4181 studium
2280 4126 2529 4199 ponunt,
2562 4136 2709 4198 quas
2742 4127 3102 4181 mercatores
3130 4138 3265 4179 cum
3299 4118 3531 4180 steteris
3563 4137 3634 4180 ac

1982 4208 2352 4290 ponderibus
2377 4209 2572 4271 solent
2618 4209 2973 4271 divendere?
3006 4209 3185 4289 Atqui
3245 4208 3429 4270 multa
3491 4218 3632 4269 sunt

244 4326 399 4361 κασιν
448 4305 493 4359 οἱ
552 4301 776 4381 ἔμποροι
835 4300 1171 4382 διαμείϐειν;
1222 4304 1397 4362 Ἀλλὰ
1454 4307 1590 4364 πολὺ
1677 4307 1775 4383 μὲν
1831 4310 1891 4365 τὸ

1986 4317 2196 4379 genera
2228 4298 2662 4378 operariorum,
2698 4300 2797 4377 qui
2822 4299 2896 4359 ad
2953 4317 3166 4378 operas
3210 4316 3348 4359 suas
3400 4299 3634 4360 stateris

240 4400 346 4451 τῶν
390 4392 663 4471 βαναύσων
694 4392 871 4472 γένος,
902 4399 1073 4470 ζυγῶν
1130 4392 1277 4451 οὐδὲν
1338 4397 1412 4460 εἷς
1496 4398 1591 4465 τὴν
1643 4397 1889 4475 ἐργασίαν

1986 4389 2121 4450 nihil
2157 4406 2304 4467 opus
2330 4386 2572 4449 habent.
2612 4388 2775 4449 Multi
2800 4388 2959 4449 enim
2994 4388 3299 4449 nauticam
3348 4396 3633 4449 exercent

243 4488 413 4543 αὐτῶν
444 4481 828 4560 προσδεόμενον
863 4481 1011 4561 (90)·
1044 4482 1234 4540 πολλοὶ
1262 4482 1317 4540 δὲ
1352 4486 1397 4541 οἱ
1456 4485 1883 4561 ναυτιλλόμενοι.

1986 4487 2187 4554 artem;
2220 4477 2390 4539 multi
2427 4483 2601 4537 etiam
2637 4477 2799 4540 circa
2832 4478 3025 4540 forum
3055 4486 3114 4540 et
3137 4479 3512 4556 magistratus
3533 4497 3631 4539 oc-

242 4571 428 4631 πολλοῖ
454 4572 509 4629 δὲ
537 4576 585 4629 οἱ
627 4572 838 4651 περὶτὰ
870 4571 1185 4651 δικαστήρια
1225 4575 1314 4630 καὶ
1356 4575 1417 4630 τὸ
1482 4574 1672 4655 ἄρχειν
1727 4595 1890 4654 στρε-

1986 4576 2297 4649 cupantur,
2328 4567 2483 4647 apud
2523 4586 2673 4647 quos
2696 4568 2938 4648 quidem
2962 4578 3053 4630 est
3083 4568 3487 4647 mendacium,
3518 4584 3632 4629 nec

242 4663 487 4741 φάμενοι,
530 4662 657 4742 παρ’
687 4666 773 4723 οἷς
805 4661 900 4739 μὲν
922 4663 983 4719 τὸ
1013 4660 1204 4738 ψεῦδός
1252 4662 1421 4742 ἐστιν,
1468 4666 1495 4719 ὁ
1549 4662 1603 4719 δὲ
1654 4662 1737 4719 διὰ
1785 4664 1895 4720 τῶν

1986 4667 2175 4721 tamen
2199 4677 2304 4739 per
2328 4665 2584 4719 stateras
2622 4660 2793 4720 dolus
2816 4659 3145 4738 perﬁcitur.
3181 4657 3329 4728 Quid
3349 4657 3523 4735 igitur
3544 4663 3636 4718 est

240 4757 410 4831 ζυγῶν
438 4750 589 4816 δόλος
620 4756 712 4812 οὐκ
742 4750 1133 4815 ἐπιτηδεύεται,
1180 4752 1241 4811 Τί
1299 4753 1387 4809 οὖν
1416 4752 1558 4809 ἐστιν
1619 4754 1647 4808 ὃ
1693 4752 1841 4832 λέγει
1878 4770 1895 4829 ;

1986 4749 2141 4830 quod
2158 4747 2498 4821 dicit?Quod
2513 4749 2570 4809 in
2585 4765 2944 4828 unoquoque
2960 4756 3223 4809 nostrum
3242 4750 3399 4807 intus
3411 4754 3633 4808 statera

243 4840 379 4912 "om
412 4842 638 4900 ἑκάστου
664 4843 823 4919 ἡμῶν
849 4840 980 4922 (91)
1015 4841 1068 4899 ἔν
1098 4847 1175 4915 τῷ
1220 4850 1437 4921 κρυπτῷ
1484 4844 1637 4923 ζυγὸς
1664 4864 1747 4908 τις
1784 4837 1899 4899 ἐστὶ

1986 4840 2251 4921 quaedam
2282 4856 2315 4901 a
2345 4848 2547 4902 nostro
2574 4839 2895 4901 Conditore
2926 4843 3265 4898 constructa
3305 4835 3403 4915 sit,
3425 4835 3484 4896 in
3512 4852 3630 4917 qua

318 5003 382 5053 37
419 5000 671 5083 Philipp.
711 5019 795 5067 ιιι.
833 5003 931 5067 19.

2061 5162 2195 5245 (89)
2227 5160 2465 5243 Legitur
2486 5160 2547 5225 in
2571 5164 2796 5225 Cateua
2844 5156 3091 5224 Corder.
3140 5160 3297 5217 αὖτοῦ
3339 5162 3415 5233 τῷ
3458 5160 3627 5239 κηρύ-

2216 5329 2364 5405 Reg.
2393 5333 2636 5406 quartus
2681 5320 3106 5406 προσδεομένων,
3149 5318 3244 5382 Ad
3299 5319 3623 5406 min-ginem

327 5162 460 5243 (86)
487 5164 637 5243 Reg.
676 5163 978 5225 secundus
1008 5166 1062 5221 tv
1089 5162 1325 5239 πλούτῳ.

328 5242 447 5324 (87)
480 5242 669 5324 Editio
702 5244 885 5306 Basil.
921 5254 1107 5306 etsex
1140 5263 1284 5305 mss.
1324 5245 1411 5303 Ἐν
1468 5247 1641 5321 ἑαυτῷ
1712 5249 1891 5324 γνούς.

247 5323 325 5413 At
350 5323 529 5413 editio
564 5324 751 5389 Paris.
787 5334 845 5387 et
875 5324 1020 5405 Reg.
1055 5334 1256 5387 sextus
1287 5326 1569 5389 secundis
1620 5330 1781 5390 curis
1836 5328 1894 5384 ὲν
1995 5323 2000 5324 ί
2060 5326 2181 5413 (90)
2216 5329 2364 5405 Reg.
2393 5333 2636 5413 quartus
2681 5323 3049 5413 προσδεομένῳ

248 5404 416 5476 ἑαυτῷ
447 5404 520 5466 δὲ,
968 5399 994 5405 ν

1986 5399 2117 5467 vero
2153 5399 2479 5484 Regfseiti
2512 5411 2797 5483 scriptum
2858 5401 3154 5484 invenitur
3220 5399 3619 5484 προξδεόμενοι,

327 5486 445 5570 (88)
475 5483 636 5570 Editi
661 5495 718 5546 et
739 5503 879 5546 mss.
910 5485 1409 5570 aliquotix-Léné.
1442 5488 1559 5570 Alii
1585 5497 1705 5570 tres
1736 5506 1881 5570 mss.

1986 5480 2355 5570 Statiquveg.
2384 5480 2792 5570 quartus—cum
2833 5483 2998 5546 Colb.
3042 5489 3248 5570 quarto
3309 5480 3623 5570 δικαστήρια

242 5562 483 5649 ἐκχέετε.
513 5564 737 5649 Ibidem
773 5577 975 5649 nostra
1005 5561 1186 5649 editio
1216 5561 1401 5649 Paris.
1440 5568 1721 5649 ἀμήχανόν
1774 5569 1882 5625 ἐστι

1986 5570 2056 5649 gi
2085 5572 2150 5623 τὰ
2180 5561 2417 5647 ἀρχέῖαξ
2439 5566 2596 5627 Editi
2622 5581 2762 5625 aero
2794 5581 2929 5624 cum
2961 5561 3160 5623 muztis
3194 5579 3338 5623 mss.
3412 5561 3502 5617 καὶ
3558 5561 3620 5616 τὸ

240 5646 301 5701 τὸ
332 5647 666 5727 χωρητικοὺς
697 5644 1057 5721 ὑμᾶςΈιάίίίο
1086 5664 1225 5709 vero
1271 5648 1448 5710 Basil.
1479 5644 1619 5712 θοι]ὶῇ
1681 5649 1883 5711 multis

1986 5648 2179 5727 ἱρχειν.

243 5720 385 5787 mss.
418 5720 483 5787 ut
511 5725 572 5787 in
603 5720 909 5788 contextu.
2004 5720 2175 5806 "('9l)
2206 5724 2529 5790 Coldertini
2561 5732 2809 5806 quartus
2840 5731 2898 5786 et
2927 5725 3172 5804 quintus
3194 5721 3403 5795 ἑκάστῳ
3437 5720 3618 5797 ἡμῶν.
