4106 6382
444 205 567 274 483
1802 203 1861 266 S.
1915 205 2099 267 BASIJ

2241 202 2487 269 MAGNI
3714 201 3832 268 484

445 355 570 421 nat,
601 346 744 408 talia
775 352 833 407 et
857 351 1040 406 metet
1065 342 1450 407 “.Czeterum
1483 344 1535 405 si
1575 342 1718 423 quid
1744 342 1920 402 etiam
1958 340 2098 401 boni

2201 340 2411 407 τωντιὶν
2455 339 2858 418 ἀντιμέτρησιν.
2915 341 3024 398 Οἷα
3072 341 3172 420 γὰρ
3201 341 3398 419 σπείρει
3434 339 3682 420 ἕκαστος,
3714 364 3834 397 τοι-

443 437 624 500 abste
649 443 1051 516 perpetratum
1076 433 1751 509 est,remuuerationem
1788 430 2092 511 praestolav

2201 437 2309 486 ιῦτα
2362 431 2451 486 καὶ
2491 430 2706 505 θερίσει.
2775 431 2870 488 Καὶ
2917 431 3096 504 μέντοι
3171 433 3260 486 καὶ
3316 427 3372 486 εἷ’
3419 453 3469 486 τι
3529 431 3636 487 τῶν
3686 431 3832 507 ἀγα-

444 546 510 588 re
540 525 642 587 illo
674 524 847 604 longe
868 524 1178 603 majorem.
1218 523 1375 596 Quia
1413 532 1476 584 tu
1517 522 1732 584 reddes
1763 522 2096 600 unicuique

2201 525 2282 575 ἐῶν
2326 519 2623 597 πέπρακταί
2674 541 2778 592 σοι,
2839 521 3098 580 κάκεὶνων
3129 518 3354 598 ἐκδέχου
3399 519 3834 584 πολλαπλασίους

436 617 618 697 juxta
651 601 835 695 opera
863 601 998 676 suo.
1034 612 1226 693 Hujus
1256 617 1566 674 seuteutize
1598 613 1646 672 si
1696 629 1804 689 per
1852 628 2092 672 omnem

2201 610 2274 673 ῖὰς
2333 608 2654 671 ἀντιδόσεις.
2709 601 2845 667 ’Ὁτι
2905 611 2967 664 σὺ
3049 608 3345 672 ἀποδώσεις
3422 610 3630 684 ἑκάστῳ
3701 611 3839 666 κατὰ

446 717 606 768 tuam
632 705 811 766 vitam
844 701 1409 777 memineris,multa
1437 703 1660 781 poteris
1686 701 1868 761 vitare
1891 718 2095 778 pecca-

2201 699 2242 754 τὰ
2294 697 2423 774 ἔργα
2496 700 2676 757 αὐτοῦ.
2761 700 2968 766 Ταύτης
3049 699 3392 774 μεμνημένος
3460 701 3602 778 παρὰ
3662 701 3837 755 πάντα

447 804 505 858 ta
535 817 551 860 :
586 795 648 856 iu
679 793 914 857 Christo
946 793 1090 856 Jesu
1124 791 1379 854 Domino
1430 800 1658 870 nostro,
1684 791 1777 852 cui
1815 790 2007 868 gloria
2041 796 2099 849 et

2201 811 2273 844 που
2338 787 2430 866 (6)
2485 791 2575 844 τὸν
2617 791 2728 866 βίον
2771 790 2870 856 τῆς
2921 789 3267 868 ἀποφάσεως,
3310 787 3508 865 δυνήσῃ
3566 789 3631 844 τὰ
3662 788 3840 846 πολλὰ

445 884 766 966 imperium
797 882 861 943 iu
892 881 1109 945 saecula
1133 881 1513 944 saeculorum.
1541 881 1760 942 Amen.

2179 879 2286 934 τῶν
2347 880 2753 956 ἁμαρτημάτων
2819 879 3121 958 διαφυγεῖν,
3169 879 3223 934 ἐν
3276 883 3485 958 Χριστῷ
3531 876 3711 944 Ἰησοῦ
3759 885 3839 954 τῷ

451 978 623 1055 Κυρίῳ
651 978 832 1054 ἡμῶν,
863 974 907 1048 ᾧ
957 975 984 1040 ἧ
1018 970 1140 1037 δόξα
1165 973 1253 1028 καὶ
1297 971 1356 1026 τὸ
1387 972 1580 1049 κράτος
1607 973 1679 1036 εἰς
1709 972 1829 1034 τοὺς
1863 972 2058 1032 αἰῶνας
2091 977 2196 1026 τῶν
2229 968 2459 1028 αἰώνων.
2487 967 2690 1041 Ἀμήν,

911 1237 984 1300 ΙΝ
1029 1236 1388 1303 PSALMUM
1435 1235 1640 1301 CXIV.

531 1335 558 1394 l
576 1328 955 1397 .Jamdudum
969 1339 1255 1408 occupato
1283 1330 1394 1390 hoc
1414 1346 1586 1390 sacro
1609 1330 1923 1407 Martyrum
1948 1336 2091 1389 tem-

452 1423 614 1506 plo,a
642 1417 840 1481 media
869 1423 1043 1479 nocte
1071 1419 1142 1478 ad
1169 1420 1325 1479 hanc
1356 1436 1544 1496 usque
1566 1416 1878 1478 meridiem
1907 1415 2095 1477 Deum

452 1520 800 1591 martyrum,
835 1508 974 1569 dum
1034 1507 1323 1568 adventus
1374 1515 1575 1567 noster
1628 1514 2096 1586 exspectaretur,

449 1600 690 1682 hymnis
705 1597 938 1678 placare
953 1594 1352 1674 perrexistis.l
1361 1604 1535 1674 taque
1551 1593 1716 1654 vobis
1736 1605 1941 1671 parata
1955 1612 2082 1654 mer

2538 1247 2643 1295 ΕΙΣ
2695 1248 2824 1298 TON
2875 1237 3002 1296 PIA'
3054 1245 3343 1296 ΨΑΛΜΟΝ
3391 1238 3496 1310 (7).

2263 1335 2320 1390 l.
2388 1332 2556 1388 Πάλαι
2615 1331 3113 1412 προκαταλαϐόντες
3158 1335 3250 1388 τὸν
3311 1334 3450 1394 ἱερὸν
3502 1340 3679 1390 τοῦτον
3732 1339 3837 1390 τῶν

2185 1424 2470 1501 Μαρτύρων
2501 1425 2693 1487 σηκὸν,
2731 1422 2790 1478 ἐκ
2823 1423 2994 1498 μέσης
3051 1426 3239 1485 νυκτὸς
3271 1428 3358 1478 τὸν
3393 1425 3522 1478 Θεὸν
3552 1428 3657 1478 τῶν
3693 1444 3836 1500 μαρ-

2184 1515 2348 1592 τύρων
2408 1510 2498 1567 διὰ
2547 1519 2653 1567 τῶν
2710 1511 2887 1586 ὕμνων
2949 1511 3328 1592 ἐξιλεούμενοι,
3393 1510 3834 1590 διεκαρτερήσατε

2183 1604 2347 1682 μέχρι
2387 1601 2483 1668 τῆς
2542 1601 2876 1680 μεσημϐρίας
2929 1606 3148 1676 ταύτης,
3211 1605 3309 1669 τὴν
3357 1602 3618 1681 ἡμετέραν
3666 1599 3836 1665 ἄφιξιν

451 1710 553 1756 cea
582 1686 804 1768 est,qui
823 1694 1144 1768 martyrum
1185 1686 1500 1758 honorem,
1531 1684 1760 1764 Deique
1789 1685 2014 1745 cultum
2040 1692 2099 1745 et

2201 1691 2554 1766 ιναμένοντες.
2620 1691 2783 1766 Ὑμῖν
2830 1692 2927 1758 μὲν
2989 1695 3075 1748 οὖν
3131 1693 3219 1749 καὶ
3276 1693 3438 1748 ὕπνου
3475 1694 3560 1747 καὶ
3603 1691 3832 1747 ἀναπαύ·

451 1796 661 1844 somno
695 1783 752 1837 et
781 1774 965 1853 quieti
1001 1775 1399 1854 praetuleritis.
1445 1774 1614 1846 Quod
1647 1774 1698 1834 si
1730 1794 1880 1854 opus
1909 1785 1999 1836 est
2035 1782 2097 1836 ut

450 1876 718 1932 nostram
733 1866 996 1944 ipsorum
1009 1863 1421 1926 defensionem
1438 1864 2095 1942 suspiciamus,causam

452 1977 557 2024 cur
579 1973 775 2018 moras
804 1953 1364 2034 interposuerimus,
1399 1971 1620 2032 vosque
1652 1954 2100 2016 deseruerimus

452 2043 922 2117 diutius,dicturi
955 2062 1167 2106 sumus
1195 2062 1209 2104 :
1245 2043 1404 2124 quod
1437 2043 1685 2104 alteram
1717 2044 1858 2105 huic
1893 2062 2098 2122 parem

452 2139 562 2206 Dei
589 2133 1056 2201 ecclesiammou
1085 2133 1374 2195 mediocri
1397 2132 1714 2194 intervallo
1737 2151 1770 2193 a
1791 2133 1957 2195 vobis
1979 2133 2102 2192 dis-

444 2222 1413 2312 juuctam,admiuistrautes,istud
1433 2221 1552 2283 dici
1570 2223 1824 2303 spatium
1853 2224 1911 2284 in
1933 2223 1987 2284 id
2015 2224 2101 2284 in-

452 2313 1064 2398 sumpserimus.Cum
1096 2312 1276 2392 igitur
1309 2313 1584 2374 tribuerit
1609 2314 1917 2388 Dominus,
1948 2321 2012 2374 ut
2042 2321 2101 2376 et

452 2409 610 2491 apud
644 2407 777 2468 illos
797 2402 1168 2483 impleverim
1195 2401 1615 2478 ministerium,
1649 2422 1757 2464 nec
1784 2403 1896 2464 sim
1930 2423 1964 2464 a
1993 2421 2097 2464 ve-

456 2507 577 2562 stra
605 2494 887 2559 charitate
915 2491 1496 2568 frustratus,mecum
1533 2492 1796 2571 largitori
1827 2493 2096 2554 beneﬁco

455 2588 672 2670 gratias
700 2583 982 2663 agite,qui
1001 2582 1155 2670 hanc
1179 2599 1356 2662 quam
1384 2580 1595 2644 videtis
1616 2585 1885 2662 corporis
1911 2581 2098 2644 nostri

451 2669 820 2745 debilitatem
842 2669 1124 2732 invisibili
1148 2689 1255 2733 sua
1279 2670 1540 2751 potentia
1565 2671 2000 2734 levavit.Porro
2026 2689 2100 2732 ne

458 2767 677 2832 diutius
706 2761 965 2827 detentis
986 2760 1161 2824 vobis
1184 2761 1375 2822 simus
1401 2761 1656 2823 molesti:
1690 2761 1788 2822 ubi
1826 2780 2012 2840 pauca
2031 2780 2102 2822 ex

2182 1803 2317 1843 σεως
2374 1782 2474 1848 τὴν
2529 1783 2600 1844 εἷς
2649 1782 2775 1844 τοὺς
2809 1783 3079 1858 μάρτυρας
3125 1785 3288 1856 τιμὴν
3337 1783 3420 1837 καὶ
3452 1783 3547 1849 τὴν
3581 1788 3674 1837 τοῦ
3703 1780 3837 1837 Θεοῦ

2182 1870 2428 1945 λατρείαν
2457 1877 2811 1948 προτιμῶσι-ο,
2850 1870 3064 1946 ἕτοιμος
3117 1874 3143 1927 ὁ
3195 1870 3404 1946 μισθός,
3443 1872 3498 1928 Εἰ
3531 1869 3585 1925 δὲ
3618 1869 3703 1926 δεῖ
3749 1872 3838 1926 καὶ

2182 1960 2322 2032 ἡμᾶς
2343 1959 2472 2033 ὅπερ
2530 1960 2686 2033 ἡμῶν
2743 1962 2915 2016 αὖτών
2981 1959 3447 2039 ἀπολογήσασθαι,
3482 1960 3582 2027 τῆς
3628 1959 3836 2036 διατρι-

2183 2046 2282 2114 ϐῆς
2314 2046 2488 2105 ἕνεκεν
2520 2050 2605 2104 καὶ
2639 2049 2734 2116 τῆς
2763 2050 2848 2105 ἐπὶ
2885 2048 3141 2106 πλεῖστον
3169 2049 3508 2124 ἀπολείψεως
3541 2050 3691 2124 ὑμῶν
3728 2047 3835 2126 (8),

2184 2137 2403 2213 ἐροῦμεν
2448 2139 2545 2206 τὴν
2590 2137 2778 2215 αἰτίαν,
2841 2137 2920 2194 ὅτι
2980 2138 3151 2206 ἄλλην
3213 2140 3473 2214 ὁμότιμον
3534 2145 3699 2214 ταύτῃ
3745 2146 3840 2195 τοῦ

2187 2235 2316 2283 Θεοῦ
2388 2227 2676 2293 ἐκκλησίαν
2752 2230 3177 2309 οἰκονομοῦντες,
3284 2231 3376 2286 οὐκ
3468 2227 3633 2306 ὀλίγῳ
3701 2231 3836 2307 πρὸς

2183 2319 2316 2392 ὑμᾶς
2352 2316 2696 2396 διεργομένην
2753 2327 2828 2390 τῷ
2881 2318 3230 2398 διαστήματι,
3283 2322 3372 2375 τὸν
3402 2322 3601 2399 χρόνον
3651 2322 3840 2375 τοῦτον

2180 2410 2276 2473 τῆς
2303 2408 2506 2486 ἡμέρας
2540 2408 3019 2482 καταναλώσαμεν,
3060 2407 3211 2466 Ἐπεὶ
3268 2409 3359 2465 οὖν
3401 2407 3596 2466 ἔδωκεν
3642 2412 3670 2466 ὁ
3729 2413 3837 2468 Κύ-

2182 2521 2289 2573 ριος
2348 2498 2608 2560 κάκείνοις
2667 2497 2948 2573 πληρῶσαι
3015 2504 3114 2566 την
3191 2500 3547 2578 λειτουργίαν,
3610 2503 3698 2557 καὶ
3756 2501 3836 2576 μὴ

2182 2586 2494 2664 διαμαρτεῖν
2554 2593 2653 2654 τῆς
2683 2588 2940 2666 ὑμετέρας
2972 2589 3210 2666 ἀγάπης,
3247 2589 3476 2646 ἀπόδοτε
3523 2587 3642 2664 μεθ’
3673 2593 3835 2664 ἡμῶν

2182 2678 2281 2743 τὴν
2311 2678 2649 2755 εὖχαριστίαν
2695 2685 2770 2751 τῷ
2805 2676 3072 2756 εὐεργέτῃ,
3134 2685 3210 2751 τῷ
3258 2685 3357 2745 τὴν
3383 2678 3667 2755 ὁρωμένην
3699 2680 3838 2736 ταύ-

2184 2789 2285 2833 την
2343 2776 2435 2823 τοῦ
2493 2766 2761 2841 σώματος,
2799 2769 2959 2840 ἡμῶν
3011 2766 3282 2824 ἀσθένειαν
3326 2770 3392 2836 τῆ
3425 2768 3636 2846 ἀοράτῳ
3683 2771 3842 2825 αὐτοῦ

456 2878 528 2923 eo
563 2855 790 2938 psalmo
812 2869 990 2934 quem
1014 2868 1118 2911 vos
1137 2861 1424 2912 canentes
1444 2851 2099 2931 deprehendimus,-’lis-

2201 2855 2403 2930 δυνάμει
2437 2862 2888 2934 χειραγωγοῦντι,
2921 2854 3014 2918 ἰὶς
3049 2856 3110 2911 ἂν
3147 2855 3200 2912 δὲ
3236 2859 3310 2932 μὴ
3343 2857 3428 2914 ἐπὶ
3462 2857 3653 2915 πλεῖον
3673 2880 3842 2934 παρα-

458 2946 925 3018 seruerimus,ac
953 2939 1138 3001 verbo
1159 2940 1558 3002 consolatorio
1586 2959 1691 3020 pro
1728 2940 1950 3001 nostris
1970 2940 2099 3002 viri-

2201 2946 2514 3024 κατέχοντες
2545 2947 2680 3018 ὑμᾶς
2711 2945 2972 3024 ἀνιῶμεν,
3016 2947 3225 3026 βραχέα
3283 2947 3337 3013 εξ
3369 2951 3430 3003 οὗ
3473 2945 3842 3023 κατελάϐομεν

457 3038 569 3102 bus
583 3033 916 3118 paverimus
927 3036 1148 3091 vestras
1161 3029 1672 3107 auimas,siugulos
1685 3031 1755 3091 ad
1772 3029 2099 3092 habendam

2201 3034 2451 3109 ᾇδομένου
2480 3036 2612 3109 ὑμῖν
2641 3034 2856 3110 ψαλμοῦ
2893 3033 3286 3114 διαλεχθέντες,
3340 3039 3426 3095 καὶ
3458 3041 3536 3112 τῷ
3567 3037 3712 3115 λόγῳ
3742 3043 3842 3106 τῆς

458 3125 732 3208 corporis
751 3139 952 3186 curam
989 3118 1546 3190 dimittemus.Quid
1581 3119 1759 3199 igitur
1793 3128 1923 3182 erat
1952 3119 2099 3200 quod

2201 3123 2585 3201 παρακλήσεως
2641 3125 2777 3180 κατὰ
2821 3127 2919 3191 την
2977 3133 3276 3194 προσοῦσαν
3301 3127 3438 3201 ἡμῖν
3483 3124 3704 3202 δύναμιν
3749 3128 3842 3194 τὰς

458 3239 493 3282 a
513 3207 684 3278 vobis
712 3210 1066 3275 cauebatur?
1097 3210 1315 3272 VERSJ
1335 3207 2099 3290 .Dilexi,inquit,quoniam

2201 3214 2377 3292 ψυχὰς
2421 3214 2566 3287 ὑμῶν
2626 3213 2936 3291 θρέψαντες,
3000 3214 3086 3270 ἐπὶ
3113 3216 3210 3282 τὴν
3241 3225 3333 3274 τοῦ
3362 3215 3614 3290 σώματος
3645 3217 3842 3291 ἒπιμέε·

461 3299 1045 3372 εωαιιάὶειοοηιὶηιιε
1058 3317 1260 3361 vocem
1273 3301 1581 3362 orationis
1600 3299 1904 3362 meaei‘lon
1919 3299 2099 3378 cujus

2201 3302 2344 3359 λειαν
2401 3300 2622 3360 ἕκαστον
2654 3302 2986 3384 διαφήσ)μεν
3049 3304 3150 3381 (9).
3211 3307 3270 3362 Τί
3313 3305 3484 3362 τοίνυν
3529 3305 3596 3372 ἧν
3629 3307 3689 3361 τὸ
3713 3303 3843 3378 ᾀδό-

464 3397 552 3459 vis
577 3393 910 3458 estdicere:
941 3387 1179 3458 Dilexz‘;
1202 3389 1308 3450 sed
1344 3388 1498 3468 ejus,
1536 3388 1639 3469 qui
1654 3389 1778 3467 jam
1813 3388 2099 3468 perfectus

2201 3412 2408 3471 μενονς
2484 3393 2798 3471 Ἤγάπησα,
2883 3395 3062 3473 φησίν,
3144 3392 3223 3450 ὅτι
3295 3395 3660 3451 εἰσακούσεται
3736 3396 3844 3453 Κύ-

465 3496 581 3572 οει,
601 3502 670 3546 ac
701 3478 1000 3572 servitutis
1033 3477 1307 3572 timorem
1343 3479 1992 3572 transgrediturmtque
2017 3479 2090 3540 ad

2201 3504 2310 3561 ριος
2373 3482 2469 3549 τῆς
2544 3483 2724 3561 φωνῆς
2801 3486 2898 3550 τῆς
2971 3483 3204 3552 δεήσεως
3282 3506 3406 3559 μου,
3507 3487 3578 3543 O6
3651 3488 3845 3552 παντός

465 3566 1014 3657 οριῖοηὶεερίιδὶιυιῐι
1035 3567 1295 3648 adeptus
1310 3566 1500 3630 est.Et
1521 3568 1760 3648 quidem
1779 3588 1911 3629 cum
1946 3569 2094 3630 dixit

2203 3572 2343 3628 ἐστιν
2387 3573 2559 3628 εἰπεῖν
2618 3575 2703 3652 τὸ,
2772 3570 3082 3650 Ἠγάπησα,
3136 3572 3272 3628 ἀλλὰ
3322 3583 3416 3632 106
3476 3573 3845 3649 τελειουμὲνου

465 3666 824 3738 Dileximou
846 3657 1348 3739 apposuit,quem;
1375 3657 1483 3719 sed
1502 3658 1915 3728 subaudimus.
1932 3659 2099 3720 Deum

2207 3660 2327 3742 (10)
2361 3660 2464 3729 ἤδη
2523 3665 2610 3718 καὶ
2652 3659 3055 3740 ὑπερϐαίνοντος
3086 3664 3175 3717 τὸν
3207 3668 3304 3729 τῆς
3355 3661 3589 3727 δουλείας
3651 3661 3831 3741 φόϐον,

459 3748 1091 3820 universorum.Quod
1115 3753 1274 3809 enim
1313 3748 1552 3828 proprie
1581 3747 1840 3809 amabile
1873 3749 2099 3828 est,h0(

2201 3754 2283 3808 καὶ
2336 3751 2388 3808 ἐν
2443 3756 2519 3823 τῷ
2576 3753 2835 3826 πνεύματι
2908 3751 3195 3827 γενομένου
3263 3757 3364 3816 τῆς
3423 3752 3701 3816 υἱοθεσίας.
3771 3755 3844 3809 06

459 3847 618 3910 Deus
637 3837 1236 3921 est;quaudoquidem
1261 3836 1517 3899 amabile
1543 3837 1600 3897 id
1625 3855 1760 3901 esse
1791 3838 2099 3912 deﬁniunt,

2201 3843 2503 3920 πρόσκειται
2550 3841 2647 3915 μὲν
2697 3843 2785 3897 οὖν
2827 3848 2926 3913 τῷ,
2992 3840 3304 3916 Ἦγάπησα,
3353 3843 3438 3918 τὸ,
3485 3841 3622 3894 τινα·
3659 3861 3835 3916 προσ-

461 3933 621 4016 quod
649 3929 854 3992 omnia
883 3935 1191 4006 expetunt.
1219 3929 1447 4016 Bonum
1478 3935 1676 4016 autem
1711 3934 1803 3990 est
1837 3929 2015 4002 Deus,
2052 3941 2099 3989 ei

2201 3933 2512 3987 υπακούεται
2558 3928 2612 3984 δὲ
2670 3928 2794 4006 παρ’
2845 3930 2999 4002 ἡμῶν
3036 3928 3139 4003 ὅτι,
3186 3930 3277 3984 τὸν
3338 3931 3467 3984 Θεὸν
3512 3933 3618 3983 τῶν
3675 3928 3839 3992 ὅλων,

463 4015 814 4107 primum,et
841 4015 1889 4107 bonorum-perfectissimum.Ipsum
1927 4018 2099 4095 igitur

2201 4022 2265 4076 Τὸ
2297 4021 2396 4095 γὰρ
2427 4019 2616 4094 κυρίως
2646 4017 2947 4093 ἀγαπητὸν,
2982 4019 3008 4071 ὁ
3061 4019 3188 4078 Θεὸς
3226 4032 3239 4045 ⁸
3299 4016 3586 4096 ἐπειδήπερ
3617 4019 3843 4096 ἀγαπη-

462 4105 1592 4192 ἂὶιθιὶ,1)θιιῐη,θοιοιιῐη(ιυίεόεεὶἀετετί
1611 4116 2105 4186 possunt,supre-
2188 4109 2278 4161 τὸν
2311 4107 2568 4182 ὁρίζονται
2601 4105 2768 4184 εἶναι,
2817 4107 2876 4160 οὗ
2926 4106 3097 4163 πάντα
3132 4105 3352 4184 ἐφίεται,
3417 4107 3647 4184 Ἀγαθὸν
3693 4107 3747 4164 δὲ
3816 4105 3846 4165 ὁ.

465 4219 656 4278 mum;
685 4206 865 4278 atque
899 4212 1001 4274 pro
1031 4214 1102 4256 eo
1133 4195 1240 4256 has
1287 4195 1699 4258 aiﬂictationes
1722 4214 1856 4257 cum
1891 4195 2099 4273 gaudio

2201 4196 2316 4256 θεὸς
2351 4194 2501 4270 (11),
2531 4195 2616 4249 καὶ
2645 4200 2853 4271 πρῶτον
2906 4197 2992 4250 καὶ
3047 4194 3379 4253 τελειότατον
3441 4201 3547 4253 τῶν
3593 4198 3829 4276 ἀγαθῶν.

464 4290 772 4372 amplexus
802 4283 1109 4357 sum.Quze
1136 4297 1336 4347 autem
1370 4287 1489 4347 sint
1524 4283 1820 4364 lize,paulo
1843 4293 1976 4363 post
2007 4303 2099 4344 re-

2201 4284 2354 4339 διῦτόν
2409 4304 2466 4339 τε
2511 4282 2600 4338 οὖν
2651 4284 2912 4362 ἠγάπησα
2969 4288 3058 4342 τὸν
3115 4287 3268 4366 Θεὸν,
3301 4292 3406 4343 τῶν
3437 4287 3667 4364 ὀρεκτῶν
3704 4286 3834 4344 ὅντα

463 4371 990 4446 censet.Nimirum
1022 4383 1450 4437 commemorat
1479 4375 1720 4436 dolores
1753 4373 1986 4445 mortis,
2023 4373 2099 4433 in-

2201 4374 2253 4430 τὸ
2310 4371 2563 4453 ἔσχατον,
2616 4376 2704 4430 καὶ
2746 4376 2812 4430 τὰ
2855 4375 2984 4454 ὑπὲρ
3014 4378 3171 4433 αὑτοῦ
3213 4374 3504 4449 παθήματα
3537 4378 3671 4452 μετὰ
3725 4401 3838 4458 χα-

545 4503 598 4552 41
634 4497 762 4563 Gal.
797 4511 880 4578 Vi,
906 4500 966 4558 8.

476 4620 778 4686 Terminos
806 4635 950 4696 quos
974 4623 1308 4696 posuerunt
1333 4625 1537 4697 patres
1586 4618 1679 4678 tui
1718 4633 1860 4678 esne
1885 4623 2101 4697 trans-

463 4705 736 4784 gressus?
761 4695 1031 4784 Sedvim
1061 4695 1382 4784 verborum
1416 4716 1535 4784 non
1554 4699 1698 4758 satis
1730 4695 1984 4784 exprimi
2013 4713 2106 4757 re-

465 4777 559 4847 cte
589 4789 649 4844 et
679 4798 818 4842 vere
869 4777 1160 4847 judicavit
1210 4778 1651 4840 eruditissimus
1702 4778 1792 4837 vir
1829 4777 2098 4839 Duczeus.

466 4863 702 4926 Etenim
732 4858 897 4922 aliud
931 4867 1018 4920 est
1050 4858 1272 4919 limites
1300 4860 1455 4938 agris
1490 4859 1706 4938 positos
1741 4858 1865 4918 loco
1891 4875 2068 4938 move

467 4963 557 5016 re,
591 4941 750 5004 aliud
775 4939 1019 5002 eosdem
1050 4937 1502 5000 deambulando’
1525 4937 1999 5013 transgredi.Hic
2025 4939 2111 4998 vi-

471 5025 615 5087 dere
644 5031 734 5084 est
764 5021 825 5083 in
857 5020 1124 5083 editione
1158 5020 1476 5080 Parisiensi
1509 5019 1721 5079 multas
1746 5019 2115 5097 interrogan-

469 5107 530 5168 di
563 5113 736 5166 uotas
771 5155 781 5174 ,
815 5105 921 5164 sed
953 5118 1086 5161 cum
1113 5099 1308 5160 absint
1336 5117 1372 5160 a
1406 5117 1546 5161 mss.
1581 5100 1822 5179 nostris,
1857 5119 1958 5161 eas
1987 5101 2104 5162 de-

467 5186 675 5249 lendas
698 5181 1062 5244 censuimus.

552 5267 634 5345 (6)
669 5260 994 5326 Colbertiui
1025 5260 1251 5345 primus
1277 5267 1342 5345 e_t_
1363 5268 1565 5345 sextus
1582 5262 2110 5345 cumﬁegquarto

468 5339 640 5404 πέντά
672 5368 786 5405 σου.
822 5345 1002 5405 Deest
1030 5362 1122 5396 σου
1155 5339 1214 5398 in
1250 5339 1428 5399 editis
1460 5349 1519 5400 et
1554 5341 1613 5400 in
1644 5341 1778 5402 aliis
1809 5339 1953 5402 mss.

548 5426 636 5504 ('7)
661 5423 859 5486 Prima
879 5419 1103 5504 psalmi
1121 5419 1328 5492 verba,
1355 5421 1773 5504 ’Hyinr.01,_'0'1t
1797 5425 2106 5504 eis-1x063:-

465 5502 1335 5583 ταιΚύριος,1)ίιεζ.τὶ,ᾳιιοηξαηι
1353 5502 1644 5563 exaudiet
1667 5502 1981 5583 Dominus,
2015 5502 2103 5562 le-

467 5579 688 5668 guntur
718 5579 1070 5668 iu'editione
1101 5580 1418 5642 Parisieusi
1454 5602 1466 5644 :
1519 5583 1624 5668 sed
1650 5589 1716 5668 et
1746 5583 1804 5642 in
1839 5582 2104 5668 editione

463 5660 646 5731 Basil.
680 5673 740 5725 et
767 5669 828 5723 in
859 5660 1077 5723 nostris
1102 5680 1311 5724 novem
1347 5660 1935 5726 mss.desiderautur.
1963 5661 2100 5726 Sta-

465 5747 570 5816 tim
601 5746 733 5830 ipso
787 5740 958 5806 initio
1009 5741 1152 5805 editi
1206 5743 1718 5822 προκαταλαϐόντος.
1777 5743 1854 5805 ΔΙ,
1909 5743 2099 5806 codex

2190 4614 2460 4697 Contbej'.
2484 4625 2551 4697 et
2583 4616 2682 4678 alii
2711 4624 2846 4697 octo
2871 4614 3226 4697 simpliciter
3256 4615 3678 4682 καταλαϐόντες.

2275 4695 2359 4775 (8)
2396 4694 2723 4780 Colbertiui
2755 4694 3002 4780 tertius,
3026 4700 3296 4778 quintus,
3329 4703 3534 4759 sextus
3557 4697 3841 4780 etisepti-

2190 4793 2324 4857 [πως
2350 4795 2518 4857 aeque
2541 4796 2610 4839 ac
2634 4776 2796 4857 Regii
2823 4776 3065 4857 quartus
3097 4787 3154 4839 et
3185 4786 3385 4838 sextus
3409 4797 3546 4841 cum
3573 4776 3839 4841 editione

2189 4855 3341 4938 Parisa’zizolsixyewcmmigderelictionis
3369 4868 3606 4922 vestrae.
3639 4859 3838 4922 Editio

2196 4954 2334 4999 vero
2367 4938 2544 5000 Basil.
2571 4948 2628 5000 et
2660 4938 3026 5018 Reg.tertius
3057 4940 3393 5015 ἀπολείψεως
3428 4939 3838 5020 ἡμῶν,αὒ.ςεη-

2198 5023 2294 5079 τίω
2323 5028 2566 5083 nostrae.

2281 5100 2363 5179 (9)
2389 5099 2596 5161 Nostra
2630 5099 2815 5161 editio
2850 5101 3106 5163 Paris.et
3138 5101 3254 5161 duo
3289 5118 3429 5164 mss.
3467 5100 3834 5179 διαιρήτωμεν.

2197 5180 2312 5244 Alii
2345 5187 2597 5260 quatuor
2623 5199 2770 5242 mss.
2814 5179 3160 5260 διαφήσομεν,

2277 5258 2394 5330 (lli)
2433 5261 2759 5323 Colbertini
2813 5258 3040 5340 primus
3097 5270 3156 5323 et
3195 5264 3482 5342 septimus
3511 5265 3602 5315 τοῦ
3630 5258 3840 5313 τελείου

2193 5344 2378 5417 μόνου.
2415 5342 2584 5404 Coll).
2620 5350 2864 5422 quartus
2894 5349 2986 5422 τοῦ
3007 5343 3441 5417 τετελειωμένον,

2275 5423 2592 5502 (ll)Colb.
2638 5416 2875 5502 primus
2925 5421 3138 5500 Ἀγάπη
3184 5416 3296 5478 ὀὲό
3328 5416 3672 5502 eeo;._Editi
3702 5435 3838 5478 cum

2189 5503 2322 5566 aliis
2355 5499 2498 5565 mss.
2534 5499 2760 5580 Ἀγαθὸν
2810 5501 2863 5558 δὲ
2913 5507 2939 5559 ὁ
3001 5499 3146 5569 Θεός.
3199 5506 3328 5563 Mox
3383 5499 3551 5564 Colb.
3587 5508 3841 5572 quartus

2191 5585 2648 5642 καὶτελεώτατον.
2702 5582 2966 5644 Subinde
2996 5583 3152 5643 idem
3200 5582 3386 5644 codex
3414 5584 3480 5640 τὰ
3510 5580 3643 5652 ὑπὲρ
3679 5582 3840 5639 αὒτοὺ

2191 5667 2336 5732 πάθη
2347 5714 2360 5727 .
