4106 6378
413 231 532 296 487

1769 234 1828 295 S.
1882 233 2154 294 BASILII
2198 235 2449 298 MAGNI

3672 229 3792 295 488

414 367 638 448 inquit,
659 367 874 429 diebus
893 368 1042 428 meis
1064 366 1378 429 invocabo.
1407 364 1636 428 Deinde
1669 375 1730 425 ut
1772 385 1846 426 ne
1868 369 2044 429 Deum

2142 371 2269 446 φησῖ
2337 375 2528 435 πάσαις
2603 371 3014 446 ἐπικαλέσομαι.
3081 374 3217 429 Εἶτα
3263 369 3356 427 ἵνα
3427 371 3503 445 μὴ
3576 369 3788 442 οἰηθῆς,

415 459 490 519 ab
522 457 650 537 ipso
705 461 1024 536 propterea
1081 457 1419 517 invocatum
1484 457 1664 516 fuisse
1722 456 2049 532 existimes,

414 549 659 629 quodin
693 547 805 608 hac
857 545 968 606 iita
1011 545 1192 607 rebus
1239 545 1523 606 secundis
1555 555 1840 612 uteretur,
1879 545 2054 626 eique

413 655 697 718 prospere
729 637 1128 697 succederent
1159 635 1358 696 omnia
1385 655 1398 709 ;
1429 641 1626 695 narrat
1651 635 2050 696 calamitatum

412 723 904 802 magnitudinem,
941 727 1001 785 in
1041 723 1256 806 quibus
1290 725 1646 786 constitutus
1678 742 2048 803 nequaquam

409 816 664 876 nominis
689 814 791 875 Dei
822 815 1042 875 oblitus
1074 823 1180 874 est.
1210 813 1394 875 Vens.
1422 814 1481 876 3.
1508 815 2049 876 (lirc-urizdetleruut

408 923 503 966 me
533 904 715 984 enim,
750 902 964 982 inquit,
1001 904 1236 965 dolores
1263 907 1497 982 mortis,
1521 903 1796 982 pericula
1822 904 2052 978 inferni

410 996 784 1057 invenerunt
797 992 990 1053 me.Hi
1005 993 1245 1074 quidem
1262 993 1499 1053 dolores
1512 992 1753 1072 proprie
1768 1011 2055 1071 usurpan-

409 1093 504 1147 tur
521 1084 592 1144 ad
616 1082 1041 1162 signiﬁcandos
1067 1082 1368 1162 puerperii
1391 1082 1651 1156 dolores,
1681 1101 1814 1143 cum
1851 1088 2055 1142 venter

407 1175 478 1236 ad
503 1183 796 1235 tumorem
828 1191 1017 1251 usque
1043 1172 1522 1251 distentus,foras
1552 1172 1732 1232 fetum
1757 1170 2010 1250 impellit
2035 1191 2047 1230 :

407 1263 626 1326 deinde
646 1281 786 1324 vero
823 1263 952 1321 201
1007 1271 1201 1341 partes
1243 1261 1530 1339 genitales
1572 1279 1816 1342 pressae,
1843 1268 1901 1321 et
1929 1259 2051 1321 cir-

405 1373 541 1418 cum
565 1354 748 1414 t‘etum
772 1351 1243 1415 distensionibus
1265 1350 1891 1430 coutractionibusque
1920 1368 2055 1410 ner-

406 1461 613 1505 vorum
632 1441 1292 1521 dilatatae,acutissimos
1315 1441 1553 1502 dolores
1566 1440 1884 1502 etacerbos
1904 1458 2046 1500 cru-

405 1533 596 1595 ciatus
621 1530 1086 1612 parturientibus
1109 1539 1333 1592 creant.
1369 1531 1692 1591 Transtulit
1713 1538 1907 1591 autem
1936 1533 2047 1590 do-

403 1622 563 1685 lores
587 1630 788 1701 partus
811 1625 885 1683 ad
924 1620 1085 1701 ipsos
1118 1620 1292 1682 etiam
1329 1621 1536 1681 mortis
1559 1620 1825 1701 dolores,
1858 1620 1959 1700 qui
1992 1621 2049 1679 in

2141 457 2165 476 υ

2139 460 2218 514 ὅτι
2253 460 2586 540 ἐνευημερῶν
2616 470 2693 536 τῷ
2737 463 2836 538 βίῳ
2869 462 3060 540 τούτῳ,
3107 463 3196 518 καὶ
3250 461 3462 516 πάντων
3492 462 3633 533 αὖτῷ
3683 464 3788 514 τῶν

2138 551 2467 626 πραγμάτων
2549 554 2686 608 κατὰ
2758 553 2876 630 ῥοῦν
2937 552 3256 630 προϊόντων,
3329 549 3648 606 ἐπεκαλεῖτο
3697 550 3787 605 τὸν

2139 641 2290 718 Θεὸν,
2325 637 2594 718 διηγεῖται
2629 643 2690 697 τὸ
2724 641 2944 719 μέγεθος
2977 643 3082 696 τῶν
3140 644 3526 718 περιστάσεων,
3583 639 3635 694 ἐν
3692 638 3786 701 αἶς

2140 724 2262 803 (18)
2293 727 2366 784 ὢν
2398 734 2491 786 οὔκ
2521 730 2804 787 ἐπελάθετο
2835 737 2928 786 τοῦ
2949 730 3211 804 ὀνόματος
3269 737 3356 785 τοῦ
3401 735 3554 800 Θεου,
3627 735 3786 806 Περι·-

2135 815 2298 896 έσχυν
2357 821 2479 898 γὰρ,
2554 843 2643 899 με,
2719 822 2902 900 φησὶν,
2969 818 3158 880 ὠδῦνες
3262 818 3488 875 θανάτοῦ
3559 816 3786 873 κίνδυνοι

2135 904 2260 976 ᾅδου
2306 907 2524 985 εὕροσάν
2586 931 2674 984 με,
2756 912 2954 988 Κυρίως
3011 909 3106 984 μὲν
3185 911 3234 964 αἱ
3285 905 3468 971 ὠδῖνες
3522 905 3608 962 ἐπὶ
3678 912 3786 962 τῶν

2137 997 2273 1051 κατὰ
2302 999 2396 1062 τὰς
2423 1002 2641 1069 κυήσεις
2677 997 2871 1056 ὀδυνῶν
2906 1002 3002 1054 εἱσι
3027 999 3372 1076 τεταγμέναι,
3432 996 3582 1076 ὅταν,
3653 995 3785 1074 πρὸς

2141 1083 2301 1161 ὄγκον
2344 1089 2378 1154 ἡ
2410 1089 2612 1167 γαστὴρ
2643 1087 3034 1168 διεγειρομὲνη,
3097 1089 3208 1164 ὠθῇ
3268 1091 3329 1142 τὸ
3373 1084 3594 1160 ἔμϐρυον
3653 1088 3784 1162 πρὸς

2136 1175 2194 1229 τὸ
2225 1175 2325 1240 ἔξω
2356 1178 2502 1256 (19)·
2541 1179 2665 1234 εἶτα
2695 1177 2981 1253 θλιϐόμενα
3012 1180 3079 1235 τὰ
3137 1178 3423 1256 γεννητικὰ
3480 1175 3644 1255 μέρη,
3699 1186 3787 1240 καὶ

2135 1268 2535 1341 περιτεινόμενα
2593 1274 2670 1340 τῷ
2726 1269 2961 1342 κυήματι
3025 1284 3299 1342 σπασμοῖς
3352 1267 3439 1320 καὶ
3496 1263 3782 1330 συνολκαῖς

2176 1360 2200 1368 ~
2295 1357 2309 1378 9
2359 1361 2379 1370 ν
2520 1355 2560 1398 9;
2644 1359 2656 1376 r
2824 1359 2834 1373 ἱ
2969 1356 3019 1374 NI
3235 1358 3248 1376 \
3609 1352 3680 1376 7"

2134 1374 2238 1408 των
2298 1378 2440 1428 ινων,
2507 1377 2758 1421 οςυτατκς
2818 1356 3114 1434 αλγηοονας
3166 1379 3252 1414 και
3301 1354 3535 1433 δριμείας
3597 1371 3780 1420 οουνας

2135 1443 2352 1516 ἐμποιεῖ
2381 1459 2502 1510 ταῖς
2559 1448 2880 1512 τικτούσαις.
2951 1449 3257 1524 Μετήνεγκε
3316 1444 3369 1500 δὲ
3429 1446 3522 1510 τὰς
3581 1442 3779 1508 ὠδῖνας

2135 1534 2220 1588 καὶ
2253 1534 2334 1590 ἐπὶ
2367 1542 2458 1592 τοῦ
2508 1534 2731 1592 θανάτου
2788 1538 2880 1598 τὰς
2949 1535 3359 1614 περιϊσταμὲνας
3413 1538 3473 1590 τὸ
3531 1538 3666 1605 ζῶον
3724 1533 3777 1589 ἐν

2134 1629 2210 1696 τῷ
2242 1632 2486 1700 μερισμῷ
2517 1631 2614 1692 τῆς
2649 1630 2834 1706 ψυχῆς
2888 1629 2975 1682 καὶ
3007 1633 3099 1682 τοῦ
3147 1626 3422 1700 σώματος.
3471 1623 3630 1681 Οὖδέν
3688 1624 3776 1679 οὖν

401 1713 619 1774 animm
649 1721 706 1772 et
737 1711 1002 1791 corporis
1033 1711 1322 1771 divisione
1372 1709 1589 1771 animal
1622 1709 1919 1772 obsident.
1957 1710 2044 1770 Ait

2134 1735 2263 1790 φησι
2297 1714 2506 1793 μέτριον
2537 1716 2874 1789 πεπονθέναι,
2912 1715 3047 1770 ἄλλα
3083 1714 3247 1792 μέχρι
3297 1716 3385 1768 καὶ
3446 1713 3616 1769 αὒτῶν
3672 1734 3777 1768 πε-

401 1801 580 1880 igitur
602 1820 667 1863 se
695 1801 841 1861 nihil
879 1799 1180 1864 mediocre
1214 1819 1450 1880 passum
1473 1818 1626 1873 esse,
1653 1800 1772 1861 imo
1799 1819 1861 1860 se
1886 1802 2044 1880 ipsos

2132 1807 2408 1880 πειρᾶσθαι
2439 1811 2546 1860 τῶν
2572 1803 2770 1860 ὠδίνων
2829 1812 2920 1860 τοῦ
2975 1804 3221 1882 θανάτου,
3279 1805 3362 1859 καὶ
3411 1804 3484 1863 εἷς
3543 1799 3779 1858 κίνδυνον

399 1912 636 1977 quoque
666 1891 871 1954 mortis
901 1891 1138 1951 dolores
1169 1899 1476 1974 expertum
1535 1891 1736 1963 fuisse,
1763 1899 1940 1970 atque
1986 1890 2044 1950 in

2130 1897 2225 1957 τῆς
2263 1889 2606 1958 καταϐάσεως
2631 1904 2722 1953 τοῦ
2750 1892 2874 1966 ᾅδου
2906 1894 3158 1973 ἀφῖχθαι,
3215 1889 3328 1971 Ἆρ’
3389 1891 3477 1948 οὖν
3504 1893 3591 1947 καὶ
3641 1892 3776 1967 μόνα

405 1983 736 2063 periculum
752 1981 1083 2042 descensus
1101 1981 1321 2041 inferni
1341 1982 1452 2042 ded
1465 1983 1846 2044 uctum.Num
1866 1980 2044 2059 igitur

2130 1988 2292 2037 ταῦτα
2346 1983 2602 2039 πέπονθεν
2678 1983 2758 2063 ἐφ’
2819 1987 2902 2044 οἷς
2965 1983 3293 2057 σεμνύνεται,
3365 1982 3400 2050 ἢ
3461 1989 3624 2039 ταῦτα
3677 1983 3777 2056 μὲν

404 2074 528 2134 haec
549 2073 674 2133 sola
696 2071 770 2132 de
796 2069 1012 2151 quibus
1038 2070 1347 2148 gloriatur,
1373 2069 1638 2150 pertulit,
1660 2089 1792 2130 cum
1826 2070 2044 2149 alioqui

2129 2069 2395 2134 πολλάκις
2429 2075 2518 2128 καὶ
2561 2073 2830 2144 ἆκούσιας
2887 2071 3045 2132 Οὖδὲν
3103 2071 3156 2127 δὲ
3201 2078 3306 2126 τῶν
3356 2072 3777 2150 ἠναγκασμένων

399 2163 603 2224 istliaac
620 2180 775 2241 saepe
802 2179 912 2222 nec
932 2160 1262 2221 voluntaria
1283 2160 1526 2237 quidem
1552 2160 1717 2222 sint?
1744 2159 1902 2221 Nihil
1935 2178 2044 2220 au-

2129 2162 2429 2237 ἒπαινετόν,
2479 2161 2645 2218 Ἀλλὰ
2674 2162 2837 2238 βλέπε
2883 2165 2942 2219 τὸ
3005 2161 3337 2241 μεγαλοφυὲς
3371 2168 3462 2218 τοῦ
3522 2160 3775 2228 ἀθλητοῦ.

402 2261 521 2313 tem
555 2261 825 2313 coactum
859 2249 1161 2312 laudabile
1187 2257 1303 2313 est.
1338 2250 1412 2311 At
1445 2249 1576 2310 vide
1609 2249 1784 2330 hujus
1812 2249 2044 2311 athletae

2129 2248 2353 2318 Ἐπειδὴ
2428 2252 2527 2329 γὰρ
2587 2253 2880 2332 Περιέσχον
2953 2273 3019 2327 με
3079 2249 3264 2312 ὠδῖνες
3370 2251 3618 2330 θανάτου,
3688 2254 3777 2308 καὶ

399 2344 962 2420 magnanimitatem.
978 2343 1296 2416 Postquam
1322 2340 1479 2401 enim
1501 2339 2044 2402 Circumdcderu-nt

2129 2339 2349 2396 κίνδυνοι
2421 2340 2544 2412 ᾅδου
2603 2341 2817 2421 εὕροσάν
2881 2363 2970 2417 με,
3052 2348 3300 2399 τοσοῦτον
3350 2339 3590 2420 ἀπέσχον
3656 2355 3774 2405 τοῖς

394 2451 488 2494 me
507 2433 750 2494 dolores
771 2431 1002 2501 mortis,
1032 2437 1090 2492 et
1114 2430 1393 2509 pericula
1425 2430 1660 2510 inferni
1682 2433 2044 2492 invenerunt

2129 2445 2448 2510 πειρασμοῖς
2471 2432 2676 2496 τούτοις
2699 2434 3015 2511 ὑποπεσεῖν,
3053 2431 3133 2488 ὅτι
3194 2433 3280 2488 γαὶ
3323 2430 3512 2505 πολλῴ
3567 2432 3774 2487 τούτων

395 2519 1135 2603 me,tantumabfuituthis
1158 2521 1582 2582 tentationibus
1595 2519 2038 2593 succubuerim,

2129 2523 2334 2577 πλείοσι
2369 2523 2504 2577 κατὰ
2573 2523 2635 2578 τὸ
2689 2523 2928 2579 ἑκούσιον
2986 2534 3311 2598 πειρασμοῖς
3359 2521 3589 2597 ἐμαυτὸν
3633 2543 3772 2599 προ-

398 2609 651 2672 utetiam
688 2628 782 2670 me
812 2610 941 2688 ipse
973 2617 1183 2688 sponte
1209 2609 1637 2671 tentaminibns
1660 2609 1841 2670 multo
1859 2609 2035 2690 pluri-

2129 2610 2320 2685 εθὲμην
2370 2609 2518 2690 (20)·
2546 2610 2735 2686 Θλίψιν
2778 2614 2866 2668 καὶ
2919 2611 3107 2678 ὀδύνην
3139 2611 3318 2690 ὥσπερ
3377 2612 3514 2667 ἑκὼν
3563 2610 3776 2687 ἐμαυτῷ

393 2699 507 2761 bus
523 2698 1284 2780 objecerim.Alﬂictionem
1301 2699 1923 2761 etdoloremutvolens
1939 2697 2042 2760 mi-
2123 2699 2420 2780 ὲπεξεῦρον,
2456 2704 2552 2758 οὐκ
2581 2702 2838 2769 ἀκουσίως
2886 2701 2975 2759 ὑπ’
3029 2706 3199 2760 αὒτῶν
3257 2701 3619 2780 κατελήφθην.
3686 2705 3774 2760 Ἐν

393 2790 456 2852 hi
471 2790 601 2871 ipse
614 2789 1062 2870 excogitavi,ita
1078 2808 1195 2849 non
1209 2789 1428 2851 invitus
1441 2789 1512 2850 ab
1530 2789 1616 2850 eis
1629 2790 2038 2868 apprehensus

2129 2791 2223 2867 μὲν
2277 2793 2376 2869 γὰρ
2434 2804 2550 2854 τοῖς
2610 2792 2837 2848 κατόπιν
2900 2792 3130 2850 Κίνδυνοι
3187 2790 3309 2864 ᾃδου
3383 2790 3600 2866 εῧροσάν
3681 2810 3769 2868 με’

395 2878 872 2960 sumSiqnidem
892 2878 952 2940 in
972 2878 1387 2951 superioribus
1402 2879 1692 2941 Pericula
1707 2880 1931 2955 inferni
1948 2880 2041 2940 in-

2129 2884 2343 2937 ὲνταῦθα
2400 2879 2454 2936 δὲ
2527 2880 2714 2957 Θλὶψιν
2777 2884 2865 2938 καὶ
2913 2880 3100 2949 ὀδύνην
3156 2884 3324 2960 εὗρον,
3399 2880 3624 2951 Ἐπεικὴ
3675 2885 3773 2962 γὰρ

392 2979 690 3033 venerunt
703 2987 822 3043 me;
839 2968 935 3030 hic
948 2987 1087 3030 vero
1109 2967 1932 3032 Tribulationemeldolorem
1946 2970 2042 3029 in-

2129 2970 2241 3027 ἒκεῖ
2290 2968 2582 3035 ἆνενδότως
2642 2973 2786 3051 ἔχων
2846 2973 3060 3052 εὕρὲθην
3119 2972 3248 3050 πρὸς
3319 2971 3384 3027 τὰ
3456 2972 3597 3050 παρᾶ
3680 2973 3773 3030 τοῦ

391 3063 535 3123 veni
585 3059 728 3123 Cum
755 3058 914 3120 enim
944 3058 1063 3118 illic
1084 3064 1367 3120 adversus
1398 3076 1464 3119 ea
1497 3076 1630 3137 quae
1659 3057 1804 3119 mihi
1837 3077 1870 3118 a
1901 3067 2041 3119 ten-

2129 3060 2462 3139 πειρσίζοντος
2485 3062 2813 3141 ἐπαχθέντα,
2845 3061 2940 3118 ’ίνα
2967 3060 3117 3127 δείξω
3170 3063 3266 3129 τὴν
3326 3062 3628 3138 περιουσίαν
3671 3065 3771 3130 τῆς

390 3161 586 3212 tatore
615 3150 775 3211 illata
808 3157 964 3218 sunt,
996 3148 1201 3209 ﬁrmus
1227 3167 1294 3209 ac
1325 3156 1602 3210 constans
1635 3149 1906 3208 inventus
1933 3168 2036 3210 es-

2129 3152 2249 3229 πρὸς
2283 3151 2412 3205 Θεὸν
2444 3151 2683 3230 ἀγάπης,
2717 3151 3017 3230 προσέθηκα
3047 3150 3221 3227 Θλίψιν
3265 3150 3350 3207 ἐπὶ
3385 3150 3514 3231 (21)
3559 3157 3626 3220 τῆ
3655 3151 3771 3209 θλί-

391 3259 556 3302 sem:
585 3240 798 3318 adjeci,
831 3247 895 3299 ut
925 3257 1076 3300 meae
1108 3239 1168 3300 in
1209 3237 1399 3299 Deum
1455 3238 1756 3300 charitatis
1804 3238 2036 3320 copiam

2129 3252 2235 3320 ψει,
2268 3241 2354 3295 καὶ
2399 3239 2588 3307 ὀδύνην
2620 3240 2703 3297 ἐπὶ
2765 3245 2832 3317 τῇ
2863 3239 3040 3318 ὀδύνη·
3098 3242 3156 3298 οὐ
3210 3248 3278 3318 τῇ
3327 3241 3556 3316 ἐμαυτοῦ
3613 3239 3769 3298 δυνέ-

391 3329 801 3402 ostenderem,
823 3328 1118 3388 aﬂlictioni
1153 3329 1549 3405 aﬂlictionem,
1577 3327 1841 3392 etdolori
1873 3327 2039 3390 dolo-

2129 3351 2210 3405 μει
2259 3339 2364 3406 τῷν
2431 3331 2690 3409 ἀλγεινῶν
2748 3332 3294 3408 κατεπανιστάμενος,
3339 3329 3475 3386 ἀλλὰ
3524 3329 3654 3388 διότι
3713 3333 3774 3387 τὸ

391 3439 518 3483 rem
550 3443 562 3483 :
593 3439 706 3481 non
731 3418 886 3499 quod
923 3417 1070 3478 meis
1092 3418 1316 3478 viribus
1348 3418 1678 3480 obstiterim
1716 3419 1879 3480 hisce
1905 3439 2039 3479 mo-

2129 3419 2291 3496 ὀ¹νομα
2349 3421 2536 3500 Κυρίου
2592 3419 3028 3490 ὲπεκαλεσάμην.
3093 3422 3342 3479 Τοιοῦτόν
3402 3419 3514 3477 ἐστι
3571 3426 3658 3478 καὶ
3711 3423 3772 3477 τὸ

395 3509 713 3590 lestiis,sed
736 3509 889 3588 quod
924 3526 1144 3568 nomen
1183 3507 1418 3568 Domini
1441 3508 1858 3569 invocaverim.
1897 3507 2040 3569 Tale

2129 3519 2215 3566 τοῦ
2273 3509 2605 3568 Ἀποστόλου
2680 3509 2954 3588 λέγοντος“
3017 3509 3108 3568 Ἐν
3164 3513 3366 3575 τούτοις
3421 3516 3582 3567 πᾶσιν
3645 3510 3773 3590 (29)

393 3611 482 3661 est
505 3599 723 3660 etillud
745 3597 1013 3678 Apostoli
1036 3596 1291 3658 dicentis
1329 3619 1341 3655 τ
1375 3597 1447 3658 In
1477 3598 1574 3660 his
1598 3598 2040 3677 omnibusplzos

2129 3602 2485 3678 31tspvtxcbpav
2555 3598 2638 3656 διὰ
2723 3609 2816 3657 τοῦ
2929 3602 3304 3678 ἀγαπήσαντος
3385 3602 3552 3676 ἡμᾶς.
3635 3605 3772 3671 Νικᾷ

393 3707 576 3771 quam
594 3692 845 3751 victores
858 3703 1190 3765 sumusper
1201 3705 1334 3748 eum
1351 3693 1456 3764 gm‘
1467 3688 1686 3751 dilexit
1702 3685 1880 3751 nos“.
1900 3689 2039 3750 Vin-

2129 3691 2220 3765 μὲν
2244 3692 2344 3770 γὰρ
2376 3694 2403 3746 ὁ
2426 3691 2504 3766 μὴ
2536 3688 2768 3755 ἐνδιδοὺς
2799 3694 2920 3753 τοῖς
2982 3693 3138 3769 πρὸς.
3200 3691 3439 3767 ἀνάγκην
3508 3689 3771 3768 ἐπαγομέ-

393 3781 474 3841 cit
498 3778 764 3859 quidem,
800 3775 903 3857 qui
934 3777 1006 3836 ab
1039 3776 1152 3848 his,
1190 3795 1323 3852 quae
1358 3780 1700 3838 necessario
1732 3779 2032 3854 accidunt,

2129 3797 2253 3844 νοις’
2287 3782 2540 3859 ὑπερνικᾴ
2568 3779 2680 3834 δὲὸ
2741 3781 2828 3836 καὶ
2892 3781 3209 3858 αὐθαιρέτως
3273 3777 3456 3842 ὀδύνας
3513 3779 3591 3840 εἷς
3645 3778 3767 3832 lmi-

389 3887 505 3932 non
540 3869 862 3948 frangitur:
900 3864 1005 3926 sed
1053 3865 1184 3946 plus
1211 3885 1385 3946 quam
1419 3867 1602 3927 victor
1645 3878 1752 3943 est,
1787 3876 1884 3948 qui
1925 3887 2031 3932 sua

2129 3867 2276 3935 δειξιν
2305 3872 2405 3937 τῆς
2456 3872 2734 3944 ὑπομονῆς
2785 3869 3183 3944 ἐπισπώμενος.
3249 3868 3310 3924 Ὀ
3370 3867 3657 3943 γενόμενος
3715 3865 3768 3920 ἐν

388 3958 567 4023 etiam
599 3965 814 4038 sponte
845 3963 904 4015 et
933 3954 1231 4016 voluntate
1265 3955 1505 4016 dolores
1525 3955 1596 4016 ad
1625 3957 2034 4020 demonstran-

2129 3961 2350 4039 ἆμαρτίᾳ
2418 3962 2517 4016 τινὶ
2569 3964 2637 4034 τῇ
2682 3959 2813 4035 πρὸς
2876 3958 3098 4014 θάνατον
3170 3956 3393 4033 λεγέτω·
3473 3956 3767 4035 Περιέσχον

389 4045 524 4106 dam
563 4043 908 4126 patientiam
936 4043 1050 4102 sibi
1085 4043 1360 4104 accersit.
1395 4042 1507 4116 Qui
1567 4044 1740 4107 letale
1791 4047 2032 4126 aliquod

2129 4073 2186 4106 ιε
2219 4049 2410 4116 ὠδῖνες
2461 4049 2713 4105 θανάτου·
2793 4054 2899 4111 Πᾶς
2945 4048 3067 4128 γὰρ,
3125 4048 3307 4127 φησὶν,
3360 4049 3387 4102 ὁ
3442 4052 3611 4102 ποιῶν
3667 4047 3768 4112 τὴ)

392 4144 702 4216 peccatum
735 4132 1067 4204 admiserit,
1106 4131 1261 4192 dicat
1292 4153 1304 4194 :
1369 4135 1911 4199 Cirrumdalerzml
1940 4156 2034 4200 me

2129 4139 2374 4216 ἂμαρτὶαν
2432 4139 2491 4195 ἐκ
2561 4146 2654 4195 τοῦ
2709 4133 2955 4193 διαϐὀ)ου
3018 4137 3332 4215 γεγέὲνηται
3397 4133 3549 4216 (23).
3625 4134 3766 4192 ’Ὅτε

387 4225 622 4286 dolores
640 4221 1096 4284 mortisGmm's
1117 4225 1274 4281 enim
1289 4223 1636 4303 ,inqait,qui
1655 4225 1805 4302 facit
1823 4246 2030 4305 pecca-

2129 4230 2206 4286 >ὗν
2235 4229 2403 4304 ἤμην,
2439 4229 2619 4306 φησὶν,
2659 4226 2886 4304 ἐργάτης
2917 4232 3014 4294 της
3048 4227 3332 4305 ἁμαρτίας,
3392 4228 3482 4284 καὶ
3537 4226 3767 4304 ἑκυοφο-

386 4320 535 4393 tum,
570 4331 651 4374 ea:
679 4311 917 4374 diabolo
949 4318 1129 4372 natus
1177 4320 1264 4372 est
1295 4310 1366 4371 4⁸.
1401 4311 1544 4374 Cum
1581 4315 1778 4393 igitur,
1807 4317 2023 4394 inquit,

2129 4320 2316 4393 >ούμην
2345 4319 2444 4373 ὑπὸ
2475 4318 2567 4372 τοῦ
2596 4318 2844 4396 θανάτου,
2899 4323 3018 4374 τότε
3078 4319 3165 4374 καὶ
3217 4317 3430 4397 εὖρὲθην
3488 4319 3589 4372 ὑπὸ
3661 4323 3768 4371 τῶν

389 4413 694 4483 peccatum
729 4411 1049 4480 patrarem,
1085 4411 1142 4461 et
1175 4402 1232 4461 in
1270 4407 1472 4463 mortis
1519 4413 1686 4465 utero
1733 4417 2025 4484 gestarer,

2129 4415 2214 4464 τοῦ
2271 4406 2393 4479 ᾅδου
2451 4403 2725 4469 κινδύνων.
2776 4408 2895 4470 Πῶς
2968 4410 3056 4464 οὖν
3112 4407 3406 4484 ὲξιασάμην
3478 4406 3762 4481 ἐμαυτὸν;

387 4501 524 4552 tunc
550 4493 722 4552 etiam
745 4490 818 4550 ab
841 4489 1066 4550 inferni
1090 4491 1370 4569 periculis
1403 4492 1676 4554 inventus
1699 4496 2028 4568 sum.Quo~

2129 4495 2340 4576 Ἐιρειδὴ
2420 4496 2595 4572 θλίψιν
2681 4499 2764 4554 διαὶ
2840 4496 3028 4565 ὀδυνην
3128 4500 3275 4576 εὗρον
3352 4499 3451 4563 την
3536 4494 3621 4552 διὰ
3669 4500 3765 4564 τῆς

388 4581 563 4642 modo
599 4599 736 4658 ergo
768 4580 963 4639 sanavi
999 4597 1090 4640 me
1118 4577 1314 4659 ipsum
1341 4584 1368 4641 ἱ)
1395 4585 1715 4664 Propterea
1737 4587 1892 4666 quod
1919 4590 2033 4649 tri-

2129 4587 2421 4652 ιετανοίας.
2458 4586 2852 4666 Ἀναλογοῦσαν
2881 4588 2982 4667 γὰρ
3013 4591 3089 4662 τῴ
3149 4587 3360 4666 μεγέθει
3432 4593 3531 4654 τῆς
3588 4589 3765 4664 ἁμαρ-

471 4716 536 4767 45
564 4717 739 4778 Rom.
774 4732 898 4790 Vlll,
935 4715 1036 4778 35.
1123 4715 1186 4765 48
1219 4718 1392 4780 lJan.
1429 4717 1519 4794 in,
1548 4721 1610 4780 8.

470 4854 591 4940 (18)_
616 4855 762 4940 Reg.
801 4861 1090 4940 se_itus_et
1123 4853 1289 4915 Culb.
1328 4855 1534 4940 tertius
1563 4856 1616 4910 ἐν
1640 4858 1829 4940 αἷς.Αι
1857 4857 2027 4940 multi
2197 4857 2314 4938 e23)
2350 4858 2516 4940 _Oliv.
2549 4856 2796 4938 etRegii
2823 4857 3033 4920 tertius
3051 4866 3109 4921 et
3129 4857 3658 4940 quartus,perinde
3680 4868 3765 4921 at-

392 4954 538 5021 mss.
577 4934 629 4990 ἐν
662 4933 978 5021 ω’ξοιςλΙιῃο
1017 4935 1098 4996 ita
1131 4953 1376 5021 quoque
1401 4935 1615 5021 legitur
1645 4935 1704 4996 in
1763 4938 2028 5021 margine
2113 4957 2231 5021 que
2261 4933 2592 5003 Colbertini
2625 4933 2828 5021 sextus
2853 4954 2919 5021 et
2951 4933 3259 5021 septimus,
3317 4933 3450 5000 cum
3504 4939 3767 5021 editione

390 5014 538 5099 Εἴθε.
564 5015 716 5099 δεξιιὶ
741 5021 797 5073 et
817 5013 992 5099 (.Iolb;
1015 5016 1194 5099 tertii.
1220 5013 1340 5076 Nec
1365 5017 1442 5076 ita
1464 5013 1656 5099 multo
1683 5025 1814 5095 post
1847 5013 2028 5079 editio

2129 5013 2292 5082 Basil.
2349 5021 2655 5099 γεγένηται.
2713 5018 2904 5082 Editio
2959 5013 3143 5082 Paris.
3193 5013 3529 5099 γεγέννηται.
3596 5020 3762 5099 C9").

383 5093 571 5156 Paris.
611 5093 845 5175 EiJ’EEO’I‘J.
875 5095 1040 5156 Multi
1073 5116 1213 5157 mss.
1250 5115 1387 5157 cum
1423 5096 1575 5158 LXX
1605 5093 1845 5175 εὕροσαν.

464 5176 580 5249 (19)
617 5173 772 5235 Edili
808 5178 933 5253 πρὸς
966 5180 1051 5236 τά.
1088 5175 1248 5237 Multi
1282 5195 1424 5237 mss.
1461 5180 1590 5254 πρὸς
1621 5173 1701 5237 τό.
1734 5181 1861 5240 ΜΟΧ
1887 5178 2031 5240 mul-

384 5257 424 5316 ti
459 5273 579 5315 mss
639 5256 796 5333 μέρη,
835 5257 991 5317 Editi
1027 5275 1165 5317 vero
1199 5259 1378 5334 μύρια.

463 5336 582 5415 (20)
622 5337 701 5396 Ita
735 5340 996 5416 quinque
1030 5357 1170 5398 mss.
1208 5343 1283 5398 At
1307 5337 1449 5398 editi
1484 5341 1838 5416 προσεθέμην,
1899 5343 2028 5401 Sta-

386 5417 489 5500 tim
524 5425 780 5500 quatuor
813 5436 954 5477 mss.
993 5418 1285 5497 ἐπεξεῦρῡν.
1325 5417 1474 5479 Edlli
1526 5420 1830 5500 ὑπεξεύρον.
1859 5420 2027 5483 Colb.

383 5498 624 5577 quintus
655 5498 886 5574 ἐξηῦρον.

469 5580 588 5659 {21,
620 5580 704 5637 Ita
733 5579 1038 5659 editicum
1061 5577 1198 5657 Reg.
1234 5589 1421 5644 sexto.
1458 5582 1575 5643 Alii
1601 5599 1701 5641 sex
1736 5600 1880 5644 mss.
1913 5583 2030 5638 θλέα·

388 5657 507 5733 ψεις
541 5659 644 5717 ἐπὶ.
696 5660 825 5717 ΜοΧ
857 5657 1025 5721 C0”).
1065 5671 1308 5737 quartus
1347 5665 1433 5719 καὶ
1465 5662 1665 5726 ὀδύνος.

470 5738 596 5817 (22)
633 5737 734 5800 Sic
765 5737 943 5817 editio
973 5737 1150 5813 Basil,
1187 5760 1319 5801 cum
1355 5744 1553 5804 multis
1603 5760 1747 5806 mss.
1781 5753 1839 5803 et
1895 5761 2030 5804 cum

385 5834 554 5881 sacro
579 5815 772 5881 textu.
806 5815 1000 5880 Editio
1028 5817 1216 5884 Paris.
1251 5824 1452 5887 τούτοις
1483 5826 1701 5888 ἅπασιν,

2116 5098 2490 5180 (ιιιὶῐιιιιδηᾶς
2514 5103 2636 5179 γὰρ,
2670 5103 2850 5178 φησὶν,
2882 5105 2908 5157 ὁ
2959 5111 3128 5159 ποιῶν
3174 5098 3276 5168 τὴν
3328 5102 3586 5178 ἁμαρτίαν
3616 5098 3761 5180 ,δοῦ-

2114 5179 2205 5246 λίός
2237 5183 2344 5237 ἐστι
2377 5186 2475 5247 τῆς
2527 5182 2807 5258 ἁμαρτίας,
2839 5184 2928 5238 καὶ
2977 5183 3037 5238 ἐκ
3067 5193 3159 5240 τοῦ
3206 5180 3451 5238 διαϐόλου
3501 5179 3760 5257 γεγέννη-

2114 5284 2222 5337 ται,
2257 5260 2551 5340 Quisquis
2582 5262 2774 5333 enim,
2801 5261 3012 5342 inquit,
3038 5262 3192 5341 facit
3210 5269 3765 5342 peccatunt,sewus

2114 5339 2471 5423 estpcccati.
2495 5349 2552 5403 et
2584 5358 2669 5423 ex
2697 5339 2940 5403 diabolo
2971 5339 3153 5405 natus
3170 5339 3279 5405 ρει.
3311 5339 3648 5404 Notandum
3677 5346 3770 5401 est

2114 5422 2537 5504 Combetisium
2564 5439 2637 5482 eo
2655 5422 2716 5482 in
2739 5423 2955 5504 codice
2977 5431 3142 5504 (nam
3166 5423 3324 5486 illius
3342 5423 3769 5504 codex_,noster

2120 5513 2209 5564 est
2239 5502 2622 5566 Colbertinus
2652 5503 2911 5582 quintus)
2941 5501 3044 5583 pro
3072 5513 3175 5569 πᾶς
3207 5504 3360 5565 male
3387 5511 3498 5564 πῶς
3521 5501 3767 5580 legisse;

2119 5601 2228 5644 nec
2262 5583 2543 5665 debuisse
2575 5601 2706 5665 eam
2742 5584 3086 5663 lectionem,
3147 5585 3386 5665 qualem
3418 5587 3576 5649 citat.
3629 5589 3764 5665 tan-

2117 5682 2289 5744 quam
2319 5662 2790 5725 emendatiorem
2824 5662 3180 5743 praedicare;
3215 5669 3338 5726 Mox
3371 5664 3517 5741 Heg.
3545 5663 3768 5725 tertius

2116 5746 2343 5825 ἐργάτης
2377 5745 2472 5812 τῆς
2502 5745 2744 5820 ἀνομίας,
