4106 6400
286 295 409 361 533

1407 293 1806 358 ADVERSUS
1851 291 2266 354 EUNOMIUM
2315 293 2460 353 LIB.
2512 291 2560 351 Ι.

3563 286 3677 353 534

275 439 454 491 πᾶσαν
491 433 592 500 τὴν
622 432 706 489 διὰ
731 431 839 488 τῶν
865 430 1153 511 ὀφθαλμῶν
1185 429 1516 505 κατάληψινο
1564 430 1651 484 καὶ
1693 429 1754 484 τὸ
1785 427 1933 484 ἀσώ-

2045 443 2079 484 n
2110 425 2274 501 Deof:
2302 433 2360 487 et
2381 423 2703 500 invisibile,
2730 423 3025 486 excedere
3051 441 3185 485 eum
3205 441 3444 486 omnem
3472 427 3676 487 oculo-

281 546 452 599 ματον
474 525 535 579 τὸ
586 523 661 597 μὴ
723 522 986 601 ὑπάρχειν
1043 520 1203 576 αὒτοῦ
1265 525 1430 599 τριχῆ
1482 519 1769 585 διαστατὴν
1838 519 1934 584 τὴν

279 612 606 669 οὐσίανκαὶ
659 613 719 667 τὸ
782 612 1038 667 ἀθάνατον
1086 611 1146 665 τὸ
1205 607 1476 684 μηδέποτε
1534 607 1762 666 ’διάλυσιν
1836 610 1932 665 αῦ-

277 707 355 774 τῷ
424 701 899 779 προσ-γενήσεσθαι·
950 698 1088 756 οὕτω
1149 700 1322 778 φαμὲν
1360 699 1448 754 καὶ
1519 700 1579 753 τὸ
1621 698 1929 776 ἀγέννητον,

278 787 474 856 δηλοῦν
517 792 577 845 τὸ
607 788 854 868 γέννησιν
911 788 1054 862 «an;
1089 787 1208 867 (62)
1265 789 1342 863 μὴ
1394 799 1671 866 προσεῖναι
1735 789 1792 844 Εὶ
1837 787 1932 862 μὲν

282 882 371 936 οῦν
417 879 585 954 μηδὲν
611 879 814 936 τούτων
873 878 1186 955 στερητικὸν
1269 878 1376 934 τῶν
1460 878 1758 952 ὀνομᾶτων,
1822 874 1935 932 οὐδὲ

279 970 482 1028 ἐκεῖνο.
544 971 602 1025 Ei
663 967 718 1024 δὲ
769 967 852 1024 ἐπ’
906 967 1116 1024 ἐκείνων
1179 964 1328 1029 δίδως
1394 969 1455 1022 τὸ
1503 967 1639 1023 κατὰ
1690 965 1937 1038 στέρησιν

279 1057 549 1136 λέγεσθαι,
611 1057 696 1115 ἐπὶ
748 1058 844 1125 τῆς
928 1064 1019 1113 τοῦ
1069 1057 1359 1134 ἆγεννήτου
1450 1055 1809 1135 προσηγορίας
1881 1054 1939 1112 οὒ

280 1159 614 1227 συγχωρεῖς,
651 1147 790 1224 εἰπὲ,
824 1148 965 1210 τίνος
1016 1147 1114 1222 μὲν
1169 1144 1325 1210 ἕξεως
1389 1143 1760 1222 προλαϐούσης
1822 1143 1938 1200 στέ-

280 1259 436 1316 ρησιν
480 1235 725 1314 ἐμφαίνει
796 1237 857 1291 τὸ
914 1233 1220 1314 ἄφθαρτονς
1267 1240 1383 1297 πῶς
1411 1233 1465 1288 δὲ
1526 1234 1647 1312 οὒχὶ
1706 1235 1765 1288 τὸ
1817 1233 1936 1288 ἴσον

281 1328 424 1401 αὒτῷ
452 1323 662 1383 δύναται
695 1326 754 1382 τὸ
813 1323 934 1404 (63)
969 1324 1256 1402 ἀγέννητον
1294 1342 1309 1397 ;
1373 1321 1542 1379 Ἀλλὰ
1601 1325 1715 1402 περὶ
1766 1324 1936 1398 μόνην

281 1416 479 1482 ταύτην
505 1417 602 1481 νην
632 1413 770 1481 λέξιν
811 1427 1161 1493 κακοτεχνετ,
1197 1411 1330 1468 διότι
1387 1415 1622 1469 ἒντεῦθεν
1683 1417 1823 1486 αὒτῷ
1884 1416 1934 1467 αἱ

282 1506 514 1584 ἀφορμαὶ
545 1506 641 1570 τῆς
684 1502 927 1567 ἀσεϐείας
960 1503 1242 1581 ἤρτηνται,
1301 1499 1428 1559 ’Ἵνα
1500 1500 1553 1557 δὲ
1612 1503 1776 1582 σαφὲς
1834 1505 1926 1557 αὒ-

285 1595 378 1650 τοῦ
419 1595 478 1650 τὸ
537 1592 820 1673 τέχνασμα
877 1591 1120 1671 γένηται,
1178 1591 1316 1647 οὕτω
1367 1593 1652 1662 ποιήσατεο
1715 1594 1803 1656 οὓς
1853 1591 1936 1647 ἐπὶ

283 1691 377 1741 τοῦ
407 1683 701 1761 ἆγεννήτου
733 1683 990 1760 γυμνάσει
1050 1679 1265 1759 λόγους,
1341 1679 1421 1735 ὅτι
1468 1679 1582 1736 οὔτε
1625 1678 1744 1736 κατ’
1818 1681 1936 1735 ἐπί-

285 1795 430 1829 νοιαν
478 1773 832 1849 ἀνθρωπίνην.
885 1772 1002 1827 οὔτε
1065 1771 1202 1825 κατὰ
1252 1769 1497 1846 στέρησιν
1569 1768 1785 1846 εὔλογόν
1831 1769 1938 1825 ἐστι
1967 1753 2000 1802 Β

286 1864 404 1941 περὶ
438 1868 572 1918 Θεοῦ
620 1860 891 1939 λέγεσθαι,
953 1860 1165 1924 τούτους
1227 1861 1634 1936 μετενεγκόντες
1710 1858 1795 1913 ἐπ’
1852 1858 1943 1913 ἄλ-

2015 531 2146 575 rum
2176 514 2782 595 comprehensionem
2812 536 2824 572 :
2863 522 2918 576 et
2941 513 3673 594 incorporeum,substan—

2021 605 2157 666 tiam
2191 607 2321 684 ejus
2350 607 2506 667 trina
2537 605 2916 666 dimensione
2941 623 3057 666 non
3089 616 3365 667 constare
3417 625 3428 662 :
3466 612 3524 665 et
3554 606 3672 665 im-

2020 697 2434 767 mortale,cum
2450 696 2829 757 dissolutioni
2847 714 3168 776 numquam
3187 695 3505 757 obnoxium
3526 695 3670 757 fore:

2021 784 2295 846 eumdem
2313 785 2381 845 ad
2409 785 2650 847 mudum
2668 785 2923 847 dicimus
2939 787 3280 865 ingenitum
3298 785 3478 846 etiam
3493 778 3672 862 sig'ni-

2021 873 2219 945 ﬁcare,
2255 875 2707 951 generationem
2748 874 2807 935 in
2833 874 2962 953 ipso
3007 875 3370 936 noninesse.
3415 873 3674 936 Proinde

2022 963 2072 1024 si
2096 964 2324 1024 nullum
2350 982 2419 1025 ex
2447 965 2522 1025 iis
2550 963 2894 1025 nominibus
2937 965 3289 1043 privativum
3313 971 3422 1044 est,
3467 981 3668 1040 neque

2024 1053 2141 1114 hoc
2165 1053 2299 1116 erit.
2335 1054 2502 1126 Quod
2525 1054 2574 1115 si
2600 1054 2995 1116 concedisilla
3019 1055 3350 1116 secundum
3389 1053 3674 1133 privatio-

2023 1161 2156 1206 nem
2186 1143 2440 1218 dici,sed
2462 1143 2518 1205 id
2548 1151 2606 1204 in
2627 1144 3029 1224 appellatione
3051 1144 3296 1226 ingeniti
3321 1163 3440 1205 non
3455 1143 3675 1204 admit-

2020 1242 2147 1296 tas:
2182 1233 2297 1304 dic,
2327 1253 2441 1313 quo
2463 1232 2667 1294 habitu
2699 1236 2837 1293 222
2863 1234 3266 1314 praecedente,
3304 1234 3672 1312 incorrupti-

2021 1323 2140 1384 bile
2179 1323 2568 1403 privationem
2593 1324 2814 1386 indicet
2839 1324 2869 1385 Ῥ
2892 1334 2990 1386 aut
3013 1325 3314 1404 quomodo
3345 1324 3676 1403 ingenitum

2019 1431 2137 1475 non
2173 1413 2329 1473 idem
2360 1413 2519 1493 quod
2550 1413 2666 1475 hoc
2693 1414 2880 1474 valeat
2907 1414 2936 1472 ‘?
2971 1414 3039 1478 At
3081 1416 3240 1476 circa
3279 1415 3391 1476 hoc
3423 1412 3666 1474 verbum

2019 1502 2212 1563 solum
2243 1502 2516 1579 malignis
2551 1502 2776 1564 artibus
2808 1503 3012 1580 utitur,
3045 1504 3199 1585 quod
3224 1504 3277 1563 ei
3299 1503 3436 1564 hinc
3463 1502 3674 1583 impie-

2021 1593 2151 1652 tatis
2172 1592 2510 1670 depeudent
2533 1593 3037 1656 occasiones.Sed
3061 1593 3374 1656 artificium
3405 1593 3533 1671 ejus
3555 1609 3680 1651 ma-

2025 1681 2304 1741 nifestum
2343 1688 2404 1741 ut
2435 1682 2554 1757 iiat,
2593 1681 2672 1741 ita
2703 1681 2880 1744 facite
2911 1703 2924 1742 :
2960 1700 3113 1763 quos
3145 1682 3219 1743 de
3255 1681 3518 1760 ingenito
3579 1680 3675 1741 in-

2025 1770 2200 1832 struit
2224 1789 2555 1851 sermones,
2593 1773 2748 1851 quod
2785 1790 2980 1852 neque
3021 1792 3088 1833 ex
3147 1772 3407 1833 humano
3470 1770 3682 1831 conci—

2025 1860 2228 1940 piendi
2256 1860 2452 1930 modo.
2484 1880 2679 1940 neque
2704 1880 2770 1922 ex
2794 1867 3122 1940 privatione
3166 1862 3241 1922 de
3266 1863 3388 1923 Deo
3413 1859 3531 1922 dici
3580 1868 3683 1939 pal'

287 1949 382 2007 λου
433 1953 574 2012 τινὸς
635 1956 742 2005 τῶν
789 1951 907 2028 πυρὶ
968 1956 1099 2006 Θεοῦ
1140 1947 1466 2026 λεγομένων⁷
1527 1962 1803 2011 σκοπεῖτε,
1839 1949 1942 2005 Εὔ-

2039 1958 2116 2010 ast
2141 1973 2155 2026 ς
2178 1951 2286 2010 hos
2312 1951 2628 2012 translatos
2650 1950 2712 2011 iu
2735 1951 2894 2011 aliud
2921 1951 3218 2030 quoddam
3245 1967 3458 2010 nomen
3497 1968 3567 2010 ex
3594 1949 3685 2010 his

290 2040 480 2118 ρήσετε
511 2040 610 2116 γὰρ
668 2039 880 2112 ἑκάστῳ
933 2035 1164 2116 ἀκριϐῶς
1228 2035 1647 2114 ἐφαρμόζολτας.
1707 2039 1826 2117 Καὶ,
1900 2039 1942 2093 εἰ

2039 2058 2157 2119 iure
2184 2041 2257 2100 de
2285 2039 2403 2101 Deo
2437 2041 2736 2114 dicuntur,
2774 2041 3170 2103 consideratis
3203 2039 3398 2115 velim';
3431 2037 3680 2101 Unicui-

289 2127 559 2205 βούλεσθε,
612 2126 698 2182 ἐπὶ
755 2130 850 2182 τοῦ
920 2126 1182 2205 ἀφθάρτου
1229 2133 1390 2182 ταῦτα
1449 2125 1713 2202 λέγωμεν,
1777 2127 1938 2193 αὐτὴν

2039 2147 2145 2205 que
2177 2130 2336 2190 enim
2372 2130 2607 2190 illorum
2641 2148 2885 2210 prorsus
2919 2133 3240 2192 convenire
3274 2127 3680 2208 comperietis.

289 2219 447 2274 αὐτοῦ
497 2217 595 2282 την
651 2215 788 2280 λέξιν
836 2216 1313 2290 μετακομίσαντες,
1377 2215 1672 2296 Ἀφθαρτον
1729 2214 1784 2271 δὲ
1845 2216 1938 2272 λέ.-

2039 2218 2117 2280 Et.
2146 2219 2194 2279 si
2219 2220 2415 2293 vultis,
2443 2219 2518 2280 de
2550 2219 2985 2300 iucorraptibili
3017 2219 3227 2280 eadem
3263 2217 3554 2298 dicamus,
3591 2216 3684 2278 his

289 2327 498 2384 γοντες,
537 2306 595 2361 οῦ
637 2303 755 2359 κατ’
816 2303 1052 2359 ἐπίνοιαν
1112 2304 1438 2381 ἀνθρωπίνην
1496 2306 1768 2379 σεμνύνειν
1827 2306 1936 2361 οἰό-

2039 2309 2168 2387 .psis
2195 2308 2412 2388 quibus
2441 2309 2628 2369 utitur
2653 2309 2847 2370 verbis
2875 2309 2987 2370 huc
3009 2307 3379 2371 transmotis.
3408 2309 3681 2369 Incorru-

291 2399 426 2471 μεθα
475 2393 611 2450 δεῖν’
675 2394 1008 2450 ἀποτιδνύναι
1059 2390 1112 2448 δὲ
1203 2397 1345 2463 αὐτῷ
1406 2395 1463 2448 τὸ
1512 2395 1724 2450 πάντων
1784 2396 1943 2471 ἀναγο

2039 2397 2296 2477 ptibilem
2312 2409 2512 2460 autem
2533 2418 2667 2459 cum
2687 2399 2964 2481 dicimus,
2986 2418 3104 2460 non
3124 2397 3453 2460 secundum
3468 2397 3682 2458 huma-

287 2484 571 2541 καιότατον
601 2483 843 2564 ὄφλημα,
904 2484 992 2548 τὴν
1041 2489 1133 2538 τοῦ
1165 2483 1305 2538 εἶναι
1359 2479 1386 2536 ὅ
1436 2483 1575 2538 ἐστιν
1628 2483 1938 2562 ὁμολογίανσ

2039 2506 2173 2547 num
2207 2487 2579 2564 intelligendi
2605 2488 2845 2550 modum
2878 2479 3284 2550 decorandum
3308 2505 3440 2550 esse
3499 2486 3683 2546 Deum

290 2573 428 2630 ἀλλὰ
460 2575 565 2648 μην
600 2572 713 2630 οῦδὲ
743 2574 878 2631 κατὰ
919 2572 1168 2649 στέρησιν
1228 2571 1380 2649 (64)⁶
1428 2571 1480 2626 εἷ’
1535 2594 1596 2649 γε
1651 2578 1756 2627 τῶν
1814 2574 1948 2629 κατὰ

2039 2576 2416 2638 arbitramur:
2445 2577 2551 2638 sed
2585 2578 3042 2657 persolvendum
3064 2579 3116 2639 ei
3144 2577 3412 2639 debitum
3433 2575 3690 2637 maxime

292 2664 443 2742 φύσιν
497 2666 545 2718 ατ
597 2665 872 2742 στερήσεις
933 2663 1033 2718 εἰσὶ
1103 2661 1400 2738 στερήσεις,
1464 2664 1552 2717 κιὶ
1612 2669 1720 2718 τῶν
1791 2663 1948 2728 ἕξεων

2039 2668 2298 2728 omnium
2329 2669 2753 2744 necessarium,
2782 2667 3222 2729 confessionem
3247 2665 3545 2738 videlicet,
3572 2683 3688 2745 qua

291 2749 548 2829 δεύτεραι,
584 2754 643 2809 Τί
691 2751 894 2825 μᾶλλον
925 2752 1010 2806 ἒπὶ
1057 2757 1150 2808 τοῦ
1208 2752 1500 2828 ἀγεννήτου
1543 2751 1728 2829 πρέπει
1786 2761 1947 2808 ταῦτα

2039 2775 2167 2817 eum
2205 2758 2260 2818 id
2289 2776 2420 2818 esse
2452 2756 2610 2837 quod
2643 2767 2736 2818 est
2766 2757 3196 2819 conﬁteamur:
3234 2756 3339 2817 sed
3363 2773 3562 2832 neque
3585 2772 3683 2816 se-

290 2840 610 2922 γιλοσοφεϊν
657 2843 691 2908 ἢ
747 2843 834 2897 καὶ
890 2841 976 2897 ἐπὶ
1025 2849 1118 2896 τοῦ
1187 2840 1468 2921 ἀφθάρτοῦ,
1529 2843 1615 2897 καὶ
1673 2840 1807 2904 ὅλως
1870 2843 1948 2920 ἐφ’

2039 2847 2297 2907 cundum
2331 2845 2718 2927 privationem
2756 2867 2769 2903 :
2803 2845 3100 2926 stpuidem
3161 2845 3521 2926 privationes
3551 2845 3690 2904 sunt

290 2931 526 2996 ἑκάστης
549 2938 731 3010 φωνῆς
763 2935 859 2997 τῆς
891 2931 1026 2988 κατὰ
1075 2931 1165 2986 τὸν
1227 2932 1288 2985 τὸ
1313 2930 1469 2986 αὗτὸν
1519 2930 1679 2986 τύπον
1728 2931 1948 3011 ἐκφερο-

2039 2938 2398 3017 privationes
2423 2955 2626 2997 eorum
2647 2953 2776 3017 quae
2799 2944 2934 2997 sunt
2957 2945 3188 3011 natura,
3216 2942 3474 3016 suntque
3515 2933 3687 2994 habi-

288 3021 462 3095 μένης
499 3038 514 3094 ;
559 3021 710 3078 Ἀλλ’
742 3023 887 3078 υῦθὲν
916 3023 1022 3078 τῶν
1072 3022 1248 3078 ἄλλων
1280 3023 1420 3082 αὖτῷ
1478 3022 1609 3098 πρὸς
1668 3023 1764 3089 τὴν
1822 3023 1948 3078 ἆσέ-

2039 3028 2198 3086 tibus
2236 3027 2754 3105 posteriores.Cur
2777 3026 2960 3105 magis
2991 3026 3066 3086 de
3088 3025 3352 3102 ingenito
3373 3026 3497 3086 haec
3517 3023 3650 3085 amr
3670 3059 3683 3070 -

285 3107 443 3168 ϐειαη
475 3125 741 3190 συνεργεῖ.
788 3115 880 3168 Διὸ
922 3115 1028 3167 τῶν
1059 3111 1258 3168 λοιπῶν
1290 3109 1407 3168 οὺδὲ
1469 3113 1760 3192 μέμνηται,
1822 3115 1943 3168 καί-

2039 3134 2195 3177 mare
2226 3117 2422 3198 decet,
2447 3135 2624 3197 quam
2648 3115 2724 3177 de
2755 3115 3220 3195 incorruptibili,
3250 3123 3308 3175 et
3333 3114 3577 3174 omnino
3608 3112 3685 3174 de

286 3223 366 3258 τοι
398 3203 608 3279 μυρίων
638 3201 802 3258 ὄντων
833 3205 938 3257 τῶν
970 3203 1087 3280 περὶ
1118 3203 1250 3259 Θεοῦ
1291 3199 1620 3280 λεγομένων.

2039 3206 2296 3285 qualibet
2317 3225 2484 3279 voce,
2521 3224 2652 3286 qum
2682 3205 2894 3267 eodem
2930 3205 3106 3269 modo
3137 3203 3524 3286 proferatur?
3565 3201 3683 3265 Sed

294 3289 451 3351 aliud
488 3290 637 3352 nihil
673 3291 726 3351 ei
759 3289 830 3351 ad
885 3289 1250 3370 impietatem
1311 3288 1612 3352 conducit.
1678 3289 1877 3361 Quare
1936 3311 2010 3356 ne
2069 3297 2342 3359 meminit
2395 3297 2636 3377 quidem
2669 3295 3067 3377 reliquorum,
3101 3295 3336 3357 etiamsi
3367 3297 3683 3355 innumera

296 3381 412 3444 sint
439 3399 575 3462 quae
605 3381 680 3444 de
711 3385 833 3444 Deo
866 3381 1173 3443 dicuntur.

379 3473 480 3536 10.
511 3472 689 3551 ’Ἔχει
719 3471 772 3527 δὲ
805 3471 994 3534 οὕτως.
1029 3471 1139 3529 ’Ἐν
1190 3471 1288 3546 μὲν
1320 3469 1465 3529 οὐδὲν
1499 3471 1640 3529 ἐστιν
1698 3472 1865 3547 ὄνομα
1923 3473 1950 3529 ὅ

297 3571 472 3620 πᾶσαν
506 3562 715 3639 ἐξαρκεῖ
758 3565 856 3629 την
911 3569 1005 3618 τοῦ
1057 3569 1188 3618 Θεου
1247 3563 1395 3642 φύειν
1455 3558 1761 3640 περιλαϐόν,
1828 3565 1950 3619 ἱκα-

298 3661 398 3718 νῶς
457 3650 798 3731 ὲξαγγεϊλαι’
861 3651 1029 3708 πλείω
1083 3651 1137 3706 δὲ
1199 3653 1285 3707 καὶ
1341 3651 1560 3708 ποικίλα
1616 3653 1734 3707 κατ’
1817 3651 1949 3708 ἰδίαν

298 3743 523 3800 ἕκαστον
553 3743 846 3822 σημασίαν,
900 3739 1132 3817 ἀμυδρὰν
1205 3742 1302 3814 μὲν
1374 3740 1646 3805 παντελῶς
1718 3744 1804 3796 καὶ
1853 3766 1950 3816 μι-

300 3833 586 3911 κροτάτην,
621 3834 691 3896 ὡς
724 3833 852 3910 πρὸς
884 3833 944 3886 τὸ
992 3830 1138 3903 ὅλον,
1171 3831 1312 3906 ἡμῖν
1371 3851 1431 3905 γε
1464 3831 1569 3904 μὴν
1641 3829 1956 3910 ἐξαρκοῦσαν

302 3923 402 3989 τὴν
435 3920 635 3978 ἔννοιαν
687 3921 1030 3999 συναθροίζει,
1101 3919 1190 3976 Ἐν
1252 3920 1420 3974 τοίνυν
1479 3932 1594 3983 τοῖς
1653 3922 1768 3998 περὶ
1828 3924 1958 3976 Θεοῦ

302 4010 616 4089 λεγομένοις
648 4011 894 4089 ὀνόμασι,
926 4010 991 4068 τὰ
1043 4010 1141 4085 μὲν
1170 4017 1276 4065 τῶν
1335 4011 1638 4086 προσόντων
1703 4010 1779 4066 τῶ
1843 4017 1957 4084 Θεῷ

305 4099 578 4165 δηλωτικὰ
605 4099 737 4176 ἐστι,
776 4100 842 4154 τὰ
867 4099 1008 4155 δὲτὸ
1059 4099 1292 4156 ἐναντίον
1335 4106 1442 4155 τῶν
1493 4102 1570 4176 μὴ
1629 4100 1958 4177 προσόντων.

306 4184 520 4244 Ἐκδύο
553 4187 652 4264 γὰρ
682 4188 878 4242 τούτων
913 4189 1071 4244 οἱονεὶ
1127 4189 1410 4268 χαρακτὴρ
1467 4211 1548 4251 τις
1610 4191 1748 4265 ἡμῖν
1807 4190 1959 4268 ἒγγί-

307 4299 452 4333 νεται
483 4277 576 4330 τοῦ
606 4281 760 4349 Θεοῦ,
794 4274 854 4329 ἔκ
885 4297 939 4329 τε
972 4281 1066 4341 τῆς
1121 4283 1226 4331 τῶν
1287 4278 1730 4355 ἀπεμφαινύντων
1790 4280 1960 4358 ἀρνή-

309 4388 444 4431 σεως
474 4366 561 4421 καὶ
596 4364 656 4420 ἐκ
712 4370 812 4430 τῆς
860 4365 965 4419 τῶν
1019 4365 1371 4443 ὑπαρχόντων
1430 4365 1737 4445 ὁμολογίας,
1803 4371 1957 4450 Οἶον,

311 4457 438 4514 ὅταν
495 4455 755 4532 ἄφθαρτον
816 4453 1184 4527 ὀνομάζωμεν,
1267 4452 1482 4516 δυνάμει
1537 4455 1669 4533 (65)
1738 4457 1962 4533 λέγομεν

312 4549 524 4608 ἑαυτοῖς
556 4546 590 4612 ἢ
649 4555 766 4608 τοῖς
818 4542 1117 4622 ἄκούουσίν,
1177 4540 1257 4597 ὅτι
1311 4542 1400 4608 Μὴ
1474 4543 1592 4600 οἴου
1653 4551 1816 4624 agile-pq
1873 4548 1960 4601 τὸν

314 4639 444 4693 Θεὸν
473 4637 818 4691 ὕποκεϊσθαι’
857 4629 1097 4688 καὶὸταν
1161 4631 1405 4710 ἀόρατον,
1459 4630 1540 4688 ὅτι
1601 4635 1685 4702 Μὴ
1755 4633 1961 4692 ὕπολά-

311 4725 413 4804 ϐῃς
459 4727 616 4783 αὐτὸν
657 4728 723 4798 τῇ
771 4721 856 4778 διὰ
912 4727 1017 4778 τῶν
1070 4720 1246 4796 ὄψεων
1303 4721 1540 4789 αἰσθήσει
1597 4723 1956 4799 καταλαμϐά-

395 4885 515 4963 (62)
549 4883 697 4960 Reg.
731 4882 940 4944 tertius
968 4882 1173 4962 γένεσιν
1206 4884 1368 4952 αὐτῷ.
1406 4880 1564 4943 Editi
1597 4891 1654 4943 el
1686 4883 1784 4944 alii
1818 4903 1961 4946 mss.

317 4967 565 5044 γέννησιν
596 4965 738 5037 αὗτῷ
749 5011 762 5024 .

401 5045 529 5125 (63)
560 5041 712 5105 Editi
744 5039 942 5099 δύναιτ’
973 5042 1034 5098 ἂν
1079 5042 1160 5104 τὸ.
1199 5041 1276 5101 At
1309 5058 1456 5102 mss.
1479 5047 1734 5121 quatuor
1757 5044 1965 5104 δύναται

319 5149 406 5200 το,

400 5203 524 5282 (64)
551 5202 715 5265 Editi
745 5205 881 5260 κατὰ
909 5205 1006 5270 τὴν
1059 5201 1329 5280 στέρησιν.
1372 5203 1674 5266 Articulus
1706 5207 1760 5267 in
1817 5225 1958 5268 mss.

321 5304 435 5347 non
459 5284 781 5346 invenitur.
812 5283 1352 5363 Neqneseeundum
1373 5286 1812 5362 privationem.
1839 5289 1961 5349 Hoc

322 5373 422 5431 est,
447 5363 927 5436 quemadmodum
946 5377 1059 5420 non
1075 5370 1351 5436 putamus
1374 5364 1546 5421 Deum
1575 5365 1961 5424 decorandum

323 5435 590 5516 esse’per
609 5435 997 5516 privationem
1027 5451 1039 5493 :
1068 5435 1146 5496 ita
1168 5453 1285 5516 non
1317 5444 1594 5516 putamus
1611 5456 1749 5498 eum
1775 5439 1924 5500 deco
1940 5476 1961 5486 -

320 5514 570 5580 randum
589 5514 720 5577 esse
737 5534 842 5596 per
854 5514 1560 5596 humanumintelligendi
1577 5518 1846 5581 modum.
1874 5521 1956 5581 Ea

322 5597 498 5678 igitur
517 5596 747 5678 videtur
763 5595 942 5678 fuisse
963 5613 1132 5678 mens
1152 5595 1449 5670 Eunomii,
1477 5596 1652 5660 aliter
1663 5598 1952 5678 judican-

325 5674 464 5740 dum
488 5695 621 5740 esse
645 5675 717 5738 de
772 5674 1013 5738 vocibus
1045 5677 1327 5758 ἄφθῑρτος,
1361 5678 1638 5754 ἀθάνατος,
1667 5674 1682 5678 ⁷
1701 5681 1950 5764 ἀόρατος,

2116 3479 2213 3540 10.
2240 3477 2430 3540 Habet
2453 3487 2650 3539 autem
2679 3495 2743 3539 se
2757 3473 2852 3540 res
2902 3478 3016 3538 hoc
3043 3478 3242 3540 modo.
3272 3476 3513 3538 Nullum
3546 3475 3684 3555 qui-

2036 3566 2170 3629 dem
2196 3586 2413 3629 nomen
2439 3567 2709 3648 estquod
2735 3575 2916 3629 totam
2967 3567 3073 3628 Dei
3098 3576 3368 3628 naturam
3415 3566 3690 3646 comple-

2034 3676 2197 3733 xum,
2226 3665 2315 3719 sat
2338 3676 2468 3718 eam
2495 3657 2677 3737 possit
2701 3657 3012 3718 enuntiare
3040 3679 3052 3716 :
3118 3657 3288 3736 plura
3321 3674 3463 3718 vero
3488 3663 3548 3715 et
3587 3671 3690 3716 va-

2047 3747 2153 3826 ria,
2189 3748 2418 3823 singula
2449 3747 2511 3807 in
2569 3746 2811 3826 propria
2867 3745 3326 3822 signiﬁcatione,
3376 3744 3689 3806 obscuram

2049 3837 2284 3916 quidem
2310 3836 2554 3896 omnino
2580 3843 2639 3897 et
2661 3854 2941 3916 perquam
2961 3836 3271 3915 exiguam,
3318 3835 3366 3896 si
3390 3852 3522 3896 cum
3571 3841 3692 3894 toto

2049 3926 2609 3996 comparetur.nobis
2636 3934 2822 3982 tamen
2850 3921 3691 3994 sumcientem,iutelIigentiam

2047 4005 2616 4086 congerunt.ltaque
2636 4005 3054 4080 internomina
3075 4024 3142 4068 ea
3181 4024 3313 4086 qua:
3338 4006 3412 4067 de
3449 4003 3569 4064 Deo
3592 4002 3690 4064 di-

2046 4106 2278 4170 cuntur,
2314 4097 2508 4176 aliqua
2539 4096 2876 4174 signiticant
2907 4114 3037 4176 qua:
3067 4099 3186 4157 Deo
3213 4097 3418 4158 insunt
3446 4113 3458 4157 :
3497 4095 3694 4174 aliqua

2046 4206 2183 4250 vero
2215 4186 2553 4248 econtrario
2583 4185 2851 4247 indicant
2897 4204 3030 4265 quae
3088 4187 3143 4247 ei
3193 4205 3312 4247 non
3345 4185 3569 4246 insunt.
3608 4181 3695 4244 Ex

2045 4279 2139 4338 his
2162 4277 2319 4339 enim
2348 4275 2603 4354 duobus,
2657 4284 2714 4336 et
2746 4293 2816 4336 ex
2866 4294 3072 4336 eorum
3125 4294 3258 4356 qum
3315 4274 3697 4336 dissentanea

2047 4377 2182 4429 sunt
2209 4371 2544 4444 negatione,
2572 4374 2628 4426 et
2650 4383 2720 4426 ex
2747 4384 2952 4426 eorum
2975 4385 3103 4446 quae
3123 4365 3340 4427 adsunt
3362 4363 3696 4426 confessio—

2047 4476 2145 4532 ne,
2170 4458 2326 4518 velut
2348 4455 2587 4536 quidam
2613 4456 3046 4519 Deicharacter
3085 4455 3257 4517 nobis
3292 4454 3680 4535 imprimitur.

2050 4550 2532 4626 Exemplicausa,
2557 4565 2690 4606 cum
2713 4545 3234 4626 incorruptibilem
3279 4545 3685 4617 nominamus,

2048 4638 2198 4695 idem
2229 4637 2467 4693 facimus
2498 4651 2559 4693 ac
2585 4637 2629 4692 si
2665 4635 2923 4693 dicamus
2955 4645 3050 4693 aut
3087 4636 3255 4692 nobis
3285 4635 3426 4703 Ipsis
3457 4643 3554 4691 aut
3586 4649 3688 4690 au-

2007 4719 2376 4782 .‘dientibus:
2403 4721 2552 4780 Cave
2573 4724 2740 4797 putes
2767 4718 2950 4778 Deum
2967 4716 3280 4795 subjacere
3296 4715 3690 4792 corruptioni:

2051 4880 2221 4942 aliter
2249 4879 2321 4939 de
2358 4895 2496 4939 voce
2528 4877 2841 4954 ἀγέννητος.
2881 4877 2979 4939 illa
3016 4875 3175 4936 enim
3209 4871 3491 4954 privativa
3528 4883 3690 4947 sunt,

2050 4979 2184 5023 cum
2206 4977 2327 5038 prae
2349 4975 2412 5020 se
2435 4952 2822 5038 privationem
2849 4956 3063 5029 ferant,
3091 4952 3691 5038 corruptionis_,mor-

2051 5043 2146 5114 tis,
2183 5032 2340 5100 visus
2366 5059 2378 5102 :
2405 5032 2506 5100 sed
2532 5037 2642 5098 hoc
2665 5036 2781 5097 tale
2811 5055 2929 5097 non
2955 5042 3068 5116 est,
3122 5054 3255 5097 cum
3275 5032 3690 5116 privationem

2050 5140 2168 5183 non
2190 5119 2441 5188 indicet,
2460 5117 2562 5178 sed
2587 5117 2776 5196 ipsam
2801 5125 3070 5178 naturam
3088 5116 3341 5176 divinam
3359 5119 3694 5196 constituat.

2047 5193 2866 5280 Argumentum‘autemillud
2895 5196 3164 5280 Eun‘omii
3187 5193 3512 5274 quamleve
3531 5194 3606 5255 sit
3640 5203 3700 5255 et

2047 5275 2238 5354 fut-ile,
2270 5299 2341 5342 ex
2369 5278 2567 5340 Basilii
2599 5275 2796 5337 verbis
2829 5277 3084 5358 perspici
3124 5284 3333 5358 potest.

2129 5365 2249 5441 (65)
2313 5359 2484 5436 Illud,
2549 5358 2786 5441 δινέμει,
2834 5356 3087 5441 ’qui‘ita
3166 5356 3689 5435 interpretaretur,

2047 5438 2718 5523 (rq'm'pollenter,bene
2777 5439 3019 5523 quidem
3087 5451 3694 5523 re_m_expressurum

2043 5515 2224 5603 puto,
2252 5520 2354 5603 sed
2390 5538 2512 5603 non
2541 5517 2768 5578 Latine.
2799 5515 3122 5600 ’Aliquanto
3158 5515 3308 5577 infra
3342 5531 3482 5574 mss.
3539 5531 3692 5574 non-

2041 5601 2196 5665 nulli
2223 5601 2358 5678 μηδὲ
2387 5602 2563 5679 ἀρχῆς
2580 5642 2593 5656 .
