4106 6386
411 271 528 336 535

1773 276 1832 337 S.
1885 273 2155 336 BASlLlI
2197 272 2446 337 MAGNI

3666 281 3783 344 536

410 414 468 468 et
487 423 623 466 eum
645 405 1032 468 invisibilem:
1049 409 1137 472 Ne
1163 406 1596 471 existimaveris
1620 407 1813 488 ipsum
1837 411 2042 474 oculo-

2141 418 2297 472 ιεσθαι
2331 432 2344 447 ⁸
2380 418 2466 475 καὶ
2497 416 2622 474 ὅταν
2681 419 2966 491 ἀθάνατον,
3012 418 3093 474 ὅτι
3156 417 3374 485 Μᾶποτε
3405 421 3588 496 οἰηθῇς
3617 420 3788 476 θείνα-

404 513 535 556 rum
558 515 737 558 sensu
753 497 1182 577 comprehendi
1208 514 1222 559 :
1249 505 1308 558 et
1334 515 1471 559 cum
1503 499 2060 579 immortalem,Ab-

404 585 558 645 situt
589 604 848 666 unquam
900 586 1115 650 credas
1146 593 1403 648 mortem
1437 586 1561 648 Deo
1595 587 1874 652 accidere
1902 609 1915 621 ·
1954 591 2053 653 Sic

401 674 580 754 igitur
594 683 649 735 et
672 694 806 737 cum
835 675 1189 755 ingenitum,
1235 675 1320 738 Ne
1333 675 1648 738 arbitreris
1661 696 1731 740 ex
1747 680 1866 742 ulla
1883 699 2058 742 causa

403 771 504 824 aut
532 761 830 843 principio
863 764 1268 828 exsistentiam
1304 765 1411 828 Dei
1465 766 1831 846 dependere.
1891 769 1964 831 Et
1992 778 2057 830 ut

403 854 582 915 verbo
595 853 890 925 dicam,ex
911 873 1275 936 unoquoque
1295 855 1508 936 horum
1534 855 1848 938 docemur,
1886 868 1950 920 ut
1981 878 2057 921 ne

403 942 464 1003 in
487 942 802 1006 indecoras
822 946 1152 1006 sententias
1176 944 1508 1007 incidamus
1522 951 1818 1020 tum,cum
1845 948 1918 1009 de
1932 951 2054 1011 Deo

403 1032 705 1113 quidpiam
729 1036 1377 1116 cogitamusjtaqneut
1401 1037 1761 1116 praecipuam
1786 1039 1894 1101 Dei
1919 1058 2054 1119 pro-

403 1121 711 1202 prietatem
744 1143 1204 1203 cognoscamus,
1245 1126 1396 1186 alter
1425 1125 1618 1201 alteri,
1656 1145 1788 1187 cum
1825 1128 1898 1189 de
1931 1127 2052 1189 Deo

401 1230 597 1274 sermo
628 1213 906 1295 habetur,
942 1213 1359 1276 interdicimus
1394 1234 1468 1276 ne
1499 1216 1858 1293 cogitatione
1874 1217 1950 1279 ad
1979 1236 2049 1280 ea

400 1319 532 1381 qua:
563 1320 680 1362 non
711 1311 947 1384 oportet
977 1304 1342 1377 deferamur,
1383 1323 1459 1364 ne
1480 1323 1742 1384 unquam
1777 1305 2053 1368 homines

401 1391 813 1471 putentDeum
840 1411 973 1455 esse
989 1393 1316 1475 quidquam
1341 1393 1750 1474 corruptibile,
1786 1402 1889 1457 aut
1908 1396 2051 1458 visi-

2143 526 2232 559 τον
2264 507 2629 582 προσ-γίνεσθαι
2679 516 2754 582 τῷ
2804 517 2919 582 Θεῷ
2993 509 3144 566 Οὕτω
3173 505 3236 575 δὴ
3265 511 3352 565 καὶ
3381 507 3506 566 ὅταν
3551 509 3787 588 ἀγέννη-

2141 616 2253 668 τον,
2317 595 2397 651 ὅτι
2459 594 2734 671 Μηδεμιᾶς
2785 600 2950 660 αἰτίας
3029 600 3166 671 μήτε
3220 598 3397 677 ἀρχῆς
3454 598 3671 678 ἐξῆφθαι
3725 602 3789 656 τὸ

2141 684 2280 740 εἶναι
2313 693 2404 740 τοῦ
2443 687 2574 742 Θεοῦ
2604 689 2843 763 νομίσῃς.
2918 689 3014 745 Καὶ
3047 686 3212 761 ὅλως,
3252 686 3301 751 ἐξ
3335 688 3561 746 ἑκάστου
3588 690 3790 746 τούτων

2139 770 2487 848 διδασκόμεθα
2546 776 2622 850 μή
2671 779 2742 837 εἱς
2804 777 3063 852 ἂπρεπεῐς
3136 776 3338 839 ἐννοίας
3390 775 3443 831 ἐν
3504 791 3624 837 ταῖς
3670 780 3790 854 περὶ

2141 865 2270 919 Θεοῦ
2327 864 2627 940 ὑπολήψεσι
2685 866 3056 927 καταπίπτειν,
3094 865 3292 924 Οὗκοῦν
3336 865 3427 921 ’ίνα
3471 868 3531 922 τὸ
3583 866 3790 945 ἐξαίρε-

2140 975 2230 1007 τον
2263 953 2470 1029 ξίδίωμα
2515 963 2606 1012 τοῦ
2653 963 2784 1011 Θεοῦ
2842 955 3171 1032 ἒπιγνῶμεν,
3229 955 3626 1033 ἀπαγορεόομεν
3684 957 3789 1014 ἀλ-

2139 1041 2321 1110 λήλοιι
2369 1043 2422 1097 ἐν
2465 1059 2582 1108 τοῖς
2627 1046 2744 1122 περὶ
2791 1053 2922 1101 Θεοῦ
2964 1043 3167 1122 λόγοις,
3204 1045 3280 1119 μὴ
3329 1043 3642 1123 καταφέρειν
3686 1046 3784 1107 τὰς

2138 1129 2370 1195 διανοίας
2431 1133 2555 1213 ιὸϐ)
2591 1137 2662 1198 εἷς
2696 1137 2728 1189 ἂ
2787 1136 2862 1209 μὴ
2909 1133 3012 1207 δεῖ,
3050 1134 3141 1189 ἵνα
3178 1135 3388 1208 μήποτε
3418 1135 3673 1200 οἰηθῶσιν
3730 1135 3788 1190 ἓν

2132 1228 2237 1277 τῶν
2294 1226 2554 1300 φθαρτῶν,
2591 1224 2624 1291 ἢ
2672 1224 2725 1279 ἓν
2772 1231 2876 1280 τῶν
2909 1226 3132 1302 ὁρατῶν,
3196 1224 3230 1290 ἢ
3278 1222 3332 1278 ἕν
3373 1223 3484 1279 τῶν
3515 1226 3790 1300 γεννητῶν

2135 1313 2224 1366 τὸν
2277 1314 2406 1367 Θεὸν
2451 1314 2711 1388 ῦπᾶργειν
2769 1317 2814 1369 οἱ
2878 1313 3165 1392 ἅνθρωποι.
3217 1312 3397 1369 ’Ὥστε
3454 1310 3538 1370 διὰ
3587 1315 3793 1370 τούτων

2133 1423 2193 1478 γε
2255 1401 2389 1476 (67)
2469 1404 2718 1459 ἁπάντων
2802 1410 2906 1459 τῶν
2970 1402 3420 1480 ἀπηγορευμένων
3479 1403 3784 1482 ὀνομάτων,

399 1479 538 1570 bile,
570 1491 670 1544 aut
691 1493 1064 1561 generatum.
1091 1484 1289 1555 Quare
1315 1501 1419 1562 per
1445 1483 1657 1544 omnia
1684 1485 1808 1546 hac
1837 1485 2048 1564 prohi-

2141 1493 2290 1547 οἱονεὶ
2350 1493 2645 1568 ἀπαρνησίς
2705 1495 2784 1556 τίς
2830 1492 2940 1549 ἐστι
2997 1504 3091 1551 τοῦ
3149 1491 3447 1569 ἀλλοτρίου,
3505 1491 3789 1570 διαρθροῦ-

398 1569 617 1633 bitoria
639 1571 903 1651 nomina,
937 1571 1067 1651 ejus
1084 1573 1240 1652 quod
1261 1573 1522 1634 alienum
1549 1582 1638 1634 est
1659 1577 1715 1634 lit
1734 1577 1904 1654 quasi
1923 1594 1998 1637 ne
2018 1610 2047 1621 -

2141 1578 2299 1653 μένης
2336 1582 2488 1653 ἡμῶν
2533 1587 2630 1647 τῆς
2689 1580 2938 1653 διανοίας,
2975 1582 3063 1635 καὶ
3103 1582 3195 1643 τὰς
3231 1580 3348 1654 περὶ
3377 1579 3508 1658 (68)
3545 1586 3650 1634 τῶν
3710 1579 3790 1652 μὴ

397 1659 552 1738 gatio
572 1662 865 1741 quadam,
893 1661 1034 1722 dum
1058 1661 1291 1740 singula
1316 1661 1687 1740 distinguens
1715 1683 1883 1726 mens
1931 1685 2044 1726 no-

2141 1670 2442 1746 προσόντων
2522 1671 2661 1744 αῦτῷ
2717 1670 3019 1745 ὑπολήψεις
3103 1669 3519 1742 ἀποτιθεμένης,
3599 1667 3788 1747 Πάλιν,

397 1759 541 1825 stra,
568 1769 776 1812 eorum
803 1770 935 1832 quae
960 1751 1020 1812 in
1045 1754 1165 1814 Deo
1191 1770 1309 1812 non
1334 1751 1534 1812 insunt
1570 1752 1884 1832 Opiniones
1909 1758 2048 1816 225

2141 1758 2336 1835 ἀγαθὸν
2396 1757 2621 1836 λέγομεν
2681 1763 2770 1816 τὸν
2832 1762 2985 1837 Θεὸν,
3032 1761 3119 1814 καὶ
3150 1759 3372 1828 δίκαιον,
3409 1761 3496 1814 καὶ
3529 1756 3791 1833 δημιουρ-

394 1841 573 1900 exuit.
603 1844 794 1902 Deum
826 1859 1032 1902 rursus
1064 1841 1286 1905 bonum
1320 1841 1604 1922 dicimus,
1629 1850 1688 1904 et
1723 1845 1972 1926 justum,
2000 1853 2048 1907 el

2141 1849 2258 1925 γὸν,
2291 1852 2376 1904 καὶ
2432 1849 2642 1926 κριτὴν,
2677 1851 2766 1905 καὶ
2816 1849 2950 1905 ἄλλα
2981 1849 3078 1904 ὅσα
3109 1856 3346 1906 τοιαῦτα.
3387 1847 3482 1910 Ὠς
3542 1847 3628 1904 οῦν
3660 1846 3788 1927 (69)

390 1940 758 2004 creatorem,
800 1930 1164 2009 etjudicem,
1192 1930 1426 2011 aliaque
1446 1931 1811 2008 hujusmodi.
1840 1933 2056 2005 Quem-

391 2019 713 2082 admodum
748 2019 924 2100 igitur
951 2020 1011 2081 in
1046 2018 1163 2082 illis
1194 2022 1286 2082 hae
1326 2038 1502 2082 voces
1559 2021 2050 2102 reprobationem

393 2109 712 2190 quamdam
726 2128 793 2172 ac
809 2109 1304 2172 interdictionem
1323 2109 2049 2188 signiﬁcabantnotionem

392 2217 428 2259 a
456 2196 578 2260 Deo
609 2199 938 2261 alienarum
976 2216 990 2256 :
1021 2199 1099 2259 ita
1129 2199 1220 2260 hic
1265 2198 1620 2280 positionem
1669 2209 1726 2260 et
1774 2209 2047 2263 naturam

397 2305 605 2349 eorum
639 2307 769 2368 qum
815 2288 1054 2368 propria
1118 2291 1223 2350 Dei
1283 2297 1440 2366 sunt,
1502 2291 2049 2368 convenienterque

398 2377 458 2438 in
497 2396 568 2440 eo
599 2376 1657 2459 considerantur,signiﬁcant.ltaque
1687 2399 1753 2441 ex
1779 2391 2050 2461 utroque

381 2466 847 2546 appellationum
872 2483 1095 2545 genere
1142 2467 1452 2539 docemur,
1489 2479 1591 2530 aut
1654 2468 1728 2529 de
1761 2470 1853 2530 his
1911 2490 2047 2546 quae

385 2555 620 2636 adsunt,
648 2555 805 2636 quod
831 2555 1031 2616 adsint
1059 2576 1071 2618 :
1098 2565 1200 2617 aut
1225 2556 1300 2616 de
1325 2555 1417 2616 his
1441 2575 1573 2636 quae.
1615 2557 1856 2638 absunt,
1887 2561 2042 2639 quod

385 2644 600 2708 absint.
646 2643 770 2709 Vox
799 2655 998 2707 autem
1033 2645 1377 2726 ingenitum
1410 2664 1480 2708 ea
1511 2666 1646 2724 quze
1677 2667 1794 2709 non
1831 2649 2050 2710 adsunt

385 2736 722 2814 signiﬁcat:
775 2735 998 2797 indicat
1036 2735 1196 2796 enim
1232 2737 1354 2798 Deo
1413 2738 1862 2814 generationem
1922 2757 2040 2800 non

386 2827 623 2890 adesse.
653 2825 777 2889 Hoc
800 2835 996 2889 autem
1030 2829 1154 2887 sive
1190 2826 1323 2905 quis
1357 2825 1770 2906 privationem,
1791 2831 1914 2890 sive
1941 2828 2040 2888 in-

2141 1935 2224 1992 ἐπ’
2260 1937 2475 1994 ἐκείνων
2533 1938 2777 2004 ἂθετησίν
2837 1961 2952 1993 τινα
3001 1941 3086 1993 καὶ
3135 1939 3488 2015 ἀπαγόρευσιν
3521 1945 3624 1992 τῶν
3684 1935 3792 1991 ἀλ·-

2138 2025 2356 2100 λοτρίων
2418 2034 2508 2083 τοῦ
2561 2036 2692 2086 Θεοῦ
2755 2029 3042 2102 ἐσήμαινον
3102 2031 3153 2082 αἱ
3214 2028 3402 2105 φωναὶ,
3471 2025 3638 2088 οὕτως
3698 2025 3790 2081 ὲν-

2135 2121 2296 2171 ταῦθα
2351 2117 2492 2172 θέσιν
2549 2118 2636 2173 καὶ
2693 2117 2908 2194 ὕπαρξιν
2965 2123 3070 2173 τῶν
3132 2116 3338 2172 οἰκείων
3395 2123 3470 2188 τῷ
3530 2118 3647 2187 Θεῷ
3703 2122 3791 2176 καὶ

2135 2206 2446 2283 πρεπόντως
2508 2207 2624 2280 περὶ
2685 2205 2840 2260 αὒτον
2899 2205 3272 2280 θεωρουμένων
3307 2203 3788 2275 ἀποσημαίνουσιν,

2133 2287 2230 2350 Ἐκ
2300 2295 2470 2352 τοίνυν
2547 2293 2792 2370 ἑκατέροιν
2860 2303 2953 2351 τοῦ
3016 2291 3191 2357 εἴδους
3253 2299 3358 2347 τῶν
3418 2291 3792 2369 προσηγοριῶν

2133 2376 2507 2455 διδασκόμεθα,
2550 2383 2584 2450 ἢ
2642 2384 2759 2461 περὶ
2809 2389 2914 2438 τῶν
2968 2382 3300 2458 προσόντων,
3351 2378 3432 2436 ὅτι
3485 2384 3789 2452 πρόσεστιν,

2134 2473 2168 2540 ἢ
2214 2474 2331 2550 περὶ
2383 2480 2488 2528 τῶν
2525 2473 2601 2547 μὴ
2653 2473 2986 2549 προσόντων,
3035 2470 3116 2527 ὅτι
3175 2473 3252 2545 μὴ
3288 2472 3562 2546 πρόσεστι,
3614 2472 3684 2527 Τό
3729 2491 3790 2545 γε

2133 2564 2240 2637 μὴν
2272 2562 2563 2640 ἀγέννητον
2625 2566 2729 2617 τῶν
2777 2561 2855 2635 μὴ
2919 2561 3228 2639 προσόντων
3259 2561 3370 2614 ἔστῖ
3403 2560 3739 2634 σημαντικόν
3772 2576 3784 2588 ⁸

2130 2651 2290 2718 δηλοῖ
2319 2655 2418 2729 γὰρ
2462 2654 2523 2707 τὸ
2570 2655 2646 2726 μὴ
2717 2665 2996 2727 προσεῖναι
3029 2651 3283 2728 γέννησιν
3317 2657 3394 2724 τῷ
3438 2656 3575 2722 Θεῷ.
3628 2657 3794 2708 Τοῦτο

2129 2740 2180 2796 δὲ
2212 2741 2322 2798 εἴτε
2353 2742 2717 2821 ἀφαίρετικὸν,
2754 2739 2869 2796 εἴτε
2927 2740 3351 2818 ἁπαγορεντικὸν
3405 2739 3441 2807 ἢ
3503 2739 3792 2816 ἀρνητικὸν

2128 2854 2178 2888 τι
2235 2839 2482 2891 τοιοῦτον
2531 2830 2778 2907 βούλοιτό
2837 2851 2919 2894 τις
2976 2828 3408 2907 προσαγορεύειν,
3473 2833 3532 2887 οῦ
3578 2827 3787 2885 διοισό-

387 2916 960 2990 terdietionem,sive
977 2913 1515 2996 negationem,sive
1529 2916 1673 2994 quid
1693 2917 2040 2997 bujusmodi

2141 2925 2285 2984 1.561.
2340 2920 2472 2977 ’Ὅτι
2533 2919 2585 2976 δὲ
2640 2922 2700 2976 οὒ
2731 2924 2835 2974 τῶν
2867 2918 3223 2997 ὑπαρχόντων
3255 2925 3332 2990 τῷ
3379 2925 3496 2991 Θεῴ
3523 2940 3788 2993 σημαντι-

385 3007 689 3088 appellare
707 3005 984 3084 voluerit,
1005 3005 1163 3067 haud
1186 3005 1817 3078 contendemus.Qood
1843 3015 2044 3069 autem

389 3096 538 3158 nihil
562 3114 769 3157 eorum
792 3095 1005 3176 quaain
1027 3095 1148 3156 Deo
1192 3095 1396 3155 insunt
1449 3094 1745 3173 signiﬁcet
1792 3096 2044 3174 ingeniti

386 3205 518 3266 vox,
553 3203 621 3247 ex
639 3185 763 3265 jam
792 3183 964 3245 dictis
989 3183 1129 3247 satis
1180 3183 1551 3246 declaratum
1610 3203 1740 3248 esse
1785 3195 1946 3265 puto.
1975 3192 2049 3250 At

391 3274 726 3337 substantia
757 3293 876 3336 non
905 3281 995 3334 est
1022 3274 1351 3353 quidquam
1395 3292 1602 3334 eorum
1642 3293 1772 3355 qua;
1803 3294 1922 3336 non
1945 3276 2048 3336 ad-

391 3372 527 3425 sunt
559 3364 698 3425 :sed
723 3373 811 3424 est
838 3367 1028 3443 ipsum
1054 3381 1185 3424 esse
1225 3363 1354 3443 Dei,
1403 3362 1562 3442 quod
1607 3365 1762 3426 inter
1805 3383 1875 3426 ea
1915 3384 2046 3446 quae

395 3472 512 3514 non
531 3462 1381 3527 sunt,annumerare,summa2
1393 3453 1673 3514 amentiae
1689 3453 2047 3517 est.EIenim

393 3545 439 3604 si
472 3543 804 3605 substantia
834 3543 896 3604 in
936 3560 1190 3603 numero
1223 3560 1427 3604 eorum
1472 3561 1603 3622 quae
1636 3562 1754 3605 non
1777 3552 1934 3624 sont,
1967 3545 2050 3606 lo-

393 3633 772 3698 catur,multo
795 3633 987 3690 minus
1010 3631 1162 3687 aliud
1182 3632 1478 3703 quidpiam
1495 3647 1832 3705 eorumque
1853 3634 1920 3691 de
1939 3633 2049 3691 Deo

393 3725 691 3798 dicuntur,
716 3725 918 3786 fuerit.
938 3723 1413 3785 Demonstratum
1443 3735 1532 3784 est
1554 3732 1776 3797 autem,
1807 3725 2045 3804 ingeni-

394 3815 433 3875 ti
448 3833 649 3876 vocem
668 3815 826 3877 inter
839 3833 908 3876 ea
921 3832 1054 3894 qua
1068 3832 1184 3874 non
1201 3813 1269 3874 ad
1281 3814 2047 3893 sunt,numerari;menilax

395 3913 484 3966 est
506 3904 681 3983 igitur
699 3902 804 3981 qui
825 3904 935 3965 bac
955 3921 1093 3964 voce
1112 3902 1500 3964 substantiam
1519 3901 1840 3980 signiﬁcari
1862 3913 2044 3982 putat,

484 3997 575 4057 11.
605 3994 677 4054 At
695 4010 833 4057 vero
852 3992 1183 4055 Eunomius
1204 3991 1429 4071 aliquid
1455 3991 1528 4052 de
1552 3991 1675 4053 Deo
1715 3993 2045 4056 secundum

395 4085 782 4165 privationem
806 4083 1098 4161 diciaegre
1121 4083 1344 4159 ferens,
1369 4090 1644 4162 tanquam
1687 4082 1737 4142 si
1758 4100 1855 4144 res
1889 4093 2047 4144 esset

2129 3011 2222 3066 κόν
2281 3011 2389 3066 ἐστι
2449 3013 2509 3066 τὸ
2556 3009 2873 3086 ἀγέννητον,
2929 3007 3224 3082 ἀρκούντως
3278 3008 3438 3082 οἶμαι
3505 3006 3787 3074 δηλοῦσθαι

2130 3113 2246 3162 τοῖς
2273 3100 2592 3178 εἰρημένοις.
2633 3100 2693 3153 Ἢ
2727 3097 2782 3154 δὲ
2841 3098 2990 3154 οὖσία
3034 3101 3140 3176 οὔχ
3198 3096 3250 3152 ἕν
3282 3120 3331 3153 τι
3363 3102 3468 3152 τῶν
3504 3100 3582 3171 μὴ
3620 3119 3784 3176 προσ-

2131 3190 2297 3246 όντων
2329 3189 2487 3257 ἐστὶν,
2543 3187 2660 3244 ἀλλ’
2717 3190 2842 3245 αὐτὸ
2903 3189 2965 3243 τὸ
3025 3187 3169 3242 εἶναι
3231 3195 3320 3243 τοῦ
3379 3190 3534 3266 Θεοῦ,
3582 3185 3710 3265 ὅπερ
3734 3185 3785 3242 ἒν

2129 3293 2247 3343 τοῖς
2280 3279 2356 3352 μὴ
2388 3286 2500 3334 οὖσι
2559 3280 2916 3354 καταριθμεῖν
2973 3276 3267 3354 παρανοίας
3329 3275 3440 3332 ἐστὶ
3485 3281 3585 3342 τῆς
3644 3275 3790 3332 ἀνω-

2133 3371 2302 3430 τάτω,
2361 3369 2419 3424 Εἰ
2479 3369 2578 3446 γὰρ
2639 3368 2674 3432 ἢ
2720 3366 2866 3424 οὐσία
2922 3365 2974 3420 ἐν
3031 3377 3148 3430 τοῖς
3193 3367 3271 3440 μὴ
3319 3372 3461 3442 οῦσι,
3492 3363 3674 3443 σχολῇ
3731 3387 3791 3442 γε

2136 3457 2199 3513 ἂν
2241 3457 2365 3535 (⁸70)
2403 3456 2535 3512 ἄλλο
2565 3479 2615 3512 τι
2661 3458 2765 3511 τῶν
2797 3453 3104 3532 λεγομένων
3135 3451 3228 3520 εἴη
3275 3453 3543 3509 Δέδεικται
3579 3451 3632 3508 δὲ
3689 3452 3789 3530 ἄρα

2131 3549 2193 3602 τὸ
2237 3547 2524 3625 ἀγέννητον
2567 3559 2681 3606 τοῖς
2717 3545 2794 3619 μὴ
2825 3550 3077 3622 προσοῦσι
3132 3544 3548 3622 συντεταγμένον
3618 3540 3742 3622 (Ἠ)
3773 3571 3788 3586 ο

2133 3638 2270 3696 ὥστε
2302 3635 2495 3712 ψευδὴς
2547 3638 2573 3691 ὁ
2623 3634 2897 3708 τιθέμενος
2951 3638 3050 3698 τῆς
3081 3633 3256 3693 οὐσίας
3291 3635 3460 3700 ανῦτῆς
3486 3633 3630 3689 εἶναι
3688 3633 3788 3700 τὴν

2134 3728 2319 3809 φωνὴν
2349 3727 2545 3792 ταύτην
2568 3723 2896 3791 δηλωτικήν.

2216 3995 2312 4056 li.
2345 3992 2406 4050 Ὀ
2437 3991 2515 4065 δὲ,
2548 3993 2620 4052 ὡς
2680 3989 2763 4046 ἐπ’
2825 3989 3008 4062 ἀτόπῳ
3039 3997 3114 4064 τῷ
3160 3989 3296 4046 κατὰ
3329 3987 3574 4056 στέρησίν
3604 4010 3654 4043 τι
3687 3987 3784 4044 λέο

2131 4089 2312 4163 γεσθαι
2366 4083 2484 4160 περὶ
2560 4087 2692 4136 Θεοῦ
2745 4077 3130 4158 δυσχεραίνων,
3208 4079 3292 4134 ἐπὶ
3351 4078 3409 4132 τὸ
3466 4074 3784 4136 εὖσεόἐστε-

391 4173 669 4254 absurda,
690 4172 762 4234 ad
793 4173 1232 4252 religiosiorem
1257 4169 1487 4232 scilicet
1509 4171 1862 4234 sententiam
1894 4191 2043 4234 con-

2141 4197 2220 4232 σον
2265 4171 2397 4251 (⁵72)
2444 4169 2596 4236 δῆθεν
2643 4170 2988 4248 καταφεύγει,
3048 4170 3110 4224 τὸ
3143 4169 3214 4226 εἷς
3252 4166 3415 4233 αὖτὴν
3449 4189 3547 4233 την
3607 4167 3788 4222 οὐσίαν

472 4335 599 4412 (66)
634 4332 1028 4414 scriptumin
1069 4333 1333 4411 margine
1372 4334 1525 4411 Reg.
1563 4333 1756 4414 quarti
1814 4333 2284 4414 vaiac._Dinlel‘
2315 4349 2386 4414 ea
2406 4347 2537 4414 quae
2588 4328 2832 4414 positiva
2863 4329 3092 4414 suntin
3126 4330 3271 4390 Deo.
3321 4325 3574 4414 _Et_enim
3636 4324 3792 4414 nihil

403 4406 614 4476 Statim
649 4406 808 4474 idem
843 4413 1028 4475 codex
1051 4406 1548 4489 μήποτεοῖηθιῖιμίεν
1581 4406 1683 4474 sed
1720 4412 1867 4473 illud
1903 4412 2063 4492 quod
2140 4431 2307 4492 asque
2330 4406 2600 4492 designat
2630 4410 2688 4470 in
2723 4409 2842 4471 Deo
2894 4410 3204 4492 positivum
3238 4406 3550 4492 quiddam,
3613 4413 3790 4492 atque

397 4497 566 4574 paulo
603 4502 731 4574 post
757 4492 996 4569 legitur,
1033 4497 1079 4550 oi
1111 4493 1400 4572 ἅνθρωποι,
1437 4513 1506 4554 eo
1539 4494 1597 4554 in
1631 4494 1842 4554 codice
1877 4488 2058 4554 omit-
2140 4488 2643 4574 substantiaipsa,
2666 4510 2844 4574 quam
2871 4488 3134 4574 omnium
3162 4488 3350 4548 basim
3377 4504 3509 4574 esse
3532 4491 3790 4574 constat.

400 4575 562 4637 titur.

477 4653 602 4734 ('67)
632 4653 852 4734 Vocula
888 4676 944 4731 γε
977 4659 1036 4714 in
1069 4653 1280 4733 majori
1315 4662 1665 4734 partoimss.
1693 4652 1885 4713 deest.

481 4733 607 4812 (68')
637 4733 812 4806 Illud,
848 4737 1051 4798 καὶτὰς
1077 4738 1216 4814 περὶ,
1251 4744 1395 4813 etc.,
1431 4733 1505 4794 ad
1549 4733 1798 4794 verbum
1835 4734 1921 4793 sic
1954 4734 2049 4794 in-

399 4815 803 4896 terpretabere
844 4822 942 4876 :et
978 4815 1220 4895 deponit
1265 4817 1591 4895 opiniones
1645 4829 1853 4874 rerum
1914 4831 2048 4893 qua:

395 4898 514 4958 Deo
544 4915 663 4958 non
695 4896 943 4956 adsunt.

483 4978 603 5054 (69)
621 4975 757 5037 Haec
778 4973 980 5048 verba,
1003 4974 1097 5037 ἰις
1124 4976 1237 5053 οὖν,
1255 4984 1396 5046 etc.,
1421 4974 1508 5035 sic
1529 4971 1752 5054 debent
1769 4972 2047 5048 intelligi:

398 5053 898 5138 quemadmodum
922 5057 1161 5138 nomina
1189 5053 1702 5138 privativa,qualia
1721 5061 1858 5113 sunt
1880 5054 2047 5138 indi-

403 5133 662 5208 uisibilc,
677 5133 1281 5214 incorruptibile,etc.
1297 5141 1616 5208 ,renovent
1637 5152 1670 5193 a
1691 5137 1811 5192 Deo
1836 5133 2052 5210 cogita-

399 5217 594 5278 tiones
620 5215 902 5296 quasdam
942 5232 954 5273 :
995 5217 1074 5275 ita
1107 5235 1176 5276 ea
1209 5215 1450 5296 nomina
1480 5233 1610 5294 qum
1659 5214 2049 5290 privationem

398 5317 515 5358 non
541 5295 1046 5377 praiferunrt,_quod
1067 5313 1255 5377 genus
1273 5305 1406 5354 sunt
1433 5295 2052 5377 bonus.justu_s,crea-

397 5374 688 5475 torLetcn
709 5375 1040 5475 positivum
1072 5376 1355 5475 quiddam
1388 5377 1447 5436 in
1475 5375 1597 5466 Deo
1621 5374 1968 5475 ostendunt.

828 5456 1004 5535 σχολῆ
1054 5425 1106 5532 *ἕ
1136 5457 1193 5510 ἄν
1226 5455 1374 5532 Reg.
1423 5455 1631 5516 tertius
1657 5454 1838 5535 σχολή
1873 5453 2054 5535 γεψᾶν

399 5542 599 5601 Codex
633 5535 799 5616 Golb.
825 5534 970 5616 cum,
997 5535 1230 5597 duobus
1263 5536 1461 5611 Regiis
1494 5537 1698 5616 σχολῇ,
1736 5534 1892 5596 bene
1935 5534 2058 5596 Hoc

399 5618 542 5678 dicit
582 5614 830 5676 Basilius
868 5635 880 5648 ·
915 5614 976 5676 Si
1011 5618 1338 5677 substantia
1373 5614 1602 5677 locatur
1633 5618 1792 5676 inter
1824 5633 1892 5674 ea
1924 5632 2060 5688 qua)

400 5699 458 5759 in
493 5698 615 5758 Deo
651 5695 897 5775 positiva
931 5713 1045 5755 non
1084 5707 1220 5758 sunt
1257 5721 1269 5756 :
1327 5698 1502 5775 longe
1565 5697 1760 5757 minus
1820 5693 2060 5775 quidvis

403 5778 577 5839 aliud
612 5774 844 5849 eurum,
877 5793 1006 5854 qua:
1037 5776 1110 5838 de
1141 5778 1263 5841 Deo
1289 5774 1714 5858 praedicantur,
1741 5774 2056 5850 iocabitur,

2138 4573 2222 4637 Ex
2245 4573 2462 4653 quibus
2486 4567 2903 4653 cclligi'debet,
2933 4571 3245 4653 Basilium,
3271 4567 3492 4628 utalias
3518 4567 3801 4646 saepe,ita

2138 4655 2236 4716 hic
2266 4649 2611 4712 ἓλλειπτικῶς
2647 4651 2914 4712 locutum
2951 4652 3163 4724 fuisse,
3198 4649 3282 4708 sic
3313 4657 3376 4708 ut
3409 4655 3544 4725 post
3575 4665 3784 4707 vocem

2135 4736 2228 4802 εἴη
2261 4731 2648 4795 subaudiatur
2671 4734 2724 4788 ἐν
2767 4734 2881 4788 οὖσι
2918 4729 3424 4794 inexstuntibus:
3473 4744 3620 4807 quas
3635 4730 3794 4807 duas

2134 4832 2309 4875 voces
2340 4813 2578 4876 Latinas
2605 4813 2661 4872 in
2707 4812 3200 4892 interpretatione
3259 4806 3506 4889 quoque
3556 4806 3788 4868 subau-

2138 4895 2389 4956 diendas
2423 4911 2553 4954 esse
2591 4911 2826 4953 moneo.

2223 4975 2342 5054 (Ἠ)
2376 4972 2532 5034 Edili
2563 4972 2616 5026 ὲν
2643 4987 2758 5036 τοῖς
2803 4975 2880 5046 μὴ
2917 4976 3099 5052 προῦσι
3145 4971 3492 5047 τεταγμένον.
3526 4968 3600 5028 ΑΙ,
3641 4986 3785 5028 mss.

2139 5055 2412 5134 plerique
2445 5071 2655 5114 omnes
2687 5061 2753 5113 ut
2781 5054 2838 5113 in
2877 5061 3180 5114 contextu.

2222 5128 2350 5216 (72')
2375 5136 2696 5216 lnterpres,
2722 5134 2842 5216 qui.
2870 5142 2929 5192 ut
2945 5143 3121 5216 pu_to,
3144 5130 3259 5216 sibi
3283 5128 3653 5216 persuadere,
3665 5144 3781 5186 non

2139 5207 2387 5296 poterat,
2423 5207 2754 5293 quidquam"
2783 5211 2874 5296 pie
2905 5207 2976 5273 ab
3009 5207 3300 5296 Erunomio
3332 5211 3553 5296 dictum
3576 5207 3780 5296 fuisse,

2138 5291 2251 5356 sibi
2283 5291 2563 5354 visnsiest
2592 5291 2793 5371 legere
2826 5295 2907 5349 ἐπὶ
2954 5298 3013 5349 τὸ
3041 5291 3404 5372 ἀσεϐέστερον,
3444 5291 3782 5372 [tamenim

2139 5377 2334 5438 vertit:
2351 5376 2429 5436 ad
2445 5374 2614 5435 aliud
2636 5366 2836 5451 magis
2857 5376 3043 5454 imqie
3059 5366 3562 5454 dicamne/agit.
3595 5366 3711 5454 _S_ed
3734 5377 3794 5454 et

2140 5456 2283 5518 editi
2310 5472 2453 5516 mss.
2500 5454 2717 5514 habent
2742 5449 2847 5510 ⁷ἐπὶ
2878 5458 2936 5509 τὸ
2955 5449 2974 5454 ’
2993 5449 3390 5531 εὒσεϐἐστερον,
3419 5451 3502 5511 ad
3550 5449 3793 5527 aliquid

2141 5541 2333 5614 magis
2355 5537 2526 5615 pium
2553 5535 2872 5615 confugit:
2929 5535 3084 5615 quod
3113 5531 3596 5615 ironicedictum
3631 5546 3790 5605 esse,

2145 5609 2322 5676 nemo
2347 5609 2463 5676 non
2491 5609 2809 5676 videt.Hbc
2836 5609 2962 5694 ipso
2991 5614 3048 5674 in
3072 5613 3205 5675 loco
3229 5613 3413 5673 editio
3443 5609 3632 5694 Paris.
3688 5632 3794 5665 κα-

2143 5699 2412 5774 ταφεύγει,
2445 5699 2530 5751 καὶ
2563 5696 2725 5762 αὒτὲιν
2756 5691 3064 5761 τὴνόὺσίαν
3121 5697 3314 5750 τίθεται
3370 5695 3428 5748 τὸ
3479 5691 3793 5774 ἀγέννητον,

2146 5769 2338 5838 Εόὶιὶο
2375 5769 2525 5839 Ven.
2559 5778 2903 5855 καταφεύγει,
2937 5783 3012 5850 τῷ
3056 5775 3241 5855 αὒτὴν,
3276 5781 3418 5847 etc.,
3453 5771 3608 5834 utin
3661 5769 3794 5832 edi-
