4106 6402
360 407 476 473 537

1474 401 1875 464 ADVERSUS
1920 400 2329 463 EUNOMIUM
2379 404 2524 464 LIB.
2579 404 2625 463 Ι.

3617 401 3734 467 538

355 539 574 596 τίθεσθτι⁹
609 540 669 594 τὸ
701 537 1008 614 ἀγέννητον,
1043 539 1130 592 καί
1180 533 1418 611 συνάγων
1476 531 1646 605 ἐαυτῴ
1692 533 1781 587 τὸν
1831 531 1987 611 λόγον

2079 531 2242 611 fugit;
2273 552 2344 595 e0
2378 534 2753 615 nimirum,ut
2795 535 2854 594 in
2882 535 3012 610 ipsa
3041 533 3365 595 substantia
3395 535 3726 615 ingenitum

357 631 486 708 πρὸς
519 633 579 685 τὸ
609 629 919 708 κεφάλαιον,
955 626 1088 683 οὕτω
1137 625 1343 704 γροίφει·

440 818 588 870 ΕΥΝ.
653 809 871 885 Οὗκοῦν,
935 811 977 862 εἱ
1030 809 1166 880 μήτε
1215 805 1338 861 κατ’
1390 805 1646 876 ἐπίνοιαν,
1697 805 1832 872 μήτε
1866 806 2002 861 κατὰ

359 900 628 976 στέρησιν,
691 900 828 972 μήτε
888 899 940 952 ἐν
1002 897 1147 973 μέρει
1185 895 1412 972 (ἀμερὴς
1445 893 1596 972 γὰρ),
1633 896 1769 968 μήτε
1804 895 1856 949 ἐν
1900 895 1998 949 αὗ-

350 997 426 1060 τῷ
484 990 557 1052 ὠς
603 988 776 1064 ἕτερον
810 987 1029 1058 (ἁπλοῦς
1087 985 1238 1064 γὰρ),
1296 986 1433 1058 μήτε
1493 983 1617 1057 παρ’
1690 986 1845 1040 αὐτὸν
1879 984 1997 1038 ἔτε-

351 1102 438 1157 ρον
488 1078 596 1155 (εἷς
627 1099 726 1154 γαρ
782 1079 865 1131 καὶ
925 1076 1084 1150 μόνος
1136 1075 1474 1151 ἀγέννητοςδ.
1525 1074 1646 1127 αὐτὸ
1676 1071 1735 1126 ἂν
1770 1073 1859 1137 ε’τη
1901 1076 1993 1130 οῦ·-

352 1169 438 1224 σία
468 1168 754 1244 ἁγέννητος
765 1213 778 1225 .

430 1355 580 1408 ΒΑΣ,
619 1345 841 1422 ’Ἦγαγε
876 1347 964 1400 τὸν
999 1344 1156 1422 λόγον
1202 1344 1282 1422 ἐφ’
1342 1343 1373 1398 ἃ
1431 1341 1698 1417 ἑϐουλεττι,
1734 1348 1818 1399 καὶ
1865 1368 1993 1400 ιταν-

357 1437 590 1515 ταχόθεν
647 1438 706 1490 τὸ
762 1434 1052 1510 ἀγέννῃτον
1111 1435 1454 1510 ἀποσπάσας,
1515 1434 1583 1492 εἰς
1661 1435 1822 1499 α-ὒτὴν
1865 1433 1996 1511 (73)

354 1525 666 1596 συνήλασεν,
727 1527 797 1588 ὡς
854 1524 1013 1598 ᾠετο,
1073 1527 1171 1589 την
1233 1524 1430 1580 ὠσίαν
1496 1523 1655 1577 εὶπὼν
1741 1525 1856 1598 περὶ
1907 1530 1996 1578 τοῦ

352 1616 485 1670 Θεοῦ
526 1636 633 1668 των
691 1611 853 1689 ὅλων,
910 1611 991 1667 ὅτι
1053 1613 1174 1666 αὗτὸ
1239 1611 1299 1666 ἂν
1351 1611 1441 1675 εἴη
1503 1611 1649 1666 οὒσία
1681 1611 1993 1687 ἀγέννητος.

2087 623 2432 694 constituat;
2463 624 3001 703 sermonemquein
3025 642 3316 684 summam
3341 626 3723 703 contrahens,

2087 712 2165 772 ita
2197 713 2410 774 scribit
2444 733 2458 772 :

2168 801 2313 863 EUN.
2348 803 2526 880 lgitur
2543 801 2594 862 si
2616 821 2808 881 neque
2838 801 3169 862 secundum
3204 803 3580 883 concipiendi
3606 823 3729 867 mo-

2085 891 2453 970 dum,neque
2479 892 2805 953 secundum
2843 892 3458 972 privationem,neque
3477 894 3536 955 in
3556 903 3728 974 parte

2089 979 2329 1059 (quippe
2361 995 2452 1040 est
2479 979 2841 1059 invisibilis),
2878 997 3071 1059 neque
3104 981 3161 1040 in
3193 981 3323 1059 ipso
3374 983 3537 1044 velut
3566 984 3724 1046 aliud

2083 1069 2354 1149 (simplex
2385 1089 2643 1149 namque
2674 1069 2812 1148 est),
2871 1086 3063 1148 neque
3125 1079 3346 1147 praeter
3395 1090 3532 1132 eum
3566 1073 3726 1135 aliud

2081 1160 2258 1235 (unus
2279 1161 2438 1220 enim
2464 1168 2554 1219 est
2583 1167 2642 1219 et
2669 1159 2830 1219 solus
2862 1157 3205 1235 ingenitus):
3243 1160 3354 1220 hoc
3379 1159 3572 1239 ipsum
3598 1163 3722 1223 tue-

2078 1247 2158 1308 rit
2179 1246 2381 1327 utique
2411 1247 2737 1309 substantia
2769 1247 3057 1323 ingenita.

2161 1341 2295 1400 Bas.
2331 1335 2614 1418 Perduxgt
2655 1338 2982 1398 orationem
3013 1354 3127 1416 quo
3160 1337 3366 1411 voluit;
3414 1347 3472 1400 et
3493 1349 3726 1419 postea-

2079 1445 2256 1509 quam
2282 1425 2591 1488 undelibet
2641 1427 2966 1504 ingenitum
3018 1428 3288 1501 extrusit,
3325 1428 3385 1488 in
3412 1427 3622 1508 ipsam.
3663 1439 3730 1492 ut

2084 1523 2330 1598 putavit,
2366 1515 2757 1578 substantiam
2791 1514 3049 1587 intrusit,
3087 1515 3314 1596 quippe
3343 1518 3448 1596 qui
3500 1519 3575 1579 de
3608 1521 3728 1582 Deo

2084 1607 2496 1669 universorum
2529 1605 2769 1678 dixerit,
2830 1604 2986 1684 quod
3035 1605 3365 1684 ingenitum
3397 1608 3525 1687 ipsa
3557 1613 3727 1688 inge-

353 1701 496 1779 Ἐγὼ
550 1701 604 1756 δὲ
664 1703 760 1768 την
821 1703 916 1775 μὲν
972 1703 1148 1756 οὒτίαν
1209 1708 1296 1754 τ’,ὗ
1343 1708 1474 1755 Θεοῦ
1523 1700 1813 1776 ἀγέννητον
1857 1701 1987 1756 εἶναι

2085 1699 2206 1758 nita
2234 1693 2564 1755 substantia
2611 1693 2705 1756 sit.
2739 1693 2862 1772 Ego
2892 1712 3030 1754 vero
3061 1694 3457 1757 substantiam
3497 1698 3602 1759 Dei
3630 1700 3726 1758 in-

353 1793 437 1846 Ααὶ
489 1793 644 1854 αὐτὸς
696 1789 754 1844 ἂν
827 1792 1008 1869 φαίην,
1047 1791 1106 1846 οῦ
1163 1791 1269 1862 μὴν
1303 1791 1363 1843 τὸ
1421 1789 1710 1864 ἀγέννητον
1762 1789 1858 1855 τὴν
1905 1792 1987 1844 οὒ-

2085 1789 2344 1867 genitam
2377 1785 2719 1857 esse,etiam
2745 1781 2873 1862 ipse
2905 1781 3311 1862 dixerim,non
3340 1795 3538 1847 antem
3566 1789 3730 1866 inge-

349 1881 487 1941 σίαν,
523 1877 757 1936 ’Ἔπειτα
808 1879 988 1951 μέντοι
1046 1878 1270 1949 κάκείνῳ
1301 1877 1588 1955 προσέχειν
1635 1877 1798 1954 ἄξιον,
1834 1876 1913 1932 ὅτι
1943 1879 1987 1933 τί

2088 1871 2277 1960 nitum
2302 1890 2433 1933 esse
2451 1873 2842 1934 substantiam
2855 1872 3104 1936 .Deinde
3128 1873 3272 1934 illud
3289 1892 3528 1954 quoque
3545 1884 3730 1938 atten-

347 1969 538 2044 ἀμερὲς
592 1969 675 2022 καὶ
721 1970 780 2022 τὸ
828 1966 1052 2045 ἁπλοῦν,
1107 1969 1294 2022 ταυτὸν
1325 1968 1566 2044 ὑπάρχον
1598 1968 1733 2021 κατὰ
1767 1968 1864 2032 τὴν
1909 1966 1987 2021 ἕν-

2085 1957 2229 2021 dere
2257 1980 2454 2041 operte
2484 1963 2741 2042 pretium
2776 1974 2886 2037 est,
2914 1965 3073 2045 quod
3105 1963 3469 2026 indivisibile
3494 1977 3554 2027 et
3586 1972 3728 2027 sim-

345 2080 491 2114 νοιαν
520 2057 735 2130 (ἀμερές
766 2078 822 2112 τε
853 2057 978 2134 (74)
1016 2059 1114 2132 γὰρ
1144 2056 1252 2111 ἐστι
1285 2058 1345 2111 τὸ
1379 2057 1454 2128 μὴ
1490 2056 1548 2110 ἐκ
1591 2062 1764 2132 μερων
1791 2059 1987 2134 συγκεί⁴

2084 2051 2240 2130 plex,
2271 2070 2402 2131 quae
2431 2052 2638 2113 eadem
2672 2063 2808 2114 sunt
2833 2055 2990 2116 inter
3008 2072 3071 2116 se
3095 2053 3524 2132 signiﬁcatione
3555 2055 3728 2132 (indi-

347 2168 531 2222 μενον,
567 2149 651 2200 καὶ
693 2145 892 2200 ἁπλοῦν
936 2146 1189 2207 ὡσαύτως
1235 2148 1294 2200 τὸ
1356 2146 1431 2216 μὴ
1464 2145 1523 2199 ἐκ
1578 2144 1838 2200 πλειόνων
1897 2146 1987 2211 τὴκ

2083 2139 2311 2202 visibile
2341 2141 2502 2201 enim
2534 2153 2626 2203 est
2656 2144 2812 2222 quod
2847 2163 2922 2205 ex
2956 2142 3224 2223 partibus
3258 2161 3377 2203 non
3409 2145 3723 2226 componi-

347 2237 595 2291 σύστασιν
655 2234 808 2312 ἕχον)
845 2278 861 2303 ,
909 2234 1058 2297 οὗτος
1129 2237 1201 2296 ὡς
1261 2232 1570 2312 διαφέρονται
1629 2241 1705 2307 τῷ
1773 2236 1987 2290 ὑποκει-

2081 2235 2264 2302 tur,et
2292 2229 2540 2310 simplex
2570 2231 2847 2294 similiter
2869 2232 3026 2312 quod
3065 2251 3096 2295 e
3131 2231 3400 2312 pluribus
3424 2251 3542 2294 non
3572 2253 3724 2296 con—

345 2323 488 2397 μένῳ
539 2321 803 2399 διίγτησιν
859 2319 952 2377 ἀπ’
1010 2320 1283 2390 ἀλλήλων.
1349 2322 1485 2377 Εἶτα
1529 2322 1848 2399 ἀπαγορεύει
1917 2324 1992 2395 μὴ

341 2411 453 2468 δεῖν
483 2414 849 2489 καταμερίζειν
882 2414 970 2466 τὸν
1007 2413 1156 2480 Θεὸν,
1186 2410 1321 2476 μηδὲ
1354 2413 1413 2465 τὸ
1445 2411 1540 2484 μέν
1571 2433 1620 2466 τι
1643 2415 1800 2468 αὐτοῦ
1832 2411 1994 2488 ἀγέν-

343 2523 523 2573 νητον,
560 2502 618 2556 τὸ
664 2499 718 2555 δὲ
749 2503 1004 2577 γεννητὸν
1055 2500 1391 2555 ὑποπτεύειν
1431 2497 1556 2573 μηδ’
1609 2499 1670 2554 α]
1720 2499 1992 2576 ἐγκεῖσθαι

346 2591 419 2652 ὡς
462 2590 638 2667 ἕτερον
685 2588 739 2644 ἐν
768 2589 930 2668 ἑτέρῳ
963 2589 1190 2662 νομίζειν
1250 2590 1392 2656 αὒτῴ
1417 2590 1478 2643 τὸ
1503 2587 1816 2663 ἀγέννητον,
1853 2587 1991 2646 Τοθᾶ-

344 2701 452 2735 των
497 2678 550 2734 δὲ
606 2681 668 2734 τὸ
717 2678 940 2752 μάταιον
1001 2679 1218 2733 ἀποκνῶ
1269 2676 1590 2756 διελέγχειν.
1652 2675 1846 2732 ’Ἔοικε
1891 2677 1990 2755 γάρ

347 2789 462 2830 πως
494 2767 946 2840 συνεξομοιοῦσθαι
978 2772 1053 2838 τῷ
1104 2774 1542 2842 ματαιολογοῦντι
1602 2769 1628 2821 ὁ
1673 2765 1985 2842 ἀντιλέγων.

351 2867 567 2932 Διοπερ,
623 2857 808 2935 οἶμαι,
856 2859 882 2911 ὁ
915 2858 1074 2935 σοφὸς
1108 2858 1377 2932 παρεγγυᾷ
1419 2855 1674 2928 Σολομὼν
1705 2858 1814 2928 μὴν
1844 2856 1988 2912 ἀπο-

343 2948 612 3022 κρίνασθαι
676 2943 796 3023 (75)
828 2951 904 3017 τῷ
934 2942 1113 3023 ἄφρονι
1173 2948 1308 3000 κατὰ
1359 2947 1455 3008 τὴν
1516 2944 1716 3000 ἐκείνου
1753 2945 1987 3022 ἀφροσύ-

345 3055 466 3101 νην,
515 3035 645 3096 Τοὺς
674 3036 773 3110 γὰρ
832 3033 957 3113 (76)
1020 3035 1157 3108 μήτε
1190 3033 1499 3111 εἰρημένους
1531 3034 1670 3108 μήτε
1699 3031 1985 3112 λεχθέντας

345 3125 476 3179 ποτὲ
507 3121 693 3200 λόγους
737 3125 843 3178 ὑωὸ
893 3121 1142 3201 διαίρεσιν
1193 3120 1416 3199 ἤγαγεν,
1458 3123 1546 3177 ἵνα
1602 3121 1728 3198 δόξῃ
1757 3122 1813 3178 ἐν
1845 3121 1985 3179 πολ-

341 3211 463 3278 λοῖς
523 3224 640 3275 τοῖς
683 3212 1170 3287 ἆπηριθμημένοις,
1235 3208 1352 3267 καθ’
1398 3210 1488 3267 ἕνα
1547 3213 1708 3286 μόνον
1762 3213 1982 3290 τρόπον,

2077 2325 2237 2391 stat);
2265 2318 2360 2380 hic
2390 2322 2554 2398 quasi
2592 2320 2823 2383 diversa
2876 2322 2994 2382 sint
3039 2322 3328 2400 subjecto,
3360 2322 3615 2384 alterum
3651 2323 3724 2385 ab

2080 2405 2266 2466 altero
2295 2418 2550 2486 separat.
2579 2409 2788 2472 Postea
2809 2410 3178 2482 vetat,Deum
3206 2410 3387 2473 dividi
3420 2420 3724 2492 oportere,

2079 2502 2180 2554 aut
2207 2496 2380 2556 aliam
2412 2497 2600 2577 ipsius
2628 2509 2851 2578 partem
2879 2501 3228 2579 ingenitam,
3254 2498 3429 2562 aliam
3461 2503 3722 2581 genitam

2078 2585 2391 2663 suspicari,
2417 2595 2518 2647 aut
2550 2605 2754 2649 rursus
2801 2588 3109 2668 arbitrari,
3144 2589 3470 2668 ingenitum
3501 2590 3562 2651 in
3593 2592 3726 2671 ipso

2077 2672 2236 2734 velut
2263 2675 2422 2736 aliud
2457 2677 2514 2737 in
2547 2678 2661 2738 alio
2691 2678 2870 2738 situm
2903 2696 3056 2740 esse.
3088 2677 3314 2738 Horum
3352 2687 3548 2740 autem
3585 2699 3719 2742 ver—

2074 2760 2284 2824 borum
2316 2765 2636 2828 vanitatem
2657 2766 2818 2844 piget
2842 2785 2935 2828 me
2950 2767 3533 2828 confutare.Videtur
3554 2775 3716 2833 enim

2071 2853 2508 2930 quodammodo
2540 2855 2753 2916 similis
2784 2856 2912 2916 ﬁeri
2942 2857 2996 2916 ei
3018 2857 3118 2937 qui
3151 2873 3300 2917 vana
3329 2857 3492 2931 dicit,
3536 2859 3588 2920 is
3612 2858 3711 2938 qui

2071 2941 2590 3005 contradicitﬂSM
2611 2943 3247 3025 Quapropter,0pinor,
3266 2946 3508 3024 sapiens
3539 2947 3714 3007 Salo-

2075 3050 2212 3091 mon
2255 3031 2536 3095 admonet
2561 3033 2640 3114 59,
2669 3043 2731 3095 ut
2762 3053 2837 3095 ne
2883 3035 3358 3114 respondeamus
3410 3035 3717 3116 insipienti

2062 3120 2234 3200 juxta
2263 3122 2664 3202 insipientiam
2724 3123 2909 3185 illius.
2947 3122 3090 3195 Quae
3123 3123 3282 3184 enim
3309 3142 3506 3204 neque
3537 3125 3717 3205 dicta,

2070 3228 2266 3292 neque
2297 3214 2521 3291 prolata
2543 3221 2682 3274 sunt
2712 3232 2998 3292 unquam,
3032 3231 3103 3275 ea
3136 3212 3232 3274 hic
3281 3231 3403 3275 suae
3435 3215 3717 3277 divisioni

343 3301 546 3366 οἰκείως
603 3299 916 3376 ἐξευρίσκειν
973 3298 1260 3376 λεγόμενον
1316 3302 1377 3356 ob
1437 3301 1747 3377 ἀγέννητον,
1810 3300 1981 3374 Ἠμῖν

2079 3300 2348 3378 subjecit,
2371 3308 2458 3381 ut,
2493 3302 2697 3363 multis
2728 3303 3115 3376 enumeratis,
3148 3302 3414 3364 invenire
3446 3304 3715 3366 videatur

341 3388 396 3444 δὲ
437 3390 572 3454 ’ίσως
637 3391 878 3454 πλείονος
927 3387 1028 3445 ἔδει
1085 3389 1246 3468 λόγου
1289 3391 1421 3465 πρὸς
1470 3391 1568 3455 τὴν
1625 3397 1717 3447 τοῦ
1761 3391 1979 3464 ψεύδους

338 3481 691 3559 παράστασιν,
753 3480 839 3535 καὶ
888 3480 1018 3557 πρὸς
1074 3480 1136 3533 τὸ
1193 3475 1386 3548 δεῖξαι,
1443 3477 1523 3533 ὅτι
1582 3499 1680 3555 περ
1709 3481 1802 3535 οὒκ
1834 3481 1978 3537 ο-Βσία

338 3576 470 3628 Θεοῦ
523 3571 583 3625 τὸ
628 3569 940 3647 ἇγέυνητον,
971 3567 1126 3646 εἴπερ
1150 3567 1216 3624 τὰ
1259 3567 1313 3622 ὲν
1354 3565 1422 3642 τῇ
1452 3565 1698 3645 δικιρέτει
1731 3566 1854 3645 παρ’
1888 3573 1978 3627 αῦ-

335 3665 428 3714 τοῦ
482 3659 898 3736 ἀπηριθμημένα
943 3657 1019 3733 μὴ
1071 3663 1250 3737 σαφῶς
1307 3655 1680 3732 ἐξελήλεγκτο,
1755 3658 1810 3712 Εἰ
1879 3658 1977 3735 γὰρ

331 3749 567 3827 ἰσχυρῶς
624 3749 785 3827 εἶχεν
835 3749 863 3804 ὸ
915 3747 1073 3825 λόγος
1130 3750 1297 3827 αὐτῷ,
1330 3745 1410 3802 ὅτι
1442 3745 1560 3801 οὔτε
1592 3745 1714 3803 κατ’
1742 3747 1978 3804 ἐπίνοιαν

334 3834 450 3894 οὔτε
505 3840 642 3895 κατὰ
715 3838 964 3917 στέρησιν
1021 3834 1349 3908 λαμϐάνεται
1402 3837 1462 3890 τὸ
1507 3835 1822 3916 ἀγέννητον,
1869 3835 1977 3894 οὐδ’

336 3925 474 3982 οὕτω
526 3925 623 4000 μὲν
686 3925 748 3982 ἂν
809 3947 1024 3988 παντως
1073 3923 1382 3981 ἀκολουθίαν
1411 3922 1540 4002 εἶχε
1571 3925 1629 3979 τὸ
1675 3925 1979 4001 συναγόμε-

337 4037 448 4075 νον.
480 4016 567 4078 Τίς
611 4017 712 4093 γὰρ
752 4017 786 4082 ἡ
822 4015 1054 4093 ἀνάγκη,
1102 4016 1204 4071 ὑπὸ
1249 4017 1303 4069 ὲν
1373 4020 1478 4070 τῶν
1529 4013 1983 4090 ἁπηριθμημένων

341 4103 439 4168 τὴν
470 4104 785 4180 ἁγεννησίαν
843 4117 1053 4174 πεσεϊν;
1091 4105 1164 4162 Οὔ
1194 4105 1303 4179 μὴν
1346 4101 1466 4159 ἀλλ’
1511 4101 1695 4170 ἐπειδή
1727 4103 1884 4168 αὐτὸς
1910 4105 1982 4168 ὡς

343 4190 645 4269 ἀναγκαίως
693 4192 1028 4268 συνημμένον
1071 4207 1187 4256 τοῖς
1244 4193 1564 4272 προάγουσιν
1620 4193 1852 4274 ἐπιφέρει
1898 4197 1980 4270 τὸ,

2062 3391 2392 3468 ingenitum
2423 3393 2595 3453 unico
2631 3393 2806 3453 modo
2841 3395 3080 3472 proprie
3112 3391 3253 3454 dici.
3293 3394 3481 3456 Nobis
3511 3403 3710 3457 autem

2065 3486 2313 3548 fortasse
2331 3479 2582 3558 longiori
2605 3500 2754 3560 opus
2777 3491 2936 3543 esset
2956 3481 3324 3556 0ratione,ut
3343 3483 3718 3545 mendacium

2061 3565 2503 3649 detegeremus,
2540 3571 2995 3650 ingenitumque
3025 3571 3420 3634 substantiam
3454 3572 3563 3634 Dei
3597 3593 3715 3634 non

2062 3674 2197 3718 esse
2219 3659 2774 3721 demonstraremus
2801 3681 2814 3722 :
2838 3661 2951 3721 nisi
2982 3679 3116 3736 quas
3143 3660 3218 3721 ab
3243 3680 3314 3722 eo
3349 3680 3456 3741 per
3485 3662 3726 3725 divisio-

2061 3762 2197 3808 nem
2229 3759 2574 3811 enumerata
2607 3757 2764 3826 sunt,
2795 3751 2917 3828 jam
2955 3749 3176 3828 liquido
3199 3751 3456 3812 refutata
3484 3761 3713 3814 essent.

2063 3836 2210 3898 Nam
2242 3836 2474 3898 etiamsi
2496 3839 2610 3898 vim
2633 3839 2880 3900 haberet
2901 3839 3078 3900 allata
3101 3840 3176 3899 ab
3208 3839 3308 3899 illo
3340 3839 3512 3913 ratio,
3550 3842 3713 3918 quod

2065 3941 2258 4007 neque
2314 3926 2680 4005 intelligendi
2734 3928 2942 4001 modo,
3009 3946 3206 4006 neque
3265 3946 3334 3989 ex
3392 3930 3720 4009 privatione

2067 4017 2394 4092 ingenitum
2420 4016 2949 4096 accipiturzutique
2975 4035 3051 4078 ne
3082 4019 3170 4078 sic
3201 4018 3444 4097 quidem
3477 4019 3535 4080 id
3560 4019 3721 4101 quod

2067 4105 2290 4182 colligit
2321 4105 2974 4187 c0nsequeretur.Quid
3010 4107 3172 4168 enim
3207 4126 3455 4170 necesse
3482 4120 3570 4171 est
3605 4109 3716 4171 sub

2069 4213 2187 4256 uno
2217 4207 2701 4257 enumeratorum
2725 4197 3021 4259 contineri
3046 4197 3406 4277 ingenitum?
3431 4200 3548 4261 Sed
3572 4219 3716 4282 quo-

348 4282 546 4338 Οὒκοῦν
576 4282 620 4338 εὶ
654 4280 778 4361 (77)
811 4280 946 4356 μήτε
999 4283 1117 4338 κατ’
1172 4282 1428 4355 ἐπίνοιαν,
1489 4283 1626 4356 μήτε
1672 4284 1807 4338 κατὰ
1857 4284 1982 4339 στέ-

2079 4285 2924 4366 ηίειηιίρεοιθηιιυειῐηξδιιᾳυὶᾱ
2950 4288 3427 4369 praecedentibus
3450 4280 3721 4352 necessa-

345 4391 522 4448 ρησιν,
586 4372 725 4445 μήτε
780 4371 917 4427 κατὰ
993 4368 1154 4426 ἄλλον
1198 4372 1312 4425 τινὰ
1369 4378 1474 4426 τῶν
1532 4372 1986 4450 ἆπηριθμημένων

2079 4377 2161 4437 rio
2186 4378 2568 4453 conjunctum
2589 4368 2962 4439 infertilludzr
2987 4378 3167 4455 Igitur
3196 4379 3246 4438 si
3273 4396 3465 4459 neque
3496 4398 3718 4442 secun-

339 4459 559 4537 τρόπον,
608 4460 734 4516 αὐτὸ
778 4459 850 4529 ,ἂν
901 4459 993 4526 εἴη
1056 4459 1202 4517 οὐσία
1249 4459 1534 4535 ἁγέννητος
1607 4461 1770 4527 οὕτως
1812 4463 1987 4535 ἡμαῖς

2081 4465 2221 4526 dum
2241 4464 2716 4542 intelligentiam,
2731 4483 2924 4545 neque
2945 4466 3274 4528 secundum
3309 4469 3719 4547 privationem,

337 4549 780 4628 ἀντιστρέψαντες
836 4550 1126 4625 ε’ίπωμεν,
1208 4547 1288 4604 ὅτι
1378 4553 1577 4607 Οὐκοῦν
1649 4550 1831 4616 ἐπειδὴ
1891 4575 1987 4608 κατ

2084 4541 2595 4625 nequesocundum
2614 4555 2789 4612 alium
2804 4541 2984 4612 ullum
3005 4571 3071 4612 ex
3093 4541 3444 4614 enumeratis
3469 4541 3720 4625 modum,

339 4639 574 4697 ἐπίνοιαν
629 4644 932 4719 θεωρεῖται,
993 4641 1080 4697 καὶ
1130 4637 1440 4718 στερητικόν
1500 4639 1608 4695 ἐστι
1668 4641 1728 4696 τὸ
1794 4641 1985 4716 ὄνομα,

2079 4635 2401 4715 ingenitum
2436 4636 2637 4714 utique
2671 4637 2926 4716 ipsamet
2973 4633 3152 4698 fuerit
3184 4637 3516 4701 substantia
3546 4641 3720 4718 inge-
3781 4688 3786 4693 .

335 4730 456 4809 οὐχὶ
511 4730 659 4786 οὑσία
725 4738 816 4788 τοῦ
863 4738 994 4789 Θεοῦ
1051 4732 1112 4786 τὸ
1183 4729 1494 4806 ἀγέννητον.
1551 4726 1709 4788 ’Ἕως
1763 4731 1861 4809 γὰρ
1893 4731 1987 4788 οὐκ

2079 4727 2216 4792 nita:
2246 4745 2354 4789 nos
2375 4733 2793 4806 retorquentes
2813 4726 2899 4787 sic
2925 4724 3410 4804 dicamuszlgitur
3433 4729 3718 4808 quoniam

415 4887 481 4939 69
509 4887 683 4951 Prov.
718 4906 878 4966 xxvt,
909 4891 966 4953 4.

340 5051 505 5113 tione
532 5047 724 5112 Paris.
762 5050 960 5112 Codex
994 5048 1162 5113 Colb.
1194 5057 1253 5110 et
1280 5048 1381 5110 alii
1413 5049 1678 5130 quinque
1707 5049 1876 5130 Regii
1897 5075 1987 5111 κα-

2158 5050 2276 5128 (75)
2311 5047 2558 5129 Antiqui
2589 5048 2705 5109 duo
2737 5048 2872 5111 libri
2903 5050 2980 5124 μὴ
3012 5050 3410 5128 ἀποκρίνεσθαι,

341 5134 614 5211 ταφεύγει,
650 5133 710 5188 τὸ
741 5133 813 5196 εἷς
847 5132 1009 5200 αὐτὴν
1048 5131 1147 5198 τὴν
1205 5133 1382 5189 οὖσίαν
1438 5133 1663 5188 τίθεσθαι
1715 5135 1773 5187 τὸ
1828 5133 1987 5212 ἀγέν-

2164 5130 2290 5211 (76)
2323 5130 2544 5213 Horum
2580 5131 3088 5213 Δνςξιιϋοιυιη,Τοὺς
3139 5132 3263 5213 γᾲρ,
3301 5139 3446 5213 etc.,
3479 5131 3605 5192 hmo
3634 5142 3726 5196 est

343 5209 532 5280 νητονζ
563 5211 787 5291 Supple
815 5211 935 5278 iiut
967 5213 1074 5282 ἐπί,
1108 5218 1171 5270 ut
1203 5211 1361 5290 legas
1389 5290 1394 5291 γ
1418 5210 1534 5278 ἤτοι
1577 5212 1664 5268 ἐπὶ
1693 5213 1754 5268 τὸ
1787 5215 1860 5276 εἰς
1880 5209 1987 5270 αύ-

2079 5209 2378 5272 sententia
2414 5231 2427 5272 :
2475 5209 2828 5271 divisionem
2889 5209 3084 5291 illam,
3115 5209 3718 5291 μήτεήκατγέπίνοιαν,

343 5294 444 5360 τὴν
474 5293 598 5366 τήν,
633 5290 751 5354 ett.
786 5291 1081 5355 Videlicet
1132 5309 1203 5352 e0
1258 5290 1519 5370 confugit
1553 5310 1566 5326 ·
1599 5301 1699 5352 aut
1730 5291 1898 5373 illud,
1933 5295 1987 5349 τὲ

2080 5295 2220 5366 μήτε
2249 5293 2387 5348 κατὰ
2420 5291 2690 5373 στέρησιν,
2725 5291 2965 5373 μήτεᾉὲν
3014 5290 3188 5373 μέρει,
3249 5290 3574 5356 Eunomius
3604 5294 3721 5356 lin-

347 5374 418 5437 ιίς
452 5375 654 5460 αὐτήν,
675 5373 1060 5460 inverte,__ut_
1095 5373 1384 5460 legas,_elc
1413 5369 1660 5460 τῗξαύνήν
1691 5373 1814 5452 τὴν,
1847 5369 1987 5460 etc.,

2081 5373 2472 5460 vit,_eamque
2508 5369 2735 5460 primus
2766 5370 3106 5460 evulgavit.“

344 5457 438 5514 z'ta
464 5460 528 5533 ut
557 5451 1655 5533 arbitreturilludjngenitugmjpsam
1680 5451 1830 5533 esse
1844 5451 1990 5514 sub-
2160 5453 2282 5533 (’77)
2309 5451 2438 5523 Illa,
2474 5453 2762 5533 Οὗκοῦνεῖ,
2795 5451 2877 5533 ita
2921 5451 3185 5533 intellige
3219 5468 3233 5509 :
3285 5451 3346 5513 Si
3393 5470 3588 5532 neque
3619 5470 3720 5516 se-

341 5532 640 5613 stantiam.
690 5531 921 5613 Etenim
957 5531 1266 5613 principiis
1297 5531 1420 5594 suis
1474 5534 1762 5594 insistens
1790 5531 1991 5595 Euno-
2077 5532 2339 5594 cundum
2369 5539 2630 5613 nostram
2668 5531 3039 5609 intelligendi
3069 5532 3387 5613 rationem,
3412 5531 3610 5613 neque
3632 5551 3725 5594 se-

343 5612 661 5681 mius,mox
693 5613 773 5673 ait
801 5610 972 5688 illud,
998 5610 1530 5693 ingeiaitusﬁpsam
1556 5631 1686 5675 esse
1721 5614 1991 5674 substan-
2078 5613 2338 5674 cundum
2366 5610 2785 5693 privationem,
2823 5630 3019 5690 neque
3048 5610 3381 5693 secundum
3405 5610 3555 5672 alios
3577 5633 3724 5693 quos

343 5693 508 5754 tiam.
1071 5689 1088 5693 ⁷
1371 5689 1384 5692 “
2075 5689 2561 5754 enumeraviums
2591 5689 2962 5770 intelligendi
3013 5692 3222 5753 modos
3263 5689 3611 5768 ingenimni
3651 5695 3724 5753 de

351 5785 355 5789 ’
429 5773 551 5853 (73)
589 5774 736 5853 Beg.
764 5785 1010 5852 quartus
1036 5774 1355 5837 ἀποσπάσας
1391 5775 1474 5831 ἐπ’
1508 5776 1688 5842 αῦτὴν,

2079 5770 2196 5834 Deo
2220 5772 2460 5848 dicitur;
2498 5789 2747 5853 necesse
2779 5781 2869 5832 est
2898 5779 2961 5835 ut
2990 5774 3330 5852 ingenitum
3360 5774 3489 5852 ipsa
3517 5773 3594 5834 sit
3626 5774 3720 5833 in-

424 5849 549 5932 (74)
585 5849 692 5914 Sic
715 5849 860 5916 mss.
895 5863 1038 5914 tres.
1073 5854 1265 5915 Abest
1296 5877 1351 5910 τε
1381 5874 1416 5916 a
1451 5855 1717 5930 vulgatis.
2073 5857 2269 5930 genita
2295 5857 2554 5913 essentia
2586 5849 3057 5928 substantiaque.
