3960 6208
1171 538 1962 682 PR/EFATI
1984 554 2153 686 Ο.

1471 775 1883 801 ----
2508 782 2519 809 τ
3097 793 3115 845 ς

182 881 298 957 Quae
324 886 721 974 Hieronymus
768 915 845 961 ex
885 898 1109 965 Greece
1137 904 1303 968 sacri
1342 906 1579 973 codicis
1631 918 1853 994 textu,
1901 920 1953 982 si
1991 938 2195 987 unum
2245 928 2441 1009 atque
2480 933 2758 1001 alterum
2802 941 3091 1008 libellum
3129 946 3303 1011 exei-

148 986 265 1066 iias,
298 990 348 1050 in
380 992 646 1058 Latinum
682 1003 1042 1079 convertit,
1078 1004 1348 1071 Hebraeo
1378 1011 1618 1075 dudum
1648 1018 1947 1083 absoluto
1973 1022 2237 1091 Cauone
2262 1073 2279 1104 ,
2321 1035 2494 1097 tomo
2539 1036 2661 1101 boc
2690 1058 2959 1119 operum
3007 1046 3144 1125 ejus
3193 1049 3302 1111 de-

149 1086 243 1147 imo
268 1093 642 1158 contiuentur.
681 1098 866 1163 Hunc
913 1104 1034 1165 sibi
1076 1106 1286 1170 locum
1340 1117 1534 1192 atque
1584 1116 1876 1182 ordinem
1934 1123 2072 1205 ipsa
2132 1133 2462 1206 postulare
2505 1138 2842 1204 videbatur
2894 1150 3297 1214 recensionis

147 1194 304 1251 nostra:
329 1190 485 1273 hujus
514 1199 707 1259 series
737 1246 753 1276 ,
797 1202 933 1264 sive
961 1250 977 1279 ,
1008 1213 1077 1266 ut
1116 1209 1329 1272 verius
1361 1212 1565 1276 dicam
1593 1260 1610 1290 ,
1640 1219 2165 1302 Hieronymianm
2194 1230 2333 1311 ejus
2362 1235 2907 1317 interpretationis
2943 1265 3144 1327 genus
3168 1299 3185 1329 ,
3216 1272 3301 1315 ex

147 1291 269 1353 ltero
293 1294 713 1376 Scripturarum
746 1303 917 1367 fonte
942 1309 1325 1373 derivatum.
1363 1315 1701 1382 Tribuitur
1731 1331 1949 1386 autem
1986 1328 2088 1391 hic
2116 1333 2252 1409 ipse
2283 1336 2344 1397 in
2374 1338 2532 1404 duas
2574 1352 2787 1423 partes
2822 1354 3030 1413 tomus
3059 1374 3074 1413 :
3108 1373 3287 1433 qua-

148 1408 218 1450 im
247 1410 353 1457 una
382 1416 499 1475 qua:
526 1400 767 1465 Veteris
798 1404 1190 1471 Testamenti
1225 1412 1394 1474 haud
1424 1433 1581 1479 sane
1609 1422 1816 1485 multa
1853 1438 2163 1506 superant
2204 1442 2345 1513 post
2373 1443 2617 1517 grande
2656 1450 3070 1531 naufragium
3100 1460 3301 1519 moni-

147 1498 266 1551 enta
292 1537 307 1566 ,
332 1493 493 1558 altera
520 1498 765 1562 Novum
796 1520 985 1566 omne
1023 1510 1544 1591 comprehendit:
1583 1534 1664 1579 ex
1700 1521 1921 1585 Grmco
1961 1535 2237 1610 utraque
2264 1581 2281 1609 ,
2313 1542 2561 1602 tantum
2600 1547 2770 1622 quod
2810 1549 2917 1613 illa
2946 1560 3246 1636 ἀπόγραςρον
3272 1607 3289 1636 ,

147 1600 194 1653 ta
232 1597 624 1679 primigenium
656 1610 852 1684 atque
886 1614 1200 1689 ἀρχέτυπον
1245 1620 1492 1678 textum
1529 1620 1746 1683 refert.
1780 1626 1935 1701 Quae
1973 1638 2039 1691 ut
2090 1638 2290 1715 probe
2322 1645 2539 1706 teneas
2567 1689 2581 1715 ,
2618 1665 2732 1725 per
2766 1659 2979 1728 partes
3029 1667 3181 1719 sunt
3213 1663 3292 1723 de

148 1708 601 1781 )re,antequam
648 1707 727 1770 ad
776 1710 1114 1792 legendum
1162 1719 1474 1801 accedas,
1508 1727 1908 1795 enucleatius
1952 1742 2379 1822 eXponcnda,
2434 1755 2910 1836 repetendoque
2955 1779 3056 1824 res
3094 1767 3289 1843 paulo

149 1817 254 1860 ius.

165 2005 449 2081 excelluit,
471 2027 652 2072 nemo
689 2014 766 2075 ad
796 2033 939 2077 eam
988 2023 1484 2101 comparandam
1518 2028 1659 2105 plus
1696 2032 2042 2113 diligentia:
2070 2046 2264 2121 atque

147 2100 333 2166 Latina
366 2109 453 2167 sui
508 2114 820 2190 temporis
855 2120 1152 2183 versione
1182 2169 1198 2198 ,
1240 2144 1388 2204 quas
1422 2129 1590 2192 vitiis
1620 2178 1637 2208 ,
1690 2134 1824 2201 sive
1880 2140 2235 2223 interprelu

148 2206 232 2266 'tis
268 2211 531 2273 scatebat
564 2260 580 2289 ,
609 2216 686 2275 ad
719 2220 1006 2281 nativum

2298 2044 2629 2112 industria:
2660 2059 2963 2132 contulit,
3001 2064 3283 2140 primum

2248 2168 2308 2210 m
2361 2153 2549 2232 culpa
2580 2202 2596 2230 ,
2632 2160 2767 2222 sive
2817 2162 3232 2231 librariorum
3262 2217 3281 2248 ,

1046 2238 1147 2285 τῶν
1174 2225 1592 2309 Septuaginta
1630 2240 1964 2318 exemplar
1992 2246 2307 2326 exigenda
2337 2298 2354 2327 ,
2392 2225 2592 2333 atque
2618 2225 3016 2328 emendanda
3050 2313 3066 2341 ,
3101 2225 3279 2350 inge:

2109 2323 2130 2326 _
2337 2323 2347 2327 -
2482 2323 2497 2333 .
2815 2323 2842 2326 —
2993 2323 3016 2328 ~
3051 2323 3066 2341 ι
3101 2323 3241 2350 -··ῠν

1036 2323 1274 2386 iculum
1309 2328 1475 2392 fecit.
1525 2334 1817 2399 Prtelusit
1849 2346 2039 2405 tanta:
2068 2349 2254 2409 molis
2300 2356 2477 2431 Operi
2513 2364 2892 2426 recensione
2932 2367 3043 2430 illa
3088 2371 3283 2432 Psal-

152 2424 251 2467 um
275 2453 291 2479 ,
320 2428 507 2490 prope
557 2413 833 2478 dixerim
888 2425 1310 2491 tumultuaria
1345 2477 1363 2508 ,
1397 2450 1593 2511 quam
1620 2481 1636 2511 ,
1670 2444 1739 2499 ut
1791 2440 1927 2518 ipse
1953 2445 2043 2506 ait
2069 2490 2084 2515 ,
2122 2449 2327 2511 nonne
2366 2456 2616 2533 positus
2664 2463 2833 2539 apud
2872 2466 3219 2530 Damasum
3254 2516 3271 2545 ,

152 2510 222 2545 ἕης
268 2519 323 2545 ,ο
355 2531 567 2545 ...η-η..-
604 2524 847 2545 ι....ι--...
1128 2537 1140 2545 .
1266 2532 1281 2545 .
1700 2542 1745 2545 __

1420 2510 1429 2511 ,
1621 2510 1627 2511 ,
1817 2510 1831 2518 _
2070 2510 2083 2515 -
2284 2510 2311 2511 η
2366 2510 2612 2533 ru”---
2664 2510 2833 2539 ..ν-.-
2872 2510 3219 2530 “unus...”
3254 2516 3271 2545 ,

148 2510 323 2581 im,ct
355 2531 569 2593 magna
604 2524 851 2583 tantum
890 2542 967 2585 ex
993 2537 1175 2606 parte
1204 2532 1659 2600 adornaverat.
1700 2542 2005 2607 Fortasse
2036 2567 2245 2627 neque
2274 2562 2368 2616 est
2404 2563 2555 2621 tunc
2582 2561 2707 2624 alia
2744 2564 3021 2629 editione
3056 2572 3279 2639 Grmca

147 2629 200 2687 ς,
231 2630 422 2691 quam
470 2635 611 2695 quae
642 2621 718 2682 ad
776 2642 1006 2689 manus
1042 2636 1222 2703 erat,
1263 2640 1325 2696 et
1362 2648 1514 2701 Κοινὴ
1550 2686 1567 2717 ,
1604 2642 1985 2716 Communis,
2039 2651 2204 2713 dicta
2267 2661 2359 2717 est

2629 2924 2687 2943 ιη
2732 2924 2811 2927 κη
2868 2924 3171 2951 -νν--ν-ην
3210 2924 3267 2938 ν·

147 2934 275 2980 una;
306 2924 685 3003 cumprimis
719 2928 1023 2994 Ecclesia:
1053 2934 1378 3017 suflragiis
1410 2944 1797 3020 probaretur
1827 2950 2211 3028 (etiamnum
2242 2960 2483 3037 quippe
2515 2964 2857 3029 Romanum
2888 2972 3267 3039 Psalterium

152 3016 167 3039 \
232 3020 293 3039 PII
465 3026 477 3037 ο
778 3030 793 3039 ·
926 3033 938 3039 ·

2260 3016 2481 3037 .71..--
2515 3016 2857 3029 _--..u~--wuv
2888 3016 2912 3031 ι
2945 3016 3117 3035 eruo-iul
3140 3016 3267 3039 ιιυιο

148 3016 195 3095 ),
230 3020 338 3083 ille
369 3026 665 3088 animum
718 3030 794 3092 ad
830 3033 1203 3097 universam
1240 3016 1604 3105 versionem
1657 3046 1834 3109 illam
1872 3068 1953 3110 ex
2002 3051 2254 3133 integro
2282 3055 2471 3135 juxta
2517 3062 2808 3126 Graecum
2836 3113 2852 3142 ,
2878 3076 3072 3149 atque
3120 3094 3270 3138 eum

148 3142 215 3149 u‘-
257 3125 441 3149 “_A_
516 3148 525 3149 ί
714 3134 729 3149 ι
783 3136 821 3149 ,ι
903 3136 915 3149 ι
1134 3139 1191 3149 ⁵-
1370 3143 1383 3149 ⁸

2138 3125 2169 3133 -
2282 3125 2304 3135 ν
2775 3125 3070 3149 ”I“"I"“
3123 3125 3267 3138 "'"'

147 3142 217 3181 ειη
257 3125 451 3207 longe
502 3134 1095 3198 emendatissimum
1134 3139 1569 3222 Hexaplarem
1609 3151 1851 3209 textum
1896 3152 2287 3233 refigendam
2339 3165 2610 3240 appulit.
2644 3167 2767 3229 Nec
2797 3187 2955 3233 sane
2995 3174 3267 3242 dubium

147 3243 234 3297 ar,
270 3230 426 3305 quin
475 3239 538 3293 et
587 3239 1000 3315 pr0positum
1034 3260 1148 3321 per
1178 3242 1466 3322 singulas
1501 3253 1715 3324 partes
1746 3230 2095 3315 exsecutus
2121 3298 2136 3327 ,
2196 3230 2398 3319 totum
2428 3230 2688 3326 'Veteris
2718 3268 3108 3336 Testameuti
3147 3276 3270 3341 Ca-

147 3344 176 3384 n
218 3330 589 3393 continenti
628 3335 739 3399 illa
788 3338 1120 3418 archetypi
1170 3346 1657 3422 conparatione
1690 3351 2073 3428 expoliverit
2109 3374 2124 3413 :
2157 3360 2370 3420 tamen
2403 3364 2514 3422 etsi
2547 3364 2674 3425 duo
2706 3385 2879 3432 nunc
2914 3374 3033 3434 soli
3063 3393 3266 3457 supe-

152 3426 271 3457 ηας
309 3447 389 3457 ...-
433 3448 502 3457 ....
544 3436 871 3457 _--____9,,,
964 3438 977 3451 ο
1036 3445 1048 3457 .
1177 3442 1190 3454 -
1279 3442 1303 3457 «-
1356 3444 1371 3457 ι
1507 3451 1518 3457 -
1563 3447 1603 3457 ..
1685 3448 1702 3457 -
1815 3449 1827 3457 .
2122 3455 2131 3457 _
2163 3454 2173 3457 ,

150 3426 271 3486 ibri
306 3447 391 3489 ex
427 3448 507 3493 ea
544 3436 923 3499 recensione
962 3438 1233 3519 integri,
1273 3442 1391 3503 Job
1420 3489 1436 3517 ,
1465 3451 1525 3505 et
1563 3426 1943 3510 Psalterium
1972 3495 1989 3523 ,
2024 3454 2418 3537 totidemque
2456 3464 2701 3543 prologi
2752 3471 2814 3531 ’n
2845 3469 3043 3536 libros
3075 3426 3266 3540 Satio-

168 3572 185 3601 ,
249 3536 314 3589 et
376 3532 1142 3629 Paralipomenontqni
1206 3548 1277 3605 ut
1330 3545 1729 3623 deperditum
1790 3569 1955 3629 opus
2016 3555 2265 3635 majore
2310 3532 2391 3621 ‘in
2454 3532 2773 3630 desiderio
2826 3572 2951 3645 sit,
2988 3574 3255 3641 faciunt.

1836 3622 1851 3629 _
2122 3622 2145 3635 _
2508 3622 2769 3630 ψη---
2826 3622 2909 3633 ...-
2936 3622 2951 3645 ,
2988 3622 3254 3641 ...ωυυμ

148 3645 341 3692 emus
374 3678 393 3706 ,
438 3635 496 3695 si
558 3636 748 3700 labor
778 3640 883 3704 ille
916 3622 1168 3705 aetatem
1204 3648 1495 3717 tulisset.
1528 3655 1857 3729 quantivis
1895 3661 2078 3738 pretii
2136 3662 2514 3727 thesaurum
2576 3688 2777 3735 sacrae
2824 3678 3209 3747 eruditionis
3236 3731 3254 3763 ,

148 3746 164 3763 ι
204 3739 260 3763 nl
298 3734 666 3763 .unohn-nu
703 3739 759 3763 ππ
805 3760 901 3763 μι
936 3745 953 3763 ι
1197 3749 1210 3761 ⁹
1516 3755 1606 3763 “”’“
2000 3762 2005 3763 ⁷

1896 3734 1913 3738 _
2758 3734 2767 3735 ί
2833 3734 3254 3763 -------ν·-·υν

148 3746 165 3787 ›
203 3739 264 3791 et
298 3734 669 3800 restituere
703 3739 1139 3821 Hexaplarem
1196 3749 1401 3827 ipsam
1456 3755 1805 3820 editionem
1856 3762 2091 3839 saepius
2132 3763 2399 3839 liceret,
2434 3776 2495 3830 et
2536 3771 2785 3836 Veteris
2817 3778 3059 3845 Latinae
3106 3788 3260 3849 reli-

148 3837 647 3900 asteriseorum
685 3843 1153 3925 obelorumque
1187 3869 1306 3930 ope
1339 3875 1353 3914 :
1391 3860 1523 3915 tum
1556 3857 1665 3934 qui
1704 3858 1894 3921 fuerit
1928 3862 2067 3939 ejus
2104 3864 2472 3947 interpretis
2509 3889 2739 3937 sensus
2768 3884 2963 3957 atque
2997 3886 3257 3975 animus

148 3952 164 3975 ἱ
201 3940 680 3975 νητῆιῖροῖηπῖο
757 3947 938 3975 null-
982 3953 1236 3975 ._-_-n:-
1288 3955 1405 3975 !_.,
1522 3974 1527 3975 ,
1798 3961 1841 3975 Α
2168 3973 2173 3975 Α
2298 3968 2309 3975 .
2470 3971 2504 3975 ,μ
2560 3974 2571 3975 γ

147 3952 164 3992 s
201 3940 683 4004 vexatissimis
709 3988 726 4017 ,
757 3947 941 4006 nullo
982 3953 1244 4031 negotio
1285 3955 1750 4021 internoscere.
1792 3961 1950 4035 Quae
1980 3973 2220 4040 quanta
2259 3968 2385 4029 sint
2412 4014 2427 4041 ,
2468 3971 2505 4030 ii
2548 3974 2734 4038 facile
2766 3972 3107 4044 sentiunt.
3138 3992 3252 4044 aui

1821 4033 1841 4035 _
2001 4033 2016 4040 _
2415 4033 2424 4041 .
2766 4033 3057 4044 --η-.-.η
3084 4033 3100 4061 ,
3138 4033 3249 4067 ιιι..

156 4033 574 4117 Seripluras
626 4062 705 4105 ex
759 4049 1195 4128 Antiquorum
1241 4060 1495 4128 mente,
1528 4065 1724 4138 atque
1761 4063 2191 4143 originalibus
2254 4070 2433 4133 libris
2493 4080 2774 4141 serutari
2833 4088 3249 4166 percupiunt.

166 4138 388 4166 unnJ-
450 4143 775 4166 _-_a!---l-
832 4146 845 4166 I
974 4156 986 4166 .
1133 4157 1146 4166 .
1207 4153 1271 4166 ιι.
1380 4154 1403 4166 ρ
1486 4157 1499 4166 .
1559 4156 1573 4166 .
1631 4164 1638 4166 .

1868 4138 1895 4143 ν
2616 4138 2643 4139 η
2833 4138 3249 4166 τ----,,.,.....

147 4138 393 4199 uando
450 4143 783 4217 particula
815 4146 1153 4213 dumtaxat
1205 4153 1317 4217 illa
1379 4154 1499 4217 frui
1540 4156 1758 4220 datum
1813 4168 1953 4238 est,
1991 4179 2132 4225 eam
2182 4170 2359 4230 omni
2417 4173 2662 4253 majore
2699 4196 2855 4245 cura
2910 4200 2987 4247 ac
3036 4188 3250 4253 studio

148 4240 238 4298 cli
291 4258 433 4303 nos
472 4244 713 4324 decet,
743 4252 902 4312 utin
940 4252 1081 4332 ejus
1112 4254 1488 4321 adornanda
1527 4259 1803 4325 editione
1827 4310 1844 4339 ,
1883 4264 2045 4326 nihil
2079 4285 2208 4329 non
2237 4288 2449 4351 Opera:
2479 4276 2910 4347 conferamus.

147 4356 211 4396 m
248 4340 384 4402 alii
427 4354 639 4421 sunt,
670 4346 1061 4431 fueruntque
1091 4355 1245 4416 olim
1276 4374 1403 4417 non
1440 4356 1673 4421 indocti
1706 4361 1935 4439 critici,
1970 4381 2003 4424 e
2034 4382 2313 4443 quorum
2349 4389 2621 4436 numero
2659 4378 2955 4447 Serarius
2995 4386 3058 4448 in
3092 4390 3244 4452 Pro-

148 4441 238 4500 iis
277 4487 298 4517 ,
341 4445 477 4520 qui
522 4451 776 4509 tantum
809 4452 1035 4527 abest,
1072 4459 1137 4514 ut
1166 4454 1488 4535 jacturam
1524 4456 1692 4519 hanc
1722 4457 2029 4538 doleant,
2055 4441 2223 4542 quin
2276 4471 2491 4546 potius
2541 4480 2982 4561 contendant,
3018 4488 3234 4556 nullos

160 4542 276 4603 ius
331 4551 606 4623 praeter
632 4549 930 4615 laudatos
970 4554 1167 4617 libros
1204 4557 1317 4618 abs
1350 4556 1747 4636 Hieronymo
1777 4558 1853 4619 ad
1912 4561 2204 4624 Graecum
2251 4542 2639 4647 r-ccognilos.
2676 4576 2791 4639 Diu
2832 4542 3241 4665 multumque

150 4663 171 4702 ι
246 4644 532 4709 habuit
576 4654 641 4710 et
693 4652 1139 4716 Martianaaum
1176 4655 1308 4718 haec
1338 4660 1679 4719 sententia.
1740 4659 1867 4719 Nos
1924 4679 2149 4723 eorum
2182 4667 2398 4731 omnia
2444 4682 2826 4752 argumenta
2885 4682 3048 4744 nihil
3105 4704 3279 4753 mo-.

148 4747 398 4808 abere
434 4767 453 4807 :
492 4751 667 4828 quin
706 4753 792 4814 ita
829 4759 1023 4834 atque
1056 4775 1169 4818 nos
1227 4759 1540 4819 sentimus
1571 4806 1588 4837 ,
1625 4760 1686 4821 S.
1725 4760 1937 4841 ipsum
1987 4765 2406 4846 lnterpretem
2468 4747 2814 4855 lidejubere
2841 4825 2857 4853 ,
2892 4789 3236 4851 contendi-

148 4853 268 4907 mt
309 4890 330 4920 ,
380 4847 653 4911 horum
714 4857 1153 4919 tantummodo
1212 4859 1527 4921 librorum
1567 4861 1776 4939 ipsum
1831 4866 2198 4932 meminisse
2236 4873 2544 4939 adversus
2578 4881 2880 4942 Rufinum
2910 4929 2926 4956 ,
2961 4904 3105 4949 cum
3137 4893 3235 4953 in-

159 4948 445 5010 iuncm
495 4951 679 5015 hanc
714 4971 897 5016 suam
938 4956 1127 5035 juxta
1162 4959 1340 5020 LXX
1372 4961 1453 5021 ab
1505 4960 1642 5039 ejus
1671 4964 2235 5031 criminationibus
2269 4978 2600 5037 tueretur:
2637 4998 2753 5041 nec
2804 5002 3021 5061 porro,
3058 4997 3235 5070 quod

148 5049 233 5107 .‘it
270 5094 297 5127 ,
352 5054 799 5117 mentionem
829 5056 904 5119 de
942 5059 1087 5121 aliis
1127 5059 1352 5125 fecisse
1380 5082 1690 5142 umquam
1725 5066 1787 5127 in
1829 5071 2313 5146 prmfationibus
2341 5079 2417 5139 ad
2455 5081 2715 5143 eosdem
2751 5086 2949 5154 libros
2979 5112 3057 5156 ex
3097 5098 3234 5161 lle-

166 5152 435 5230 nique
472 5172 638 5215 eum
674 5201 691 5232 ,
726 5156 1070 5235 deperditis
1109 5158 1261 5240 ipsis
1300 5161 1665 5226 Salomonis
1699 5173 1760 5227 et
1790 5167 2331 5249 Paralipomenon
2363 5194 2441 5236 ex
2472 5194 2547 5238 ea
2593 5188 2967 5254 recensione
3006 5194 3185 5259 libris
3212 5245 3231 5276 ,

2947 5253 2954 5254 κ
3057 5253 3183 5259 ημ-
3212 5253 3231 5276 τ

226 5257 400 5312 tam
418 5271 520 5315 en
597 5253 663 5315 iu
699 5273 809 5317 eos
865 5257 1368 5334 prml‘atiuncula:
1393 5306 1409 5334 ,
1448 5262 1723 5325 aliorum
1772 5284 1853 5327 ne
1906 5266 2021 5331 bas
2051 5271 2306 5349 quidem
2334 5293 2672 5353 superesse
2705 5331 2718 5355 ,
2755 5304 2870 5351 nec
2901 5310 3017 5354 cur
3050 5296 3236 5358 Anti-

154 5351 238 5409 ui
324 5352 533 5415 istas
600 5371 748 5415 eum
795 5356 1247 5432 prmfationum
1285 5362 1586 5439 congerie
1621 5374 2002 5443 servarunt,
2040 5371 2201 5431 alias
2258 5380 2785 5450 praetermiserim
2812 5436 2828 5465 ,
2861 5392 2914 5451 si
2948 5397 3231 5460 exstitis-

147 5452 549 5513 nmode
589 5472 779 5532 posse
810 5472 1073 5519 causam
1106 5460 1440 5539 praetendi.
1476 5462 1775 5540 Addunt,
1810 5469 2048 5529 nemini
2082 5471 2477 5550 Scriptorum
2522 5490 2808 5549 veterum
2832 5535 2847 5563 ,
2882 5492 3046 5557 alios
3079 5515 3228 5561 um-

148 5552 508 5614 iotuisse
554 5560 794 5631 praeter
823 5555 1171 5632 laudatos;
1222 5562 1517 5623 sanctum
1569 5582 1720 5626 vero
1770 5568 2206 5645 Augustinum:
2242 5576 2426 5652 epist.
2472 5581 2637 5645 inter
2682 5586 3227 5671 Hieronymianas

187 5649 301 5712 ad
376 5668 677 5714 annum
717 5660 965 5735 spectat
1014 5656 1727 5738 quadringentesimum
1783 5665 2082 5744 tertium,
2116 5649 2437 5737 cum'Jobi
2496 5649 3096 5767 interpretationem
3131 5703 3228 5762 vi-

148 5757 520 5814 ictorem
575 5753 773 5819 fuisse
803 5754 865 5818 S.
898 5757 1159 5821 Doctori
1191 5764 1301 5837 ,ut
1335 5758 1709 5827 universam
1740 5766 2103 5834 versionem
2151 5770 2447 5843 Latinam
2474 5824 2492 5858 ,
2523 5781 2602 5845 ad
2656 5805 2803 5853 eum
2855 5791 3048 5872 plane
3094 5818 3232 5866 mo-

148 5868 470 5915 ιτιιυι..
520 5851 781 5917 XXIX.

2474 5851 2486 5858 ’
2640 5884 2671 5947 1
