3960 6208
575 251 637 308 H
2018 244 2405 302 PRAZFATIO.
3794 240 3854 297 12

573 361 728 427 dum
755 406 773 441 ,
811 381 957 429 cum
993 364 1198 428 obelis
1227 363 1423 443 atque
1453 359 1775 424 asteriscis
1809 358 2096 438 pristinae
2124 357 2316 437 juxta
2353 356 2644 420 Graecum
2672 354 3007 436 exemplar
3043 355 3297 418 veritati
3336 353 3623 417 redderet
3650 370 3667 415 :
3694 353 3855 433 quod

575 480 736 528 sane
765 466 848 527 ab
880 482 957 527 eo
985 464 1381 545 praestitum,
1415 478 1497 524 ne
1542 460 1895 540 conjecisse
1932 457 2189 538 quidem
2220 506 2236 536 ,
2295 457 2701 519 manifestum
2736 456 3043 518 indicium
3075 465 3190 517 est.
3226 458 3399 519 Bene
3451 456 3581 518 haec
3612 456 3676 517 in
3726 473 3856 536 spe-
3932 468 3933 517 ξ

577 565 738 627 ciem
763 609 780 639 ,
810 583 957 645 qua:
985 570 1197 628 tamen
1235 564 1430 624 unius
1474 545 1749 640 negativi
1780 606 1797 640 ,
1828 567 1896 621 ut
1923 563 2194 630 vocant,
2228 557 2594 635 argumenti
2632 557 2757 617 vim
2796 556 3036 618 habent
3072 599 3088 629 ,
3123 559 3185 616 et
3212 573 3357 633 quae
3387 571 3519 617 una
3551 555 3693 616 facti
3737 554 3856 616 bis-

573 666 743 729 toria
771 666 1026 745 penitus
1064 664 1264 726 elidit.
1316 663 1753 741 Hieronymus
1812 658 1985 721 solos
2020 701 2036 731 ,
2073 674 2237 736 quos
2290 656 2513 717 dicunt
2566 653 2643 716 de
2708 654 3013 729 nomine,
3054 672 3170 717 sex
3230 654 3433 716 libros
3492 672 3612 717 suo
3658 652 3857 716 studio
3932 652 3933 675 ‘

574 766 945 830 emendatos
1006 766 1230 829 laudat
1287 769 1512 827 contra
1545 760 1848 824 Ruﬁnum
1874 806 1891 838 ,
1925 776 2055 821 non
2087 756 2260 837 quod
2289 756 2434 818 aliis
2482 772 2617 817 non
2644 754 3032 834 impenderit
3090 754 3379 818 eamdem
3420 772 3685 837 operam
3712 802 3731 834 ,
3757 754 3855 818 sed

572 867 747 949 quod
773 867 946 931 solos
973 866 1268 930 editionis
1298 863 1532 927 honori
1560 909 1578 942 ,
1610 870 1680 926 ut
1708 864 1869 927 alias
1896 860 1987 923 ait
2013 860 2147 939 ipse
2174 901 2190 933 ,
2226 856 2362 939 jam
2393 855 2818 937 permisisset.
2880 855 3010 917 Nec
3066 871 3224 917 sane
3281 855 3429 916 aliis
3457 899 3472 929 ,
3505 873 3700 935 quam
3755 854 3857 934 qui

570 971 947 1053 prodierant
979 970 1044 1032 in
1073 970 1281 1032 lucem
1306 1014 1322 1045 ,
1363 966 1692 1033 vindicare
1727 965 1915 1028 fidem
1945 979 2131 1026 suam
2166 963 2418 1040 poterat
2449 983 2467 1038 ;
2502 974 2715 1037 neque
2742 956 3023 1019 aliorum
3058 955 3437 1036 singillatim
3467 975 3613 1020 eum
3650 956 3858 1020 memi-

575 1072 747 1135 nisse
784 1072 1090 1134 intererat
1116 1070 1180 1131 in
1214 1068 1701 1152 praefationibus
1739 1066 1819 1130 ad
1851 1065 2219 1130 versionem
2254 1079 2335 1125 ex
2366 1060 2664 1139 Hebraeo,
2688 1059 3006 1140 siquidem
3040 1058 3212 1121 intra
3241 1058 3624 1123 domesticos
3655 1060 3861 1139 parie-

571 1178 666 1237 tes
698 1173 901 1237 clausi
933 1172 1217 1236 armario
1248 1170 1775 1245 continebantur,
1816 1184 1935 1230 nec
1970 1167 2274 1247 poterant
2300 1179 2336 1227 a
2371 1162 2612 1224 lectore
2643 1159 2893 1223 consuli
2927 1157 3006 1221 ad
3044 1156 3399 1222 faciendam
3427 1158 3519 1221 rei
3552 1158 3858 1224 fidem.th

564 1275 704 1341 haec
737 1276 1008 1341 fortasse
1029 1275 1163 1357 jam
1196 1281 1330 1339 tum
1359 1276 1564 1341 multa
1593 1274 1854 1339 fuerant
1880 1289 1917 1336 a
1949 1272 2168 1333 nescio
2197 1286 2327 1348 quo
2360 1266 2749 1347 compilata:
2787 1267 2845 1328 id
2886 1266 3056 1358 enim
3109 1266 3245 1346 ipse
3297 1269 3638 1329 caussatur
3669 1263 3731 1327 S.
3763 1263 3859 1325 In-

564 1389 813 1459 terpres
842 1382 1027 1460 epist.
1064 1378 1206 1453 13b,
1236 1380 1313 1442 ad
1373 1379 1811 1460 Augustinum
1845 1422 1862 1455 ,
1898 1374 1965 1436 in
2001 1374 2127 1436 [ine
2149 1418 2165 1447 ,
2203 1372 2544 1453 Praeceptis
2578 1371 2728 1446 tuis,
2782 1371 3087 1450 inquiens
3113 1415 3128 1445 ,
3158 1387 3381 1452 parere
3413 1388 3543 1432 non
3589 1388 3856 1452 possum,

563 1482 834 1544 maxime
860 1481 931 1545 in
958 1479 1229 1545 editione
1254 1479 1704 1561 Septuaginta,
1742 1496 1877 1559 quce
1911 1473 2254 1547 asteriscis,
2286 1471 2677 1554 verubusque
2705 1472 3013 1535 distincta
3047 1480 3162 1552 est,
3190 1471 3485 1556 pleraque
3506 1473 3665 1535 enim
3686 1471 3858 1553 prio-

562 1583 657 1645 ris
688 1582 925 1645 laboris
970 1581 1198 1662 fraude
1236 1580 1566 1663 cujusdam
1615 1579 1961 1641 amisimus.
1998 1574 2175 1638 Adeo
2213 1592 2331 1637 nec
2366 1578 2510 1636 erat
2543 1592 2576 1635 e
2604 1591 2674 1635 re
2712 1589 2832 1636 sua
2868 1573 3262 1635 mentionem
3308 1591 3532 1637 earum
3568 1574 3857 1637 lucubra-

564 1683 820 1746 tionum
859 1683 1107 1746 habere
1146 1700 1264 1763 per
1303 1690 1519 1764 partes
1549 1728 1566 1760 ,
1601 1672 1838 1760 quibus
1870 1679 2142 1759 ipsemet
2180 1680 2311 1757 jam
2348 1681 2620 1739 careret.
2655 1674 2828 1737 Bene
2859 1681 3073 1739 autem
3105 1680 3204 1739 est
3257 1675 3325 1738 in
3355 1695 3491 1740 rem
3540 1682 3814 1741 nostram
3841 1724 3858 1756 ,

563 1781 737 1863 quod
770 1788 1007 1862 praeter
1040 1800 1118 1847 ea
1149 1801 1297 1862 quae
1336 1783 1530 1863 vulgo
1562 1782 1945 1862 prostabant
1975 1786 2129 1842 tunc
2158 1780 2465 1858 temporis
2487 1826 2503 1855 ,
2536 1782 2600 1840 et
2654 1796 2829 1841 nunc
2883 1796 3145 1859 quoque
3199 1784 3548 1862 superant,
3576 1781 3858 1862 pleraque

558 1889 793 1962 vocat,
827 1890 898 1947 ut
926 1885 1269 1947 editionem
1307 1886 1676 1949 universam
1724 1883 1922 1946 fuisse
1971 1884 2052 1946 ab
2099 1900 2179 1945 eo
2230 1880 2673 1961 recognitum,
2706 1899 2787 1943 ex
2822 1880 2945 1943 hoc
2993 1882 3136 1961 ipso
3165 1882 3307 1946 loco
3353 1882 3694 1964 intelligas.
3720 1882 3857 1946 lam

561 1986 734 2065 quod
767 1986 920 2066 ipsa:
949 1986 1453 2067 praefatinnculae
1480 2032 1497 2063 ,
1531 1986 1770 2066 quibus
1827 1985 2085 2047 munire
2125 1999 2661 2061 unumquemque
2717 1981 2955 2044 librum
3001 1988 3470 2061 consueverat,
3504 1984 3858 2048 desideren-

558 2093 695 2166 tur,
725 2106 870 2151 cum
909 2089 1038 2151 illa:
1089 2095 1303 2153 tamen
1347 2089 1721 2170 supersint,
1751 2105 1897 2169 quae
1936 2087 2001 2149 in
2034 2085 2395 2167 deperditos
2426 2085 2788 2148 Salomonis
2818 2091 2881 2150 et
2914 2087 3451 2167 Paralipomenon
3484 2088 3853 2153 adornavit:

562 2190 829 2253 minime
864 2190 988 2254 hoc
1028 2190 1285 2271 quidem
1331 2190 1636 2254 indicium
1666 2195 1763 2253 est
1789 2237 1806 2268 ,
1845 2208 1974 2251 non
2011 2189 2207 2250 fuisse
2263 2188 2426 2250 alios
2482 2187 2682 2251 libros
2750 2188 3123 2251 emendatos
3150 2233 3166 2263 ,
3200 2189 3308 2252 sed
3346 2190 3503 2253 illud
3558 2190 3854 2256 nimirum

562 2295 841 2372 evincit,
876 2296 1048 2377 quod
1078 2297 1450 2359 dicebamus
1478 2342 1493 2370 ,
1532 2295 1734 2358 editos
1768 2296 1851 2357 ab
1882 2311 1959 2356 eo
1996 2310 2124 2355 non
2164 2291 2388 2354 fuisse.
2421 2290 2836 2354 Przefationes
2869 2289 3042 2351 enim
3080 2294 3233 2352 tunc
3261 2290 3517 2354 demum
3546 2290 3857 2354 lucubra-

554 2394 839 2457 tionibus
872 2396 1008 2458 suis
1035 2394 1097 2457 S.
1133 2396 1369 2458 Doctor
1397 2394 1723 2476 praefigere
1751 2395 1817 2456 in
1859 2410 2037 2455 more
2074 2391 2340 2469 habuit,
2372 2409 2517 2455 cum
2554 2407 2664 2454 eas
2700 2389 2937 2471 publici
2970 2388 3138 2470 juris
3192 2388 3432 2454 faciens
3462 2436 3479 2468 ,
3508 2392 3856 2457 amicorum

557 2494 839 2573 cuipiam
877 2494 1283 2559 inscriberet.
1316 2495 1580 2558 Falsum
1610 2494 1889 2574 denique
1917 2499 2013 2555 est
2037 2536 2054 2566 ,
2092 2491 2378 2571 antiquis
2409 2491 2835 2571 scriptoribus
2867 2490 3080 2552 nullos
3109 2490 3273 2554 alios
3300 2497 3532 2571 praeter
3562 2492 3855 2559 laudatos

551 2591 938 2655 innotuisse.
968 2593 1242 2656 Sanctus
1275 2595 1411 2673 ipse
1441 2594 1851 2673 Augustinus
1884 2592 2159 2671 epistola
2209 2592 2379 2653 inter
2407 2591 2954 2671 Hieronymianas
2996 2590 3137 2666 116,
3178 2610 3324 2654 cum
3364 2594 3607 2676 pridem
3661 2595 3856 2659 solam

561 2695 705 2757 Jobi
732 2695 1105 2759 versionem
1136 2700 1310 2759 esset
1339 2696 1722 2773 admiratus,
1745 2696 2088 2757 certiorem
2118 2710 2186 2755 se
2211 2695 2435 2773 postea
2472 2691 2708 2755 factum
2744 2692 2819 2754 de
2848 2691 3138 2754 universi
3170 2691 3452 2756 Canonis
3488 2696 3858 2759 recensione

552 2799 836 2862 indicat:
872 2800 1093 2880 aitque
1144 2799 1223 2863 ad
1285 2800 1797 2883 Hieronymum,
1835 2798 2065 2862 Mittas
2129 2796 2383 2859 obsecro
2447 2795 3043 2876 interpretationem
3098 2802 3271 2856 tuam
3313 2795 3386 2859 de
3418 2797 3855 2881 Septuaginta,

548 2918 734 2982 quam
767 2908 823 2963 te
850 2899 1113 2965 edidisse
1147 2901 1513 2966 nesciebam.
1543 2901 1963 2964 Luculentius
1988 2901 2191 2962 multo
2222 2898 2671 2965 Cassiodorius
2701 2944 2717 2973 ,
2753 2899 2862 2980 qui
2899 2899 3072 2978 ipsas
3109 2900 3253 2963 illas
3282 2945 3299 2976 ,
3330 2918 3495 2981 quas
3536 2901 3858 2983 Hierony-

550 3018 693 3062 mus
732 3001 1087 3074 amiserat,
1124 3010 1337 3081 partes
1365 3020 1406 3066 a
1440 3021 1508 3065 se
1537 3002 1837 3064 inventas
1875 2999 2195 3081 significat
2220 3047 2237 3079 ,
2296 3005 2356 3063 et
2395 3000 2652 3080 corpori
2701 2999 2840 3080 ejus
2877 3000 3178 3062 editionis
3209 3001 3564 3065 restitutas.
3600 3004 3816 3066 Tertia
3840 3047 3855 3074 ,

550 3101 763 3180 inquit
786 3149 801 3171 .
837 3103 1132 3165 Divinar.
1162 3105 1372 3166 lnstit.
1408 3122 1548 3183 cap.
1592 3106 1693 3180 13,
1724 3105 1955 3168 divisio
1996 3112 2084 3165 est
2121 3105 2289 3167 inter
2317 3104 2477 3167 alias
2509 3106 2721 3168 codice
2760 3105 3128 3186 grandiore,
3158 3105 3373 3170 littera
3404 3107 3681 3171 clariore
3710 3126 3859 3171 con-

550 3203 821 3282 scripto,
854 3204 966 3283 qui
998 3202 1175 3265 habet
1207 3206 1650 3284 quaterniones
1678 3223 1828 3278 xcv,
1869 3205 1940 3267 in
1982 3223 2105 3285 quo
2142 3205 2563 3284 Septuaginta
2591 3206 3020 3285 Interpretum
3049 3204 3380 3268 translatio
3426 3205 3665 3269 Veteris
3705 3206 3859 3268 Tes—

555 3306 821 3368 tamenti
856 3306 922 3367 in
956 3302 1142 3367 libris
1172 3305 1600 3387 quadraginta
1627 3315 1905 3388 quatuor
1936 3307 2326 3369 continetur.
2359 3304 2476 3369 Cui
2522 3304 2849 3387 subjuncti
2873 3313 3027 3367 sunt
3066 3305 3245 3373 Novi
3292 3305 3679 3371 Testamenti
3717 3304 3859 3369 libri

553 3408 794 3488 viginti
820 3425 933 3469 sca:
954 3428 975 3469 :
1006 3415 1274 3489 suntque
1308 3405 1493 3470 simul
1522 3406 1671 3471 libri
1698 3408 2128 3490 septuaginta,
2151 3408 2217 3470 in
2249 3405 2363 3470 illo
2385 3405 2739 3486 palmarum
2762 3423 3050 3483 numero,
3079 3407 3204 3468 etc.
3242 3404 3372 3468 Hic
3396 3413 3607 3467 textus
3635 3404 3860 3469 multo-

560 3523 702 3571 rum
734 3507 1149 3571 translatione
1180 3508 1501 3582 cariatus,
1542 3507 1763 3571 Patris
1795 3508 2171 3587 Hieronymi
2200 3505 2498 3588 diligenti
2533 3522 2687 3567 cura
2717 3506 3096 3581 emendatus,
3136 3506 3639 3589 compositusque
3674 3507 3861 3572 relic-

560 3618 662 3672 tus
698 3616 811 3671 est.
844 3607 943 3671 Ita
971 3625 1131 3671 sane
1157 3609 1422 3688 capituli
1456 3608 1594 3690 ejus
1633 3612 1977 3671 contextus
2008 3614 2072 3671 et
2105 3608 2327 3670 titulus
2357 3652 2373 3683 ,
2402 3608 2478 3671 de
2509 3607 3022 3687 Hieronymiana
3048 3606 3501 3671 emendatione
3541 3609 3863 3674 Transla-

560 3711 757 3776 tionis
815 3710 1161 3774 secundum
1214 3710 1638 3792 Septuaginta
1684 3711 2096 3791 Interpretes,
2167 3709 2346 3790 loqui
2398 3713 2730 3772 auctorem
2788 3708 3102 3788 probant:
3142 3708 3412 3790 ipsaque
3464 3709 3730 3773 editoris
3785 3707 3861 3775 ad

556 3814 916 3896 marginem
949 3819 1104 3877 nota
1147 3811 1496 3888 admonet,
1525 3812 1795 3875 Textum
1831 3829 1978 3873 eum
2006 3809 2129 3873 dici
2182 3808 2602 3891 Septuaginta
2660 3808 3095 3889 Interpretum
3144 3827 3183 3868 a
3237 3807 3414 3870 beato
3470 3808 3859 3891 Hieronymo

551 3915 962 3979 emendatum.
989 3916 1256 3993 Verum,
1292 3919 1362 3977 ut
1390 3932 1469 3977 ne
1513 3912 1636 3975 hoc
1663 3910 1922 3992 quidem
1951 3910 2386 3983 dissimulem,
2423 3926 2503 3970 ne
2533 3923 2731 3987 quam
2760 3902 3212 3970 Cassiodorius
3240 3906 3444 3969 Patris
3482 3906 3860 3991 Hieronymi

554 4031 781 4078 curam
819 4014 1078 4091 laudat,
1111 4016 1191 4077 ad
1222 4015 1417 4076 unius
1468 4014 1628 4076 Novi
1675 4012 2071 4075 Testamenti
2117 4009 2567 4074 recensionem
2603 4006 2942 4072 referenda
2974 4007 3099 4083 sit,
3136 4007 3438 4070 nonnihil
3482 4008 3857 4074 subdubito.

552 4115 673 4178 Sed
702 4116 876 4177 enim
906 4113 1160 4194 majora
1196 4119 1347 4176 sunt
1371 4114 1546 4174 omni
1594 4112 1976 4191 exceptione
2023 4111 2085 4173 S.
2118 4110 2322 4193 ipsius
2368 4109 2745 4190 lnterpretis
2796 4109 3160 4173 testimonia
3186 4155 3204 4190 ,
3231 4112 3468 4191 quibus
3505 4128 3653 4176 cum
3688 4120 3864 4177 ἁπλῶς

553 4216 902 4278 editionem
935 4215 1359 4298 Septuaginta
1388 4229 1429 4279 a
1464 4231 1533 4278 se
1568 4214 1660 4277 ait
1688 4213 1764 4277 de
1800 4214 2039 4278 Graecis
2070 4213 2135 4276 in
2167 4213 2397 4278 Latino
2424 4212 2831 4277 emendatam
2860 4258 2878 4283 ,
2901 4230 3178 4295 eamque
3225 4214 3413 4277 alteri
3458 4232 3541 4278 ex
3586 4213 3864 4280 Hebraeo

553 4318 968 4384 translationi
1015 4317 1328 4400 Opponit,
1357 4314 1771 4379 manifestum
1809 4320 1910 4377 est
1935 4360 1951 4390 ,
1984 4332 2113 4378 non
2162 4330 2405 4398 paucos
2453 4316 2693 4391 libros,
2727 4314 2836 4378 sed
2886 4316 3263 4380 universum
3296 4316 3619 4381 Cononem
3660 4320 3867 4383 deno-

549 4428 715 4483 tare.
747 4416 1028 4500 lnsignis
1063 4416 1245 4481 locus
1278 4414 1386 4477 ille
1418 4418 1517 4476 est
1544 4416 1731 4494 epist.
1772 4413 1912 4487 112,
1946 4414 2025 4476 ad
2056 4414 2329 4494 August.
2360 4460 2377 4493 ,
2409 4431 2474 4476 ιι.
2515 4414 2633 4475 19:
2674 4413 2860 4492 Quod
2887 4414 3141 4496 quieris,
3169 4433 3283 4478 cur
3311 4418 3499 4497 prior
3519 4437 3650 4481 mea
3686 4422 3756 4484 in
3789 4420 3866 4483 li-

551 4520 682 4584 bris
715 4517 1061 4584 Canonicis
1090 4517 1532 4598 interpretatio
1561 4516 1893 4579 asteriscos
1920 4514 2159 4589 habent,
2191 4526 2247 4578 et
2277 4517 2559 4597 virgulas
2587 4526 3000 4598 praenotatos,
3033 4529 3089 4583 et
3113 4529 3333 4603 postea
3364 4521 3553 4586 aliam
3580 4524 3854 4588 transla-

552 4621 784 4685 tionem
816 4618 1043 4701 absque
1071 4618 1168 4680 his
1201 4616 1403 4697 signis
1432 4614 1756 4688 ediderim,
1780 4632 1935 4694 pace
1968 4624 2077 4676 tua
2104 4615 2403 4690 dixerim,
2443 4615 2675 4682 videris
2704 4619 2858 4683 mihi
2900 4637 3032 4682 non
3062 4620 3417 4703 intelligere
3470 4623 3641 4707 quod
3698 4643 3865 4708 quee-

549 4719 718 4785 sisti.
755 4720 884 4784 Illa
913 4717 1077 4782 enim
1109 4715 1555 4797 interpretatio
1585 4714 2009 4796 Septuaginta
2035 4716 2462 4798 Interpretum
2495 4725 2620 4789 est;
2652 4726 2711 4780 et
2738 4719 3112 4803 ubicumque
3140 4723 3424 4805 virgulae,
3458 4726 3526 4790 id
3556 4734 3672 4801 est,
3700 4727 3867 4792 obeli

551 4830 725 4899 sunt,
755 4823 1232 4905 signiﬁcantur,
1265 4825 1386 4882 etc.
1422 4819 1500 4879 Et
1535 4817 1728 4897 paulo
1757 4822 1942 4897 post:
1980 4818 2120 4897 Ego
2148 4835 2280 4881 non
2313 4825 2437 4879 tam
2464 4826 2671 4881 cetera
2698 4819 2942 4883 abolere
2971 4830 3238 4885 conatus
3266 4843 3429 4905 sum,
3455 4844 3591 4908 quae
3625 4827 3866 4909 lingua:

552 4942 697 4987 ntere
737 4924 1090 4990 hominibus
1118 4920 1438 4987 emendata
1471 4919 1544 4982 de
1573 4919 1788 4983 Greeco
1822 4920 1889 4982 in
1933 4919 2231 4984 Latinum
2263 4920 2589 4996 transtuli,
2622 4941 2830 5005 quam.
2864 4928 2985 4987 etc.
3025 4926 3431 4993 Manifestius
3481 4932 3545 4992 in
3592 4932 3870 5012 prologo

555 5024 635 5087 ad
667 5025 867 5087 libros
897 5024 1264 5088 Salomonis
1293 5041 1376 5085 ex
1426 5020 1701 5083 Hebraeo
1726 5062 1743 5094 ,
1779 5018 1857 5083 Si
1885 5019 1990 5083 cui
2017 5037 2164 5081 sane
2194 5019 2618 5101 Septuaginta
2666 5022 3102 5103 Interpretum
3156 5027 3355 5104 magis
3406 5026 3597 5092 editio
3624 5029 3867 5110 placet,

555 5120 736 5184 habet
770 5141 901 5184 eam
945 5144 984 5185 a
1006 5122 1189 5186 nobis
1223 5119 1628 5186 emendatam.
1662 5118 1739 5179 Et
1770 5117 1884 5179 lib.
1920 5135 1968 5178 ιι
2002 5124 2228 5184 contra
2271 5119 2575 5183 Rufinum
2608 5140 2623 5182 :
2662 5120 2881 5201 Egone
2931 5130 3153 5185 contra
3197 5124 3617 5207 Septuaginta
3648 5128 3870 5193 Inter-

553 5232 765 5305 pretes
819 5224 1065 5305 aliquid
1096 5245 1232 5288 sum
1284 5226 1562 5301 locutus,
1594 5238 1750 5304 quos
1777 5228 1920 5283 ante
1949 5238 2149 5284 annos
2179 5222 2490 5304 plurimos
2526 5223 3007 5306 diligentissime
3036 5227 3389 5290 emendatos
3449 5249 3592 5294 mete
3627 5231 3871 5313 lingua:

557 5322 867 5387 studiosis
899 5323 1064 5385 dedi.
1117 5325 1407 5406 Itemque
1444 5326 1558 5388 lib.
1610 5339 1681 5384 ιιι
1712 5366 1729 5396 ,
1765 5320 1988 5383 iisdem
2036 5339 2236 5402 prope
2266 5323 2481 5387 verbis
2520 5369 2537 5398 ,
2568 5325 2991 5408 Septuaginta
3022 5327 3353 5390 editionem
3385 5329 3873 5413 diligentissime

563 5423 947 5488 emendatam
987 5431 1130 5484 ante
1158 5442 1355 5485 annos
1389 5425 1700 5507 plurimos
1728 5440 1869 5484 mere
1896 5420 2130 5501 linguce
2155 5421 2509 5488 hominibus
2534 5424 2699 5490 dedi.
2728 5426 2915 5490 Paria
2952 5425 3141 5489 habet
3169 5428 3356 5508 epist.
3385 5431 3488 5506 71,
3532 5433 3609 5495 ad
3655 5433 3873 5499 Luci—

563 5531 745 5592 nium
771 5571 786 5600 ,
818 5527 1234 5608 Septuaginta
1278 5528 1695 5611 Interpretum
1726 5525 2061 5589 editionem
2091 5532 2149 5585 et
2177 5532 2235 5587 te
2260 5525 2478 5591 habere
2504 5547 2635 5592 non
2665 5525 2908 5602 dubito,
2940 5535 2997 5589 et
3017 5535 3163 5589 ante
3195 5545 3394 5591 annos
3418 5530 3740 5611 plurimos
3768 5536 3875 5601 di-

557 5626 970 5711 ligentissime
1030 5626 1411 5690 emendatam
1468 5627 1772 5692 studiosis
1827 5625 2093 5690 tradidi.
2154 5624 2447 5710 Denique
2478 5675 2494 5707 ,
2527 5634 2598 5693 ut
2625 5631 2753 5695 alia
2792 5628 3274 5709 prietermittam
3302 5672 3318 5705 ,
3356 5632 3543 5711 epist.
3604 5635 3751 5715 106,
3783 5637 3871 5705 ad

548 5727 860 5798 Sunniam
907 5732 969 5793 et
1021 5726 1387 5811 Fretelam,
1427 5729 1537 5795 ubi
1595 5733 1913 5811 quantum
1974 5726 2223 5795 intersit
2256 5730 2679 5798 Communem
2718 5731 2885 5795 inter
2916 5736 3115 5810 atque
3143 5728 3581 5814 Hexaplarem
3613 5736 3871 5808 editio-
