3960 6208
185 208 233 264 l5
1474 206 1749 263 Pflglil'ltl

1777 208 1862 264 ll.
3268 207 3334 266 N

190 327 604 405 nem,docet:Ea
631 336 861 405 autem,
889 324 1087 403 inquit
1116 369 1132 401 ,
1164 340 1299 403 qum
1346 321 1611 383 Ιιηζερτιιν
1648 324 1712 383 in
1741 322 2059 392 limen,
2093 328 2145 380 et
2173 337 2351 402 quam
2379 336 2491 381 nos
2526 319 2850 396 vertimus,
2885 318 3023 398 ipsa
3058 324 3175 395 est,
3205 322 3328 383 etc.

191 434 339 511 igitur
366 450 456 493 non
480 433 592 494 illos
628 437 873 493 tantum
912 427 1184 498 libellos,
1215 426 1327 503 qui
1357 426 1466 485 vix
1505 424 1839 484 minimam
1872 422 2152 483 Canouis
2186 427 2427 501 partem
2457 420 2756 501 explent,
2788 417 2897 481 sed
2930 419 3333 501 universam,

195 542 245 598 ut
265 536 309 596 in
332 533 552 613 Hexaplis
587 539 720 593 erat
751 579 766 608 ,
801 530 1137 591 editionem
1177 526 1409 603 vertit,
1440 526 1573 587 sive
1604 524 1852 585 Latinis
1885 523 2105 585 Graeca
2137 521 2529 584 contendens
2562 521 2859 583 restituit.

251 642 309 701 At
335 657 461 711 vero,
487 634 627 714 quod
655 634 1047 702 dicebamus,
1080 630 1222 692 fecit
1251 630 1465 689 damni
1500 627 1617 689 hac
1648 627 1711 687 in
1747 646 1814 688 re
1852 626 2122 687 multum
2159 626 2296 701 ipse
2320 668 2336 697 ,
2368 641 2513 686 cum
2545 623 2897 697 adviveret,
2928 626 3189 685 sanctus
3219 622 3335 684 ln-

185 750 365 824 terpres
396 763 407 801 :
436 760 565 803 nunc
597 741 669 801 de
700 739 825 811 his,
858 736 966 814 qui
1006 732 1249 814 jamdiu
1297 730 1769 805 desiderantur,
1796 729 1975 791 libris
2015 726 2417 805 reparandis,
2459 725 2655 789 ferme
2699 727 3175 789 conclamatum
3212 730 3330 789 est.

172 849 299 909 Sane
327 862 485 922 neque
509 842 629 904 aliis
658 844 815 918 quot
846 839 1003 909 scio,
1034 852 1153 897 nec
1182 833 1335 895 mihi
1365 851 1505 895 esse
1536 832 1625 893 ita
1654 830 1817 893 felici
1851 830 2141 911 conligit,
2166 835 2234 889 ut
2263 846 2485 891 eorum
2514 833 2759 907 partem
2788 828 3015 890 saltem
3048 829 3339 907 aliquam

168 948 303 1009 inter
326 943 781 1006 bibliothecarum
816 940 1114 1017 antiquos
1149 954 1300 999 mss.
1332 935 1719 1011 invenirem,
1751 951 1916 1013 quos
1950 939 2161 996 tamen
2194 936 2437 1011 quanta
2476 932 2761 995 maxima
2796 930 2979 994 licuit
3006 931 3340 1011 diligentia

159 1044 548 1125 perlustrabam.
576 1040 1023 1107 Nihilominus.
1056 1043 1167 1100 aut
1209 1055 1308 1099 me
1343 1038 1600 1099 animus
1643 1035 1827 1109 fallit,
1858 1039 1973 1096 aut
2010 1039 2185 1096 tanta
2232 1032 2369 1112 ejus
2400 1031 2696 1095 editionis
2730 1049 2881 1113 pars
2929 1036 3229 1112 superest
3268 1033 3337 1095 in

151 1151 421 1226 ipsiusmet
445 1145 493 1205 S.
521 1144 702 1204 Patris
735 1139 1254 1211 Commentariis,
1289 1144 1356 1199 ut
1403 1137 1599 1199 ferme
1634 1137 1883 1216 possint
1921 1135 2247 1215 prephetm
2277 1152 2525 1211 omnes,
2552 1138 2727 1197 certe
2755 1133 3013 1213 quidem
3052 1134 3340 1199 minores

144 1247 503 1319 duodecim,et
531 1242 934 1304 Ecclesiastes
978 1238 1054 1300 ad
1104 1238 1443 1317 pristinam
1494 1236 1927 1315 integritatem
1966 1236 2197 1296 redire.
2228 1235 2617 1295 Persuasum
2654 1251 2883 1313 nempe
2926 1233 3161 1309 habeo,
3195 1251 3339 1297 eam

141 1347 436 1407 versionem
464 1361 528 1404 ex
553 1341 748 1419 LXX,
775 1358 969 1419 quam
1004 1357 1119 1416 per
1148 1356 1454 1399 versuum
1485 1337 1821 1415 periocbas
1855 1336 2197 1416 pr0posita:
2229 1334 2316 1394 illi
2345 1353 2427 1397 ex
2458 1334 2727 1396 Hebraeo
2754 1333 3159 1396 continenter
3187 1334 3340 1396 sub-

138 1448 325 1517 nectit,
351 1444 717 1521 edisseriique
749 1459 916 1520 saepe
956 1440 1189 1521 saepius
1234 1439 1418 1519 juxta
1462 1438 1658 1500 alium
1699 1456 1990 1509 sensum,
2028 1454 2166 1498 eam
2200 1436 2405 1514 ipsam
2448 1437 2807 1499 versionem
2838 1455 3003 1517 esse,
3033 1454 3229 1516 quam
3260 1438 3340 1503 ad

136 1556 377 1614 irrecum
400 1547 696 1625 exemplar
727 1550 1190 1625 recognoverat
1227 1566 1241 1607 :
1290 1561 1444 1613 non,
1480 1548 1545 1601 ut
1584 1541 1777 1621 vulgo
1812 1546 2063 1621 putant,
2098 1542 2393 1603 Veterem
2431 1542 2495 1603 in
2544 1542 2972 1611 emendatam.
3005 1542 3083 1602 Et
3130 1543 3341 1606 sentio

134 1653 362 1734 juidcm,
389 1652 533 1731 quod
572 1666 758 1711 nemo
796 1665 924 1709 non
977 1646 1193 1708 statim
1238 1643 1519 1724 objiciet,
1552 1642 1798 1704 nullam
1854 1642 2052 1702 ferme
2104 1641 2379 1719 speciem
2419 1641 2502 1702 ibi
2547 1640 3042 1721 Hieronymiani
3097 1639 3340 1705 laboris

134 1754 355 1818 irmferri
382 1774 395 1811 :
422 1754 623 1813 abesse
653 1750 822 1811 enim
864 1748 1208 1826 plerasque
1240 1762 1493 1820 omnes,
1516 1742 1753 1820 quibus
1787 1742 1977 1803 unice
2008 1746 2217 1819 potest
2252 1740 2629 1815 internosci,
2652 1740 3111 1802 asteriscorum
3142 1744 3341 1819 atque

134 1856 394 1916 sbelorum
424 1856 609 1910 notas.
641 1848 776 1927 Ego
818 1855 1029 1907 tamen
1064 1844 1210 1905 inde
1243 1844 1431 1906 aliter
1476 1840 1907 1923 colligendum
1942 1840 2264 1914 existimo,
2296 1857 2372 1901 ex
2420 1841 2640 1920 paucis
2676 1841 2979 1901 nimirum
3015 1856 3161 1920 quas
3204 1841 3334 1903 ali—

142 1957 240 2018 ubi
264 1956 533 2031 superant
573 1948 883 2029 ejusmodi
917 1947 1109 2017 notis,
1146 1964 1275 2006 non
1324 1946 1519 2007 aliam
1566 1961 1780 2023 posse,
1813 1961 2008 2022 quam
2041 1959 2187 2021 qum
2232 1959 2313 2002 ex
2358 1941 2733 2022 Hieronymi
2766 1942 3017 2005 calamo
3052 1943 3340 2022 profecta

141 2064 212 2131 st,
240 2054 546 2117 editionem
581 2068 719 2111 eam
759 2047 999 2120 videri;
1038 2065 1247 2125 neque
1284 2047 1454 2108 enim
1494 2047 1569 2107 iis
1609 2047 1924 2107 instructa
1961 2044 2187 2105 Latina
2221 2043 2347 2106 alia
2384 2061 2689 2121 umquam
2726 2043 2864 2106 fuit.
2898 2044 3081 2120 Quod
3121 2053 3342 2111 autem

134 2160 287 2221 artus
321 2157 671 2224 occurrunt,
706 2168 901 2229 quam
935 2168 1036 2212 res
1077 2149 1404 2229 postulare
1437 2146 1797 2219 videbatur,
1837 2146 2119 2207 maxime
2160 2143 2223 2204 in
2264 2143 2594 2223 prephetis
2632 2144 3013 2225 majoribus,
3049 2145 3112 2207 in
3142 2164 3343 2212 causa

136 2266 163 2319 .t
198 2258 327 2337 ejus
358 2254 742 2335 prepositum
776 2252 987 2328 operis
1020 2256 1213 2327 atque
1247 2250 1646 2320 institutum;
1682 2265 1891 2326 neque
1936 2247 2108 2308 enim
2157 2245 2238 2305 ibi
2275 2244 2339 2305 S.
2378 2246 2565 2307 Pater
2594 2244 2781 2309 edere
2816 2246 3163 2328 Scriptura)
3195 2256 3343 2314 lex-

152 2382 227 2431 Ill,
258 2358 359 2421 sed
408 2372 724 2437 exponere
761 2360 954 2431 atque
1006 2352 1331 2412 illustrare
1385 2351 1807 2412 constituerat
1848 2374 1863 2413 :
1914 2350 2068 2429 quin
2122 2355 2184 2410 et
2237 2348 2515 2425 volebat,
2546 2348 2879 2413 Hebraicm
2916 2350 3165 2412 veritati
3212 2361 3341 2421 τοὺς

142 2466 240 2525 XX
273 2462 652 2535 subservire,
682 2458 967 2535 satisque
1004 2454 1161 2516 adeo
1197 2454 1419 2515 habuit
1455 2455 1718 2532 majoris
1753 2452 2058 2514 momenti
2101 2451 2443 2512 verborum
2482 2456 2542 2510 et
2574 2468 2882 2512 sensuum
2915 2450 3338 2530 ditl'erentias,

148 2575 159 2633 ι
208 2574 278 2635 iis
329 2566 553 2649 signis,
585 2562 681 2623 vel
728 2560 1053 2637 conceptis
1092 2558 1330 2633 verbis,
1358 2563 1428 2617 ut
1472 2557 1633 2618 alias
1678 2556 1851 2630 facit,
1890 2559 2256 2620 annotasse,
2294 2570 2439 2613 cum
2488 2550 2811 2613 Hebraico
2852 2557 3070 2634 utpote
3104 2559 3339 2622 veriori

148 2676 257 2735 ttui
293 2673 503 2735 mallet
535 2670 852 2731 insistere.
886 2669 1198 2729 Caeterum
1230 2663 1363 2726 dies
1397 2682 1497 2725 me
1524 2664 1795 2740 deficiet,
1826 2667 1878 2725 si
1913 2664 2100 2723 modo
2133 2661 2322 2722 velim
2356 2658 2713 2737 insigniora
2744 2658 2910 2734 loca,
2934 2662 3169 2740 quibus
3199 2666 3337 2729 sive

156 2777 252 2850 eli,
277 2776 404 2837 sive
434 2772 727 2841 asterisei
763 2770 1171 2840 adhibentur,
1204 2767 1403 2830 verbo
1437 2770 1621 2826 tenus
1661 2766 1967 2828 indicare.
2004 2763 2076 2824 In
2109 2761 2602 2827 Commentariis
2640 2761 2703 2823 iu
2745 2763 3092 2842 prophetas
3124 2769 3341 2832 ωίηο..

152 2894 167 2935 s
199 2874 356 2934 obvii
393 2872 598 2951 magis
632 2874 806 2931 sunt.
836 2870 1222 2947 ltepelamus
1257 2866 1452 2943 igitur
1483 2864 1743 2928 aliunde
1773 2864 2096 2942 exempla,
2127 2866 2321 2940 atque
2353 2880 2432 2923 ex
2464 2879 2595 2923 uno
2630 2861 2821 2925 Isaia.
2853 2864 3006 2945 Cap.
3038 2884 3141 2941 χι,
3170 2886 3340 2939 vers.

176 2974 347 3050 Quod
375 2971 643 3032 additur
669 2991 703 3031 (ι
733 2970 1147 3049 Septuaginta
1200 2990 1241 3028 :4
1276 2965 1649 3027 Sacerdotes
1703 2964 1874 3025 obclo
1908 2970 2329 3044 prwnotatum
2364 2967 2483 3028 est;
2533 2965 2596 3021 et
2648 2978 2815 3022 vers.
2847 2965 2925 3023 7:
2976 2964 3123 3027 lloc
3171 2967 3341 3046 quod

152 3078 345 3137 rriscis
402 3081 671 3134 notatur
732 3082 829 3144 ;εεε;
885 3072 1037 3149 quia
1089 3067 1352 3146 spiritus
1404 3067 1514 3129 Dei
1550 3065 1725 3126 ﬂavit
1770 3066 1831 3125 in
1888 3081 1963 3127 eo
2090 3078 2239 3123 vero
2294 3060 2510 3119 fenum
2562 3066 2656 3121 cst
2709 3062 2982 3143 pOpulus
3023 3075 3087 3139 ζψζ
3127 3065 3337 3128 exsic-

154 3196 250 3237 um
286 3184 377 3239 est
414 3176 668 3245 fenum,
701 3173 927 3236 cecidit
965 3172 1079 3234 ﬂos
1114 3184 1134 3250 ζ
1175 3192 1252 3234 ex
1286 3168 1600 3231 lIebruico
1652 3176 1709 3228 et
1747 3164 2194 3227 Theodotionis
2227 3161 2496 3224 editione
2533 3159 2820 3222 additum
2857 3170 2965 3223 est.
2996 3165 3152 3245 Cap.
3183 3185 3333 3247 va,

154 3282 281 3360 ipso
318 3286 501 3344 textu
536 3278 739 3339 verba
763 3324 781 3352 ,
832 3302 889 3342 »ξ
924 3276 1327 3338 Innovumini
1380 3271 1461 3331 nd
1496 3290 1583 3330 me
1645 3268 1889 3342 insidat,
1923 3266 2111 3328 obclo
2163 3264 2665 3325 transverberat.
2696 3261 2850 3343 Cap.
2892 3282 2975 3340 LI,
3010 3285 3173 3330 vers.
3210 3269 3281 3329 10
3312 3292 3329 3334 :

154 3399 265 3441 nen
320 3405 379 3445 σξη
440 3379 814 3440 Jerusalem
854 3387 874 3454 ζ
909 3375 1076 3457 quod
1105 3375 1205 3436 hic
1232 3396 1264 3432 (ι
1295 3370 1709 3451 Septuaginta
1738 3367 2020 3428 additum
2048 3374 2159 3438 est,
2188 3383 2299 3426 nec
2325 3364 2391 3426 in
2420 3362 2677 3425 Ilebrwo
2707 3363 2994 3439 habetur,
3022 3385 3135 3429 nec
3164 3369 3335 3433 ullus

155 3503 207 3543 m
239 3485 675 3563 interpretum
718 3480 960 3559 posuit,
992 3477 1155 3538 unde
1190 3474 1359 3536 obelo
1398 3469 1900 3553 prconotandum,
1932 3473 2052 3530 etc.
2083 3467 2159 3526 Et
2188 3470 2326 3544 post
2365 3481 2603 3542 paucos
2631 3482 2885 3541 versus,
2915 3464 3092 3528 Illud
3124 3476 3331 3530 autem

152 3585 188 3647 ά
245 3602 455 3665 supra
510 3581 761 3645 dicitur
794 3591 857 3654 μείς
917 3580 995 3641 Et
1043 3596 1170 3640 non
1234 3574 1476 3638 accidet
1520 3574 1585 3634 in
1634 3570 2112 3649 corruptionem
2146 3613 2162 3641 ,
2215 3573 2275 3625 et
2314 3583 2441 3625 non
2495 3562 2748 3625 deficiet
2796 3565 2978 3642 panis
3026 3565 3165 3646 ejus
3202 3578 3222 3645 ζ
3256 3569 3343 3632 (1ο

152 3662 472 3748 idotiom‘s
514 3682 796 3745 editione
825 3700 903 3742 ex
940 3678 1252 3741 Ηττον(ιίεο
1282 3674 1568 3738 additum
1597 3680 1709 3733 est.
1762 3672 1915 3746 Cap.
1955 3666 2246 3745 sequenti
2284 3684 2298 3723 :
2330 3664 2411 3724 In
2441 3662 2555 3723 hoc
2590 3663 2729 3726 loco
2777 3682 2999 3725 nomen
3038 3690 3087 3730 θ-
3119 3666 3270 3731 Sion
3304 3679 3327 3748 ζ

152 3786 513 3868 ptuaginta
548 3782 877 3856 additum,
908 3789 965 3843 et
1002 3781 1239 3843 idcirco
1286 3776 1654 3860 jugulatum
1690 3790 1860 3833 veru.
1910 3768 2198 3843 Denique
2244 3781 2383 3843 cap.
2420 3781 2494 3825 Lv
2528 3783 2542 3823 :
2581 3763 2881 3845 Quodque
2924 3766 3232 3847 sequitur,
3269 3792 3329 3832 -θ-

154 3865 355 3952 vnoxii
399 3889 503 3950 tui
537 3892 740 3948 erunt
772 3887 834 3947 in
872 3902 971 3958 ea,
1007 3895 1027 3962 ζ
1063 3881 1233 3944 obclo
1254 3877 1772 3961 prccnotuvimus.
1822 3872 1881 3933 Si
1914 3872 2107 3931 aliam
2139 3872 2333 3945 atque
2355 3865 2759 3929 emendatam
2790 3868 2901 3928 abs
2931 3866 3330 3949 Hieronymo

154 4012 344 4056 onem
385 3993 546 4054 haec
582 3993 1074 4069 repraesentant,
1109 4002 1333 4064 aequus
1370 3984 1572 4045 lector
1603 3978 1926 4059 dijudicet.
1958 3971 2122 4049 Quid
2157 3986 2349 4050 porro
2384 3968 2714 4039 aiendum,
2749 3987 2893 4031 cum
2927 3972 3166 4033 erroris
3204 3990 3331 4034 no-

160 4097 398 4156 atinos
434 4066 741 4161 codices,
782 4092 915 4168 ipse
952 4089 1165 4163 aliter,
1194 4088 1328 4147 sive
1363 4086 1534 4144 recte
1570 4077 1898 4161 prOposito
1927 4074 2068 4135 loco
2100 4069 2293 4151 legit?
2326 4068 2398 4129 In
2435 4074 2628 4148 caput
2654 4066 2945 4131 Ieremia:
2982 4087 3171 4144 xxxi,
3202 4070 3353 4155 iui--

150 4194 483 4273 tidicule,
520 4193 767 4270 inquit,
796 4190 1015 4253 Latini
1050 4188 1289 4250 codices
1323 4186 1392 4246 in
1422 4184 1539 4245 hoc
1568 4182 1706 4244 loco
1749 4175 2159 4255 anibiguitnte
2196 4169 2368 4233 verbi
2416 4168 2617 4233 Graeci
2659 4187 2782 4250 pro
2832 4171 3037 4235 calido
3072 4173 3334 4253 lupinos

150 4299 406 4360 iretati
462 4271 659 4359 sunt.
700 4296 778 4356 Et
817 4293 1090 4356 calidum
1143 4298 1356 4353 tamen
1395 4288 1458 4346 in
1497 4300 1571 4346 ea
1608 4298 1805 4360 quam
1857 4274 2158 4356 pr0ponit
2204 4273 2339 4352 ipse
2384 4271 2987 4352 septuagintavirali
3041 4274 3339 4338 versione

146 4401 392 4462 derat.
444 4397 678 4478 Igitur
716 4413 846 4456 non
883 4391 1159 4463 Veteris,
1190 4406 1334 4467 qua:
1384 4382 1621 4463 passim
1672 4376 2023 4447 obtinebat,
2054 4376 2115 4433 et
2160 4370 2327 4431 male
2378 4368 2653 4432 habebat
2686 4370 2967 4452 lupinos,
2998 4368 3105 4433 sed
3142 4389 3339 4452 quam

144 4470 669 4567 adornaVErat,
701 4494 1149 4558 recensionem
1186 4489 1428 4553 laudat.
1460 4485 1647 4548 Paria
1676 4479 1974 4559 exempla
2003 4475 2154 4538 alibi
2186 4473 2420 4553 saepius
2452 4470 2776 4535 offendere
2802 4481 2922 4539 est.

146 4627 159 4666 ι
204 4620 392 4683 quae
435 4601 667 4664 fuerit
701 4598 842 4678 ejus
879 4595 1121 4659 laboris
1150 4593 1343 4666 ratio,
1375 4595 1436 4651 et
1464 4604 1619 4649 num
1648 4582 1756 4643 illa
1794 4575 2239 4657 interpretatio
2267 4574 2524 4653 proprie
2554 4572 2820 4636 dicenda
2852 4576 2955 4651 sit,
2986 4591 3095 4652 an,
3126 4579 3196 4636 ut
3224 4593 3339 4637 no-

144 4674 381 4769 rid-em
435 4674 757 4779 videtur,
787 4697 1103 4769 recensio,
1138 4711 1253 4775 per
1288 4709 1357 4754 se
1399 4689 1678 4768 quisque
1730 4681 1961 4763 poterit
2008 4696 2089 4740 ex
2131 4676 2229 4737 bis
2266 4692 2408 4753 qua:
2454 4674 2622 4737 dicta
2666 4681 2838 4747 sunt,
2874 4675 3078 4737 multo
3121 4685 3341 4740 autem

144 4828 173 4870 ς
243 4826 355 4869 ex
424 4807 625 4887 ipsis
675 4777 821 4881 quae
871 4802 1243 4879 supersunt,
1276 4788 1687 4856 monimentis
1731 4783 2126 4847 existimare.
2161 4780 2319 4843 Cum
2357 4777 2574 4887 itaque
2602 4777 3011 4887 ait-S..Pater
3046 4778 3227 4861 epist.
3259 4781 3342 4845 ad

144 4930 267 4972 1m
321 4914 407 4970 et
446 4873 805 4968 ir‘retel-am
842 4873 984 4965 loco
1017 4898 1319 4978 superius
1361 4890 1645 4961 laudato,
1675 4904 1703 4948 s

1780 4884 2155 4953 editionem,
2195 4895 2340 4958 qum
2389 4876 2661 4939 habetur
2703 4876 2770 4935 in
2806 4873 3084 4945 Ἐξαπ).οῑς
3118 4921 3135 4953 ,
3187 4896 3342 4941 νιν..

150 5033 286 5078 ιοο
326 5014 562 5076 enim
609 5010 808 5075 verbo
845 5006 1014 5071 baud
1053 4974 1189 5070 scio
1220 4999 1374 5065 alibi
1426 5012 1617 5058 usum
1655 4989 1732 5052 ad
1769 4989 2054 5051 laborem
2090 5000 2279 5045 suum
2316 4974 2831 5058 significandum)
2866 4976 2942 5039 de
2974 4977 3071 5041 his
3102 4979 3344 5046 dixisse

142 5124 406 5186 sudus
453 5124 618 5191 est,
648 5134 794 5196 qua:
823 5116 946 5178 sub
976 5104 1691 5185 asteriscisjadduutur,
1714 5102 1777 5159 et
1809 5112 1953 5156 eum
1989 5110 2069 5153 ex
2101 5089 2324 5151 Graeco
2355 5082 2706 5196 Hexaplari
2744 5080 3091 5160 suffecerit,
3116 5086 3346 5151 Latino

142 5183 524 5287 reddidit
567 5183 968 5297 :rdeque,his
999 5183 1337 5294 prreterca,
1359 5222 1505 5286 quas
1536 5202 1758 5267 vitium
1793 5214 1903 5279 per
1936 5194 2153 5273 plures
2191 5203 2412 5297 versus
2429 5183 2773 5297 fecissent,
2804 5192 2863 5250 et
2891 5206 3058 5254 nova
3087 5189 3223 5269 ipse
3250 5192 3349 5253 ίη-

142 5284 493 5388 latione
554 5284 858 5383 dona-vit:
894 5284 1019 5379 Sed
1051 5332 1179 5378 non
1234 5284 1584 5372 ideo—inter
1616 5301 1992 5373 Versiones,
2022 5291 2234 5372 qualis
2270 5288 2383 5349 illa
2427 5284 2545 5346 fuit
2580 5303 2661 5388 ex
2696 5286 2992 5369 Hebraeo,
3029 5290 3138 5352 sed
3187 5292 3353 5356 inter

152 5383 509 5489 atio'ri—e—s
578 5420 1223 5501 recognitionesque,
1252 5411 1509 5491 qualem
1564 5406 1699 5482 ipse
1746 5398 2051 5462 continuo
2089 5389 2251 5501 ‘alibi
2306 5390 2516 5501 voe‘at',
2547 5383 2882 5450 referenda
2932 5394 3048 5449 est.
3080 5388 3356 5454 Fallitur

142 5483 195 5589 ς.
216 5483 888 5599 Alevxxanidverfqui
925 5483 1307 5596 superstites
1357 5510 1582 5581 libros,
1612 5504 1845 5564 Jobum
1875 5500 1936 5557 et
1965 5486 2373 5599 Psalterium,
2403 5483 2764 5599 Salomonis
2798 5504 3059 5599 quoque
3092 5494 3246 5563 tres,
3286 5497 3351 5552 οι

144 5646 532 5711 pomena
588 5626 673 5687 de
702 5641 865 5684 novo
896 5620 1150 5682 vertisse
1180 5618 1264 5678 ait
1302 5613 1363 5673 S.
1394 5614 1642 5673 Patrem
1672 5604 1708 5683 jl

1797 5606 1858 5659 ta
1888 5596 2203 5655 Caecum,
2234 5584 2519 5665 reliquos
2550 5585 2659 5661 qui
2695 5586 3187 5663 interciderunt,
3217 5598 3358 5651 tan-

1796 5701 1807 5711 ι
1864 5698 1898 5711 ,ο
2018 5709 2023 5711 _
2079 5708 2089 5711 _
2136 5702 2160 5711 Α
2192 5689 2204 5711 I
2249 5687 2523 5711 ___:.-..--_-
2564 5701 2931 5711 ,..ι..-...ι--......
2987 5695 3046 5711 --ι
3094 5697 3328 5711 -Αᾼ-ι..ι

151 5687 591 5798 Llevilevi—risse.
634 5725 802 5791 Satis
836 5731 922 5789 est
954 5722 1222 5788 alteram
1261 5709 1563 5778 Psalterii,
1584 5698 2097 5767 emendationem
2130 5689 2205 5752 ad
2249 5687 2526 5768 priorem
2559 5701 2959 5765 comparare,
2987 5695 3054 5750 ιιι
3086 5697 3363 5768 come“
