3960 6208
189 224 235 277 l7
1477 221 1864 280 PR.’EFAT|O.
3276 225 3346 282 i8

192 359 294 402 rum
316 342 524 421 Regine,
549 344 650 422 qui
684 342 1073 415 nncialibus,
1114 345 1184 403 ut
1226 346 1482 411 vocant,
1520 339 1750 401 litteris
1789 339 1989 402 ferme
2025 341 2325 403 omnibus
2358 344 2695 404 exaratur.
2735 339 2944 414 Quam
2991 340 3160 403 bono
3192 342 3342 405 tue—

192 445 286 505 rint
310 445 413 504 usui
442 446 596 519 nobis,
632 452 769 504 tum
804 444 1066 515 senties,
1105 461 1247 503 eum
1285 442 1361 503 ad
1397 443 1597 519 ipsius
1629 442 1841 517 operis
1874 443 2214 504 lectionem
2248 444 2545 505 accedes.
3313 472 3332 514 ε

246 547 330 608 Sed
352 556 392 607 et
416 547 730 625 illud,quod
758 549 1094 606 Romanum
1119 546 1762 619 dicunt,l’salterium
1793 549 1995 607 altera
2023 547 2308 625 ejusdem
2332 548 2477 608 libri
2507 548 2888 625 perantiqua
2920 548 3326 625 recensione,

182 648 358 725 quibus
380 648 439 707 ab
464 646 928 725 Hieronymiana
968 644 1122 704 locis
1154 644 1385 713 dill‘ert,
1426 645 1687 705 let-imus
1726 646 2328 722 locupletissimum.
2363 648 2741 727 Accepimus
2794 652 3011 709 autem
3043 650 3216 711 illam
3249 670 3331 711 ex

181 752 545 831 insigni,quem
568 748 954 809 Veronensis
990 745 1250 825 capituli
1293 747 1673 806 bibliotheca
1733 753 1949 808 servat
1995 767 2112 806 ms.
2148 748 2489 824 quadrato,
2523 756 2591 809 ut
2634 756 2894 825 vocant,
2929 750 3326 831 charactere,

179 862 399 923 :zeculum
445 856 593 918 lerme
644 861 904 915 sextum
954 850 1316 920 redolente,
1371 857 1566 929 atque
1613 852 1871 927 Optima:
1917 858 2235 926 quantum
2288 857 2383 911 est
2444 851 2501 912 id
2547 870 2751 929 genus
2799 852 3087 913 codicum
3137 859 3327 918 notas.

180 967 319 1024 labet
357 963 439 1023 ille
478 962 525 1020 in
565 959 828 1020 adversa
872 970 1131 1031 quaque
1189 953 1440 1029 pagella
1499 952 1756 1011 totidem
1808 951 2054 1013 Latina:
2105 952 2418 1014 versionis
2480 952 2770 1012 versibus
2830 953 3324 1032 respondentem

180 1070 386 1127 irzecum
414 1069 631 1135 textum,
665 1064 1033 1119 nontamen
1068 1053 1342 1127 Grmcis,
1391 1052 1499 1114 sed
1562 1054 1805 1113 Latinis
1857 1054 2084 1113 litteris
2133 1060 2471 1116 exaratum
2518 1074 2532 1112 .
2578 1053 2746 1131 quod
2800 1072 2878 1112 ne.
2934 1055 3321 1131 palmarium

189 1171 260 1228 bri
288 1175 462 1245 putes,
488 1164 616 1225 scito
664 1181 792 1222 non
828 1176 1065 1239 paucos
1105 1156 1417 1233 ejusmodi
1459 1157 1797 1236 scripturae
1846 1157 1907 1216 in
1962 1174 2077 1217 ms.
2120 1157 2320 1218 ltalizc
2361 1157 2766 1218 bibliothecis
2814 1158 3048 1220 offendi
3080 1208 3096 1237 ,
3130 1167 3325 1240 atque

182 1272 262 1329 fini
292 1270 496 1329 luissca
522 1266 670 1325 Luca
710 1260 1020 1339 Brugensi
1056 1258 1378 1320 laudatos.
1417 1257 1493 1319 Ut
1528 1265 1745 1319 autem
1779 1258 2070 1319 dicamus
2104 1258 2292 1317 modo
2329 1258 2403 1319 de
2436 1258 2691 1331 Latina,
2721 1260 2893 1338 quod
2925 1269 3146 1324 nostra
3181 1282 3324 1325 cum

180 1372 316 1431 rimis
364 1370 594 1437 interest,
659 1364 995 1436 versione,
1028 1362 1137 1421 illa
1172 1361 1294 1420 nisi
1337 1360 1813 1438 Augustiniana
1869 1360 2009 1437 ipsa
2061 1362 2355 1423 recensio
2399 1367 2519 1435 est,
2572 1362 2650 1423 ad
2698 1363 2839 1441 ejus
2893 1371 3068 1427 certe
3120 1366 3327 1428 instar

185 1475 369 1533 axima
394 1490 455 1530 ex
484 1474 636 1546 parte
667 1467 919 1527 videtur
960 1483 997 1528 a
1036 1466 1326 1527 studioso
1357 1467 1661 1546 qu0piam
1694 1513 1712 1541 ,
1750 1474 1901 1543 puta
1934 1467 2342 1528 Cassiodorio
2371 1514 2388 1540 ,
2435 1468 2778 1530 adornata.
2814 1470 3046 1530 Notum
3096 1472 3155 1531 id
3204 1472 3326 1533 sibi

180 1572 323 1651 ~gotii
352 1570 402 1629 in
434 1568 800 1629 Psalmorum
831 1565 1045 1627 codice
1076 1564 1452 1641 castigando
1483 1564 1730 1625 dedisse
1768 1565 2247 1642 llipponensem
2282 1566 2697 1644 Episcopum,
2728 1570 2899 1645 quod
2935 1578 3158 1631 narrat
3190 1572 3327 1650 ipse

185 1677 343 1737 istola
370 1672 488 1741 26],
517 1674 584 1733 ad
614 1669 961 1736 Audacem,
998 1686 1175 1728 num.
1208 1667 1272 1737 ὃ,
1306 1667 1411 1726 ubi
1443 1685 1587 1727 cum
1632 1684 1699 1727 se
1748 1667 1989 1728 diceret
2040 1667 2549 1748 Hieronymiana
2588 1672 2887 1733 versione
2927 1690 3005 1733 ex
3045 1673 3323 1737 Hebraeo

179 1794 292 1836 rere
316 1796 329 1833 :
356 1775 468 1836 Nos
496 1782 703 1840 autem,
745 1768 979 1841 subdit,
1016 1787 1143 1829 non
1178 1768 1831 1847 interpretatisumus,
1868 1770 1973 1829 sed
2004 1770 2285 1831 codicum
2322 1771 2694 1833 Latinorum
2747 1776 3091 1836 nonnullas
3135 1796 3317 1838 men-

182 1881 361 1937 sitates
384 1894 450 1935 ex
474 1874 691 1934 Grcecis
740 1870 1195 1949 exemplaribus
1225 1870 1699 1931 emendavimus.
1734 1871 1905 1933 Unde
1925 1873 2216 1951 fortassis
2245 1874 2571 1953 fecerimus
2600 1876 2845 1956 aliquid
2880 1880 3262 1942 commodius
3294 1930 3313 1960 ,

178 2002 253 2039 'mt
291 1986 417 2050 erat,
446 1996 557 2038 non
588 1985 789 2035 tamen
822 1974 940 2033 tale
970 1972 1150 2053 quale
1194 1992 1315 2033 esse
1350 1970 1620 2034 debebat.
1657 1972 1819 2035 Nam.
1848 1975 2031 2034 etiam
2068 1993 2258 2044 nunc,
2291 1994 2424 2055 quia
2450 1977 2613 2055 forte
2650 1995 2762 2037 nos
2793 1986 2942 2038 tunc
2970 1982 3307 2057 praeterie-

178 2092 240 2157 π,
266 2082 315 2142 si
336 2079 569 2158 legentes
598 2076 940 2147 moverint,
974 2075 1222 2136 collatis
1254 2074 1573 2136 codicibus
1597 2075 2003 2136 emendamus.
2038 2078 2185 2139 Ilaec
2214 2080 2543 2141 enimvero
2576 2081 2803 2142 Latina
2837 2084 3071 2145 codicis
3106 2086 3306 2146 Vero-

178 2186 272 2245 lSlS
300 2182 489 2243 versio
520 2180 644 2241 lere
675 2197 929 2257 semper
956 2196 1099 2237 cum
1131 2178 1605 2255 Augustiniana
1637 2178 1909 2239 lectione
1938 2180 2217 2240 concinit
2251 2226 2267 2253 ,
2304 2200 2421 2244 nec
2460 2184 2535 2244 iis
2569 2189 2816 2245 tantum
2856 2186 3050 2261 locis,
3074 2190 3311 2267 quibus

189 2287 334 2357 aliis,
366 2292 505 2361 quot
556 2288 706 2343 sunt
755 2285 1043 2357 quotque
1107 2277 1389 2349 luerunt,
1440 2279 1730 2339 Psalterii
1780 2279 2171 2340 cditionibus
2223 2281 2546 2355 dissmtit,
2597 2284 2701 2346 sed
2754 2292 2813 2346 et
2851 2288 3055 2349 sicubi
3090 2290 3304 2351 minus

178 2388 381 2449 [milite
417 2386 654 2446 videtur
703 2392 870 2443 recte
919 2380 1182 2439 habere.
1236 2380 1469 2452 Pauca,
1519 2386 1581 2440 ct
1632 2388 1699 2440 ut
1752 2384 2036 2458 pressius
2087 2382 2332 2462 aliquid
2383 2385 2879 2462 dicam,decem
2919 2391 3061 2467 plus
3102 2394 3316 2455 minus

178 2508 217 2555 1,
246 2490 464 2565 quibus
496 2488 554 2545 in
584 2486 841 2544 diversa
873 2484 1045 2555 abit,
1084 2484 1349 2541 omnino
1380 2499 1495 2557 pro
1529 2482 1604 2541 iis
1638 2482 1862 2542 haberi
1896 2490 2225 2559 nequeunt
2252 2530 2267 2555 ,
2318 2502 2463 2561 qua:
2504 2488 2734 2547 veteris
2768 2488 3069 2550 editionis
3102 2502 3315 2566 erant,

178 2596 409 2666 'uutquc
446 2588 522 2647 ab
559 2584 920 2663 Augustino
962 2580 1294 2643 emendata
1328 2604 1343 2643 :
1373 2581 1611 2659 quippe
1650 2600 1766 2642 nec
1802 2586 1899 2644 est
1946 2586 2338 2658 vcrdsimilc,
2388 2586 2820 2664 Hipponensis
2859 2592 3140 2673 episcOpi
3173 2603 3319 2656 stu-

178 2712 207 2749 u
237 2688 778 2752 emendationibus
811 2685 1175 2745 constitisse
1211 2688 1337 2742 tam
1374 2683 1619 2761 paucis,
1659 2700 1799 2759 nec,
1840 2684 2010 2760 quod
2048 2685 2139 2745 rei
2176 2692 2367 2762 caput
2404 2693 2523 2757 est,
2564 2688 2625 2747 in
2666 2692 3088 2763 posteriorem
3126 2692 3319 2753 dum-

178 2802 205 2856 :t
249 2796 377 2873 ejus
430 2793 572 2853 libri
628 2796 874 2870 partem
919 2789 1118 2849 fuisse
1165 2787 1246 2848 ab
1285 2787 1395 2847 illo
1426 2786 1807 2849 collocatum
1841 2809 1856 2847 :
1890 2807 2035 2850 nam
2068 2792 2149 2851 ab
2196 2810 2273 2851 eo
2310 2792 2565 2852 demum
2608 2793 2752 2854 loco
2794 2800 3016 2855 noster
3045 2797 3316 2859 abludit.

186 2900 363 2976 igitur
390 2895 760 2957 econtrario
792 2891 1222 2971 colligendum
1251 2937 1268 2966 ,
1300 2908 1375 2950 eo
1410 2908 1613 2967 usque
1654 2896 1936 2967 tantam,
1974 2898 2218 2967 quanta
2261 2894 2323 2953 in
2378 2895 2642 2972 reliquis
2684 2895 2888 2956 luerat
2920 2896 2980 2955 S.
3020 2896 3318 2975 Episc0pi

176 2999 405 3059 'entiatn
446 3016 576 3057 non
623 2995 995 3066 devenisse,
1031 2993 1227 3054 fuisse
1266 3000 1483 3054 autem
1528 3010 1637 3052 eos
1675 2993 1953 3070 psalmos
1988 2994 2065 3053 iis
2100 2994 2256 3054 locis
2293 3011 2331 3055 a
2370 2996 2731 3057 Veronensi
2767 2998 3038 3071 editorc,
3075 2998 3211 3058 sive
3240 3000 3349 3079 ad

176 3122 286 3161 'um
318 3100 617 3179 exempla
642 3146 656 3171 ,
686 3099 854 3171 sive,
894 3095 1061 3175 quod
1100 3099 1164 3156 et
1193 3103 1421 3173 putare
1458 3094 1719 3163 malim,
1756 3091 1940 3171 juxta
1983 3096 2375 3171 posteriores
2416 3098 2761 3175 Augustini
2794 3116 2987 3159 curas
3023 3101 3322 3178 recogni—

191 3222 343 3280 quas
377 3210 522 3282 post
578 3201 1039 3262 Enarrationes
1076 3197 1151 3258 ad
1191 3197 1526 3276 populum,
1560 3196 1623 3256 in
1658 3200 1911 3256 suomet
1940 3196 2075 3272 ipse
2108 3200 2461 3277 exemplari
2494 3204 2874 3262 annotasset
2899 3221 2912 3258 :
2940 3202 3098 3264 Nam
3130 3201 3315 3263 etiam

183 3351 194 3367 .
230 3305 459 3382 inquit,
499 3323 639 3385 qua:
667 3305 834 3382 forte
868 3320 983 3360 nos
1020 3310 1168 3361 tunc
1196 3300 1664 3378 praeterierunt,
1698 3298 1752 3357 si
1790 3298 2051 3376 legentes
2089 3303 2418 3375 moverint,
2456 3304 2708 3365 collatis
2745 3305 3068 3368 codicibus
3104 3325 3318 3366 emcn-

176 3425 233 3463 's.
266 3406 435 3479 Quid
474 3405 651 3483 quod
691 3401 943 3462 videtur
969 3402 1206 3462 alicubi
1248 3408 1463 3461 noster
1495 3419 1572 3460 ex
1616 3402 1753 3477 ipsa
1791 3402 2135 3478 Augustini
2175 3402 2606 3467 Enarratione
2640 3452 2658 3482 ,
2700 3424 2828 3467 non
2870 3426 2947 3467 ex
2985 3410 3320 3487 preposito

178 3512 216 3567 1i
253 3517 441 3569 textu
476 3556 493 3583 ,
532 3509 877 3569 lectionem
915 3505 1362 3583 expressisse?
1412 3504 1549 3564 Non
1612 3520 1761 3562 raro
1811 3508 2003 3563 etiam
2050 3505 2312 3578 rectius,
2351 3524 2547 3585 quam
2586 3508 2763 3587 prior
2801 3509 2909 3573 illa
2946 3509 3320 3590 Hieronymi

176 3613 377 3683 datio,
422 3613 802 3673 Romanum
839 3609 1105 3685 inquam
1144 3607 1560 3679 Psalterium,
1600 3604 1787 3684 legit,
1825 3604 2125 3682 doctique
2165 3624 2321 3668 sane
2359 3610 2561 3670 critici
2602 3611 2933 3689 ingenium
2971 3613 3162 3691 sapit.
3200 3614 3325 3673 Po-

176 3742 178 3769 r
216 3734 517 3795 magnus
558 3716 1020 3794 Hieronymus,
1046 3712 1096 3771 si
1123 3729 1199 3771 eo
1242 3710 1575 3787 antiquior
1606 3715 1701 3771 est
1728 3708 1965 3771 codicis
1985 3710 2379 3773 Veronensis
2406 3714 2712 3788 lectio,de
2738 3715 2907 3777 bona
2932 3718 3322 3791 receptaque

206 3820 595 3897 scriptura,
648 3830 882 3877 novam
922 3813 1131 3890 putari
1174 3812 1397 3872 iecisse
1432 3828 1561 3871 non
1597 3810 1879 3872 bonam?
1910 3812 2102 3871 Aliud
2140 3820 2277 3890 est,
2310 3814 2362 3874 si
2400 3816 2640 3877 cursim
2671 3816 3098 3893 emendando,
3136 3830 3322 3893 quic-

175 3938 398 3998 eaque
434 3920 646 3998 justis
674 3919 751 3978 de
780 3916 992 3978 causis
1033 3932 1260 3994 passus
1291 3920 1387 3975 est
1429 3930 1802 3987 remanere,
1826 3930 1973 3990 quae
1998 3913 2122 3974 alia
2152 3932 2233 3974 ex
2260 3922 2437 3991 parte
2461 3918 2581 3979 sibi
2615 3919 2826 3981 minus
2857 3919 3316 3997 probarentur.

176 4024 629 4087 rl'cronensi
664 4022 879 4083 codice
908 4019 1123 4083 versio
1156 4021 1549 4087 continetur,
1590 4014 1699 4078 illa
1727 4020 1849 4090 est,
1888 4035 2031 4094 qua)
2065 4024 2215 4080 ante
2250 4017 2314 4078 S.
2346 4020 2551 4081 Patris
2590 4022 3111 4084 emendationem
3150 4021 3317 4081 obti-

176 4172 181 4191 ,
223 4126 523 4205 quoties
568 4123 760 4184 aliter
795 4128 857 4181 et
886 4120 1125 4181 rectius
1166 4118 1393 4187 habet,
1422 4116 1841 4197 depravatum
1878 4118 1960 4177 ab
1996 4135 2072 4178 eo
2106 4125 2384 4180 veterem
2422 4119 2758 4184 lectionem
2783 4169 2800 4200 ,
2834 4142 2964 4184 non
2997 4124 3313 4185 emenda-

186 4230 422 4290 efaria
461 4228 812 4288 calumnia
850 4229 919 4283 ut
965 4222 1174 4293 dicat,
1229 4236 1492 4281 necesse
1530 4224 1625 4279 est
1652 4264 1667 4292 ,
1714 4218 1827 4298 qui
1860 4224 2106 4281 tantam
2143 4220 2200 4281 ei
2240 4221 2405 4282 libro
2436 4225 2773 4286 vetustatis
2812 4225 3194 4285 memoriam
3233 4223 3309 4285 de

176 4352 393 4392 )num
434 4348 732 4393 suarum
770 4328 1010 4388 scrinio
1034 4324 1349 4387 attribuit.
1384 4322 1501 4383 Sed
1535 4329 1602 4382 ut
1636 4323 1825 4402 plane
1864 4330 2263 4403 compertum
2302 4325 2567 4395 habeas,
2600 4344 2796 4405 quam
2836 4329 3030 4388 nullis
3068 4328 3314 4404 oculis,

176 4434 372 4495 iulla
436 4438 677 4494 mente
711 4429 927 4489 nescio
969 4427 1114 4503 quis
1163 4442 1303 4486 eam
1337 4424 1698 4485 versionem
1733 4441 1847 4501 pro
1877 4424 2047 4484 Itala
2096 4426 2287 4503 vulgo
2324 4428 2680 4489 obtruderit
2705 4474 2720 4503 ,
2756 4428 2832 4491 de
2865 4430 3081 4490 multis
3109 4474 3125 4500 ,
3166 4447 3309 4509 quas

206 4535 702 4593 observamus
750 4529 813 4588 in
851 4526 1051 4596 notis,
1097 4524 1466 4602 exemplum
1505 4520 1662 4583 illud
1694 4524 1911 4585 recole
1948 4522 2029 4583 ad
2064 4525 2386 4604 psalmum
2418 4527 2559 4603 127,
2594 4546 2760 4591 vers.
2797 4531 2861 4603 2,
2896 4529 3157 4592 Labores
3189 4550 3318 4590 ma-

178 4650 447 4691 narum
496 4628 940 4690 manducabis.
973 4628 1065 4688 lta
1117 4644 1274 4687 sane
1314 4624 1673 4703 praetulisse
1709 4632 1987 4687 veterem
2020 4633 2169 4688 ante
2201 4628 2670 4709 Hieronymum
2705 4634 3098 4707 versionem,
3129 4649 3314 4691 eam-

175 4733 333 4791 lam
355 4776 372 4802 ,
414 4748 643 4790 nemo
674 4726 903 4789 adduci
938 4728 1197 4805 poterit,
1222 4731 1289 4785 ut
1321 4725 1561 4798 credat,
1589 4727 1697 4805 qui
1725 4728 1977 4807 legerit,
2003 4734 2320 4807 quantum
2352 4732 2504 4793 olim
2535 4734 2820 4813 antiquis
2858 4734 3315 4812 interpretibus

176 4833 440 4893 )rimis
490 4831 760 4891 Hilario
791 4827 1173 4890 Pictaviensi
1208 4828 1384 4888 locus
1420 4825 1525 4886 ille
1560 4828 1796 4905 negotii
1830 4827 2183 4901 facesserit,
2210 4834 2380 4911 quod
2420 4835 2634 4898 Latini
2666 4843 2810 4897 ante
2840 4836 3307 4915 Hieronymum

176 4931 471 4991 rubores
508 4931 858 5008 fructuum
903 4928 1210 4988 haberent
1252 4944 1367 5006 pro
1403 4944 1724 4987 manuum.
1755 4927 1944 4992 Salva
1982 4948 2081 4991 res
2114 4940 2251 4995 erat
2278 4978 2293 5009 ,
2326 4941 2520 5013 atque
2552 4935 2851 5013 eXpedita
2880 4980 2897 5013 ,
2935 4938 2988 4997 si
3018 4939 3154 4999 haec
3186 4940 3312 5003 illis

175 5037 337 5094 sset
382 5030 921 5109 interpretatio:
950 5047 1067 5090 nec
1098 5044 1256 5091 sane
1292 5033 1457 5105 erat,
1492 5047 1608 5089 cur
1644 5029 1922 5092 eximius
1960 5032 2067 5093 ille
2105 5036 2448 5115 episc0pus
2486 5043 2825 5115 postquam
2875 5039 3058 5101 varia
3093 5040 3317 5104 luisset

176 5154 233 5209 ς,
288 5136 573 5195 locum
620 5130 747 5192 alia
782 5148 861 5191 ex
904 5137 1083 5208 parte
1138 5136 1437 5209 tentaret,
1469 5137 1531 5192 et
1566 5131 1736 5208 quod
1776 5138 2048 5197 testatur
2073 5136 2505 5218 Hieronymus
2538 5138 2813 5215 epistola
2843 5141 2906 5202 in
2938 5150 3160 5205 nostra
3190 5163 3305 5208 re-

176 5258 207 5299 e
248 5235 391 5311 37s,
439 5235 544 5297 ad
583 5233 989 5309 Marcellam,
1022 5238 1368 5309 assereret,
1406 5236 1603 5312 magis
1635 5241 1801 5295 stare
1829 5238 2228 5311 sententiam,
2261 5238 2317 5299 si
2351 5236 2692 5313 scribatur,
2733 5241 2980 5306 fructus
3013 5244 3309 5304 laborum

206 5338 698 5401 manducare
722 5382 741 5411 ,
777 5343 831 5397 et
874 5352 1006 5396 non
1040 5335 1292 5397 labores
1329 5334 1676 5396 fructuum.
1715 5337 1956 5400 Verum
2012 5340 2165 5400 illud
2202 5338 2441 5417 percipi
2474 5356 2557 5399 ex
2588 5341 2878 5406 codicum
2928 5345 3308 5407 Latinorum

176 5461 249 5505 re
296 5441 653 5505 omnino
702 5456 829 5499 non
886 5445 1137 5518 poterat
1170 5461 1186 5499 :
1224 5438 1437 5500 Latini
1485 5440 1677 5513 enim,
1710 5442 1916 5519 pergit
1951 5442 2012 5502 S.
2053 5443 2288 5501 Doctor
2315 5487 2331 5515 ,
2362 5440 2433 5501 de
2469 5441 2671 5509 (ἕνωσί
2702 5450 2872 5511 verbi
2897 5447 3310 5525 ambiguitate

184 5550 557 5623 καρποὺς,
594 5540 874 5616 fructus,
902 5539 1098 5617 magis
1132 5557 1313 5619 quam
1343 5555 1572 5603 manus
1608 5542 2008 5620 interpretati
2043 5551 2214 5617 sunt,
2243 5560 2425 5622 quam
2457 5556 2643 5625 καρποὶ
2676 5568 2905 5612 manus
2936 5568 3176 5630 quoque
3202 5550 3309 5612 (Ii.

176 5644 407 5725 quod
470 5642 565 5703 in
631 5639 897 5702 Ilcbrieo
932 5641 1196 5721 ponitur
1235 5660 1601 5704 cuspuscu.
1639 5643 1790 5703 Erat
1827 5643 2023 5720 igitur
2058 5641 2234 5704 Itala:
2270 5642 2592 5719 editionis,
2636 5654 2702 5709 ut
2738 5651 2945 5723 aiunt,
2981 5669 3094 5715 seu
3143 5650 3305 5711 Vul-

178 5770 215 5810 e
235 5747 363 5810 ris
431 5744 678 5811 lectio
720 5743 1075 5824 fructuum;
1126 5762 1269 5827 quae
1305 5762 1438 5814 una
1465 5746 1627 5813 adeo
1665 5744 1727 5810 in
1759 5742 1942 5809 libris
1980 5743 2277 5814 omnibus
2308 5745 2637 5814 obtinebat
2667 5794 2685 5826 ,
2718 5755 2785 5814 ut
2818 5753 2900 5822 ab
2927 5752 3067 5838 ipso
3100 5748 3301 5815 etiam
