3960 6208
510 235 581 291 19
1945 225 2330 282 ΡΒΑΞΕΑἩΟ.
3745 223 3818 282 20

510 348 908 428 Hieronymo
941 345 1005 407 in
1046 345 1257 425 priore
1286 341 1578 407 Psalterii
1609 341 2057 406 emendatione
2087 343 2337 403 retenta
2365 338 2469 402 sit.
2503 339 2893 420 Subrogavlt
2931 338 3068 420 ipse
3099 356 3398 401 manuum
3430 339 3495 401 in
3527 338 3820 419 pleniore

513 453 747 526 altera,
781 467 976 529 quam
1006 466 1152 511 cum
1189 447 1391 509 obelis
1437 451 1631 524 atque
1665 443 1993 506 asteriscis
2044 442 2408 504 adornavit.
2455 443 2880 522 Consequens
2911 443 3071 505 adeo
3105 447 3226 520 est,
3279 449 3476 522 atque
3510 442 3774 506 evidens
3797 489 3816 521 ,

516 569 660 613 eam
691 566 837 629 quo
862 547 1078 611 codice
1121 548 1473 609 Veronensi
1507 548 1910 624 continetur,
1957 551 2019 606 et
2074 564 2371 606 nianuum
2421 547 2706 625 praefert,
2756 547 2843 607 ita
2893 546 3133 608 nemini
3185 548 3442 608 obtrudi
3476 564 3666 628 posse
3701 563 3818 625 pro

516 652 702 724 Itala,
733 657 847 714 aut
867 649 1145 729 Vulgata
1187 651 1424 722 vetere,
1455 652 1526 710 ut
1560 648 1642 710 sit
1668 647 1862 708 etiam
1899 647 2407 726 Hieronymiana
2437 647 2644 708 altera
2672 646 3145 722 emendatione,
3183 646 3520 708 Gallicano
3548 648 3819 724 inquam

516 752 858 830 Psalterio,
891 755 1087 831 atque
1124 752 1264 832 ipsa
1292 751 1578 832 Vulgata
1605 749 1922 812 hodierna
1955 749 2300 811 recentior.
2327 748 2415 808 Re
2445 748 2639 809 etiam
2673 765 2824 811 vera
2855 766 2936 808 ex
2971 747 3048 809 iis
3079 747 3258 807 locus
3287 747 3403 807 iste
3434 752 3556 822 est,
3578 746 3816 824 quibus

515 859 600 921 ab
649 856 1129 937 Augustiniana
1183 855 1566 916 recensione
1612 855 1834 912 noster
1868 849 2213 911 dissentit:
2249 848 2434 912 latuit
2488 850 2662 910 enim
2713 850 2926 927 ipsum
2979 849 3420 929 Augustinum
3468 865 3543 908 ea
3588 845 3820 923 lectio,

520 955 750 1018 saltem
781 973 913 1036 quo
951 962 1237 1036 tempore
1271 953 1592 1033 psalmum
1621 949 1801 1012 illum
1828 951 2205 1024 cnarrabat,
2239 968 2435 1028 quem
2471 968 2617 1011 cum
2650 949 3032 1011 Latinorum
3069 951 3266 1028 vulgo
3305 949 3481 1028 legit,
3512 964 3589 1010 ac
3621 947 3825 1010 ferme

520 1060 611 1121 ita
642 1065 842 1140 atque
868 1059 1159 1122 Hilarius
1191 1061 1537 1138 pertentat.
1569 1054 1862 1116 Labores
1898 1049 2042 1133 (ait)
2103 1051 2427 1113 fructuum
2479 1058 2736 1112 tuorum
2790 1051 3236 1114 manducabis.
3269 1050 3322 1112 0
3351 1069 3488 1128 vos,
3519 1071 3552 1113 ο
3589 1058 3682 1125 tu,
3715 1068 3827 1114 vos

512 1161 703 1224 multi
728 1162 839 1243 qui
858 1179 1023 1223 unus
1057 1161 1226 1237 estis,
1255 1160 1509 1221 labores
1540 1157 1865 1220 fructuum
1896 1161 2152 1216 tuorum
2185 1154 2628 1217 manducabis.
2655 1154 3162 1235 Quasiperverse
3192 1154 3445 1217 videtur
3467 1155 3673 1218 dicere
3697 1175 3827 1218 non

513 1265 1015 1346 intelligentibm
1041 1288 1060 1328 :
1084 1263 1298 1328 debuit
1328 1263 1490 1324 enim
1519 1261 1746 1331 dicere,
1785 1264 2067 1342 fructum
2098 1258 2384 1319 laborum
2423 1265 2678 1319 tuorum
2705 1257 3138 1320 manducabis.

608 1365 810 1428 Porro
843 1363 1160 1444 ejusmodi
1195 1363 1492 1442 exempla
1525 1363 1589 1423 in
1618 1361 1977 1423 Veronensi
2013 1358 2231 1421 codice
2253 1359 2382 1422 alia
2409 1361 2608 1421 multa
2642 1367 2817 1435 sunt,
2871 1365 3067 1440 atque
3095 1363 3312 1442 obvia,
3359 1381 3504 1443 qum
3535 1361 3828 1442 proferre

517 1465 897 1548 singillatim
924 1484 1053 1529 non
1085 1471 1297 1540 vacat,
1334 1469 1621 1545 suntque
1664 1466 1875 1528 obiter
1923 1463 2203 1524 indicata
2263 1464 2326 1525 in
2382 1464 2599 1524 notis:
2663 1463 2943 1541 denique
2995 1467 3059 1526 in
3116 1469 3340 1528 oculos
3377 1469 3712 1530 incurrent
3770 1468 3826 1528 si

511 1588 662 1632 cum
689 1569 1067 1650 Hieronymi
1116 1571 1304 1650 epist.
1337 1568 1419 1632 ad
1471 1568 1787 1631 Sunniam
1817 1575 1877 1630 et
1900 1567 2244 1641 Fretelam,
2275 1567 2380 1628 ubi
2424 1565 2718 1646 quaedam
2753 1565 3104 1630 laudantur
3137 1571 3430 1650 Vulgata:
3469 1570 3608 1649 ejus
3648 1575 3832 1633 vete-

513 1673 606 1736 ris
643 1674 980 1749 lectiones,
1017 1676 1390 1738 contendas.
1428 1675 1614 1750 Quod
1651 1675 1704 1738 si
1741 1674 2056 1737 nonnulla
2097 1680 2409 1754 superant
2442 1681 2657 1737 tamen
2703 1679 2764 1737 in
2796 1695 2872 1738 eo
2900 1678 3064 1738 libro
3092 1679 3315 1754 verba,
3349 1694 3494 1756 quin
3525 1674 3833 1736 vetustio-

511 1790 652 1836 rem
679 1775 856 1838 illam
882 1776 1243 1838 versionem
1274 1775 1626 1851 redoleant,
1655 1783 1728 1838 ut
1761 1779 1937 1848 sunt,
1966 1775 2340 1850 amaricare,
2375 1776 2606 1855 ignire,
2641 1784 2834 1856 atque
2861 1778 2956 1839 bis
2981 1779 3244 1860 similia,
3269 1797 3350 1838 ex
3381 1778 3478 1838 his
3511 1777 3618 1839 illa
3647 1782 3831 1852 sunt,

516 1894 665 1957 qure
689 1895 916 1942 recens
948 1878 1326 1943 emendator
1355 1878 1636 1941 retinere
1671 1878 1874 1940 satius
1907 1877 2118 1955 duxit,
2151 1885 2216 1939 et
2257 1877 2322 1941 S.
2357 1879 2552 1939 etiam
2589 1879 2957 1958 Augustino
3007 1877 3513 1940 commodiorem
3564 1893 3831 1938 sensum

519 1977 787 2051 referre,
820 1997 1216 2061 quamquam
1248 1982 1462 2042 minus
1495 1980 1766 2044 fortasse
1799 1979 2054 2056 Latina,
2090 1978 2485 2040 viderentur.
2521 1980 2779 2058 Alioqui
2841 1981 2894 2042 si
2927 1981 3250 2059 conjicere
3279 1979 3423 2040 inde
3456 1980 3627 2051 licet,
3660 1978 3826 2039 Ver-

522 2079 776 2144 sionem
807 2081 1032 2145 Italam
1062 2100 1202 2144 eam
1233 2101 1402 2159 esse,
1454 2098 1600 2161 quin
1636 2081 1901 2161 pr0pria
1937 2079 2191 2158 aliquot
2245 2078 2382 2158 ejus
2436 2081 2629 2140 verba
2655 2080 2964 2155 retineat;
3029 2080 3258 2143 Versio
3295 2079 3458 2142 ltala
3508 2078 3830 2142 hodierna

523 2196 788 2261 quoque
821 2182 1100 2262 Vulgata
1134 2188 1356 2244 nostra
1385 2181 1653 2244 dicenda
1691 2187 1814 2256 est,
1852 2197 1996 2258 qua:
2028 2197 2328 2258 magnam
2362 2187 2610 2259 partem
2643 2199 2723 2241 ex
2762 2183 2902 2260 ejus
2943 2182 3157 2244 verbis
3195 2187 3473 2255 constat,
3539 2181 3831 2242 maxime

520 2297 676 2342 vero
711 2283 1091 2346 Psalterium
1152 2285 1544 2361 Romanum,
1601 2300 1718 2344 seu
1769 2284 1945 2362 prior
1997 2281 2358 2344 emendatio
2413 2283 2947 2363 Hieronymiana,
2981 2302 3128 2363 quae
3158 2284 3348 2364 longe
3399 2283 3824 2362 paucioribus

514 2381 680 2443 locis
717 2397 757 2446 ει
789 2388 1004 2446 vetere
1037 2382 1312 2446 lectione
1345 2382 1677 2446 abhorret.
1710 2384 1868 2445 Nam
1905 2385 1992 2446 ita
2019 2382 2276 2460 quidem
2310 2402 2430 2463 ego
2455 2384 2782 2457 existimo,
2813 2384 2877 2444 in
2919 2386 3040 2446 hac
3066 2386 3268 2464 magis
3306 2400 3530 2462 quam,
3571 2385 3637 2444 in
3670 2385 3836 2445 reli-

517 2482 689 2558 quis,
721 2482 855 2546 sive
883 2482 1098 2557 editis,
1131 2484 1268 2545 sive
1297 2500 1452 2544 mss.
1485 2482 1884 2544 Psalmorum
1911 2484 2108 2545 variis
2140 2501 2223 2545 ex
2255 2482 2477 2545 Graeco
2503 2484 3147 2564 interpretationibus
3183 2485 3408 2548 Italam
3437 2504 3577 2548 esse
3609 2487 3834 2564 requi-

519 2579 819 2655 rendam,
853 2586 1048 2660 atque
1084 2597 1160 2644 ea
1190 2580 1448 2643 demum
1480 2599 1666 2660 posse
1720 2583 1980 2644 residua
2016 2582 2155 2659 ejus
2192 2585 2386 2645 verba
2409 2583 2560 2658 dici,
2590 2587 2654 2644 in
2686 2586 2922 2663 quibus
2957 2588 3268 2668 pleraque
3293 2587 3513 2649 omnia
3544 2587 3830 2649 aliarum

514 2679 954 2745 Ecclesiarnm
981 2683 1252 2762 antiqua
1280 2683 1592 2745 Psalteria
1627 2684 2046 2744 conveniunt.
2079 2683 2288 2744 Unum
2324 2701 2402 2745 ex
2438 2684 2536 2745 his
2571 2690 2668 2746 est
2700 2687 3088 2756 Veronense,
3127 2693 3364 2750 nostra:
3420 2689 3611 2767 hujus
3668 2688 3801 2750 Ec-

522 2785 740 2849 clesite
767 2785 996 2848 usibus
1032 2786 1213 2859 olim,
1251 2783 1489 2848 saeculo
1525 2792 1592 2847 ut
1632 2784 1884 2846 videtur
1918 2785 2218 2866 septimo,
2255 2790 2391 2849 sive
2443 2794 2627 2851 relate
2651 2790 3044 2854 Cassiodorii
3092 2793 3689 2866 accommodatum;
3720 2794 3829 2853 cui

515 2888 776 2971 quidem
805 2906 927 2970 ego
963 2889 1207 2970 primas
1232 2889 1448 2950 defero
1479 2889 1561 2950 ob
1591 2889 1943 2950 lectionum
1977 2893 2657 2970 priestantissimarum
2709 2894 3025 2959 delectum
3055 2943 3072 2974 ,
3123 2917 3428 2962 versuum
3459 2898 3831 2962 distinctio-

518 3013 692 3069 nem,
723 3009 1174 3074 summamque
1202 2993 1568 3072 Antiquarii
1609 2994 1670 3054 in
1703 3009 1778 3054 eo
1810 2993 2231 3084 describendo
2275 3013 2524 3061 curam.
2563 2999 2764 3078 Spero
2795 3000 2989 3062 etiam
3041 3019 3340 3080 magnam
3374 3003 3686 3064 initurum
3725 3021 3836 3065 me

511 3109 552 3158 τι
579 3095 783 3157 doctis
819 3096 1119 3170 gratiam,
1157 3094 1328 3173 quod
1372 3095 1903 3174 Hieronymianis
1953 3098 2386 3160 subnecterim
2425 3119 2439 3159 :
2508 3117 2716 3178 eoque
2755 3105 2959 3184 magis
2998 3106 3170 3183 quod
3229 3106 3389 3168 locis
3447 3107 3832 3184 dumtaxat,

521 3194 762 3273 quibus
794 3209 830 3255 a
860 3194 1154 3255 Romano
1188 3194 1420 3270 variat,
1449 3195 1803 3270 annotatis,
1844 3211 2078 3274 magno
2109 3199 2416 3278 temporis
2445 3201 2952 3282 cbartarumque
2983 3208 3388 3285 compendio,
3414 3213 3616 3270 totum
3653 3209 3827 3272 haud

514 3295 738 3356 multis
767 3294 1063 3357 versibus
1102 3295 1627 3375 representarim.
1679 3295 1951 3372 Norunt,
1981 3302 2043 3356 et
2073 3317 2168 3357 me
2208 3302 2484 3376 tacente,
2517 3301 2627 3378 qui
2665 3303 3044 3382 penitiorem
3075 3305 3554 3384 Scripturarum
3611 3309 3831 3369 erudi-

513 3396 760 3459 tionem
813 3403 1061 3472 amant,
1089 3401 1336 3475 quanta
1374 3395 1526 3458 hinc
1557 3397 1716 3458 lucis
1763 3398 2050 3460 accessio
2105 3399 2183 3460 ad
2231 3401 2292 3461 S.
2337 3403 2542 3463 Patris
2598 3403 2981 3465 industriam
3035 3406 3170 3483 fiat,
3228 3424 3559 3487 quamque
3609 3413 3831 3471 actum

519 3500 855 3579 praeclare,
889 3516 1040 3562 cum
1073 3499 1429 3561 lectionum
1461 3499 1802 3561 varietates
1830 3517 1946 3578 per
1978 3499 2177 3562 ferme
2207 3501 2301 3563 rei
2338 3518 2599 3579 causas,
2629 3503 3023 3583 ingeniaque
3059 3507 3484 3586 interpretum
3537 3506 3689 3568 licet
3718 3508 3835 3569 in—

514 3601 792 3681 spicere,
828 3605 1090 3680 tamque
1119 3599 1383 3661 vetustis
1414 3599 1739 3660 memoriis
1778 3599 1925 3660 frui.
1955 3600 2072 3661 Sed
2105 3605 2166 3663 et
2193 3602 2320 3665 alia
2357 3603 2540 3664 nobis
2578 3603 2714 3682 ejus
2748 3605 3006 3668 edendae
3036 3607 3368 3668 Versionis
3415 3624 3614 3670 causa
3680 3609 3830 3684 fuit,

515 3712 753 3768 uteam
785 3702 1026 3764 scilicet
1057 3702 1140 3764 ab
1183 3701 1480 3775 adversa,
1517 3715 1646 3780 qua
1675 3699 2164 3763 conflictabatur
2221 3702 2506 3780 fortuna,
2565 3704 2778 3782 quoad
2844 3715 3210 3767 nostrarum
3265 3706 3491 3768 saltem
3544 3709 3830 3785 partium

517 3812 683 3881 erat,
709 3803 1221 3868 vendicaremus.
1259 3800 1330 3862 In
1357 3817 1605 3880 nupera
1641 3801 1963 3861 Anastasii
1993 3800 2274 3863 editione
2305 3802 2622 3879 Romana,
2655 3802 2870 3864 Grze:e
2907 3820 2983 3864 ac
3013 3804 3238 3867 Latine
3273 3805 3637 3884 descriptus
3664 3806 3830 3869 liber

516 3906 640 3969 iste
672 3924 787 3988 per
812 3905 953 3969 cola
975 3908 1036 3966 et
1062 3909 1319 3967 comata
1349 3910 1480 3965 toto
1513 3909 1825 3965 contextu
1855 3901 2336 3982 Prolegomena,
2369 3905 2418 3966 si
2465 3903 2587 3966 diis
2619 3905 2849 3984 placet,
2884 3905 2962 3968 ad
3009 3908 3328 3984 Paparum
3359 3907 3537 3968 Vitas
3569 3909 3826 3987 agebat,

518 4029 693 4074 novo
733 4011 853 4073 sibi
909 4010 1104 4072 etiam
1157 4017 1414 4070 auctore
1447 4009 1691 4071 ascito:
1742 4015 1874 4070 tum
1912 4009 2116 4072 altero
2167 4017 2429 4072 coactus
2488 4011 2674 4071 titulo
2727 4010 3029 4072 lectorem
3083 4009 3329 4082 fallere,
3399 4009 3615 4072 Versio
3651 4011 3829 4072 Itala

519 4115 1044 4191 lnscribebatur;
1077 4112 1356 4192 denique
1386 4113 1617 4192 pannis
1647 4111 2258 4174 obsituslectionum
2282 4131 2363 4175 ex
2402 4113 2664 4192 linguis,
2699 4130 2862 4191 quas
2896 4112 3158 4174 minime
3183 4117 3478 4189 noverat,
3519 4113 3694 4175 visus
3725 4122 3824 4174 est

519 4217 736 4280 dedita
772 4233 973 4298 opera
1008 4216 1073 4277 in
1111 4203 1371 4277 scenam
1401 4215 1536 4294 agi,
1591 4214 1669 4275 ad
1721 4213 2080 4276 faciendum
2145 4215 2402 4295 pepello
2451 4215 2652 4276 risum
2685 4259 2700 4288 ,
2758 4220 2827 4274 ut
2885 4231 3032 4275 cum
3085 4218 3480 4288 annotatur;
3531 4216 3817 4294 exempli

520 4321 733 4400 gratia
771 4321 850 4383 ad
914 4317 1074 4399 psal.
1128 4333 1305 4378 exin
1366 4334 1545 4375 casus
1597 4313 1913 4376 muliebris
1947 4359 1963 4390 ,
2002 4331 2118 4396 pro
2181 4332 2397 4394 genere
2449 4314 2777 4394 feminino.
2835 4313 2950 4375 Sed
3009 4313 3143 4374 haec
3201 4314 3398 4376 missa
3461 4313 3770 4376 faciamus
3809 4364 3826 4392 ,

513 4438 687 4502 quas.
720 4428 792 4483 ut
818 4420 947 4484 alia
972 4423 1297 4490 sexcenta,
1325 4417 1732 4480 dissimulare
1760 4425 1896 4478 erat
1925 4419 2204 4491 animus,
2243 4418 2294 4478 si
2331 4434 2444 4496 per
2485 4417 2700 4496 operis
2735 4415 3135 4496 propositum
3184 4415 3493 4477 licuisset.
3551 4417 3822 4480 Psalmis

512 4524 963 4588 subnectimus
994 4522 1406 4604 praefationes
1436 4523 1499 4584 in
1529 4524 2060 4603 Paralipomenon
2092 4529 2153 4585 et
2185 4523 2547 4586 Salomonis
2575 4523 2817 4591 libros,-
2861 4521 2937 4582 de
2974 4521 3211 4600 quibus
3242 4525 3304 4583 et
3352 4521 3508 4584 satis
3571 4520 3816 4583 dictum

520 4635 618 4691 est
645 4628 843 4710 paulo
872 4627 1177 4692 ante.His
1207 4633 1533 4708 postremo
1564 4628 1784 4690 ordine
1812 4628 2174 4707 Sapientiae,
2212 4625 2666 4702 Ecclesiastici,
2696 4629 2758 4684 et
2785 4623 3307 4685 Machabzeorum
3342 4623 3813 4701 Iibros,quam-

512 4745 712 4807 quam
742 4727 1406 4802 Deuterocanonicos,
1435 4746 1554 4789 nec
1584 4733 1698 4790 abs
1733 4727 2130 4810 Hieronymo
2157 4727 2536 4804 recensitos,
2559 4732 2808 4787 tantum
2839 4731 2906 4784 ut
2949 4743 3027 4786 ne
3056 4725 3307 4804 integro
3335 4724 3820 4804 Scripturarum

510 4828 974 4910 corporijuxta
1007 4827 1391 4888 hodiernum
1420 4827 1745 4891 Canonem
1781 4827 2056 4898 deesset.
2088 4829 2460 4910 adjecimus.
2494 4827 2562 4890 ld
2593 4843 2743 4890 vero
2774 4827 3006 4907 ipsum,
3049 4845 3129 4888 ne
3161 4843 3354 4906 quem
3406 4827 3606 4890 series
3644 4829 3823 4891 seri-

509 4936 716 5011 ptum
760 4930 1036 5008 falleret,
1065 4930 1128 4990 in
1165 4930 1373 4994 fronte
1402 4931 1540 5010 ejus
1580 4933 1777 5010 partis
1808 4930 2252 4996 admonemus.

591 5030 766 5091 Pone
802 5032 1095 5110 sequitur
1119 5029 1369 5092 Novum
1404 5032 1915 5108 Testamentum,
1944 5035 2112 5111 quod
2145 5035 2259 5094 abs
2290 5051 2358 5094 se
2388 5032 2582 5097 fuisse
2610 5031 2836 5095 Graeca
2861 5030 3008 5112 ﬁdei
3031 5030 3371 5111 redditum,
3399 5031 3462 5092 in
3495 5033 3810 5115 Catalogo

512 5144 787 5192 suorum
825 5145 1090 5209 cperum
1121 5131 1392 5191 Sanctus
1428 5130 1565 5210 ipse
1601 5131 1787 5192 Pater
1839 5138 2134 5194 testatur.
2181 5134 2430 5208 Quibus
2482 5135 2719 5207 verbis,
2778 5139 2850 5194 ut
2893 5150 3012 5210 ego
3064 5132 3324 5211 quidem
3373 5135 3606 5211 sentio,
3660 5138 3819 5215 quid

508 5232 727 5297 lsthuc
776 5233 867 5297 rei
901 5239 1093 5306 esset,
1152 5234 1386 5312 quidve
1418 5234 1538 5294 sibi
1603 5236 1841 5313 negotii
1903 5234 2168 5310 dederit,
2207 5237 2612 5316 apertissime
2669 5235 2968 5298 ostendit.
3016 5235 3176 5296 Sunt
3213 5234 3658 5313 nihilominus,
3695 5240 3812 5318 qui

507 5333 861 5415 Evangelia
898 5337 1156 5414 quidem
1179 5336 1260 5396 ab
1290 5353 1366 5397 eo
1390 5334 1588 5396 fuisse
1627 5339 1702 5397 ad
1729 5337 2014 5397 Graecam
2042 5340 2376 5401 veritatem
2412 5345 2666 5417 exacta,
2693 5336 3140 5399 consentiant:
3179 5336 3256 5397 de
3285 5339 3551 5415 reliquis
3601 5345 3822 5403 autem

506 5434 695 5498 libris
730 5436 1067 5508 dubitent;
1099 5451 1173 5496 ac
1209 5454 1403 5514 porro
1442 5440 1638 5498 velint
1667 5442 1748 5499 ab
1772 5439 1994 5517 aliquo
2028 5442 2157 5503 alio
2186 5443 2563 5525 Hieronymi
2596 5441 2965 5519 exemplum
2994 5438 3333 5500 affectante
3362 5440 3558 5505 fuisse
3587 5461 3823 5508 emen-

506 5539 720 5598 datos.
753 5538 855 5600 Me
884 5541 1077 5599 etiam
1109 5538 1347 5616 ipsum,
1384 5549 1452 5600 ut
1494 5544 1653 5602 nihil
1685 5544 2111 5621 dissimulem,
2144 5556 2376 5623 movet,
2409 5549 2576 5631 quod
2607 5549 2668 5609 hi
2701 5546 3076 5629 prtefatione
3114 5554 3403 5619 careant,
3443 5567 3640 5628 quam
3671 5552 3823 5615 aliis

508 5640 877 5701 omnibusa
903 5657 971 5702 se
1006 5640 1334 5702 conversis
1364 5644 1692 5724 prteligere
1722 5647 2141 5728 S.lnterpreti
2178 5653 2466 5715 solemne
2504 5651 2664 5716 fuit:
2706 5649 2815 5710 illa
2857 5651 3074 5708 autem
3118 5666 3316 5727 quam
3367 5651 3556 5713 unice
3603 5653 3823 5718 habe-

507 5754 657 5810 mus
691 5738 974 5806 Damaso
1020 5739 1358 5824 inscripta,
1390 5743 1756 5828 pollicetur,
1806 5750 2133 5829 expressis
2167 5753 2418 5833 verbis,
2479 5758 2757 5832 quatuor
2809 5752 3057 5812 tantum
3130 5748 3510 5832 Evangelia.
3548 5752 3822 5821 Accedit
