  <div class='ocr_page' id='page_1' title='image "/cluster/home/n/w/nwhite01/storage/ocr_20150623/29/uva.x000826564/018.png"; bbox 0 0 3960 6208; ppageno 0'>
   <div class='ocr_carea' id='block_1_1' title="bbox 166 151 1730 242">
    <p class='ocr_par' dir='ltr' id='par_1_1' title="bbox 166 151 1730 230">
     <span class='ocr_line' id='line_1_1' title="bbox 166 151 1730 230; baseline -0.001 0"><span class='ocrx_word' id='word_1_1' title='bbox 166 151 218 212; x_wconf 67' lang='lat' dir='ltr'><strong>9t</strong></span> <span class='ocrx_word' id='word_1_2' title='bbox 1551 171 1730 230; x_wconf 61' lang='lat' dir='ltr'><strong>eum</strong></span> 
     </span>
    </p>
   </div>
   <div class='ocr_carea' id='block_1_2' title="bbox 1840 151 3404 242">
    <p class='ocr_par' dir='ltr' id='par_1_2' title="bbox 1840 173 3404 242">
     <span class='ocr_line' id='line_1_2' title="bbox 1840 173 3404 242; baseline 0.009 -14"><span class='ocrx_word' id='word_1_3' title='bbox 1840 173 1943 231; x_wconf 86' lang='grc' dir='ltr'><strong>ΊΟ.</strong></span> <span class='ocrx_word' id='word_1_4' title='bbox 3333 187 3404 242; x_wconf 73' lang='lat'><strong>22</strong></span> 
     </span>
    </p>
   </div>
   <div class='ocr_carea' id='block_1_3' title="bbox 171 278 3403 380">
    <p class='ocr_par' dir='ltr' id='par_1_3' title="bbox 171 278 3403 380">
     <span class='ocr_line' id='line_1_3' title="bbox 171 278 3403 380; baseline 0.007 -40"><span class='ocrx_word' id='word_1_5' title='bbox 171 278 311 352; x_wconf 87' lang='lat' dir='ltr'><strong>quod</strong></span> <span class='ocrx_word' id='word_1_6' title='bbox 342 284 725 366; x_wconf 84' lang='lat' dir='ltr'><strong>Augustinus</strong></span> <span class='ocrx_word' id='word_1_7' title='bbox 782 287 1044 368; x_wconf 86' lang='lat' dir='ltr'><strong>epistola</strong></span> <span class='ocrx_word' id='word_1_8' title='bbox 1106 287 1271 351; x_wconf 90' lang='lat' dir='ltr'><strong>inter</strong></span> <span class='ocrx_word' id='word_1_9' title='bbox 1320 287 1862 370; x_wconf 74' lang='lat' dir='ltr'><strong>Hieronymianas</strong></span> <span class='ocrx_word' id='word_1_10' title='bbox 1919 291 2052 366; x_wconf 78' lang='grc' dir='ltr'><strong>1οἰ,</strong></span> <span class='ocrx_word' id='word_1_11' title='bbox 2107 306 2281 355; x_wconf 90' lang='lat' dir='ltr'><strong>anno</strong></span> <span class='ocrx_word' id='word_1_12' title='bbox 2331 293 2479 357; x_wconf 86' lang='lat' dir='ltr'><strong>data</strong></span> <span class='ocrx_word' id='word_1_13' title='bbox 2517 298 3161 380; x_wconf 73' lang='lat' dir='ltr'><strong>quadringentesimo</strong></span> <span class='ocrx_word' id='word_1_14' title='bbox 3211 302 3403 364; x_wconf 91' lang='lat' dir='ltr'><strong>tertio</strong></span> 
     </span>
    </p>
   </div>
   <div class='ocr_carea' id='block_1_4' title="bbox 172 384 3402 480">
    <p class='ocr_par' dir='ltr' id='par_1_4' title="bbox 172 384 3402 480">
     <span class='ocr_line' id='line_1_4' title="bbox 172 384 3402 480; baseline 0.007 -40"><span class='ocrx_word' id='word_1_15' title='bbox 172 393 280 440; x_wconf 87' lang='lat' dir='ltr'><strong>non</strong></span> <span class='ocrx_word' id='word_1_16' title='bbox 304 384 421 448; x_wconf 89' lang='lat' dir='ltr'><strong>aliis</strong></span> <span class='ocrx_word' id='word_1_17' title='bbox 448 391 702 450; x_wconf 83' lang='lat' dir='ltr'><strong>noverit</strong></span> <span class='ocrx_word' id='word_1_18' title='bbox 732 407 922 469; x_wconf 91' lang='lat' dir='ltr'><strong>quam</strong></span> <span class='ocrx_word' id='word_1_19' title='bbox 949 390 1448 471; x_wconf 84' lang='lat' dir='ltr'><strong>Evangeliorum</strong></span> <span class='ocrx_word' id='word_1_20' title='bbox 1483 391 1649 451; x_wconf 90' lang='lat' dir='ltr'><strong>libro</strong></span> <span class='ocrx_word' id='word_1_21' title='bbox 1685 390 1876 464; x_wconf 88' lang='lat' dir='ltr'><strong>hanc,</strong></span> <span class='ocrx_word' id='word_1_22' title='bbox 1931 393 2476 471; x_wconf 91' lang='lat' dir='ltr'><strong>qualemcumque</strong></span> <span class='ocrx_word' id='word_1_23' title='bbox 2528 401 2793 476; x_wconf 89' lang='lat' dir='ltr'><strong>putarit,</strong></span> <span class='ocrx_word' id='word_1_24' title='bbox 2840 418 3106 480; x_wconf 91' lang='lat' dir='ltr'><strong>operam</strong></span> <span class='ocrx_word' id='word_1_25' title='bbox 3161 401 3402 463; x_wconf 86' lang='lat' dir='ltr'><strong>Hiero-</strong></span> 
     </span>
    </p>
   </div>
   <div class='ocr_carea' id='block_1_5' title="bbox 175 490 3402 582">
    <p class='ocr_par' dir='ltr' id='par_1_5' title="bbox 175 490 3402 582">
     <span class='ocr_line' id='line_1_5' title="bbox 175 490 3402 582; baseline 0.007 -42"><span class='ocrx_word' id='word_1_26' title='bbox 175 498 390 560; x_wconf 82' lang='lat' dir='ltr'><strong>nymum</strong></span> <span class='ocrx_word' id='word_1_27' title='bbox 421 490 822 568; x_wconf 82' lang='lat' dir='ltr'><strong>impendisse.</strong></span> <span class='ocrx_word' id='word_1_28' title='bbox 856 490 1002 554; x_wconf 85' lang='lat' dir='ltr'><strong>Non</strong></span> <span class='ocrx_word' id='word_1_29' title='bbox 1025 510 1279 571; x_wconf 79' lang='lat' dir='ltr'><strong>parvos,</strong></span> <span class='ocrx_word' id='word_1_30' title='bbox 1310 491 1518 570; x_wconf 79' lang='lat' dir='ltr'><strong>inquit</strong></span> <span class='ocrx_word' id='word_1_31' title='bbox 1551 511 1728 553; x_wconf 90' lang='lat' dir='ltr'><strong>num.</strong></span> <span class='ocrx_word' id='word_1_32' title='bbox 1763 493 1823 562; x_wconf 82' lang='lat'><strong>6,</strong></span> <span class='ocrx_word' id='word_1_33' title='bbox 1857 493 1980 553; x_wconf 85' lang='lat' dir='ltr'><strong>Deo</strong></span> <span class='ocrx_word' id='word_1_34' title='bbox 2011 496 2251 572; x_wconf 83' lang='lat' dir='ltr'><strong>gratias</strong></span> <span class='ocrx_word' id='word_1_35' title='bbox 2277 500 2516 575; x_wconf 85' lang='lat' dir='ltr'><strong>agimus</strong></span> <span class='ocrx_word' id='word_1_36' title='bbox 2542 498 2614 560; x_wconf 81' lang='lat' dir='ltr'><strong>de</strong></span> <span class='ocrx_word' id='word_1_37' title='bbox 2647 520 2830 580; x_wconf 86' lang='lat' dir='ltr'><strong>opere</strong></span> <span class='ocrx_word' id='word_1_38' title='bbox 2853 508 2990 578; x_wconf 83' lang='lat' dir='ltr'><strong>tuo,</strong></span> <span class='ocrx_word' id='word_1_39' title='bbox 3029 521 3150 582; x_wconf 88' lang='lat' dir='ltr'><strong>quo</strong></span> <span class='ocrx_word' id='word_1_40' title='bbox 3181 504 3402 565; x_wconf 82' lang='lat' dir='ltr'><strong>Evan-</strong></span> 
     </span>
    </p>
   </div>
   <div class='ocr_carea' id='block_1_6' title="bbox 176 583 3400 680">
    <p class='ocr_par' dir='ltr' id='par_1_6' title="bbox 176 583 3400 680">
     <span class='ocr_line' id='line_1_6' title="bbox 176 583 3400 680; baseline 0.005 -37"><span class='ocrx_word' id='word_1_41' title='bbox 176 583 680 662; x_wconf 72' lang='lat' dir='ltr'><strong>geliumexGrceco</strong></span> <span class='ocrx_word' id='word_1_42' title='bbox 710 594 1148 672; x_wconf 77' lang='lat' dir='ltr'><strong>interpretatus</strong></span> <span class='ocrx_word' id='word_1_43' title='bbox 1177 611 1258 663; x_wconf 84' lang='lat' dir='ltr'><strong>es,</strong></span> <span class='ocrx_word' id='word_1_44' title='bbox 1301 593 1448 674; x_wconf 85' lang='lat' dir='ltr'><strong>quia</strong></span> <span class='ocrx_word' id='word_1_45' title='bbox 1475 611 1629 672; x_wconf 85' lang='lat' dir='ltr'><strong>pene</strong></span> <span class='ocrx_word' id='word_1_46' title='bbox 1655 593 1722 653; x_wconf 83' lang='lat' dir='ltr'><strong>in</strong></span> <span class='ocrx_word' id='word_1_47' title='bbox 1761 592 2047 655; x_wconf 84' lang='lat' dir='ltr'><strong>omnibus</strong></span> <span class='ocrx_word' id='word_1_48' title='bbox 2094 593 2273 656; x_wconf 87' lang='lat' dir='ltr'><strong>nulla</strong></span> <span class='ocrx_word' id='word_1_49' title='bbox 2326 597 2588 676; x_wconf 76' lang='lat' dir='ltr'><strong>o/fcnsio</strong></span> <span class='ocrx_word' id='word_1_50' title='bbox 2639 608 2752 676; x_wconf 85' lang='lat' dir='ltr'><strong>cst,</strong></span> <span class='ocrx_word' id='word_1_51' title='bbox 2803 619 2941 660; x_wconf 88' lang='lat' dir='ltr'><strong>cum</strong></span> <span class='ocrx_word' id='word_1_52' title='bbox 2999 603 3400 680; x_wconf 84' lang='lat' dir='ltr'><strong>Scripturom</strong></span> 
     </span>
    </p>
   </div>
   <div class='ocr_carea' id='block_1_7' title="bbox 176 687 3398 780">
    <p class='ocr_par' dir='ltr' id='par_1_7' title="bbox 176 687 3398 780">
     <span class='ocr_line' id='line_1_7' title="bbox 176 687 3398 780; baseline 0.004 -31"><span class='ocrx_word' id='word_1_53' title='bbox 176 687 397 752; x_wconf 74' lang='lat' dir='ltr'><strong>Grecam</strong></span> <span class='ocrx_word' id='word_1_54' title='bbox 426 694 890 756; x_wconf 74' lang='lat' dir='ltr'><strong>contulerimus.</strong></span> <span class='ocrx_word' id='word_1_55' title='bbox 928 696 1081 771; x_wconf 63' lang='lat' dir='ltr'><strong>Quae</strong></span> <span class='ocrx_word' id='word_1_56' title='bbox 1111 694 1367 773; x_wconf 79' lang='lat' dir='ltr'><strong>quidem</strong></span> <span class='ocrx_word' id='word_1_57' title='bbox 1405 697 1647 773; x_wconf 88' lang='lat' dir='ltr'><strong>accepit</strong></span> <span class='ocrx_word' id='word_1_58' title='bbox 1683 696 2142 776; x_wconf 79' lang='lat' dir='ltr'><strong>Hieronymus,</strong></span> <span class='ocrx_word' id='word_1_59' title='bbox 2181 698 2435 776; x_wconf 91' lang='lat' dir='ltr'><strong>epistol.</strong></span> <span class='ocrx_word' id='word_1_60' title='bbox 2478 700 2630 773; x_wconf 75' lang='grc'><strong>112,</strong></span> <span class='ocrx_word' id='word_1_61' title='bbox 2689 720 2820 780; x_wconf 86' lang='lat' dir='ltr'><strong>qua</strong></span> <span class='ocrx_word' id='word_1_62' title='bbox 2848 704 3100 765; x_wconf 89' lang='lat' dir='ltr'><strong>demum</strong></span> <span class='ocrx_word' id='word_1_63' title='bbox 3149 704 3240 763; x_wconf 84' lang='lat' dir='ltr'><strong>illi</strong></span> <span class='ocrx_word' id='word_1_64' title='bbox 3291 720 3398 764; x_wconf 88' lang='lat' dir='ltr'><strong>rc-</strong></span> 
     </span>
    </p>
   </div>
   <div class='ocr_carea' id='block_1_8' title="bbox 168 792 3399 878">
    <p class='ocr_par' dir='ltr' id='par_1_8' title="bbox 168 792 3399 878">
     <span class='ocr_line' id='line_1_8' title="bbox 168 792 3399 878; baseline 0.003 -27"><span class='ocrx_word' id='word_1_65' title='bbox 168 792 394 872; x_wconf 88' lang='lat' dir='ltr'><strong>spondit,</strong></span> <span class='ocrx_word' id='word_1_66' title='bbox 417 795 670 874; x_wconf 88' lang='lat' dir='ltr'><strong>perinde</strong></span> <span class='ocrx_word' id='word_1_67' title='bbox 706 803 896 876; x_wconf 89' lang='lat' dir='ltr'><strong>atque</strong></span> <span class='ocrx_word' id='word_1_68' title='bbox 923 795 998 858; x_wconf 89' lang='lat' dir='ltr'><strong>de</strong></span> <span class='ocrx_word' id='word_1_69' title='bbox 1033 795 1212 858; x_wconf 83' lang='lat' dir='ltr'><strong>Novo</strong></span> <span class='ocrx_word' id='word_1_70' title='bbox 1238 796 1650 858; x_wconf 87' lang='lat' dir='ltr'><strong>Testamento</strong></span> <span class='ocrx_word' id='word_1_71' title='bbox 1675 796 1964 858; x_wconf 78' lang='lat' dir='ltr'><strong>dixisset.</strong></span> <span class='ocrx_word' id='word_1_72' title='bbox 2005 796 2117 870; x_wconf 85' lang='lat' dir='ltr'><strong>Et,</strong></span> <span class='ocrx_word' id='word_1_73' title='bbox 2159 797 2354 873; x_wconf 86' lang='lat' dir='ltr'><strong>sime,</strong></span> <span class='ocrx_word' id='word_1_74' title='bbox 2394 799 2603 878; x_wconf 90' lang='lat' dir='ltr'><strong>inquit</strong></span> <span class='ocrx_word' id='word_1_75' title='bbox 2651 818 2826 862; x_wconf 90' lang='lat' dir='ltr'><strong>num.</strong></span> <span class='ocrx_word' id='word_1_76' title='bbox 2857 803 2958 872; x_wconf 77' lang='grc' dir='ltr'><strong>ΞΞΟ.</strong></span> <span class='ocrx_word' id='word_1_77' title='bbox 2995 812 3061 863; x_wconf 85' lang='lat' dir='ltr'><strong>ut</strong></span> <span class='ocrx_word' id='word_1_78' title='bbox 3113 803 3297 876; x_wconf 86' lang='lat' dir='ltr'><strong>dicis,</strong></span> <span class='ocrx_word' id='word_1_79' title='bbox 3334 802 3399 863; x_wconf 81' lang='lat' dir='ltr'><strong>in</strong></span> 
     </span>
    </p>
   </div>
   <div class='ocr_carea' id='block_1_9' title="bbox 160 893 3398 980">
    <p class='ocr_par' dir='ltr' id='par_1_9' title="bbox 160 893 3398 980">
     <span class='ocr_line' id='line_1_9' title="bbox 160 893 3398 980; baseline 0.003 -25"><span class='ocrx_word' id='word_1_80' title='bbox 160 893 672 959; x_wconf 79' lang='lat' dir='ltr'><strong>NociTestamcnti</strong></span> <span class='ocrx_word' id='word_1_81' title='bbox 707 897 1126 959; x_wconf 81' lang='lat' dir='ltr'><strong>emendatione</strong></span> <span class='ocrx_word' id='word_1_82' title='bbox 1153 898 1450 976; x_wconf 81' lang='lat' dir='ltr'><strong>suscipis,</strong></span> <span class='ocrx_word' id='word_1_83' title='bbox 1485 899 1871 978; x_wconf 64' lang='lat' dir='ltr'><strong>exponisque</strong></span> <span class='ocrx_word' id='word_1_84' title='bbox 1909 917 2183 973; x_wconf 86' lang='lat' dir='ltr'><strong>causam,</strong></span> <span class='ocrx_word' id='word_1_85' title='bbox 2224 914 2340 960; x_wconf 87' lang='lat' dir='ltr'><strong>cur</strong></span> <span class='ocrx_word' id='word_1_86' title='bbox 2390 901 2725 980; x_wconf 84' lang='lat' dir='ltr'><strong>suscipias,</strong></span> <span class='ocrx_word' id='word_1_87' title='bbox 2785 911 2905 964; x_wconf 91' lang='lat' dir='ltr'><strong>etc.</strong></span> <span class='ocrx_word' id='word_1_88' title='bbox 2963 904 3205 966; x_wconf 75' lang='lat' dir='ltr'><strong>Verum</strong></span> <span class='ocrx_word' id='word_1_89' title='bbox 3267 920 3398 965; x_wconf 88' lang='lat' dir='ltr'><strong>non</strong></span> 
     </span>
    </p>
   </div>
   <div class='ocr_carea' id='block_1_10' title="bbox 149 994 3396 1082">
    <p class='ocr_par' dir='ltr' id='par_1_10' title="bbox 149 994 3396 1082">
     <span class='ocr_line' id='line_1_10' title="bbox 149 994 3396 1082; baseline 0.004 -28"><span class='ocrx_word' id='word_1_90' title='bbox 149 994 584 1060; x_wconf 82' lang='lat' dir='ltr'><strong>deeritfortasse</strong></span> <span class='ocrx_word' id='word_1_91' title='bbox 611 1000 722 1078; x_wconf 89' lang='lat' dir='ltr'><strong>qui</strong></span> <span class='ocrx_word' id='word_1_92' title='bbox 760 998 1048 1076; x_wconf 88' lang='lat' dir='ltr'><strong>bocipso</strong></span> <span class='ocrx_word' id='word_1_93' title='bbox 1078 999 1652 1061; x_wconf 83' lang='lat' dir='ltr'><strong>NociTestamenti</strong></span> <span class='ocrx_word' id='word_1_94' title='bbox 1699 1000 1961 1060; x_wconf 87' lang='lat' dir='ltr'><strong>nomine</strong></span> <span class='ocrx_word' id='word_1_95' title='bbox 2020 1003 2174 1062; x_wconf 88' lang='lat' dir='ltr'><strong>satis</strong></span> <span class='ocrx_word' id='word_1_96' title='bbox 2230 1002 2392 1064; x_wconf 87' lang='lat' dir='ltr'><strong>bene</strong></span> <span class='ocrx_word' id='word_1_97' title='bbox 2441 1003 2796 1082; x_wconf 85' lang='lat' dir='ltr'><strong>Evangelia</strong></span> <span class='ocrx_word' id='word_1_98' title='bbox 2850 1005 3140 1068; x_wconf 90' lang='lat' dir='ltr'><strong>denotari</strong></span> <span class='ocrx_word' id='word_1_99' title='bbox 3173 1051 3189 1080; x_wconf 92' lang='lat'><strong>,</strong></span> <span class='ocrx_word' id='word_1_100' title='bbox 3249 1006 3396 1068; x_wconf 92' lang='lat' dir='ltr'><strong>aliis</strong></span> 
     </span>
    </p>
   </div>
   <div class='ocr_carea' id='block_1_11' title="bbox 143 1100 3396 1188">
    <p class='ocr_par' dir='ltr' id='par_1_11' title="bbox 143 1100 3396 1188">
     <span class='ocr_line' id='line_1_11' title="bbox 143 1100 3396 1188; baseline 0.003 -29"><span class='ocrx_word' id='word_1_101' title='bbox 143 1100 421 1177; x_wconf 87' lang='lat' dir='ltr'><strong>ejusmodi</strong></span> <span class='ocrx_word' id='word_1_102' title='bbox 456 1102 850 1162; x_wconf 89' lang='lat' dir='ltr'><strong>locutionum</strong></span> <span class='ocrx_word' id='word_1_103' title='bbox 885 1102 1198 1180; x_wconf 86' lang='lat' dir='ltr'><strong>exemplis</strong></span> <span class='ocrx_word' id='word_1_104' title='bbox 1248 1102 1421 1163; x_wconf 87' lang='lat' dir='ltr'><strong>velit.</strong></span> <span class='ocrx_word' id='word_1_105' title='bbox 1462 1101 1896 1163; x_wconf 84' lang='lat' dir='ltr'><strong>Nihilosecius</strong></span> <span class='ocrx_word' id='word_1_106' title='bbox 1954 1108 2256 1162; x_wconf 87' lang='lat' dir='ltr'><strong>constans</strong></span> <span class='ocrx_word' id='word_1_107' title='bbox 2304 1105 2424 1164; x_wconf 87' lang='lat' dir='ltr'><strong>iste</strong></span> <span class='ocrx_word' id='word_1_108' title='bbox 2459 1121 2533 1165; x_wconf 90' lang='lat' dir='ltr'><strong>ac</strong></span> <span class='ocrx_word' id='word_1_109' title='bbox 2585 1113 2934 1185; x_wconf 72' lang='lat' dir='ltr'><strong>perpetuus</strong></span> <span class='ocrx_word' id='word_1_110' title='bbox 2997 1108 3396 1188; x_wconf 80' lang='lat' dir='ltr'><strong>Hieronymo</strong></span> 
     </span>
    </p>
   </div>
   <div class='ocr_carea' id='block_1_12' title="bbox 135 1200 3392 1284">
    <p class='ocr_par' dir='ltr' id='par_1_12' title="bbox 135 1200 3392 1284">
     <span class='ocr_line' id='line_1_12' title="bbox 135 1200 3392 1284; baseline 0.003 -25"><span class='ocrx_word' id='word_1_111' title='bbox 135 1200 414 1280; x_wconf 86' lang='lat' dir='ltr'><strong>loquendi</strong></span> <span class='ocrx_word' id='word_1_112' title='bbox 437 1201 651 1264; x_wconf 89' lang='lat' dir='ltr'><strong>modus</strong></span> <span class='ocrx_word' id='word_1_113' title='bbox 676 1203 749 1264; x_wconf 92' lang='lat' dir='ltr'><strong>de</strong></span> <span class='ocrx_word' id='word_1_114' title='bbox 778 1203 954 1263; x_wconf 81' lang='lat' dir='ltr'><strong>Novo</strong></span> <span class='ocrx_word' id='word_1_115' title='bbox 984 1208 1162 1262; x_wconf 77' lang='grc' dir='ltr'><strong>ἁπλῶς</strong></span> <span class='ocrx_word' id='word_1_116' title='bbox 1203 1203 1641 1272; x_wconf 86' lang='lat' dir='ltr'><strong>Testamento,</strong></span> <span class='ocrx_word' id='word_1_117' title='bbox 1688 1220 1816 1262; x_wconf 94' lang='lat' dir='ltr'><strong>non</strong></span> <span class='ocrx_word' id='word_1_118' title='bbox 1871 1201 2145 1262; x_wconf 86' lang='lat' dir='ltr'><strong>laudatis</strong></span> <span class='ocrx_word' id='word_1_119' title='bbox 2174 1201 2362 1262; x_wconf 87' lang='lat' dir='ltr'><strong>modo</strong></span> <span class='ocrx_word' id='word_1_120' title='bbox 2391 1203 2572 1275; x_wconf 92' lang='lat' dir='ltr'><strong>locis,</strong></span> <span class='ocrx_word' id='word_1_121' title='bbox 2605 1204 2714 1265; x_wconf 79' lang='lat' dir='ltr'><strong>sul</strong></span> <span class='ocrx_word' id='word_1_122' title='bbox 2751 1212 2811 1265; x_wconf 89' lang='lat' dir='ltr'><strong>et</strong></span> <span class='ocrx_word' id='word_1_123' title='bbox 2859 1207 3131 1284; x_wconf 86' lang='lat' dir='ltr'><strong>epistola</strong></span> <span class='ocrx_word' id='word_1_124' title='bbox 3175 1208 3274 1278; x_wconf 81' lang='lat'><strong>71,</strong></span> <span class='ocrx_word' id='word_1_125' title='bbox 3314 1207 3392 1268; x_wconf 90' lang='lat' dir='ltr'><strong>ad</strong></span> 
     </span>
    </p>
   </div>
   <div class='ocr_carea' id='block_1_13' title="bbox 122 1303 3396 1388">
    <p class='ocr_par' dir='ltr' id='par_1_13' title="bbox 122 1303 3396 1388">
     <span class='ocr_line' id='line_1_13' title="bbox 122 1303 3396 1388; baseline 0.001 -24"><span class='ocrx_word' id='word_1_126' title='bbox 122 1305 470 1382; x_wconf 81' lang='lat' dir='ltr'><strong>Lacinium,</strong></span> <span class='ocrx_word' id='word_1_127' title='bbox 496 1306 630 1382; x_wconf 88' lang='lat' dir='ltr'><strong>ubi,</strong></span> <span class='ocrx_word' id='word_1_128' title='bbox 661 1306 908 1368; x_wconf 82' lang='lat' dir='ltr'><strong>Novum</strong></span> <span class='ocrx_word' id='word_1_129' title='bbox 934 1351 950 1380; x_wconf 95' lang='lat'><strong>,</strong></span> <span class='ocrx_word' id='word_1_130' title='bbox 986 1306 1076 1366; x_wconf 86' lang='lat' dir='ltr'><strong>ait</strong></span> <span class='ocrx_word' id='word_1_131' title='bbox 1097 1349 1112 1375; x_wconf 85' lang='lat'><strong>,</strong></span> <span class='ocrx_word' id='word_1_132' title='bbox 1146 1305 1604 1365; x_wconf 78' lang='lat' dir='ltr'><strong>Testmnentum</strong></span> <span class='ocrx_word' id='word_1_133' title='bbox 1633 1303 1864 1365; x_wconf 75' lang='lat' dir='ltr'><strong>erca:</strong></span> <span class='ocrx_word' id='word_1_134' title='bbox 1891 1303 2140 1364; x_wconf 82' lang='lat' dir='ltr'><strong>reddidi</strong></span> <span class='ocrx_word' id='word_1_135' title='bbox 2165 1306 2540 1367; x_wconf 83' lang='lat' dir='ltr'><strong>auctoritati</strong></span> <span class='ocrx_word' id='word_1_136' title='bbox 2565 1352 2578 1378; x_wconf 93' lang='lat'><strong>,</strong></span> <span class='ocrx_word' id='word_1_137' title='bbox 2609 1314 2664 1368; x_wconf 90' lang='lat' dir='ltr'><strong>et</strong></span> <span class='ocrx_word' id='word_1_138' title='bbox 2691 1326 2835 1387; x_wconf 70' lang='lat' dir='ltr'><strong>qua:</strong></span> <span class='ocrx_word' id='word_1_139' title='bbox 2859 1309 3038 1388; x_wconf 89' lang='lat' dir='ltr'><strong>paria</strong></span> <span class='ocrx_word' id='word_1_140' title='bbox 3072 1309 3171 1370; x_wconf 86' lang='lat' dir='ltr'><strong>his</strong></span> <span class='ocrx_word' id='word_1_141' title='bbox 3203 1310 3396 1371; x_wconf 88' lang='lat' dir='ltr'><strong>habet</strong></span> 
     </span>
    </p>
   </div>
   <div class='ocr_carea' id='block_1_14' title="bbox 113 1406 3393 1488">
    <p class='ocr_par' dir='ltr' id='par_1_14' title="bbox 113 1406 3393 1488">
     <span class='ocr_line' id='line_1_14' title="bbox 113 1406 3393 1488; baseline 0.001 -18"><span class='ocrx_word' id='word_1_142' title='bbox 113 1410 357 1488; x_wconf 90' lang='lat' dir='ltr'><strong>epistol.</strong></span> <span class='ocrx_word' id='word_1_143' title='bbox 389 1410 514 1486; x_wconf 84' lang='grc'>106,</span> <span class='ocrx_word' id='word_1_144' title='bbox 543 1410 618 1471; x_wconf 89' lang='lat' dir='ltr'><strong>ad</strong></span> <span class='ocrx_word' id='word_1_145' title='bbox 653 1409 968 1470; x_wconf 89' lang='lat' dir='ltr'><strong>Sunniam</strong></span> <span class='ocrx_word' id='word_1_146' title='bbox 1001 1409 1444 1482; x_wconf 85' lang='lat' dir='ltr'><strong>ctFretelam,</strong></span> <span class='ocrx_word' id='word_1_147' title='bbox 1493 1413 1722 1488; x_wconf 89' lang='lat' dir='ltr'><strong>putare</strong></span> <span class='ocrx_word' id='word_1_148' title='bbox 1759 1406 1815 1466; x_wconf 88' lang='lat' dir='ltr'><strong>id</strong></span> <span class='ocrx_word' id='word_1_149' title='bbox 1851 1407 1928 1467; x_wconf 90' lang='lat' dir='ltr'><strong>de</strong></span> <span class='ocrx_word' id='word_1_150' title='bbox 1986 1408 2125 1467; x_wconf 89' lang='lat' dir='ltr'><strong>solo</strong></span> <span class='ocrx_word' id='word_1_151' title='bbox 2172 1408 2674 1486; x_wconf 87' lang='lat' dir='ltr'><strong>Evangeliorum</strong></span> <span class='ocrx_word' id='word_1_152' title='bbox 2724 1411 2891 1472; x_wconf 88' lang='lat' dir='ltr'><strong>libro</strong></span> <span class='ocrx_word' id='word_1_153' title='bbox 2942 1412 3091 1482; x_wconf 90' lang='lat' dir='ltr'><strong>dici,</strong></span> <span class='ocrx_word' id='word_1_154' title='bbox 3129 1414 3393 1474; x_wconf 90' lang='lat' dir='ltr'><strong>omnino</strong></span> 
     </span>
    </p>
   </div>
   <div class='ocr_carea' id='block_1_15' title="bbox 108 1509 3388 1595">
    <p class='ocr_par' dir='ltr' id='par_1_15' title="bbox 108 1509 3388 1595">
     <span class='ocr_line' id='line_1_15' title="bbox 108 1509 3388 1595; baseline 0.002 -23"><span class='ocrx_word' id='word_1_155' title='bbox 108 1531 233 1573; x_wconf 91' lang='lat' dir='ltr'><strong>non</strong></span> <span class='ocrx_word' id='word_1_156' title='bbox 261 1511 482 1574; x_wconf 88' lang='lat' dir='ltr'><strong>sinent.</strong></span> <span class='ocrx_word' id='word_1_157' title='bbox 517 1513 606 1571; x_wconf 82' lang='lat' dir='ltr'><strong>Re</strong></span> <span class='ocrx_word' id='word_1_158' title='bbox 642 1511 834 1573; x_wconf 91' lang='lat' dir='ltr'><strong>etiam</strong></span> <span class='ocrx_word' id='word_1_159' title='bbox 872 1512 1009 1589; x_wconf 91' lang='lat' dir='ltr'><strong>ipsa</strong></span> <span class='ocrx_word' id='word_1_160' title='bbox 1047 1511 1309 1588; x_wconf 88' lang='lat' dir='ltr'><strong>pr0prio</strong></span> <span class='ocrx_word' id='word_1_161' title='bbox 1342 1510 1628 1585; x_wconf 90' lang='lat' dir='ltr'><strong>nomine,</strong></span> <span class='ocrx_word' id='word_1_162' title='bbox 1662 1527 1808 1569; x_wconf 88' lang='lat' dir='ltr'><strong>cum</strong></span> <span class='ocrx_word' id='word_1_163' title='bbox 1838 1526 1987 1570; x_wconf 86' lang='lat' dir='ltr'><strong>eum</strong></span> <span class='ocrx_word' id='word_1_164' title='bbox 2039 1509 2227 1569; x_wconf 87' lang='lat' dir='ltr'><strong>unice</strong></span> <span class='ocrx_word' id='word_1_165' title='bbox 2263 1509 2500 1570; x_wconf 75' lang='lat' dir='ltr'><strong>librum</strong></span> <span class='ocrx_word' id='word_1_166' title='bbox 2561 1513 2762 1595; x_wconf 65' lang='lat' dir='ltr'><strong>voluit</strong></span> <span class='ocrx_word' id='word_1_167' title='bbox 2806 1514 3169 1594; x_wconf 84' lang='lat' dir='ltr'><strong>designare,</strong></span> <span class='ocrx_word' id='word_1_168' title='bbox 3229 1532 3388 1577; x_wconf 88' lang='lat' dir='ltr'><strong>usus</strong></span> 
     </span>
    </p>
   </div>
   <div class='ocr_carea' id='block_1_16' title="bbox 102 1611 3387 1698">
    <p class='ocr_par' dir='ltr' id='par_1_16' title="bbox 102 1611 3387 1698">
     <span class='ocr_line' id='line_1_16' title="bbox 102 1611 3387 1698; baseline 0.001 -20"><span class='ocrx_word' id='word_1_169' title='bbox 102 1623 225 1689; x_wconf 85' lang='lat' dir='ltr'><strong>est,</strong></span> <span class='ocrx_word' id='word_1_170' title='bbox 269 1618 427 1678; x_wconf 91' lang='lat' dir='ltr'><strong>utin</strong></span> <span class='ocrx_word' id='word_1_171' title='bbox 452 1616 713 1695; x_wconf 78' lang='lat' dir='ltr'><strong>prologo</strong></span> <span class='ocrx_word' id='word_1_172' title='bbox 739 1614 818 1678; x_wconf 77' lang='lat' dir='ltr'><strong>ad</strong></span> <span class='ocrx_word' id='word_1_173' title='bbox 837 1615 1220 1688; x_wconf 81' lang='lat' dir='ltr'><strong>Damasum;</strong></span> <span class='ocrx_word' id='word_1_174' title='bbox 1256 1631 1388 1693; x_wconf 88' lang='lat' dir='ltr'><strong>quo</strong></span> <span class='ocrx_word' id='word_1_175' title='bbox 1420 1615 1561 1675; x_wconf 92' lang='lat' dir='ltr'><strong>loco</strong></span> <span class='ocrx_word' id='word_1_176' title='bbox 1585 1614 1902 1690; x_wconf 91' lang='lat' dir='ltr'><strong>nondum,</strong></span> <span class='ocrx_word' id='word_1_177' title='bbox 1931 1630 1998 1672; x_wconf 87' lang='lat' dir='ltr'><strong>se</strong></span> <span class='ocrx_word' id='word_1_178' title='bbox 2023 1611 2100 1673; x_wconf 90' lang='lat' dir='ltr'><strong>ad</strong></span> <span class='ocrx_word' id='word_1_179' title='bbox 2128 1614 2408 1691; x_wconf 87' lang='lat' dir='ltr'><strong>reliquas</strong></span> <span class='ocrx_word' id='word_1_180' title='bbox 2433 1614 2715 1693; x_wconf 88' lang='lat' dir='ltr'><strong>ejusdem</strong></span> <span class='ocrx_word' id='word_1_181' title='bbox 2753 1618 3144 1680; x_wconf 81' lang='lat' dir='ltr'><strong>Testamenti</strong></span> <span class='ocrx_word' id='word_1_182' title='bbox 3174 1625 3387 1698; x_wconf 90' lang='lat' dir='ltr'><strong>partes</strong></span> 
     </span>
    </p>
   </div>
   <div class='ocr_carea' id='block_1_17' title="bbox 95 1717 3390 1801">
    <p class='ocr_par' dir='ltr' id='par_1_17' title="bbox 95 1717 3390 1801">
     <span class='ocr_line' id='line_1_17' title="bbox 95 1717 3390 1801; baseline 0.001 -20"><span class='ocrx_word' id='word_1_183' title='bbox 95 1719 381 1781; x_wconf 85' lang='lat' dir='ltr'><strong>animum</strong></span> <span class='ocrx_word' id='word_1_184' title='bbox 409 1717 784 1789; x_wconf 86' lang='lat' dir='ltr'><strong>advertisse,</strong></span> <span class='ocrx_word' id='word_1_185' title='bbox 818 1717 1090 1790; x_wconf 90' lang='lat' dir='ltr'><strong>indicat,</strong></span> <span class='ocrx_word' id='word_1_186' title='bbox 1118 1735 1280 1796; x_wconf 91' lang='lat' dir='ltr'><strong>quas</strong></span> <span class='ocrx_word' id='word_1_187' title='bbox 1313 1717 1627 1796; x_wconf 86' lang='lat' dir='ltr'><strong>evestigio</strong></span> <span class='ocrx_word' id='word_1_188' title='bbox 1654 1719 1866 1778; x_wconf 88' lang='lat' dir='ltr'><strong>tamen</strong></span> <span class='ocrx_word' id='word_1_189' title='bbox 1904 1717 1964 1776; x_wconf 91' lang='lat' dir='ltr'><strong>iu</strong></span> <span class='ocrx_word' id='word_1_190' title='bbox 1993 1735 2222 1778; x_wconf 90' lang='lat' dir='ltr'><strong>manus</strong></span> <span class='ocrx_word' id='word_1_191' title='bbox 2258 1719 2553 1798; x_wconf 84' lang='lat' dir='ltr'><strong>sumpsit,</strong></span> <span class='ocrx_word' id='word_1_192' title='bbox 2583 1718 2938 1798; x_wconf 90' lang='lat' dir='ltr'><strong>eodemque</strong></span> <span class='ocrx_word' id='word_1_193' title='bbox 2972 1722 3183 1783; x_wconf 88' lang='lat' dir='ltr'><strong>studio</strong></span> <span class='ocrx_word' id='word_1_194' title='bbox 3231 1741 3390 1801; x_wconf 90' lang='lat' dir='ltr'><strong>per-</strong></span> 
     </span>
    </p>
   </div>
   <div class='ocr_carea' id='block_1_18' title="bbox 95 1817 3387 1896">
    <p class='ocr_par' dir='ltr' id='par_1_18' title="bbox 95 1817 3387 1896">
     <span class='ocr_line' id='line_1_18' title="bbox 95 1817 3387 1896; baseline 0 -16"><span class='ocrx_word' id='word_1_195' title='bbox 95 1819 409 1880; x_wconf 77' lang='lat' dir='ltr'><strong>lustravit.</strong></span> <span class='ocrx_word' id='word_1_196' title='bbox 441 1818 784 1896; x_wconf 81' lang='lat' dir='ltr'><strong>Reliquum</strong></span> <span class='ocrx_word' id='word_1_197' title='bbox 817 1819 923 1879; x_wconf 80' lang='lat' dir='ltr'><strong>vix</strong></span> <span class='ocrx_word' id='word_1_198' title='bbox 957 1818 1103 1878; x_wconf 79' lang='lat' dir='ltr'><strong>facit</strong></span> <span class='ocrx_word' id='word_1_199' title='bbox 1127 1818 1509 1878; x_wconf 90' lang='lat' dir='ltr'><strong>dubitationi</strong></span> <span class='ocrx_word' id='word_1_200' title='bbox 1536 1818 1749 1878; x_wconf 89' lang='lat' dir='ltr'><strong>locum</strong></span> <span class='ocrx_word' id='word_1_201' title='bbox 1787 1817 2057 1896; x_wconf 75' lang='lat' dir='ltr'><strong>epistola</strong></span> <span class='ocrx_word' id='word_1_202' title='bbox 2097 1819 2199 1889; x_wconf 77' lang='lat'><strong>27,</strong></span> <span class='ocrx_word' id='word_1_203' title='bbox 2234 1817 2309 1878; x_wconf 90' lang='lat' dir='ltr'><strong>ad</strong></span> <span class='ocrx_word' id='word_1_204' title='bbox 2345 1818 2743 1889; x_wconf 77' lang='lat' dir='ltr'><strong>Marcellam,</strong></span> <span class='ocrx_word' id='word_1_205' title='bbox 2777 1836 2907 1895; x_wconf 91' lang='lat' dir='ltr'><strong>qua</strong></span> <span class='ocrx_word' id='word_1_206' title='bbox 2957 1837 3225 1881; x_wconf 90' lang='lat' dir='ltr'><strong>suarum</strong></span> <span class='ocrx_word' id='word_1_207' title='bbox 3282 1822 3387 1880; x_wconf 87' lang='lat' dir='ltr'><strong>in-</strong></span> 
     </span>
    </p>
   </div>
   <div class='ocr_carea' id='block_1_19' title="bbox 95 1918 3386 2001">
    <p class='ocr_par' dir='ltr' id='par_1_19' title="bbox 95 1918 3386 2001">
     <span class='ocr_line' id='line_1_19' title="bbox 95 1918 3386 2001; baseline 0 -20"><span class='ocrx_word' id='word_1_208' title='bbox 95 1921 627 2000; x_wconf 87' lang='lat' dir='ltr'><strong>terpretatiouum</strong></span> <span class='ocrx_word' id='word_1_209' title='bbox 653 1939 733 1982; x_wconf 88' lang='lat' dir='ltr'><strong>ex</strong></span> <span class='ocrx_word' id='word_1_210' title='bbox 760 1920 938 1980; x_wconf 86' lang='lat' dir='ltr'><strong>Novo</strong></span> <span class='ocrx_word' id='word_1_211' title='bbox 957 1921 1369 1981; x_wconf 84' lang='lat' dir='ltr'><strong>Testamento</strong></span> <span class='ocrx_word' id='word_1_212' title='bbox 1399 1918 1945 1979; x_wconf 76' lang='lat' dir='ltr'><strong>obtrectatoribus</strong></span> <span class='ocrx_word' id='word_1_213' title='bbox 1979 1918 2404 1996; x_wconf 85' lang='lat' dir='ltr'><strong>respondens,</strong></span> <span class='ocrx_word' id='word_1_214' title='bbox 2441 1920 2740 1998; x_wconf 81' lang='lat' dir='ltr'><strong>exempla</strong></span> <span class='ocrx_word' id='word_1_215' title='bbox 2769 1919 2843 1980; x_wconf 93' lang='lat' dir='ltr'><strong>de</strong></span> <span class='ocrx_word' id='word_1_216' title='bbox 2873 1921 3049 1982; x_wconf 87' lang='lat' dir='ltr'><strong>Pauli</strong></span> <span class='ocrx_word' id='word_1_217' title='bbox 3083 1920 3386 2001; x_wconf 87' lang='lat' dir='ltr'><strong>Epistolis</strong></span> 
     </span>
    </p>
   </div>
   <div class='ocr_carea' id='block_1_20' title="bbox 95 2021 3384 2104">
    <p class='ocr_par' dir='ltr' id='par_1_20' title="bbox 95 2021 3384 2104">
     <span class='ocr_line' id='line_1_20' title="bbox 95 2021 3384 2104; baseline 0 -18"><span class='ocrx_word' id='word_1_218' title='bbox 95 2026 289 2087; x_wconf 60' lang='lat' dir='ltr'><strong>Termo</strong></span> <span class='ocrx_word' id='word_1_219' title='bbox 325 2025 542 2085; x_wconf 86' lang='lat' dir='ltr'><strong>omnia</strong></span> <span class='ocrx_word' id='word_1_220' title='bbox 567 2025 787 2084; x_wconf 92' lang='lat' dir='ltr'><strong>sumit.</strong></span> <span class='ocrx_word' id='word_1_221' title='bbox 818 2024 933 2086; x_wconf 88' lang='lat' dir='ltr'><strong>Illi</strong></span> <span class='ocrx_word' id='word_1_222' title='bbox 958 2022 1194 2102; x_wconf 84' lang='lat' dir='ltr'><strong>legant,</strong></span> <span class='ocrx_word' id='word_1_223' title='bbox 1231 2040 1343 2102; x_wconf 88' lang='lat' dir='ltr'><strong>spe</strong></span> <span class='ocrx_word' id='word_1_224' title='bbox 1367 2021 1745 2100; x_wconf 86' lang='lat' dir='ltr'><strong>gaudentes,</strong></span> <span class='ocrx_word' id='word_1_225' title='bbox 1785 2023 2057 2100; x_wconf 88' lang='lat' dir='ltr'><strong>tempori</strong></span> <span class='ocrx_word' id='word_1_226' title='bbox 2093 2024 2488 2085; x_wconf 83' lang='lat' dir='ltr'><strong>servientes:</strong></span> <span class='ocrx_word' id='word_1_227' title='bbox 2527 2041 2643 2083; x_wconf 82' lang='lat' dir='ltr'><strong>nos</strong></span> <span class='ocrx_word' id='word_1_228' title='bbox 2692 2025 2991 2103; x_wconf 75' lang='lat' dir='ltr'><strong>legamus,</strong></span> <span class='ocrx_word' id='word_1_229' title='bbox 3043 2043 3155 2103; x_wconf 83' lang='lat' dir='ltr'><strong>spe</strong></span> <span class='ocrx_word' id='word_1_230' title='bbox 3214 2043 3384 2104; x_wconf 88' lang='lat' dir='ltr'><strong>gau—</strong></span> 
     </span>
    </p>
   </div>
   <div class='ocr_carea' id='block_1_21' title="bbox 98 2125 3386 2210">
    <p class='ocr_par' dir='ltr' id='par_1_21' title="bbox 98 2125 3386 2210">
     <span class='ocr_line' id='line_1_21' title="bbox 98 2125 3386 2210; baseline -0.001 -20"><span class='ocrx_word' id='word_1_231' title='bbox 98 2132 330 2210; x_wconf 87' lang='lat' dir='ltr'><strong>leutes,</strong></span> <span class='ocrx_word' id='word_1_232' title='bbox 364 2129 636 2190; x_wconf 91' lang='lat' dir='ltr'><strong>Domino</strong></span> <span class='ocrx_word' id='word_1_233' title='bbox 672 2129 1050 2190; x_wconf 82' lang='lat' dir='ltr'><strong>servientes.</strong></span> <span class='ocrx_word' id='word_1_234' title='bbox 1086 2126 1202 2189; x_wconf 78' lang='lat' dir='ltr'><strong>Illi</strong></span> <span class='ocrx_word' id='word_1_235' title='bbox 1236 2126 1535 2188; x_wconf 73' lang='lat' dir='ltr'><strong>adversus</strong></span> <span class='ocrx_word' id='word_1_236' title='bbox 1560 2125 1990 2205; x_wconf 80' lang='lat' dir='ltr'><strong>presbyterum</strong></span> <span class='ocrx_word' id='word_1_237' title='bbox 2020 2127 2478 2187; x_wconf 80' lang='lat' dir='ltr'><strong>accusationem</strong></span> <span class='ocrx_word' id='word_1_238' title='bbox 2509 2127 2761 2187; x_wconf 83' lang='lat' dir='ltr'><strong>omnino</strong></span> <span class='ocrx_word' id='word_1_239' title='bbox 2798 2137 3016 2207; x_wconf 82' lang='lat' dir='ltr'><strong>putent</strong></span> <span class='ocrx_word' id='word_1_240' title='bbox 3066 2128 3386 2207; x_wconf 81' lang='lat' dir='ltr'><strong>recipien-</strong></span> 
     </span>
    </p>
   </div>
   <div class='ocr_carea' id='block_1_22' title="bbox 100 2227 3386 2312">
    <p class='ocr_par' dir='ltr' id='par_1_22' title="bbox 100 2227 3386 2312">
     <span class='ocr_line' id='line_1_22' title="bbox 100 2227 3386 2312; baseline -0.002 -18"><span class='ocrx_word' id='word_1_241' title='bbox 100 2235 216 2294; x_wconf 81' lang='lat' dir='ltr'><strong>’am</strong></span> <span class='ocrx_word' id='word_1_242' title='bbox 243 2260 264 2299; x_wconf 88' lang='lat'><em>:</em></span> <span class='ocrx_word' id='word_1_243' title='bbox 302 2233 608 2312; x_wconf 84' lang='lat' dir='ltr'><strong>legamus,</strong></span> <span class='ocrx_word' id='word_1_244' title='bbox 641 2233 952 2292; x_wconf 82' lang='lat' dir='ltr'><strong>adversus</strong></span> <span class='ocrx_word' id='word_1_245' title='bbox 985 2231 1436 2310; x_wconf 84' lang='lat' dir='ltr'><strong>presbyterum</strong></span> <span class='ocrx_word' id='word_1_246' title='bbox 1470 2228 1948 2290; x_wconf 87' lang='lat' dir='ltr'><strong>accusationem</strong></span> <span class='ocrx_word' id='word_1_247' title='bbox 1983 2245 2060 2288; x_wconf 91' lang='lat' dir='ltr'><strong>ne</strong></span> <span class='ocrx_word' id='word_1_248' title='bbox 2098 2228 2448 2304; x_wconf 84' lang='lat' dir='ltr'><strong>receperis,</strong></span> <span class='ocrx_word' id='word_1_249' title='bbox 2487 2237 2600 2287; x_wconf 84' lang='lat' dir='ltr'><strong>etc.</strong></span> <span class='ocrx_word' id='word_1_250' title='bbox 2649 2227 2791 2288; x_wconf 81' lang='lat' dir='ltr'><strong>Illis</strong></span> <span class='ocrx_word' id='word_1_251' title='bbox 2822 2227 3092 2306; x_wconf 81' lang='lat' dir='ltr'><strong>placeat,</strong></span> <span class='ocrx_word' id='word_1_252' title='bbox 3142 2228 3386 2290; x_wconf 87' lang='lat' dir='ltr'><strong>Huma-</strong></span> 
     </span>
    </p>
   </div>
   <div class='ocr_carea' id='block_1_23' title="bbox 104 2325 3386 2410">
    <p class='ocr_par' dir='ltr' id='par_1_23' title="bbox 104 2325 3386 2410">
     <span class='ocr_line' id='line_1_23' title="bbox 104 2325 3386 2410; baseline -0.001 -18"><span class='ocrx_word' id='word_1_253' title='bbox 104 2353 198 2395; x_wconf 67' lang='lat' dir='ltr'><strong>uus</strong></span> <span class='ocrx_word' id='word_1_254' title='bbox 235 2351 482 2406; x_wconf 86' lang='lat' dir='ltr'><strong>sermo,</strong></span> <span class='ocrx_word' id='word_1_255' title='bbox 521 2336 582 2392; x_wconf 84' lang='lat' dir='ltr'><strong>et</strong></span> <span class='ocrx_word' id='word_1_256' title='bbox 609 2331 785 2391; x_wconf 90' lang='lat' dir='ltr'><strong>omni</strong></span> <span class='ocrx_word' id='word_1_257' title='bbox 817 2329 1188 2410; x_wconf 86' lang='lat' dir='ltr'><strong>acceptione</strong></span> <span class='ocrx_word' id='word_1_258' title='bbox 1221 2328 1453 2408; x_wconf 86' lang='lat' dir='ltr'><strong>dignus</strong></span> <span class='ocrx_word' id='word_1_259' title='bbox 1487 2345 1503 2387; x_wconf 84' lang='lat'><strong>:</strong></span> <span class='ocrx_word' id='word_1_260' title='bbox 1532 2345 1646 2387; x_wconf 85' lang='lat' dir='ltr'><strong>nos</strong></span> <span class='ocrx_word' id='word_1_261' title='bbox 1675 2344 1814 2387; x_wconf 89' lang='lat' dir='ltr'><strong>cum</strong></span> <span class='ocrx_word' id='word_1_262' title='bbox 1839 2325 2176 2390; x_wconf 60' lang='lat' dir='ltr'><strong>Gnosis...</strong></span> <span class='ocrx_word' id='word_1_263' title='bbox 2209 2343 2503 2394; x_wconf 76' lang='lat' dir='ltr'><strong>erremus,</strong></span> <span class='ocrx_word' id='word_1_264' title='bbox 2537 2326 2770 2386; x_wconf 76' lang='lat' dir='ltr'><strong>Fidelis</strong></span> <span class='ocrx_word' id='word_1_265' title='bbox 2803 2345 3043 2402; x_wconf 90' lang='lat' dir='ltr'><strong>sermo,</strong></span> <span class='ocrx_word' id='word_1_266' title='bbox 3075 2336 3189 2388; x_wconf 85' lang='lat' dir='ltr'><strong>etc.</strong></span> <span class='ocrx_word' id='word_1_267' title='bbox 3219 2328 3386 2391; x_wconf 83' lang='lat' dir='ltr'><strong>Hinc</strong></span> 
     </span>
    </p>
   </div>
   <div class='ocr_carea' id='block_1_24' title="bbox 106 2427 3384 2511">
    <p class='ocr_par' dir='ltr' id='par_1_24' title="bbox 106 2427 3384 2511">
     <span class='ocr_line' id='line_1_24' title="bbox 106 2427 3384 2511; baseline -0.002 -15"><span class='ocrx_word' id='word_1_268' title='bbox 106 2435 359 2496; x_wconf 90' lang='lat' dir='ltr'><strong>umitur</strong></span> <span class='ocrx_word' id='word_1_269' title='bbox 380 2439 444 2496; x_wconf 94' lang='lat' dir='ltr'><strong>et</strong></span> <span class='ocrx_word' id='word_1_270' title='bbox 472 2450 587 2511; x_wconf 90' lang='lat' dir='ltr'><strong>pro</strong></span> <span class='ocrx_word' id='word_1_271' title='bbox 618 2431 1096 2511; x_wconf 85' lang='lat' dir='ltr'><strong>reliquislibris</strong></span> <span class='ocrx_word' id='word_1_272' title='bbox 1143 2434 1625 2510; x_wconf 79' lang='lat' dir='ltr'><strong>argumentum,</strong></span> <span class='ocrx_word' id='word_1_273' title='bbox 1661 2432 1854 2504; x_wconf 88' lang='lat' dir='ltr'><strong>atque</strong></span> <span class='ocrx_word' id='word_1_274' title='bbox 1907 2428 2066 2489; x_wconf 86' lang='lat' dir='ltr'><strong>adeo</strong></span> <span class='ocrx_word' id='word_1_275' title='bbox 2102 2429 2409 2488; x_wconf 86' lang='lat' dir='ltr'><strong>universo</strong></span> <span class='ocrx_word' id='word_1_276' title='bbox 2457 2427 2616 2487; x_wconf 83' lang='lat' dir='ltr'><strong>Novi</strong></span> <span class='ocrx_word' id='word_1_277' title='bbox 2665 2429 3060 2489; x_wconf 87' lang='lat' dir='ltr'><strong>Testamenti</strong></span> <span class='ocrx_word' id='word_1_278' title='bbox 3093 2428 3384 2504; x_wconf 84' lang='lat' dir='ltr'><strong>Canone,</strong></span> 
     </span>
    </p>
   </div>
   <div class='ocr_carea' id='block_1_25' title="bbox 115 2512 3358 2607">
    <p class='ocr_par' dir='ltr' id='par_1_25' title="bbox 115 2512 3358 2607">
     <span class='ocr_line' id='line_1_25' title="bbox 115 2512 3358 2607; baseline -0.003 -10"><span class='ocrx_word' id='word_1_279' title='bbox 115 2553 262 2597; x_wconf 89' lang='lat' dir='ltr'><strong>uem</strong></span> <span class='ocrx_word' id='word_1_280' title='bbox 295 2512 788 2596; x_wconf 68' lang='lat' dir='ltr'><strong>adGrzecorum</strong></span> <span class='ocrx_word' id='word_1_281' title='bbox 819 2531 1111 2592; x_wconf 87' lang='lat' dir='ltr'><strong>codicum</strong></span> <span class='ocrx_word' id='word_1_282' title='bbox 1146 2528 1334 2589; x_wconf 84' lang='lat' dir='ltr'><strong>(idem</strong></span> <span class='ocrx_word' id='word_1_283' title='bbox 1367 2527 1656 2607; x_wconf 88' lang='lat' dir='ltr'><strong>exegerit</strong></span> <span class='ocrx_word' id='word_1_284' title='bbox 1687 2526 1749 2586; x_wconf 89' lang='lat' dir='ltr'><strong>S.</strong></span> <span class='ocrx_word' id='word_1_285' title='bbox 1786 2527 2011 2586; x_wconf 85' lang='lat' dir='ltr'><strong>Pater:</strong></span> <span class='ocrx_word' id='word_1_286' title='bbox 2066 2527 2317 2586; x_wconf 86' lang='lat' dir='ltr'><strong>tametsi</strong></span> <span class='ocrx_word' id='word_1_287' title='bbox 2361 2526 2500 2586; x_wconf 91' lang='lat' dir='ltr'><strong>sola</strong></span> <span class='ocrx_word' id='word_1_288' title='bbox 2551 2525 2903 2603; x_wconf 78' lang='lat' dir='ltr'><strong>Evangelia</strong></span> <span class='ocrx_word' id='word_1_289' title='bbox 2960 2526 3228 2606; x_wconf 81' lang='lat' dir='ltr'><strong>prologo</strong></span> <span class='ocrx_word' id='word_1_290' title='bbox 3260 2529 3358 2588; x_wconf 90' lang='lat' dir='ltr'><strong>in-</strong></span> 
     </span>
    </p>
   </div>
   <div class='ocr_carea' id='block_1_26' title="bbox 130 2627 3381 2716">
    <p class='ocr_par' dir='ltr' id='par_1_26' title="bbox 130 2627 3381 2716">
     <span class='ocr_line' id='line_1_26' title="bbox 130 2627 3381 2716; baseline -0.003 -16"><span class='ocrx_word' id='word_1_291' title='bbox 130 2638 418 2711; x_wconf 87' lang='lat' dir='ltr'><strong>ruxerit,</strong></span> <span class='ocrx_word' id='word_1_292' title='bbox 452 2636 621 2716; x_wconf 88' lang='lat' dir='ltr'><strong>quod</strong></span> <span class='ocrx_word' id='word_1_293' title='bbox 649 2652 723 2697; x_wconf 92' lang='lat' dir='ltr'><strong>ea</strong></span> <span class='ocrx_word' id='word_1_294' title='bbox 754 2650 901 2712; x_wconf 88' lang='lat' dir='ltr'><strong>pars</strong></span> <span class='ocrx_word' id='word_1_295' title='bbox 933 2633 1015 2694; x_wconf 90' lang='lat' dir='ltr'><strong>sit</strong></span> <span class='ocrx_word' id='word_1_296' title='bbox 1045 2631 1335 2693; x_wconf 89' lang='lat' dir='ltr'><strong>omnium</strong></span> <span class='ocrx_word' id='word_1_297' title='bbox 1371 2630 1574 2707; x_wconf 89' lang='lat' dir='ltr'><strong>prima</strong></span> <span class='ocrx_word' id='word_1_298' title='bbox 1613 2634 1676 2690; x_wconf 93' lang='lat' dir='ltr'><strong>et</strong></span> <span class='ocrx_word' id='word_1_299' title='bbox 1711 2628 2138 2696; x_wconf 88' lang='lat' dir='ltr'><strong>nobilissima,</strong></span> <span class='ocrx_word' id='word_1_300' title='bbox 2173 2627 2442 2688; x_wconf 78' lang='lat' dir='ltr'><strong>fortasse</strong></span> <span class='ocrx_word' id='word_1_301' title='bbox 2502 2627 2723 2704; x_wconf 89' lang='lat' dir='ltr'><strong>etiam,</strong></span> <span class='ocrx_word' id='word_1_302' title='bbox 2775 2627 2948 2707; x_wconf 89' lang='lat' dir='ltr'><strong>quod</strong></span> <span class='ocrx_word' id='word_1_303' title='bbox 3002 2628 3193 2708; x_wconf 88' lang='lat' dir='ltr'><strong>longe</strong></span> <span class='ocrx_word' id='word_1_304' title='bbox 3238 2630 3381 2708; x_wconf 87' lang='lat' dir='ltr'><strong>plu-</strong></span> 
     </span>
    </p>
   </div>
   <div class='ocr_carea' id='block_1_27' title="bbox 128 2729 3380 2812">
    <p class='ocr_par' dir='ltr' id='par_1_27' title="bbox 128 2729 3380 2812">
     <span class='ocr_line' id='line_1_27' title="bbox 128 2729 3380 2812; baseline -0.004 -8"><span class='ocrx_word' id='word_1_305' title='bbox 128 2746 247 2804; x_wconf 90' lang='lat' dir='ltr'><strong>bus</strong></span> <span class='ocrx_word' id='word_1_306' title='bbox 272 2741 442 2804; x_wconf 92' lang='lat' dir='ltr'><strong>locis</strong></span> <span class='ocrx_word' id='word_1_307' title='bbox 477 2739 792 2800; x_wconf 88' lang='lat' dir='ltr'><strong>medicam</strong></span> <span class='ocrx_word' id='word_1_308' title='bbox 829 2737 884 2799; x_wconf 92' lang='lat' dir='ltr'><strong>ei</strong></span> <span class='ocrx_word' id='word_1_309' title='bbox 923 2753 1186 2796; x_wconf 88' lang='lat' dir='ltr'><strong>manum</strong></span> <span class='ocrx_word' id='word_1_310' title='bbox 1219 2740 1413 2812; x_wconf 90' lang='lat' dir='ltr'><strong>atque</strong></span> <span class='ocrx_word' id='word_1_311' title='bbox 1448 2750 1658 2812; x_wconf 87' lang='lat' dir='ltr'><strong>opem,</strong></span> <span class='ocrx_word' id='word_1_312' title='bbox 1694 2730 2079 2792; x_wconf 85' lang='lat' dir='ltr'><strong>adhibuerit.</strong></span> <span class='ocrx_word' id='word_1_313' title='bbox 2121 2729 2477 2791; x_wconf 79' lang='lat' dir='ltr'><strong>Richardus</strong></span> <span class='ocrx_word' id='word_1_314' title='bbox 2501 2730 2856 2805; x_wconf 86' lang='lat' dir='ltr'><strong>Bentleius,</strong></span> <span class='ocrx_word' id='word_1_315' title='bbox 2887 2731 2994 2806; x_wconf 91' lang='lat' dir='ltr'><strong>qui</strong></span> <span class='ocrx_word' id='word_1_316' title='bbox 3031 2749 3148 2808; x_wconf 91' lang='lat' dir='ltr'><strong>pro</strong></span> <span class='ocrx_word' id='word_1_317' title='bbox 3183 2730 3380 2792; x_wconf 89' lang='lat' dir='ltr'><strong>ador-</strong></span> 
     </span>
    </p>
   </div>
   <div class='ocr_carea' id='block_1_28' title="bbox 122 2830 3381 2920">
    <p class='ocr_par' dir='ltr' id='par_1_28' title="bbox 122 2830 3381 2920">
     <span class='ocr_line' id='line_1_28' title="bbox 122 2830 3381 2920; baseline -0.005 -14"><span class='ocrx_word' id='word_1_318' title='bbox 122 2844 282 2906; x_wconf 77' lang='lat' dir='ltr'><strong>anda</strong></span> <span class='ocrx_word' id='word_1_319' title='bbox 320 2839 643 2920; x_wconf 87' lang='lat' dir='ltr'><strong>ejusmodi</strong></span> <span class='ocrx_word' id='word_1_320' title='bbox 674 2836 1178 2917; x_wconf 84' lang='lat' dir='ltr'><strong>Hieronymiana</strong></span> <span class='ocrx_word' id='word_1_321' title='bbox 1204 2833 1482 2896; x_wconf 88' lang='lat' dir='ltr'><strong>editione</strong></span> <span class='ocrx_word' id='word_1_322' title='bbox 1510 2850 1591 2893; x_wconf 81' lang='lat' dir='ltr'><strong>ex</strong></span> <span class='ocrx_word' id='word_1_323' title='bbox 1625 2830 2090 2908; x_wconf 87' lang='lat' dir='ltr'><strong>antiquissimis</strong></span> <span class='ocrx_word' id='word_1_324' title='bbox 2152 2831 2478 2890; x_wconf 89' lang='lat' dir='ltr'><strong>variarum</strong></span> <span class='ocrx_word' id='word_1_325' title='bbox 2538 2830 2825 2907; x_wconf 84' lang='lat' dir='ltr'><strong>gentium</strong></span> <span class='ocrx_word' id='word_1_326' title='bbox 2863 2832 3187 2891; x_wconf 88' lang='lat' dir='ltr'><strong>codicibus</strong></span> <span class='ocrx_word' id='word_1_327' title='bbox 3225 2850 3381 2892; x_wconf 90' lang='lat' dir='ltr'><strong>mss.</strong></span> 
     </span>
    </p>
   </div>
   <div class='ocr_carea' id='block_1_29' title="bbox 126 2930 3382 3024">
    <p class='ocr_par' dir='ltr' id='par_1_29' title="bbox 126 2930 3382 3024">
     <span class='ocr_line' id='line_1_29' title="bbox 126 2930 3382 3024; baseline -0.004 -18"><span class='ocrx_word' id='word_1_328' title='bbox 126 2948 561 3024; x_wconf 74' lang='lat' dir='ltr'><strong>-ogrammate</strong></span> <span class='ocrx_word' id='word_1_329' title='bbox 593 2941 658 3000; x_wconf 92' lang='lat' dir='ltr'><strong>in</strong></span> <span class='ocrx_word' id='word_1_330' title='bbox 697 2938 927 3016; x_wconf 82' lang='lat' dir='ltr'><strong>vulgus</strong></span> <span class='ocrx_word' id='word_1_331' title='bbox 960 2936 1151 3008; x_wconf 88' lang='lat' dir='ltr'><strong>edito,</strong></span> <span class='ocrx_word' id='word_1_332' title='bbox 1183 2935 1448 2996; x_wconf 87' lang='lat' dir='ltr'><strong>tentavit</strong></span> <span class='ocrx_word' id='word_1_333' title='bbox 1497 2933 1830 2992; x_wconf 87' lang='lat' dir='ltr'><strong>doctorum</strong></span> <span class='ocrx_word' id='word_1_334' title='bbox 1881 2931 2212 2990; x_wconf 88' lang='lat' dir='ltr'><strong>hominum</strong></span> <span class='ocrx_word' id='word_1_335' title='bbox 2240 2930 2508 3008; x_wconf 87' lang='lat' dir='ltr'><strong>judicia,</strong></span> <span class='ocrx_word' id='word_1_336' title='bbox 2540 2931 2862 3007; x_wconf 87' lang='lat' dir='ltr'><strong>specimen</strong></span> <span class='ocrx_word' id='word_1_337' title='bbox 2901 2933 3117 3009; x_wconf 87' lang='lat' dir='ltr'><strong>magni</strong></span> <span class='ocrx_word' id='word_1_338' title='bbox 3151 2931 3382 3010; x_wconf 90' lang='lat' dir='ltr'><strong>Operis</strong></span> 
     </span>
    </p>
   </div>
   <div class='ocr_carea' id='block_1_30' title="bbox 129 3031 3383 3123">
    <p class='ocr_par' dir='ltr' id='par_1_30' title="bbox 129 3031 3383 3123">
     <span class='ocr_line' id='line_1_30' title="bbox 129 3031 3383 3123; baseline -0.004 -14"><span class='ocrx_word' id='word_1_339' title='bbox 129 3048 387 3111; x_wconf 88' lang='lat' dir='ltr'><strong>aluitex</strong></span> <span class='ocrx_word' id='word_1_340' title='bbox 423 3041 858 3123; x_wconf 81' lang='lat' dir='ltr'><strong>Apocalypsis</strong></span> <span class='ocrx_word' id='word_1_341' title='bbox 886 3041 1093 3118; x_wconf 83' lang='lat' dir='ltr'><strong>capite</strong></span> <span class='ocrx_word' id='word_1_342' title='bbox 1128 3044 1452 3118; x_wconf 88' lang='lat' dir='ltr'><strong>postremo</strong></span> <span class='ocrx_word' id='word_1_343' title='bbox 1482 3035 1822 3111; x_wconf 82' lang='lat' dir='ltr'><strong>exhibere,</strong></span> <span class='ocrx_word' id='word_1_344' title='bbox 1858 3038 1928 3092; x_wconf 91' lang='lat' dir='ltr'><strong>ut</strong></span> <span class='ocrx_word' id='word_1_345' title='bbox 1975 3050 2053 3092; x_wconf 89' lang='lat' dir='ltr'><strong>ne</strong></span> <span class='ocrx_word' id='word_1_346' title='bbox 2086 3031 2159 3091; x_wconf 89' lang='lat' dir='ltr'><strong>de</strong></span> <span class='ocrx_word' id='word_1_347' title='bbox 2191 3032 2310 3093; x_wconf 89' lang='lat' dir='ltr'><strong>hoc</strong></span> <span class='ocrx_word' id='word_1_348' title='bbox 2347 3033 2604 3111; x_wconf 86' lang='lat' dir='ltr'><strong>quidem</strong></span> <span class='ocrx_word' id='word_1_349' title='bbox 2667 3033 2859 3108; x_wconf 79' lang='lat' dir='ltr'><strong>libro,</strong></span> <span class='ocrx_word' id='word_1_350' title='bbox 2916 3035 3026 3112; x_wconf 92' lang='lat' dir='ltr'><strong>qui</strong></span> <span class='ocrx_word' id='word_1_351' title='bbox 3087 3034 3383 3113; x_wconf 87' lang='lat' dir='ltr'><strong>pluribus</strong></span> 
     </span>
    </p>
   </div>
   <div class='ocr_carea' id='block_1_31' title="bbox 128 3132 3379 3214">
    <p class='ocr_par' dir='ltr' id='par_1_31' title="bbox 128 3132 3379 3214">
     <span class='ocr_line' id='line_1_31' title="bbox 128 3132 3379 3214; baseline -0.003 -7"><span class='ocrx_word' id='word_1_352' title='bbox 128 3149 447 3208; x_wconf 83' lang='lat' dir='ltr'><strong>-iticorum</strong></span> <span class='ocrx_word' id='word_1_353' title='bbox 478 3141 832 3206; x_wconf 89' lang='lat' dir='ltr'><strong>calumniis</strong></span> <span class='ocrx_word' id='word_1_354' title='bbox 871 3140 1122 3202; x_wconf 87' lang='lat' dir='ltr'><strong>videtur</strong></span> <span class='ocrx_word' id='word_1_355' title='bbox 1148 3136 1500 3209; x_wconf 82' lang='lat' dir='ltr'><strong>obnoxius,</strong></span> <span class='ocrx_word' id='word_1_356' title='bbox 1536 3135 1834 3198; x_wconf 86' lang='lat' dir='ltr'><strong>dubitare</strong></span> <span class='ocrx_word' id='word_1_357' title='bbox 1865 3149 1962 3208; x_wconf 87' lang='lat' dir='ltr'><strong>se,</strong></span> <span class='ocrx_word' id='word_1_358' title='bbox 1987 3133 2144 3211; x_wconf 85' lang='lat' dir='ltr'><strong>quin</strong></span> <span class='ocrx_word' id='word_1_359' title='bbox 2187 3132 2380 3195; x_wconf 81' lang='lat' dir='ltr'><strong>fuerit</strong></span> <span class='ocrx_word' id='word_1_360' title='bbox 2409 3135 2522 3196; x_wconf 89' lang='lat' dir='ltr'><strong>abs</strong></span> <span class='ocrx_word' id='word_1_361' title='bbox 2575 3135 2971 3214; x_wconf 89' lang='lat' dir='ltr'><strong>Hieronymo</strong></span> <span class='ocrx_word' id='word_1_362' title='bbox 3020 3135 3379 3199; x_wconf 89' lang='lat' dir='ltr'><strong>recensitus</strong></span> 
     </span>
    </p>
   </div>
   <div class='ocr_carea' id='block_1_32' title="bbox 130 3236 3388 3326">
    <p class='ocr_par' dir='ltr' id='par_1_32' title="bbox 130 3236 3388 3326">
     <span class='ocr_line' id='line_1_32' title="bbox 130 3236 3388 3326; baseline -0.004 -12"><span class='ocrx_word' id='word_1_363' title='bbox 130 3255 133 3270; x_wconf 91' lang='lat'><em>&#39;</em></span> <span class='ocrx_word' id='word_1_364' title='bbox 169 3252 508 3326; x_wconf 66' lang='lat' dir='ltr'><strong>Graecum,</strong></span> <span class='ocrx_word' id='word_1_365' title='bbox 541 3245 943 3309; x_wconf 87' lang='lat' dir='ltr'><strong>ostenderet.</strong></span> <span class='ocrx_word' id='word_1_366' title='bbox 983 3244 1234 3304; x_wconf 85' lang='lat' dir='ltr'><strong>Poterat</strong></span> <span class='ocrx_word' id='word_1_367' title='bbox 1266 3241 1449 3302; x_wconf 90' lang='lat' dir='ltr'><strong>labor</strong></span> <span class='ocrx_word' id='word_1_368' title='bbox 1475 3238 1609 3312; x_wconf 90' lang='lat' dir='ltr'><strong>ille,</strong></span> <span class='ocrx_word' id='word_1_369' title='bbox 1643 3236 1766 3298; x_wconf 91' lang='lat' dir='ltr'><strong>nisi</strong></span> <span class='ocrx_word' id='word_1_370' title='bbox 1803 3243 1942 3315; x_wconf 93' lang='lat' dir='ltr'><strong>post</strong></span> <span class='ocrx_word' id='word_1_371' title='bbox 1974 3236 2201 3315; x_wconf 89' lang='lat' dir='ltr'><strong>longas</strong></span> <span class='ocrx_word' id='word_1_372' title='bbox 2231 3255 2469 3311; x_wconf 89' lang='lat' dir='ltr'><strong>moras,</strong></span> <span class='ocrx_word' id='word_1_373' title='bbox 2522 3257 2693 3300; x_wconf 89' lang='lat' dir='ltr'><strong>mors</strong></span> <span class='ocrx_word' id='word_1_374' title='bbox 2752 3239 2886 3316; x_wconf 86' lang='lat' dir='ltr'><strong>ipsa</strong></span> <span class='ocrx_word' id='word_1_375' title='bbox 2943 3237 3220 3301; x_wconf 89' lang='lat' dir='ltr'><strong>Editoris</strong></span> <span class='ocrx_word' id='word_1_376' title='bbox 3277 3241 3388 3302; x_wconf 87' lang='lat' dir='ltr'><strong>in-</strong></span> 
     </span>
    </p>
   </div>
   <div class='ocr_carea' id='block_1_33' title="bbox 128 3337 3385 3429">
    <p class='ocr_par' dir='ltr' id='par_1_33' title="bbox 128 3337 3385 3429">
     <span class='ocr_line' id='line_1_33' title="bbox 128 3337 3385 3429; baseline -0.005 -10"><span class='ocrx_word' id='word_1_377' title='bbox 128 3355 490 3429; x_wconf 62' lang='lat' dir='ltr'><strong>cessisset,</strong></span> <span class='ocrx_word' id='word_1_378' title='bbox 526 3352 697 3412; x_wconf 88' lang='lat' dir='ltr'><strong>bene</strong></span> <span class='ocrx_word' id='word_1_379' title='bbox 731 3346 918 3408; x_wconf 90' lang='lat' dir='ltr'><strong>nobis</strong></span> <span class='ocrx_word' id='word_1_380' title='bbox 957 3345 1284 3423; x_wconf 88' lang='lat' dir='ltr'><strong>prodesse.</strong></span> <span class='ocrx_word' id='word_1_381' title='bbox 1319 3342 1574 3402; x_wconf 83' lang='lat' dir='ltr'><strong>Interea</strong></span> <span class='ocrx_word' id='word_1_382' title='bbox 1619 3343 1681 3400; x_wconf 88' lang='lat' dir='ltr'><strong>et</strong></span> <span class='ocrx_word' id='word_1_383' title='bbox 1730 3338 1868 3399; x_wconf 89' lang='lat' dir='ltr'><strong>sine</strong></span> <span class='ocrx_word' id='word_1_384' title='bbox 1909 3337 2043 3408; x_wconf 90' lang='lat' dir='ltr'><strong>illo,</strong></span> <span class='ocrx_word' id='word_1_385' title='bbox 2079 3339 2238 3399; x_wconf 84' lang='lat' dir='ltr'><strong>nihil</strong></span> <span class='ocrx_word' id='word_1_386' title='bbox 2289 3339 2460 3418; x_wconf 89' lang='lat' dir='ltr'><strong>quod</strong></span> <span class='ocrx_word' id='word_1_387' title='bbox 2497 3347 2639 3402; x_wconf 88' lang='lat' dir='ltr'><strong>erat</strong></span> <span class='ocrx_word' id='word_1_388' title='bbox 2683 3359 2724 3402; x_wconf 82' lang='grc' dir='ltr'>ο</span> <span class='ocrx_word' id='word_1_389' title='bbox 2765 3360 2832 3402; x_wconf 89' lang='lat' dir='ltr'><strong>re</strong></span> <span class='ocrx_word' id='word_1_390' title='bbox 2888 3349 3109 3404; x_wconf 88' lang='lat' dir='ltr'><strong>nostra</strong></span> <span class='ocrx_word' id='word_1_391' title='bbox 3138 3389 3155 3420; x_wconf 98' lang='lat'><strong>,</strong></span> <span class='ocrx_word' id='word_1_392' title='bbox 3211 3359 3385 3423; x_wconf 73' lang='lat' dir='ltr'><strong>prm-</strong></span> 
     </span>
    </p>
   </div>
   <div class='ocr_carea' id='block_1_34' title="bbox 126 3439 3382 3525">
    <p class='ocr_par' dir='ltr' id='par_1_34' title="bbox 126 3439 3382 3525">
     <span class='ocr_line' id='line_1_34' title="bbox 126 3439 3382 3525; baseline -0.003 -7"><span class='ocrx_word' id='word_1_393' title='bbox 126 3457 481 3519; x_wconf 81' lang='lat' dir='ltr'><strong>misimus.</strong></span> <span class='ocrx_word' id='word_1_394' title='bbox 532 3449 920 3512; x_wconf 87' lang='lat' dir='ltr'><strong>Cauonibus</strong></span> <span class='ocrx_word' id='word_1_395' title='bbox 953 3445 1455 3525; x_wconf 85' lang='lat' dir='ltr'><strong>Evangeliorum</strong></span> <span class='ocrx_word' id='word_1_396' title='bbox 1508 3439 1901 3520; x_wconf 73' lang='lat' dir='ltr'><strong>preetiximus</strong></span> <span class='ocrx_word' id='word_1_397' title='bbox 1952 3441 2168 3503; x_wconf 74' lang='lat' dir='ltr'><strong>erce</strong></span> <span class='ocrx_word' id='word_1_398' title='bbox 2205 3447 2266 3502; x_wconf 90' lang='lat' dir='ltr'><strong>et</strong></span> <span class='ocrx_word' id='word_1_399' title='bbox 2301 3443 2528 3505; x_wconf 89' lang='lat' dir='ltr'><strong>Latine</strong></span> <span class='ocrx_word' id='word_1_400' title='bbox 2586 3444 2922 3521; x_wconf 86' lang='lat' dir='ltr'><strong>epistolam</strong></span> <span class='ocrx_word' id='word_1_401' title='bbox 2977 3447 3239 3508; x_wconf 82' lang='lat' dir='ltr'><strong>Eusebii</strong></span> <span class='ocrx_word' id='word_1_402' title='bbox 3302 3447 3382 3509; x_wconf 89' lang='lat' dir='ltr'><strong>ad</strong></span> 
     </span>
    </p>
   </div>
   <div class='ocr_carea' id='block_1_35' title="bbox 126 3543 3380 3642">
    <p class='ocr_par' dir='ltr' id='par_1_35' title="bbox 126 3543 3380 3642">
     <span class='ocr_line' id='line_1_35' title="bbox 126 3543 3380 3642; baseline -0.003 -20"><span class='ocrx_word' id='word_1_403' title='bbox 126 3563 480 3642; x_wconf 85' lang='lat' dir='ltr'><strong>rpianum,</strong></span> <span class='ocrx_word' id='word_1_404' title='bbox 520 3573 679 3633; x_wconf 65' lang='lat' dir='ltr'><strong>qua)</strong></span> <span class='ocrx_word' id='word_1_405' title='bbox 717 3555 781 3614; x_wconf 88' lang='lat' dir='ltr'><strong>in</strong></span> <span class='ocrx_word' id='word_1_406' title='bbox 819 3549 1198 3630; x_wconf 65' lang='lat' dir='ltr'><strong>praecedenti</strong></span> <span class='ocrx_word' id='word_1_407' title='bbox 1244 3547 1602 3610; x_wconf 74' lang='lat' dir='ltr'><strong>Martiauwi</strong></span> <span class='ocrx_word' id='word_1_408' title='bbox 1642 3543 1922 3606; x_wconf 87' lang='lat' dir='ltr'><strong>editione</strong></span> <span class='ocrx_word' id='word_1_409' title='bbox 1971 3544 2486 3622; x_wconf 86' lang='lat' dir='ltr'><strong>desiderabatur,</strong></span> <span class='ocrx_word' id='word_1_410' title='bbox 2538 3553 2678 3610; x_wconf 90' lang='lat' dir='ltr'><strong>erat</strong></span> <span class='ocrx_word' id='word_1_411' title='bbox 2727 3565 2880 3610; x_wconf 91' lang='lat' dir='ltr'><strong>vero</strong></span> <span class='ocrx_word' id='word_1_412' title='bbox 2917 3547 2994 3610; x_wconf 92' lang='lat' dir='ltr'><strong>ad</strong></span> <span class='ocrx_word' id='word_1_413' title='bbox 3044 3549 3380 3612; x_wconf 90' lang='lat' dir='ltr'><strong>Canonum</strong></span> 
     </span>
    </p>
   </div>
   <div class='ocr_carea' id='block_1_36' title="bbox 128 3648 3377 3744">
    <p class='ocr_par' dir='ltr' id='par_1_36' title="bbox 128 3648 3377 3744">
     <span class='ocr_line' id='line_1_36' title="bbox 128 3648 3377 3744; baseline -0.006 -17"><span class='ocrx_word' id='word_1_414' title='bbox 128 3669 356 3730; x_wconf 88' lang='lat' dir='ltr'><strong>ionem</strong></span> <span class='ocrx_word' id='word_1_415' title='bbox 398 3656 918 3744; x_wconf 86' lang='lat' dir='ltr'><strong>percipiendam</strong></span> <span class='ocrx_word' id='word_1_416' title='bbox 955 3654 1223 3715; x_wconf 89' lang='lat' dir='ltr'><strong>omnino</strong></span> <span class='ocrx_word' id='word_1_417' title='bbox 1253 3650 1646 3713; x_wconf 86' lang='lat' dir='ltr'><strong>necessaria.</strong></span> <span class='ocrx_word' id='word_1_418' title='bbox 1681 3648 1828 3727; x_wconf 88' lang='lat' dir='ltr'><strong>Ipsa</strong></span> <span class='ocrx_word' id='word_1_419' title='bbox 1861 3649 2244 3728; x_wconf 86' lang='lat' dir='ltr'><strong>Evangelia,</strong></span> <span class='ocrx_word' id='word_1_420' title='bbox 2301 3649 2476 3709; x_wconf 90' lang='lat' dir='ltr'><strong>Pauli</strong></span> <span class='ocrx_word' id='word_1_421' title='bbox 2539 3650 2886 3728; x_wconf 86' lang='lat' dir='ltr'><strong>Epistolas,</strong></span> <span class='ocrx_word' id='word_1_422' title='bbox 2936 3656 2998 3712; x_wconf 94' lang='lat' dir='ltr'><strong>et</strong></span> <span class='ocrx_word' id='word_1_423' title='bbox 3053 3653 3377 3730; x_wconf 87' lang='lat' dir='ltr'><strong>reliquum</strong></span> 
     </span>
    </p>
   </div>
   <div class='ocr_carea' id='block_1_37' title="bbox 118 3751 3385 3850">
    <p class='ocr_par' dir='ltr' id='par_1_37' title="bbox 118 3751 3385 3850">
     <span class='ocr_line' id='line_1_37' title="bbox 118 3751 3385 3850; baseline -0.004 -20"><span class='ocrx_word' id='word_1_424' title='bbox 118 3773 387 3850; x_wconf 68' lang='lat' dir='ltr'><strong>&#39;ipturze</strong></span> <span class='ocrx_word' id='word_1_425' title='bbox 427 3768 709 3826; x_wconf 82' lang='lat' dir='ltr'><strong>textum</strong></span> <span class='ocrx_word' id='word_1_426' title='bbox 749 3758 828 3818; x_wconf 90' lang='lat' dir='ltr'><strong>ad</strong></span> <span class='ocrx_word' id='word_1_427' title='bbox 870 3774 1027 3817; x_wconf 91' lang='lat' dir='ltr'><strong>mss.</strong></span> <span class='ocrx_word' id='word_1_428' title='bbox 1079 3753 1328 3815; x_wconf 89' lang='lat' dir='ltr'><strong>codices</strong></span> <span class='ocrx_word' id='word_1_429' title='bbox 1362 3751 1878 3831; x_wconf 88' lang='lat' dir='ltr'><strong>antiquissimos,</strong></span> <span class='ocrx_word' id='word_1_430' title='bbox 1904 3758 2098 3830; x_wconf 88' lang='lat' dir='ltr'><strong>atque</strong></span> <span class='ocrx_word' id='word_1_431' title='bbox 2132 3752 2391 3830; x_wconf 68' lang='lat' dir='ltr'><strong>optima:</strong></span> <span class='ocrx_word' id='word_1_432' title='bbox 2416 3758 2582 3813; x_wconf 67' lang='lat' dir='ltr'><strong>notae</strong></span> <span class='ocrx_word' id='word_1_433' title='bbox 2608 3754 2970 3833; x_wconf 84' lang='lat' dir='ltr'><strong>exegimus,</strong></span> <span class='ocrx_word' id='word_1_434' title='bbox 3029 3755 3234 3829; x_wconf 90' lang='lat' dir='ltr'><strong>nulla,</strong></span> <span class='ocrx_word' id='word_1_435' title='bbox 3269 3761 3385 3817; x_wconf 87' lang='lat' dir='ltr'><strong>aut</strong></span> 
     </span>
    </p>
   </div>
   <div class='ocr_carea' id='block_1_38' title="bbox 121 3855 3381 3954">
    <p class='ocr_par' dir='ltr' id='par_1_38' title="bbox 121 3855 3381 3954">
     <span class='ocr_line' id='line_1_38' title="bbox 121 3855 3381 3954; baseline -0.004 -20"><span class='ocrx_word' id='word_1_436' title='bbox 121 3890 250 3954; x_wconf 86' lang='lat' dir='ltr'><strong>gua</strong></span> <span class='ocrx_word' id='word_1_437' title='bbox 308 3868 610 3932; x_wconf 83' lang='lat' dir='ltr'><strong>ratione</strong></span> <span class='ocrx_word' id='word_1_438' title='bbox 645 3860 870 3920; x_wconf 87' lang='lat' dir='ltr'><strong>habita</strong></span> <span class='ocrx_word' id='word_1_439' title='bbox 904 3860 1368 3929; x_wconf 89' lang='lat' dir='ltr'><strong>recentiorum,</strong></span> <span class='ocrx_word' id='word_1_440' title='bbox 1397 3873 1676 3934; x_wconf 89' lang='lat' dir='ltr'><strong>quorum</strong></span> <span class='ocrx_word' id='word_1_441' title='bbox 1725 3871 1960 3934; x_wconf 86' lang='lat' dir='ltr'><strong>magna</strong></span> <span class='ocrx_word' id='word_1_442' title='bbox 1993 3856 2085 3916; x_wconf 88' lang='lat' dir='ltr'><strong>vis</strong></span> <span class='ocrx_word' id='word_1_443' title='bbox 2112 3855 2375 3934; x_wconf 91' lang='lat' dir='ltr'><strong>quidem</strong></span> <span class='ocrx_word' id='word_1_444' title='bbox 2428 3863 2522 3918; x_wconf 90' lang='lat' dir='ltr'><strong>est</strong></span> <span class='ocrx_word' id='word_1_445' title='bbox 2577 3856 2642 3918; x_wconf 91' lang='lat' dir='ltr'><strong>iu</strong></span> <span class='ocrx_word' id='word_1_446' title='bbox 2692 3858 2894 3921; x_wconf 70' lang='lat' dir='ltr'><strong>Italia:</strong></span> <span class='ocrx_word' id='word_1_447' title='bbox 2939 3859 3381 3936; x_wconf 89' lang='lat' dir='ltr'><strong>bibliothecis,</strong></span> 
     </span>
    </p>
   </div>
   <div class='ocr_carea' id='block_1_39' title="bbox 140 3957 3381 4054">
    <p class='ocr_par' dir='ltr' id='par_1_39' title="bbox 140 3957 3381 4054">
     <span class='ocr_line' id='line_1_39' title="bbox 140 3957 3381 4054; baseline -0.006 -14"><span class='ocrx_word' id='word_1_448' title='bbox 140 3995 276 4039; x_wconf 90' lang='lat' dir='ltr'><strong>non</strong></span> <span class='ocrx_word' id='word_1_449' title='bbox 307 3985 534 4054; x_wconf 68' lang='lat' dir='ltr'><strong>aequa</strong></span> <span class='ocrx_word' id='word_1_450' title='bbox 569 3964 968 4036; x_wconf 89' lang='lat' dir='ltr'><strong>auctoritas,</strong></span> <span class='ocrx_word' id='word_1_451' title='bbox 1002 3963 1114 4024; x_wconf 91' lang='lat' dir='ltr'><strong>ubi</strong></span> <span class='ocrx_word' id='word_1_452' title='bbox 1143 3961 1219 4024; x_wconf 90' lang='lat' dir='ltr'><strong>de</strong></span> <span class='ocrx_word' id='word_1_453' title='bbox 1249 3959 1521 4042; x_wconf 87' lang='lat' dir='ltr'><strong>pristina</strong></span> <span class='ocrx_word' id='word_1_454' title='bbox 1555 3957 1932 4038; x_wconf 86' lang='lat' dir='ltr'><strong>Hieronymi</strong></span> <span class='ocrx_word' id='word_1_455' title='bbox 1973 3958 2247 4021; x_wconf 88' lang='lat' dir='ltr'><strong>lectione</strong></span> <span class='ocrx_word' id='word_1_456' title='bbox 2282 3959 2680 4025; x_wconf 88' lang='lat' dir='ltr'><strong>restituenda</strong></span> <span class='ocrx_word' id='word_1_457' title='bbox 2710 3979 2813 4025; x_wconf 88' lang='lat' dir='ltr'><strong>res</strong></span> <span class='ocrx_word' id='word_1_458' title='bbox 2851 3963 3090 4043; x_wconf 87' lang='lat' dir='ltr'><strong>agitur.</strong></span> <span class='ocrx_word' id='word_1_459' title='bbox 3135 3960 3381 4023; x_wconf 62' lang='lat' dir='ltr'><strong>Caetera</strong></span> 
     </span>
    </p>
   </div>
   <div class='ocr_carea' id='block_1_40' title="bbox 102 4067 1132 4148">
    <p class='ocr_par' dir='ltr' id='par_1_40' title="bbox 102 4067 1132 4148">
     <span class='ocr_line' id='line_1_40' title="bbox 102 4067 1132 4148; baseline -0.019 0"><span class='ocrx_word' id='word_1_460' title='bbox 102 4073 718 4148; x_wconf 84' lang='lat' dir='ltr'><strong>annotationibus</strong></span> <span class='ocrx_word' id='word_1_461' title='bbox 765 4067 1132 4148; x_wconf 88' lang='lat' dir='ltr'><strong>dignosces.</strong></span> 
     </span>
    </p>
   </div>
  </div>
