3960 6208
163 255 229 317 ’5

1059 251 1433 312 PRIEFATIO
1474 250 1854 313 IIIERONYMI
1895 252 1960 312 IN
2001 250 2260 309 LIBRUM
2299 249 2558 308 ΤΟΒΙᾹΞ.

170 389 280 431 meo
312 374 519 431 studio.
554 374 819 447 Arguunt
846 373 989 431 enim
1026 386 1126 428 nos
1154 371 1509 427 Hebraeorum
1537 370 1718 426 studia
1739 415 1754 439 ,
1785 374 1840 436 Α
1863 370 2059 440 linguae
2091 367 2485 439 peritissimum
2514 369 2799 438 loquacem
2830 367 3133 439 reperiens,
3169 369 3330 424 unius
3348 370 3459 427 diei

171 477 221 525 et
264 468 525 541 imputant
576 469 763 534 nobis,
813 476 999 523 contra
1048 480 1204 521 suum
1250 481 1513 521 eanonem
1551 465 1759 521 Latinis

172 562 377 618 auribus
422 562 526 617 ista
582 560 911 617 transferre.
951 560 1054 616 Sed
1100 560 1295 615 melius
1352 575 1476 615 esse
1509 558 1759 629 judicans

119 690 135 719 ,
172 652 542 725 phariszeorum
572 653 873 725 displicere
894 653 1119 723 judicio,
1149 662 1204 708 et
1235 653 1616 722 episcoporum
1637 651 1757 722 jus-

168 746 391 802 sionibus
411 746 725 811 deservire,
758 746 929 802 inStiti
952 757 1009 801 ut
1034 747 1204 816 potui.
1234 745 1303 801 Et
1322 744 1451 817 quia
1474 745 1649 801 vicina
1672 753 1759 800 est

168 834 522 895 Chaldaeorum
564 839 757 911 lingua
804 838 1048 895 sermoni
1093 837 1365 895 llebraico
1404 857 1417 893 :
1472 837 1754 909 utriusque

160 1003 289 1075 gitur
312 1003 625 1074 apocrypha
650 1002 705 1057 in
730 1011 961 1075 utroque
987 1001 1227 1075 prologo.
1256 1000 1399 1055 Inter
1419 1000 1754 1075 antiquiores

157 1072 401 1145 quotquOt
434 1072 739 1128 lectionem
779 1072 1161 1145 Hagiogmpha
1192 1087 1372 1126 veram
1413 1087 1533 1125 esse.
1572 1072 1751 1145 credi-

154 1144 350 1208 derunt,
381 1146 618 1214 largiori
647 1160 819 1199 sensu
842 1146 1161 1199 sumendam
1194 1158 1316 1197 e~se
1360 1152 1623 1197 statuunt;
1660 1144 1753 1198 Sic

156 1217 425 1288 Dionysius
454 1216 728 1272 Carthus.
755 1226 813 1272 et
857 1218 911 1271 in
950 1220 1111 1273 tertio
1148 1216 1383 1287 quodam
1426 1215 1600 1270 Biblio
1646 1229 1748 1270 tns.

1864 461 2105 517 laborem
2127 462 2332 531 arripui
2358 479 2372 515 :
2405 468 2459 514 et
2478 460 2735 532 quidquid
2758 459 2847 516 ille
2880 459 3010 515 mihi
3032 460 3307 516 llebrairis
3336 477 3461 517 ver-

1864 555 1947 609 bis
1994 554 2295 624 expressit,
2326 552 2430 607 hoc
2477 568 2577 623 ego
2600 554 2775 608 accito
2813 555 3025 607 notario
3050 596 3065 620 ,
3114 555 3463 610 sermonibus

1865 646 2071 702 Latinis
2098 646 2348 716 exposui.
2373 644 2724 701 Orationibus
2750 645 2945 701 vestris
2970 646 3274 702 mercedem
3304 646 3465 716 hujus

1865 740 2051 809 aperis
2078 739 2479 809 compensabo,
2508 754 2629 795 cum
2656 748 2867 809 gratum
2892 739 3045 797 vobis
3073 740 3319 797 didicero
3344 757 3461 811 me,

1864 834 2216 906 quodjubere
2238 834 2371 889 estis
2400 832 2637 905 dignati,
2669 833 2993 904 complesse.

1865 998 2165 1063 Bodleiano
2194 995 2291 1063 (Ρ.
2326 996 2425 1068 1οῗ
2450 994 2468 1065 )
2504 994 2571 1049 ad
2601 1010 2789 1049 vocem
2825 994 3216 1068 ΗαθὶοῃντιρὴςιΔ
3242 995 3294 1050 in
3323 995 3463 1063 proi.

1860 1071 2046 1125 Tullia:
2071 1078 2335 1133 notatum,
2370 1067 2423 1118 id
2445 1077 2539 1125 est.
2574 1068 2873 1137 apocrypha
2893 1084 2911 1120 :
2938 1066 3132 1120 scilicet
3174 1066 3467 1138 IIngiOgm-

1864 1143 1965 1209 plta
1996 1141 2242 1193 dicuntur
2282 1142 2446 1208 large.
2483 1138 2550 1190 Et
2592 1138 2645 1190 in
2681 1141 2821 1205 prnl.
2867 1138 3076 1191 Jttdilh.
3112 1140 3175 1191 ad
3218 1144 3463 1193 catudettt

1863 1227 2051 1268 vocent
2080 1212 2373 1283 apponitur
2405 1218 2529 1264 nota
2565 1210 2953 1276 interlinearis,
2996 1211 3161 1281 large.

1778 1381 1783 1386 .
1810 1374 1837 1384 »π

1586 1485 2028 1572 INCIPIT

1818 1656 2568 1808 TOBI/E.

1063 1660 1661 1807 LIBER
1753 1662 1792 1709 ³

227 2035 380 2110 ιεαρ.
419 2031 499 2104 1.]
534 2030 763 2089 Tobias
808 2043 881 2085 ex
925 2026 1065 2082 tribu
1124 2032 1178 2079 et
1213 2023 1434 2079 civitate
1481 2019 1766 2092 Nephtbali

171 2132 315 2202 (quae
340 2135 422 2183 est
456 2126 512 2181 in
554 2120 955 2191 superioribus
1003 2118 1240 2173 Galilazte
1280 2129 1445 2185 supra
1482 2113 1721 2168 Naasson
1752 2152 1769 2179 ,

177 2231 281 2293 post
304 2221 440 2275 viam
478 2232 607 2288 qua:
634 2213 799 2270 ducit
829 2212 897 2268 ad
928 2210 1266 2267 occidentem
1290 2249 1305 2275 ,
1339 2209 1389 2263 in
1414 2206 1637 2262 sinistro
1671 2205 1769 2259 ha-

178 2314 298 2371 bens
320 2313 595 2368 civitatem
630 2309 886 2379 Sephet)
919 2322 1040 2362 cum
1080 2313 1270 2375 captus
1294 2309 1444 2358 esset
1482 2300 1537 2355 in
1575 2298 1771 2354 diebus

187 2406 504 2463 Salmanasar
539 2404 694 2474 regis
738 2400 1092 2473 Assyriorum
1115 2440 1131 2465 ,
1163 2399 1213 2453 in
1243 2396 1557 2467 captivitate
1587 2402 1768 2448 tamen

191 2503 394 2573 positus,
418 2500 568 2554 viam
602 2496 855 2553 veritatis
890 2509 997 2549 non
1030 2494 1310 2557 deseruit,
1346 2490 1417 2545 ita
1460 2501 1516 2543 ut
1548 2486 1727 2542 omnia
1752 2530 1768 2555 ,

192 2612 294 2668 (ιιιιε
319 2595 517 2652 habere
550 2600 794 2663 poterat,
826 2588 1070 2661 quotidie
1099 2584 1438 2654 concaptivis
1465 2580 1725 2637 fratribus
1752 2622 1767 2647 ,

194 2690 267 2759 qni
296 2697 444 2745 erant
484 2702 553 2742 ex
582 2684 706 2756 ejus
733 2697 963 2755 genere,
996 2680 1321 2750 impertiret.
1350 2678 1591 2747 Cumque
1625 2684 1773 2731 esset

188 2781 352 2853 junior
376 2780 635 2835 omnibus
667 2777 723 2833 in
747 2776 889 2831 tribu
911 2771 1222 2844 Nepbthali,
1253 2771 1387 2826 nihil
1422 2780 1602 2825 tamen
1634 2783 1770 2839 pue-

193 2876 281 2930 rile
307 2874 465 2945 gessit
494 2874 549 2927 in
573 2884 766 2939 opere.
795 2868 1039 2936 Denique
1063 2881 1185 2921 cum
1209 2864 1351 2919 irent
1376 2876 1567 2919 omnes
1596 2861 1662 2917 ad
1692 2862 1773 2917 vi-

192 2968 319 3021 tulos
344 2978 563 3026 aureos,
594 2975 733 3033 quos
752 2959 1044 3017 Jeroboam
1078 2957 1287 3013 fecerat
1321 2970 1417 3011 rex
1448 2953 1635 3021 Israel,
1682 2951 1771 3008 hic

190 3061 333 3117 solus
367 3057 601 3128 fugiebat
648 3051 920 3110 consortia
963 3050 1230 3115 omnium,
1274 3049 1369 3103 sed
1419 3045 1675 3118 pergebat
1718 3045 1771 3099 in

191 3150 482 3208 Jerusalem
516 3147 580 3201 ad
616 3145 875 3216 templum
899 3143 1109 3197 Domini
1136 3183 1151 3208 ,
1181 3150 1250 3212 et.
1271 3140 1341 3195 ibi
1372 3138 1632 3195 adorabat
1666 3136 1773 3193 Do-

192 3245 393 3300 minum
418 3241 579 3295 Deum
602 3237 791 3304 Israel,
824 3234 1001 3289 omnia
1036 3232 1308 3304 pritnitiva
1334 3244 1432 3285 sua
1453 3238 1506 3284 et
1534 3228 1773 3285 decimas

188 3350 316 3393 suas
344 3333 562 3389 fideliter
586 3330 825 3387 offerens
845 3368 860 3392 ,
895 3329 969 3383 ita
993 3335 1051 3381 ut
1078 3328 1127 3380 in
1160 3325 1323 3380 tertio
1343 3338 1487 3378 anno
1520 3321 1771 3393 prosely-

187 3431 273 3492 tis,
322 3437 377 3482 et
419 3424 639 3480 advenis
686 3423 1023 3477 ministraret
1062 3432 1277 3473 omnem
1325 3414 1771 3471 decimationem.

186 3520 310 3576 Ilaec
334 3528 386 3572 et
414 3516 497 3571 bis
518 3514 717 3570 similia
739 3511 1036 3568 secundum
1066 3512 1239 3582 legem
1263 3509 1358 3565 Dei
1391 3511 1653 3579 puerulus
1675 3507 1775 3562 ob-

181 3610 449 3668 servabat.
479 3608 613 3665 Cum
640 3622 772 3662 vero
800 3606 981 3661 factus
1005 3614 1149 3660 esset
1173 3604 1277 3668 vir,
1307 3602 1521 3670 accepit
1544 3616 1773 3655 uxorem

180 3707 389 3762 Annam
419 3703 485 3757 de
508 3702 649 3757 tribu
682 3716 805 3766 sua,
836 3699 1131 3771 genuitqne
1154 3714 1219 3752 ex
1246 3712 1311 3752 ea
1337 3694 1503 3750 filium
1530 3737 1546 3761 ,
1578 3710 1776 3749 nomen

175 3813 335 3853 suum
377 3800 660 3864 imponens
694 3793 781 3861 ei,
811 3806 971 3863 quem
1015 3790 1083 3845 ab
1127 3788 1350 3844 infantia
1386 3788 1579 3844 timere
1603 3787 1774 3844 Deum

175 3889 381 3953 docuit,
413 3898 467 3943 et
492 3886 770 3941 ab~linere
806 3884 875 3938 ab
900 3885 1044 3939 onmi
1075 3892 1319 3954 peccato.

255 4022 441 4093 Igitur,
464 4037 587 4077 cum
613 4036 709 4091 per
725 4019 1095 4090 captivitatem
1123 4018 1433 4074 devenisset
1454 4033 1575 4074 cum
1607 4034 1776 4074 uxore

167 4130 310 4181 sua,
354 4123 409 4171 et
441 4115 549 4171 ﬁlio
580 4117 633 4170 in
678 4114 954 4169 civitatem
981 4112 1228 4169 Ninivctn
1279 4128 1404 4169 cum
1450 4114 1599 4193 omni
1633 4115 1777 4171 tribu

66 4264 89 4273 ,
168 4228 296 4283 sua,
327 4226 448 4267 cum
476 4228 669 4268 omnes
697 4210 923 4267 ederent
947 4226 1014 4267 ex
1044 4212 1181 4267 cibis
1211 4211 1516 4279 gentilium,
1553 4212 1655 4265 iste
1684 4226 1779 4265 cu-

166 4305 401 4359 stodivit
445 4306 687 4360 animam
728 4320 885 4359 suam
928 4312 984 4359 et
1033 4320 1327 4373 numquam
1374 4305 1778 4359 contaminatus

171 4400 331 4454 estin
359 4398 502 4454 escis
534 4413 752 4454 eorum.
788 4397 856 4453 Et
882 4396 1137 4467 quoniam
1183 4412 1391 4452 memor
1418 4396 1520 4452 fuit
1564 4397 1779 4453 Domini

172 4490 227 4545 in
262 4500 388 4547 toto
429 4492 596 4548 corde
635 4507 758 4557 suo,
801 4489 951 4546 dedit
992 4490 1069 4546 illi
1112 4490 1255 4545 Deus
1282 4492 1508 4561 gratiam
1556 4492 1607 4545 in
1642 4505 1775 4546 con-

177 4595 369 4651 spectu
412 4584 763 4641 Salmanasar
809 4584 977 4653 regis,
1029 4592 1084 4638 et
1125 4582 1277 4637 dedit
1322 4582 1402 4637 illi
1448 4591 1780 4652 potestatem

180 4688 523 4747 quocumque
549 4675 717 4730 vellet
738 4674 839 4736 ire,
869 4674 1071 4729 habens
1093 4674 1402 4730 libertatem
1426 4691 1781 4745 quaecumque

186 4764 359 4824 facere
386 4768 670 4824 voluisset.
703 4768 971 4839 Pergebat
997 4784 1128 4837 ergo
1158 4768 1226 4823 ad
1258 4784 1470 4838 omnes,
1501 4771 1593 4842 qui
1623 4780 1781 4827 erant

191 4858 238 4915 in
267 4866 605 4937 captivitate,
639 4875 695 4923 et
722 4865 924 4923 monita
952 4865 1147 4921 salutis
1174 4865 1337 4921 dabat
1362 4866 1465 4921 eis.

255 4986 387 5042 Cum
418 5001 594 5046 autem
620 4991 859 5047 venisset
890 4992 945 5047 in
970 4992 1145 5062 Rages
1168 4991 1444 5047 civitatem
1469 4992 1779 5062 Medorum,

189 5083 327 5135 etex
355 5081 461 5150 bis,
490 5083 687 5154 quibus
717 5083 1014 5140 honoratus
1050 5084 1227 5141 fuerat
1255 5098 1285 5139 a
1318 5099 1465 5155 rege,
1496 5085 1779 5144 habuisset

264 5282 289 5310 ⁸
314 5273 470 5329 Hunc
501 5274 721 5341 librum,
755 5290 917 5346 quem
945 5274 1081 5329 satis
1105 5272 1291 5329 habuit
1319 5273 1567 5329 Martian.
1594 5292 1658 5331 ex
1676 5277 1781 5332 Va-

187 5342 362 5401 ticana
389 5346 518 5400 edit.
555 5342 787 5402 fideliter
824 5347 1190 5414 expressisse,
1227 5360 1326 5398 nos
1351 5346 1415 5399 ad
1462 5348 1779 5417 antiquissi-

186 5428 333 5471 mum
360 5418 599 5485 ejusdem
633 5418 906 5473 Vaticana:
940 5418 1287 5473 bibliotheca:
1320 5417 1623 5473 Palatinum
1674 5436 1776 5475 ms.

184 5489 431 5559 culicem
471 5507 523 5544 n.
560 5490 631 5545 24
680 5501 1039 5558 praenotantur
1086 5490 1434 5542 continenter
1476 5492 1774 5559 exegimus.

182 5554 288 5612 Sed
327 5572 380 5615 et
423 5562 584 5616 alium
626 5554 999 5616 conSuluimns
1044 5560 1230 5615 itidem
1254 5554 1605 5625 Vaticanum,
1648 5562 1777 5616 olim

183 5631 386 5702 regina.-
413 5634 705 5689 Succorum
732 5648 839 5687 ms.
872 5632 972 5687 sub
1003 5649 1057 5688 n.
1091 5633 1145 5702 7,
1178 5647 1338 5702 quem
1364 5639 1417 5686 et
1449 5633 1499 5686 in
1532 5635 1777 5702 superio-

183 5701 257 5752 ris
293 5706 427 5759 turni
471 5706 624 5759 libris
664 5704 1123 5774 recognoscendis
1158 5701 1312 5757 bona:
1359 5703 1525 5773 frugis
1566 5703 1779 5771 experti

181 5782 387 5835 Sumus.
428 5778 633 5837 Dicitur
664 5773 823 5849 porro
853 5775 1072 5851 quidam
1108 5776 1250 5834 alius
1278 5774 1337 5833 S.
1370 5773 1621 5834 Germani
1648 5776 1779 5833 Pra-

1800 2026 1848 2087 B
1874 2016 2063 2073 decem
2095 2019 2296 2075 talenta
2326 2020 2535 2092 argenti
2561 2039 2571 2074 :
2600 2030 2657 2077 et
2684 2036 2807 2077 cum
2847 2021 2900 2078 in
2930 2021 3095 2077 multa
3128 2021 3283 2078 turba
3308 2036 3467 2093 geneo

1875 2112 1951 2168 ris
1979 2113 2059 2166 sui
2085 2112 2352 2169 Gabelum
2387 2125 2637 2185 egentem
2667 2116 2912 2181 videret,
2954 2117 3047 2187 qui
3078 2127 3195 2173 erat
3232 2133 3295 2171 ex
3327 2118 3469 2172 tribu

1874 2202 2012 2273 ejus,
2046 2204 2147 2259 Sub
2174 2206 2534 2279 chirographo
2556 2207 2707 2264 dedit
2744 2209 2821 2265 illi
2863 2219 3224 2266 memoratum
3257 2209 3469 2281 pondus

1875 2298 2105 2370 argenti.

1947 2408 2077 2465 Post
2108 2411 2335 2465 multum
2368 2427 2501 2469 vero
2538 2414 2800 2483 temporis
2827 2453 2844 2481 ,
2879 2425 3097 2469 mortuo
3126 2412 3472 2468 Salmanasar

1877 2517 2026 2571 rege,
2060 2518 2179 2559 cum
2214 2517 2465 2574 regnaret
2496 2506 2865 2562 Sennacherib
2898 2506 3044 2561 ﬁlius
3086 2506 3205 2576 ejus
3238 2522 3334 2574 pro
3359 2521 3425 2561 eo
3449 2548 3464 2570 ,

1877 2603 1932 2649 et
1960 2595 2099 2650 lilios
2124 2594 2286 2649 Israel
2316 2612 2513 2653 exesos
2539 2598 2765 2655 haberet
2793 2600 2845 2653 in
2874 2610 3168 2667 conspectu
3195 2613 3297 2653 suo
3317 2641 3332 2665 ,
3365 2598 3467 2653 'l‘o-r

1875 2684 1994 2741 bias
2011 2688 2253 2758 quotidie
2272 2690 2529 2760 pergebat
2544 2707 2639 2760 per
2656 2706 2871 2747 omnem
2890 2691 3274 2762 cognationem
3289 2705 3468 2757 suam,

1876 2787 1931 2835 et
1956 2780 2339 2836 consolabatur
2365 2798 2492 2847 eos,
2521 2783 2907 2855 dividebatque
2948 2785 3235 2855 unicuique
3258 2826 3272 2850 ,
3308 2794 3470 2854 prout

1876 2881 2110 2941 poterat,
2140 2873 2207 2927 de
2230 2871 2577 2945 facultatibus
2603 2876 2753 2932 suis:
2786 2877 3089 2931 esurientes
3118 2877 3321 2943 alebat,
3357 2893 3469 2931 nu-

1876 2962 2067 3033 disque
2100 2965 2417 3021 vestimenta
2442 2968 2740 3036 prtebebat,
2767 2971 3062 3023 etmortuis
3085 2980 3249 3039 atque
3273 2970 3469 3025 occisis

1876 3055 2210 3125 sepulturam
2242 3056 2507 3113 sollicitus
2534 3058 2845 3115 exhibebat.

1950 3169 2199 3240 Denique
2222 3183 2347 3225 cum
2378 3186 2627 3227 reversus
2660 3182 2805 3228 esset
2832 3189 2927 3228 rex
2951 3172 3353 3243 Sennacherib,
3391 3174 3471 3229 fu—

1877 3263 2033 3336 giens
2052 3278 2083 3317 a
2112 3262 2299 3318 Judtea
2326 3264 2558 3335 plagam,
2589 3281 2748 3337 quam
2775 3266 2917 3321 circa
2948 3282 3070 3321 eum
3103 3266 3309 3322 fecerat
3330 3266 3473 3322 Deus

1800 3387 1848 3451 ο
1879 3364 2101 3427 propter
2129 3355 2523 3425 blaSphetniatn
2554 3372 2731 3425 suam,
2764 3370 2817 3412 et
2841 3360 3009 3413 iratus
3038 3359 3236 3413 multos
3257 3359 3472 3415 occide-

1879 3457 1964 3505 ret
1988 3464 2054 3504 ex
2086 3447 2209 3503 ﬁliis
2235 3447 2424 3514 Israel,
2453 3449 2652 3505 Tobias
2678 3450 2977 3520 sepeliebat
3002 3466 3230 3521 corpora
3254 3468 3469 3507 eorum.

1876 3543 1949 3599 At
1980 3541 2071 3596 ubi
2101 3541 2405 3597 nuntiatum
2434 3549 2519 3597 est
2540 3544 2680 3614 regi,
2710 3543 2873 3613 jussit
2901 3560 3024 3600 eum
3056 3544 3231 3600 occidi
3260 3586 3274 3610 ,
3304 3556 3357 3600 et
3387 3555 3477 3599 tu-

1879 3634 1942 3690 lit
1967 3643 2187 3689 omncm
2231 3636 2589 3690 substantiam
2629 3636 2769 3709 ejus.
2802 3637 3002 3693 Tobias
3038 3653 3165 3693 vero
3206 3654 3328 3695 cutn
3362 3638 3473 3695 ﬁlio

1878 3742 1979 3783 suo
2018 3736 2219 3785 etcum
2253 3743 2423 3784 uxore
2450 3730 2663 3799 fugiens
2686 3771 2702 3794 ,
2734 3730 2908 3786 nudus
2938 3731 3125 3799 latuit,
3157 3733 3285 3803 quia
3318 3734 3472 3789 mulli

1882 3821 2177 3893 diligebant
2205 3838 2349 3880 eum.
2383 3824 2513 3879 Post
2533 3824 2650 3879 dies
2682 3840 2810 3879 vero
2842 3824 3200 3896 quadraginta
3233 3828 3474 3897 quinque

1879 3918 2198 3974 occiderunt
2226 3932 2407 3988 regem
2441 3918 2537 3973 ﬁlii
2565 3918 2765 3988 ipsius,
2796 3930 2851 3973 et
2882 3934 3136 3975 reversus
3164 3929 3247 3976 est
3272 3921 3475 3978 Tobias

1880 4012 1936 4068 in
1982 4011 2201 4067 domum
2248 4025 2442 4080 suam,
2474 4012 2761 4083 omnisque
2791 4010 3019 4070 facultas
3060 4012 3177 4084 ejus
3226 4014 3476 4073 restituta

1881 4113 1966 4162 est
1986 4106 2057 4161 ei.

1953 4208 2201 4282 [Cap.ll.]
2219 4208 2476 4267 Posthtec
2492 4226 2775 4277 vero,cum
2799 4220 2945 4267 esset
2962 4212 3080 4267 dies
3100 4212 3268 4268 festus
3296 4213 3476 4267 Domi-

1882 4303 1960 4371 ni,
1983 4312 2037 4359 ct
2068 4304 2265 4358 factum
2292 4315 2434 4358 esset
2467 4303 2750 4374 prandium
2781 4306 2979 4360 bonum
3013 4305 3064 4360 in
3090 4305 3252 4360 domo
3266 4304 3472 4372 Tohite,

1883 4397 2020 4453 dixit
2048 4397 2160 4452 ﬁlio
2180 4412 2279 4453 suo
2310 4412 2322 4454 :
2361 4396 2528 4467 Vade,
2558 4408 2611 4452 et
2640 4398 2815 4455 adduc
2836 4400 3045 4469 aliquos
3074 4399 3141 4453 de
3174 4398 3312 4453 tribu
3345 4412 3478 4450 nos-

1885 4500 1991 4559 lra,
2024 4492 2274 4547 timentes
2298 4492 2489 4558 Deum,
2515 4495 2876 4562 utepulentur
2905 4491 3207 4547 nobiscum.
3232 4488 3476 4558 Cumque

1883 4584 2107 4641 abiisset
2148 4599 2400 4640 reversus
2440 4586 2700 4640 nuntiavit
2730 4587 2811 4652 ei,
2846 4601 3008 4639 unum
3051 4600 3116 4639 ex
3162 4583 3284 4637 filiis
3313 4582 3475 4635 Israel

1881 4681 2183 4752 jogulatutn
2206 4680 2388 4749 jacere
2427 4681 2479 4735 in
2523 4680 2723 4750 platea.
2764 4680 3065 4748 Statimque
3096 4676 3353 4731 exsiliens
3408 4676 3476 4731 de

1806 4778 1860 4840 D
1884 4775 2133 4831 accubitu
2162 4790 2283 4843 suo,
2320 4775 2626 4846 relinquens
2658 4773 2961 4844 prandium,
2982 4771 3200 4841 jejunus
3227 4769 3477 4838 pervenit

1884 4871 1951 4927 ad
1982 4885 2215 4940 corpus:
2250 4870 2552 4941 tollensque
2585 4869 2711 4924 illud
2732 4867 2960 4937 portavit
2982 4865 3049 4919 ad
3074 4864 3293 4917 domum
3320 4877 3474 4918 suam

1884 4966 2099 5023 occulte
2125 5008 2138 5033 ,
2172 4976 2229 5022 ut
2254 5009 2269 5034 ,
2302 4968 2429 5022 dum
2483 4967 2560 5021 sol
2611 4961 2991 5025 occubuisset,
3030 4968 3188 5014 caute
3217 4958 3476 5028 sepeliret

1882 5079 2022 5120 eum.
2054 5062 2297 5134 Cumque
2326 5061 2648 5116 occultasset
2674 5068 2889 5125 corpus,
2912 5050 3255 5108 manducavit
3282 5066 3475 5124 panem

1883 5274 2052 5332 tensis
2097 5289 2200 5329 ms.
2252 5272 2389 5325 hane
2433 5258 3214 5338 praeferreinterseriptionem
3254 5277 3269 5338 ς
3316 5260 3477 5338 _l_.ioer

1881 5329 2126 5403 ictorum
2156 5344 2331 5399 Tobice
2356 5329 2782 5411 ﬁliiiAnonielis,
2816 5329 2915 5399 ﬁlii
2940 5330 3202 5411 Gabrielis
3229 5330 3475 5411 de'Tribu

1882 5402 2248 5489 vap/ulmum,
2294 5402 2400 5468 Se'il
2447 5406 2733 5489 Chald'attts
2767 5412 2944 5489 textits
2978 5402 3118 5489 unde
3145 5403 3473 5489 .versionem

1880 5472 2021 5545 hanc
2050 5503 2201 5542 suam
2234 5477 2791 5551 expressit_S._l’ater,
2824 5473 3028 5551 nullam
3059 5472 3245 5551 'I_‘_obi'.e
3268 5486 3470 5537 genea-

1884 5543 2081 5631 logiam
2127 5543 2339 5610 videtur
2383 5549 2727 5631 exhibuiSse;
2786 5545 2999 5631 tametsi
3043 5543 3130 5597 alii
3172 5552 3370 5607 textus,
3420 5552 3475 5631 et

2120 5627 2249 5679 edit.
2280 5637 2507 5694 quarum
2539 5621 2629 5694 ille
2658 5632 2759 5671 ms.
2793 5614 3039 5694 sequitur
3070 5628 3340 5674 normam,
3384 5612 3479 5693 atl-

1890 5686 1995 5757 hnc
2050 5686 2694 5767 fusiores'gcnealogias,
2745 5700 2951 5758 easque
2998 5686 3140 5743 inter
3190 5697 3252 5739 se
3304 5686 3483 5745 γειιὶειε

1890 5778 2155 5843 ηοριαιιιη
