3960 6208
537 201 612 260 27

543 422 704 479 quem
732 407 870 464 dixit
893 408 1152 465 Dominus
1180 422 1275 481 per
1294 410 1460 468 Amos
1482 412 1800 484 prophetam
1833 432 1845 468 :
1876 415 2002 471 Dies
2020 413 2143 471 l‘esti

547 502 714 557 vestri
769 510 1159 558 convertentur
1207 504 1259 559 in
1309 505 1750 562 lamentationem
1805 517 1861 563 et
1913 508 2141 564 luctum.

545 593 681 651 Cum
726 610 857 652 vero
889 597 972 652 sol
1020 597 1403 669 occubuisset,
1434 599 1600 668 abiit,
1628 610 1684 656 et
1711 601 1966 672 sepelivit
1991 618 2139 658 eum.

546 688 1055 761 Arguebantautem
1080 706 1203 748 eum
1225 705 1420 749 omnes
1446 694 1679 765 proximi
1710 694 2142 766 cjus,dicentes:

546 780 665 838 Jam
688 781 848 853 hujus
872 783 950 839 rei
971 799 1133 841 causa
1161 784 1396 842 interfici
1415 786 1601 858 jussus
1626 799 1777 855 es,et
1804 789 1890 843 vix
1911 788 2145 862 eﬂngisti

548 877 738 932 mortis
786 877 1101 948 imperium,
1145 889 1201 937 et
1240 881 1436 938 iterum
1479 884 1680 954 sepelis
1722 886 2002 953 mortuos?
2036 884 2145 943 Sed

546 966 747 1025 Tobias
789 968 909 1041 plus
955 970 1153 1028 timens
1193 972 1362 1029 Deum
1414 990 1577 1047 quam
1629 991 1837 1049 regem,
1900 979 2148 1051 rapiebat

548 1075 780 1133 corpora
822 1064 1149 1133 occisorum,
1177 1078 1232 1123 et
1271 1070 1577 1129 occultabat
1624 1073 1680 1129 in
1728 1074 1891 1134 demo
1939 1093 2058 1149 sua,
2093 1086 2151 1136 et

549 1156 746 1212 mediis
775 1158 1025 1215 noctibus
1054 1160 1355 1231 sepeliebat
1378 1178 1463 1219 ea.

622 1247 865 1319 Contigit
901 1258 1080 1307 autem
1135 1262 1197 1308 ut
1214 1254 1445 1325 quadam
1474 1258 1564 1316 die
1589 1258 1846 1334 fatigatus
1886 1280 1917 1320 a
1963 1266 2149 1337 sepul-

548 1348 667 1397 tura
698 1383 714 1411 ,
764 1344 994 1401 veniens
1041 1345 1095 1402 in
1136 1346 1357 1406 domum
1386 1366 1563 1424 suam,
1588 1355 1851 1427 jactasset
1908 1376 1968 1418 se
1997 1362 2147 1431 juxta

549 1432 836 1503 parietem,
871 1444 930 1493 et
978 1436 1365 1512 obdormisset,
1397 1454 1454 1501 et
1497 1462 1569 1502 ex
1612 1450 1741 1505 nido
1798 1452 2148 1513 hirundinum

553 1525 848 1583 dormienti
873 1528 952 1586 illi
977 1531 1154 1588 calida
1171 1543 1417 1593 stercora
1449 1540 1753 1598 inciderent
1779 1559 1943 1616 super
1963 1549 2150 1606 oculos

552 1618 694 1688 ejus,
724 1621 985 1694 lieretque
1014 1640 1211 1683 caecus.
1241 1629 1392 1687 Hanc
1419 1641 1600 1689 autem
1634 1638 1988 1697 tentationem
2025 1640 2150 1699 ideo

1558 202 1619 263 S.
1659 200 2040 262 lllEllONYlll
2078 201 2309 263 DIVINA
2347 201 2832 267 BIBLIOTHECA.
3765 214 3830 274 98

540 329 664 373 cum
695 314 841 370 luctu
893 323 948 372 ct
978 323 1234 387 tremore,
1267 332 1584 375 memorans
1626 318 1778 376 illum
1807 334 2141 388 sermonem,
2169 326 2220 387 Α
2246 324 2500 395 spiritum
2544 340 2725 382 meum

2782 344 2795 381 :
2845 327 3065 400 expedit
3108 327 3257 387 enim
3313 327 3448 387 mihi
3490 330 3630 389 mori
3675 335 3833 406 magis

2246 433 2407 491 quam
2430 420 2639 478 vivere.

2318 511 2522 567 Eadem
2547 513 2730 584 itaque
2759 512 2848 571 die
2867 515 3117 588 contigit,
3152 524 3211 573 ut
3234 517 3366 575 Sara
3396 516 3507 574 ﬁlia
3539 528 3563 559 ο
3590 519 3831 593 Raguelis

2248 604 2302 660 in
2329 605 2507 676 Rages
2528 607 2749 665 civitate
2773 608 3076 679 Medorum,
3109 619 3163 667 et
3187 611 3302 683 ipsa
3331 612 3552 670 audiret
3573 614 3833 690 imprope-

2247 699 2389 753 rium
2410 698 2479 755 ab
2508 715 2613 756 una
2641 715 2710 758 ex
2739 703 2951 759 ancillis
2984 703 3153 774 patris
3183 706 3267 761 sui
3294 748 3309 774 ,
3342 707 3602 778 quoniam
3649 710 3833 768 tradita

2250 790 2426 848 fuerat
2451 802 2659 865 septem
2692 796 2850 867 viris,
2870 806 2924 854 et
2949 797 3277 855 daemonium
3301 802 3834 861 nomincAsmodzeus

2250 886 2524 942 occiderat
2553 904 2668 956 eos,
2690 905 2816 944 mox
2843 901 2903 947 ut
2923 890 3155 962 ingressi
3186 891 3418 949 fuissent
3442 894 3508 950 ad
3540 910 3683 952 eam.
3708 897 3835 968 Ergo

2249 991 2372 1034 cum
2403 994 2500 1050 pro
2528 982 2688 1051 culpa
2711 997 2808 1038 sua
2834 982 3149 1055 increparet
3176 984 3441 1054 puellam,
3466 986 3752 1056 respondit
3771 988 3834 1053 ei,

2251 1073 2439 1130 dicens
2471 1093 2487 1132 :
2520 1077 2773 1148 Amplius
2799 1093 2866 1134 ex
2893 1088 2945 1135 te
2968 1093 3077 1135 non
3102 1075 3128 1117 ἀ
3160 1079 3443 1136 videamus
3473 1081 3646 1137 filium
3675 1090 3763 1137 aut
3785 1082 3838 1137 ll-

2253 1165 2380 1223 liam
2435 1182 2601 1238 super
2652 1177 2879 1237 terram,
2934 1170 3276 1228 interfectrix
3322 1173 3567 1229 virorum
3608 1184 3835 1230 tuorum.

2252 1258 2524 1331 Numquid
2550 1271 2604 1315 et
2634 1260 2886 1317 occidere
2914 1277 3002 1318 me
3029 1263 3113 1318 vis
3138 1263 3280 1320 sicut
3303 1265 3415 1334 jam
3446 1264 3690 1321 occidisti
3720 1279 3841 1335 sep-

2255 1360 2362 1407 tem
2389 1353 2573 1407 viros?
2599 1352 2680 1408 Ad
2714 1353 2852 1410 hanc
2890 1368 3082 1412 vocem
3122 1357 3360 1425 perrexit
3389 1355 3443 1411 in
3476 1356 3723 1427 superius
3749 1371 3839 1411 cu-

2255 1443 2493 1501 biculum
2521 1446 2626 1519 [ΛΙ.
2662 1447 2928 1517 superiori
2963 1446 3239 1521 cubiculo]
3270 1450 3466 1504 domus
3488 1465 3601 1505 sua:
3632 1467 3647 1504 :
3674 1459 3726 1505 et
3748 1450 3839 1504 tri-

2254 1535 2357 1592 bus
2376 1536 2598 1606 diebus,
2631 1546 2687 1593 et
2725 1537 2901 1595 tribus
2942 1541 3192 1595 noctibus
3222 1556 3330 1596 nou
3361 1540 3719 1609 manducavit,
3753 1556 3840 1595 nc-

2254 1645 2360 1697 qne
2388 1628 2524 1686 bibit
2554 1646 2570 1686 ε
2602 1629 2698 1687 sed
2726 1631 2781 1686 in
2814 1633 3064 1688 oratione
3094 1632 3417 1703 persistens,
3447 1647 3572 1688 cum
3604 1632 3841 1705 lactymis

554 1711 807 1781 [ermisit
835 1713 1098 1773 Dominus
1145 1721 1369 1779 evenire
1414 1722 1514 1791 illi,
1546 1734 1603 1781 ttt
1650 1732 1883 1799 posteris
1927 1730 2151 1791 daretur
2182 1722 2230 1782 Β
2257 1723 2653 1795 deprecabatur
2684 1725 2877 1793 Deum.
2908 1734 2966 1780 υι
2998 1729 3067 1781 ab
3096 1724 3202 1781 ίειο
3234 1726 3567 1797 in'l’l‘Ol’erlo
3595 1724 3843 1781 liberam

553 1807 866 1878 exemplum
897 1811 1168 1879 patientia»
1194 1814 1347 1885 ejus,
1381 1819 1520 1875 sicut
1550 1830 1605 1877 et
1634 1828 1809 1882 sancti
1840 1828 1966 1884 Job.
2016 1830 2150 1887 Nam

554 1914 678 1957 cum
707 1902 779 1958 ab
811 1903 1031 1962 infantia
1063 1923 1159 1965 sua
1189 1926 1409 1982 semper
1432 1914 1597 1972 Deum
1631 1917 1895 1989 timuerit,
1919 1932 1974 1978 et
1998 1939 2151 1981 man-

556 1993 684 2051 data
737 1995 858 2069 ejus
895 2000 1233 2072 custodierit,
1270 2019 1378 2062 non
1428 2018 1512 2064 est
1553 2012 1911 2071 contristatus
1961 2026 2151 2074 contra

559 2084 762 2157 Deum,
791 2090 935 2161 quod
966 2091 1120 2164 plaga
1149 2096 1408 2155 caecitatis
1432 2103 1680 2159 evenerit
1705 2104 1788 2173 ei,
1831 2105 1927 2162 sed
1956 2107 2155 2166 immo-

559 2179 687 2239 bilis
709 2181 762 2238 in
797 2183 890 2241 Dei
919 2185 1115 2245 timore
1145 2193 1469 2261 permansit,
1490 2209 1657 2266 agens
1676 2197 1877 2269 gratias
1899 2199 2013 2257 Deo
2040 2216 2157 2257 om-

561 2274 720 2332 nibus
743 2277 936 2335 diebus
969 2285 1093 2338 vitae
1123 2297 1257 2343 suae.
1287 2286 1422 2342 Nam
1451 2289 1593 2344 sicut
1622 2290 1782 2346 beato
1802 2291 1905 2349 Job
1928 2292 2160 2350 insulta-

558 2369 688 2426 bant
718 2386 895 2444 reges,
930 2375 1004 2431 ita
1047 2376 1135 2432 isti
1183 2389 1438 2450 parentes
1467 2391 1525 2440 et
1560 2386 1781 2456 cognati
1810 2386 1929 2458 ejus
1961 2388 2160 2448 irride-

559 2462 695 2557 bant
718 2466 882 2523 vitam
913 2472 1052 2540 ejus,
1074 2470 1323 2530 dicentes
1351 2492 1364 2529 :
1393 2475 1496 2533 Ubi
1518 2489 1603 2534 est
1631 2493 1757 2551 spes
1787 2490 1898 2550 tua,
1924 2499 2025 2554 pro
2053 2500 2156 2557 qua

560 2555 938 2631 eleemosynas
968 2572 1023 2617 et
1051 2565 1361 2634 sepulturas
1386 2565 1665 2626 faciebas?
1695 2570 1895 2628 Tobias
1921 2589 2056 2630 vero
2072 2555 2160 2630 itt-

563 2652 825 2721 crepabat
849 2668 965 2719 eos,
996 2655 1187 2714 dicens
1213 2676 1225 2713 :
1249 2659 1429 2717 Nolite
1454 2661 1529 2716 ita
1558 2661 1707 2733 loqui
1734 2680 1749 2718 :
1778 2664 2035 2734 quoniam
2064 2668 2160 2724 lilii

563 2750 877 2800 sanctorum
907 2760 1099 2804 sumus
1121 2789 1135 2816 ,
1166 2757 1223 2805 et
1252 2750 1418 2807 vitam
1451 2750 1599 2809 illam
1631 2764 1978 2826 expectamus
1999 2773 2160 2829 quam

567 2831 713 2890 Deus
740 2834 966 2893 daturus
992 2848 1078 2896 est
1106 2839 1210 2911 his,
1230 2841 1324 2915 qui
1354 2843 1516 2901 lldetn
1538 2860 1692 2903 suam
1717 2862 2012 2922 numquam
2044 2867 2163 2908 mu-

566 2934 683 2983 tant
709 2928 780 2985 ab
805 2944 893 2988 eo.

635 3023 792 3080 Anna
821 3041 951 3082 vero
981 3044 1118 3085 uxor
1151 3031 1270 3103 ejus
1295 3032 1409 3090 ibat
1436 3034 1503 3090 ad
1534 3048 1673 3107 opus
1701 3035 1997 3094 textrinum
2026 3054 2162 3112 quo-

2257 1833 2398 1875 eam.
2445 1817 2668 1875 Factum
2713 1831 2798 1875 est
2837 1833 3017 1896 autem
3046 1820 3137 1876 die
3177 1821 3356 1888 tertia,
3386 1820 3515 1890 dum
3554 1820 3845 1889 compleret

2258 1911 2563 1967 orationem
2595 1911 2926 1969 benedicens
2958 1913 3272 1979 Dominum,
3298 1913 3473 1969 dixit:
3499 1913 3841 1969 Benedictum

2259 2012 2343 2060 est
2374 2018 2570 2061 nomen
2602 2012 2777 2073 tuum,
2803 2004 2948 2061 Deus
2974 2013 3187 2075 patrum
3219 2013 3533 2061 nostrorum
3565 2022 3578 2059 :
3613 2006 3701 2077 qui
3729 2019 3842 2059 cum

2258 2096 2430 2152 iratus
2462 2095 2628 2151 fueris
2650 2136 2666 2165 ,
2705 2095 3143 2153 misericordiam
3196 2095 3398 2166 iacies,
3440 2105 3496 2153 et
3528 2096 3582 2152 in
3614 2105 3844 2169 tempore

2261 2190 2629 2247 tribulationis
2663 2200 2885 2263 peccata
2905 2191 3135 2248 dimittis
3156 2191 3243 2248 his
3268 2194 3357 2263 qui
3387 2193 3646 2248 invocant
3671 2201 3739 2247 te.
3771 2189 3843 2247 Ad

2263 2293 2316 2341 te
2338 2325 2354 2353 ,
2394 2284 2618 2342 Domine
2641 2326 2656 2353 ,
2697 2284 2894 2340 facient
2942 2300 3121 2340 meam
3157 2294 3458 2350 converto,
3490 2283 3559 2339 ad
3591 2292 3643 2340 te
3671 2281 3846 2338 oculos
3940 2322 3941 2333 χ

2262 2393 2415 2435 meos
2446 2387 2469 2417 ε
2494 2378 2694 2450 dirigo.
2741 2378 2897 2448 Peto,
2935 2377 3187 2446 Domine,
3218 2387 3275 2433 ut
3305 2376 3373 2434 de
3410 2376 3636 2434 vinculo
3657 2377 3847 2447 impro-

2260 2470 2399 2541 perii
2453 2469 2611 2541 hujus
2642 2469 2896 2526 absolvas
2936 2484 3047 2537 me,
3078 2478 3171 2525 aut
3199 2478 3350 2526 certe
3387 2468 3627 2540 desuper
3659 2478 3845 2526 terram
3940 2476 3941 2541 γ

2262 2564 2466 2635 eripias
2494 2580 2601 2619 me.
2633 2563 2715 2619 Tu
2735 2562 2865 2630 scis,
2895 2562 3146 2632 Domine,
3170 2568 3298 2636 quia
3334 2578 3633 2635 numquam
3657 2575 3846 2618 cuneu-

2265 2661 2373 2731 pivi
2401 2660 2601 2727 virum,
2635 2669 2689 2715 et
2713 2657 2968 2714 mundam
3024 2659 3242 2715 servavi
3294 2656 3529 2714 animam
3574 2671 3745 2714 meam
3787 2653 3848 2709 ab

2265 2752 2415 2808 omni
2462 2751 2926 2823 concupiscentia.
2999 2751 3306 2824 Numquam
3366 2766 3490 2807 cum
3548 2748 3849 2807 ludentibus

2265 2844 2459 2901 miscui
2491 2859 2579 2902 me
2610 2860 2629 2900 :
2660 2859 2837 2915 neque
2867 2858 2989 2900 cum
3022 2843 3109 2900 bis
3133 2886 3147 2912 ,
3178 2845 3271 2917 qui
3322 2843 3379 2900 in
3424 2844 3648 2901 levitate
3677 2842 3850 2898 au.bu-
3939 2904 3941 2917 4

2266 2938 2404 3006 lant,
2436 2939 2751 3011 participem
2793 2955 2880 2995 nte
2920 2941 3147 3011 praebui.
3184 2939 3369 2995 Virum
3418 2948 3605 2996 autem
3636 2954 3755 2996 cum
3789 2937 3851 2991 ti-

2267 3047 2423 3087 more
2452 3038 2571 3097 tuo,
2601 3045 2708 3085 non
2737 3044 2860 3085 cum
2889 3030 3114 3088 libidine
3140 3047 3259 3087 mea
3284 3030 3541 3087 consensi
3560 3029 3851 3100 suscipere.

567 3114 724 3184 lidie,
755 3126 814 3173 et
840 3117 909 3174 de
940 3119 1130 3178 labore
1156 3139 1415 3181 manuum
1467 3141 1692 3184 suarum
1734 3130 1963 3198 victum,
1995 3110 2156 3202 quem
2188 3118 2231 3180 C
2266 3124 2357 3192 Et,
2384 3134 2479 3180 aut
2508 3140 2610 3197 ego
2637 3121 2860 3197 indigna
2884 3123 2962 3180 fui
2992 3124 3123 3190 illis,
3155 3134 3248 3179 aut
3298 3123 3379 3179 illi
3428 3122 3449 3165 ί
3500 3123 3730 3181 forsitan
3778 3134 3855 3176 me
3940 3110 3941 3113 “

566 3208 827 3278 consequi
856 3218 1088 3282 poterat,
1114 3212 1418 3275 deferebat.
1437 3216 1593 3275 Unde
1615 3219 1819 3277 factum
1841 3232 1945 3288 cst,
1969 3230 2030 3278 ut
2056 3222 2166 3279 hie-

568 3297 698 3354 dum
728 3315 1012 3372 caprarum
1036 3306 1310 3376 accipiens
1341 3308 1627 3366 detulisset
1655 3312 1802 3368 domi
1823 3329 1836 3369 :
1856 3314 2011 3385 cujus
2043 3330 2166 3371 cum

571 3407 764 3450 vocem
793 3395 1028 3455 balantis
1058 3400 1137 3454 vir
1174 3400 1296 3471 ejus
1319 3402 1601 3471 audisset,
1627 3404 1769 3461 dixit
1796 3423 1810 3463 :
1844 3406 2068 3476 Videte,
2099 3424 2167 3465 ne

572 3486 716 3546 forte
750 3490 981 3549 furtivus
1030 3495 1123 3563 sit,
1164 3494 1377 3554 reddite
1431 3512 1554 3554 eum
1600 3498 1834 3555 dominis
1873 3503 2007 3569 suis,
2041 3503 2166 3574 quia

572 3598 681 3640 non
715 3584 841 3643 licet
864 3586 1024 3644 nobis
1070 3598 1165 3645 aut
1205 3590 1370 3649 edere
1397 3608 1462 3648 ex
1493 3591 1637 3649 furto
1667 3593 1891 3664 aliquid,
1927 3583 2018 3651 aut
2041 3611 2171 3653 cun-

573 3674 805 3748 tingere.
839 3678 919 3734 Ad
947 3678 1064 3738 lucc
1085 3698 1224 3740 uxor
1245 3683 1364 3755 ejus
1383 3682 1519 3741 irata
1543 3687 1822 3757 respondit
1846 3703 1860 3739 :
1883 3688 2170 3747 Manifeste

575 3781 715 3822 vana
749 3768 889 3827 facta
932 3782 1015 3829 est
1040 3786 1170 3844 spes
1214 3784 1324 3845 tua,
1352 3786 1409 3832 et
1446 3778 1811 3851 eleemosynm
1858 3788 1964 3836 tute
2009 3781 2170 3837 modo

574 3872 946 3930 apparuerunt
974 3863 1081 3937 [ΑΙ.
1114 3867 1456 3942 paruerunt].
1509 3870 1687 3942 Atque
1723 3871 1809 3927 his
1843 3881 1900 3929 et
1924 3872 2044 3930 aliis
2071 3874 2172 3934 ltu-

569 3951 877 4024 juscemodi
909 3958 1096 4015 verbis
1126 3962 1492 4030 exprobrabat
1516 3965 1588 4019 ei.

648 4047 801 4123 [Cap.
855 4050 972 4124 lll.)
1003 4053 1156 4111 Tunc
1184 4055 1386 4113 Tobias
1418 4058 1711 4129 ingemuit,
1743 4069 1797 4116 et
1824 4062 1989 4133 cepit
2015 4077 2173 4122 orare

573 4155 695 4198 cum
720 4143 997 4217 lacrymis,
1016 4147 1206 4206 dicens
1232 4166 1247 4207 :
1270 4150 1458 4208 Justus
1485 4167 1566 4221 es,
1599 4153 1852 4223 Domine,
1881 4166 1939 4214 et
1980 4162 2168 4217 omnia

570 4234 774 4306 judicia
808 4249 895 4294 tua
920 4248 944 4277 ⁸
969 4240 1115 4312 juSta
1139 4252 1302 4314 sunt,
1333 4255 1385 4302 et
1422 4261 1616 4303 omnes
1642 4247 1744 4304 via:
1789 4258 1921 4321 tum,
1955 4253 2172 4311 miseri-

573 4329 762 4386 cordia
783 4372 800 4399 ,
833 4340 889 4389 et
912 4335 1113 4392 veritas
1138 4376 1154 4403 ,
1186 4346 1241 4392 et
1264 4336 1551 4408 judicium.
1603 4339 1674 4396 Et
1699 4356 1841 4399 nunc
1868 4384 1885 4411 ,
1921 4343 2171 4414 Domine,

573 4437 787 4482 memor
811 4435 932 4484 cato
962 4428 1091 4497 mei,
1110 4436 1168 4486 et
1198 4445 1267 4488 ne
1288 4430 1581 4490 vindictam
1612 4447 1797 4492 sumas
1827 4436 1898 4493 de
1933 4442 2174 4509 peccatis

2271 3231 2378 3273 non
2411 3216 2631 3272 fuerunt
2657 3218 2806 3286 digni
2841 3234 2854 3270 :
2892 3218 3015 3288 quia
3057 3216 3287 3273 forsitan
3336 3217 3455 3273 viro
3511 3217 3614 3273 alii
3649 3228 3856 3273 conser-

2268 3311 2406 3364 vasti
2437 3325 2545 3365 me.
2576 3308 2695 3364 Non
2721 3316 2806 3365 est
2829 3310 2975 3365 enim
3004 3309 3058 3365 iu
3093 3309 3329 3367 hominis
3370 3317 3649 3370 Detestate
3688 3309 3858 3366 consi-

2271 3401 2401 3457 lium
2432 3412 2605 3458 tuum.
2638 3402 2750 3458 lloc
2776 3413 2958 3458 autem
2995 3420 3094 3475 pro
3124 3413 3278 3461 ce’rto
3336 3404 3504 3461 habet
3553 3405 3735 3462 omnis
3775 3399 3857 3474 qui

2273 3505 2325 3551 te
2347 3495 2514 3562 colit;
2546 3494 2693 3568 quod
2724 3496 2835 3551 vita
2857 3495 2999 3567 ejus,
3034 3495 3080 3551 si
3111 3496 3166 3551 in
3195 3496 3518 3567 probatione
3546 3495 3748 3564 fuerit,
3771 3508 3859 3550 co-

2272 3590 2557 3645 ronabitur
2585 3603 2599 3642 :
2632 3588 2677 3645 si
2709 3595 2891 3646 autem
2922 3589 2977 3646 in
3010 3588 3367 3647 tribulatione
3391 3589 3581 3662 fuerit,
3613 3587 3860 3647 liberabi-

2274 3694 2399 3741 tur:
2430 3685 2559 3742 etsi
2604 3686 2658 3740 in
2692 3684 3042 3749 correptione
3075 3685 3239 3741 fuerit
3263 3726 3279 3746 ,
3321 3683 3387 3738 ad
3436 3681 3862 3741 miscricordiam

2276 3788 2420 3834 luam
2452 3778 2640 3834 venire
2662 3777 2772 3852 [AL
2800 3775 3111 3851 pervenire]
3142 3777 3347 3834 licebit.
3378 3775 3497 3833 Non
3520 3778 3673 3834 enim
3696 3775 3865 3833 delec-

2277 3869 2409 3925 taris
2440 3870 2492 3924 in
2525 3869 2922 3941 perditionibus
2949 3870 3154 3925 nostris
3187 3887 3201 3924 :
3233 3869 3360 3942 quia
3404 3879 3525 3940 post
3577 3875 3863 3941 tempesta-

2277 3972 2406 4030 tem,
2436 3963 2789 4035 tranqnillum
2818 3961 2998 4020 facis:
3038 3972 3094 4019 et
3140 3974 3262 4034 post
3305 3963 3762 4036 lacrymationem
3815 3966 3868 4014 et

2276 4055 2486 4121 ﬂetum,
2514 4054 2937 4113 exsultationem
2966 4054 3229 4111 infundis.
3283 4055 3368 4113 Sit
3418 4070 3622 4113 nomen
3672 4063 3820 4112 tuum
3849 4088 3863 4117 ,

2278 4150 2426 4206 Deus
2453 4149 2642 4218 Israel,
2674 4148 3023 4207 benedictum
3054 4149 3109 4204 in
3135 4149 3355 4205 smcula.

2352 4243 2409 4300 ln
2437 4244 2531 4301 illo
2554 4252 2800 4314 tempore
2820 4241 3094 4299 exaudita:
3120 4252 3249 4297 sunt
3278 4255 3470 4312 preces
3500 4241 3788 4299 amborum
3820 4236 3868 4293 in

2278 4345 2581 4407 conspectu
2604 4336 2798 4407 gloriae
2823 4334 3022 4392 summi
3052 4334 3148 4391 Dei
3180 4352 3192 4388 :
3218 4345 3273 4391 et
3304 4334 3504 4392 missus
3535 4344 3621 4393 est
3656 4331 3874 4404 angelus

2283 4431 2499 4489 Domini
2518 4439 2740 4489 sanctus
2768 4428 3012 4501 Raphael
3032 4473 3047 4498 ,
3105 4437 3165 4484 ut
3204 4436 3423 4485 curaret
3453 4437 3480 4479 ι
3512 4442 3611 4485 eos
3639 4425 3828 4483 ambos
3858 4461 3873 4486 ς

576 4509 734 4579 meis,
765 4525 943 4584 neque
972 4514 1343 4573 reminiscaris
1365 4516 1563 4575 delicta
1587 4535 1730 4589 mea,
1762 4522 1848 4580 vel
1878 4505 2168 4594 parentum
2199 4505 2254 4570 Β
2276 4540 2509 4598 quorum
2540 4541 2650 4582 uno
2680 4534 2925 4597 tempore
2976 4533 3104 4581 sunt
3151 4524 3430 4582 orationes
3479 4524 3535 4581 in
3580 4525 3880 4594 conspectu

572 4617 844 4663 meorum.
899 4606 1166 4677 Quoniam
1214 4625 1322 4667 non
1352 4611 1697 4671 obedivimus
1726 4620 2014 4690 praeceptis
2043 4622 2171 4688 tuis,

577 4692 742 4756 l’ideo
759 4699 944 4757 traditi
962 4717 1150 4759 sumus
1171 4703 1225 4759 in
1240 4702 1629 4776 direptionem,
1643 4718 1696 4766 et
1711 4710 2106 4781 captivitatem,
2120 4722 2175 4772 et

575 4800 831 4864 mortem,
863 4807 918 4851 et
946 4795 1000 4850 in
1031 4792 1304 4866 fabulam,
1333 4807 1388 4856 et
1414 4798 1469 4856 iu
1501 4800 1889 4875 improperium
1916 4806 2173 4864 omnibus

573 4883 916 4953 nationibus,
940 4887 996 4944 in
1022 4888 1219 4960 quibus
1252 4889 1560 4963 dispersisti
1588 4909 1707 4952 nos.
1757 4896 1826 4953 Et
1853 4914 2032 4967 nunc,
2062 4899 2172 4956 Do-

576 4975 758 5043 mine,
790 4994 983 5051 magna
1009 4979 1214 5052 judicia
1237 4992 1325 5040 tua
1345 4985 1505 5054 ,quia
1534 4986 1642 5059 [ΑΙ.
1673 4987 1788 5061 qui]
1825 5004 1933 5046 non
1962 4990 2173 5061 egimus

576 5070 871 5127 secundum
901 5084 1169 5147 prmcepta
1201 5086 1320 5147 tua,
1350 5088 1537 5135 etnon
1558 5079 1958 5138 ambulavimus
1987 5082 2169 5141 since-

573 5162 712 5219 riter
736 5178 922 5221 coram
950 5173 1023 5222 te.
1054 5167 1125 5224 Et
1146 5185 1317 5238 nunc,
1358 5170 1613 5241 Domine,
1644 5174 1945 5230 secundum
1977 5177 2172 5233 volun-

574 5262 737 5314 tatem
772 5264 921 5314 tuam
954 5257 1038 5316 fac
1091 5275 1338 5333 mecum,
1369 5273 1423 5321 ct
1472 5264 1709 5337 praecipe
1742 5261 1794 5321 in
1837 5280 1967 5337 pace
2005 5269 2171 5342 recipi

648 5401 675 5467 9
700 5391 760 5467 In
790 5392 1038 5452 Palatino
1062 5412 1166 5454 ms.
1191 5396 1404 5467 judicia
1432 5410 1521 5456 tua
1542 5417 1661 5457 rem
1688 5410 1827 5457 sunt.

590 5538 604 5557 Ο
645 5460 852 5557 ξιάοςη
901 5479 1005 5523 ms.
1060 5476 1107 5524 et
1147 5460 1325 5524 traditi
1374 5488 1569 5530 sumus.
1613 5471 1803 5532 Graece
1853 5474 1937 5531 καὶ
1987 5471 2182 5541 ἔδωκας

576 5546 1110 5694 ηῗῗςὸξξῖῗίίῖθίῖθρ
1135 5609 1355 5693 Regi"?
1380 5627 1494 5694 m3;
1519 5616 1630 5684 ﬁlia
1655 5615 1933 5694 Ragucljn
1955 5616 2179 5691 civitate,

582 5677 789 5762 absque
819 5679 1146 5734 intermedio
1171 5677 1415 5762 nurnine,
1451 5677 1643 5762 finges.
1711 5756 1717 5762 ,

656 5746 681 5785 *³
707 5748 879 5809 Iidem
903 5764 1038 5812 mss.
1067 5768 1170 5810 non
1203 5746 1503 5812 videbimus.

2280 4620 2498 4678 Domini
2527 4620 2794 4677 recitatae.

2353 4712 2501 4785 [Cap.
2530 4710 2646 4783 ιν]
2685 4710 2850 4783 Igitur
2889 4726 3013 4769 cum
3064 4711 3268 4770 Tobias
3313 4719 3532 4783 putaret
3576 4710 3909 4789 orationem.

2278 4820 2434 4863 suam
2465 4804 2718 4862 exaudiri
2742 4813 2801 4861 ut
2823 4805 2964 4862 mori
2995 4806 3304 4877 potuisset,
3340 4803 3557 4861 vocavit
3583 4802 3656 4860 ad
3686 4816 3748 4861 se
3776 4800 3882 4856 To-

2279 4897 2425 4954 biam
2457 4895 2629 4955 filium
2656 4912 2836 4964 suunt,
2863 4897 3110 4968 dixitque
3138 4897 3190 4955 ei
3223 4912 3239 4952 :
3269 4895 3437 4965 Audi,
3465 4896 3543 4953 illi
3571 4896 3691 4966 mi,
3722 4894 3885 4951 verba

2281 4990 2398 5049 oris
2422 4990 2553 5062 mei,
2586 5000 2640 5048 et
2679 5006 2741 5048 ea
2774 4991 2827 5047 in
2860 4990 3031 5048 corde
3060 4999 3152 5049 tuo
3186 5030 3203 5058 ,
3256 4990 3415 5063 quasi
3468 4988 3890 5047 fundamentum

2278 5095 2559 5142 construe.
2594 5084 2727 5140 Cum
2753 5085 3031 5155 acceperit
3061 5084 3207 5141 Deus
3228 5085 3469 5139 animam
3500 5097 3685 5139 meam
3706 5123 3723 5150 ,
3762 5096 3890 5137 cor-

2280 5186 2381 5244 pus
2412 5185 2593 5226 meum
2624 5170 2831 5243 sepeli;
2877 5180 2934 5227 et
2972 5170 3237 5227 honorent
3294 5168 3523 5227 habebis
3551 5167 3739 5225 'matri
3788 5178 3891 5223 tua:

2280 5263 2538 5323 omnibus
2566 5263 2763 5321 diebus
2789 5263 2912 5320 vita:
2941 5263 3060 5335 ejus
3089 5280 3103 5318 :
3136 5278 3350 5321 memor
3371 5263 3518 5321 enim
3551 5276 3682 5321 esse
3704 5260 3891 5325 debes,

2361 5412 2387 5442 θ
2411 5401 2613 5460 lterum
2636 5407 2877 5458 converto
2908 5413 3006 5472 pro
3032 5398 3205 5471 dirigo
3230 5441 3245 5469 ,
3278 5395 3454 5453 nostri
3505 5409 3646 5453 mss.
3701 5392 3897 5466 praefe-

2288 5482 2653 5601 ru?tl’alatin.
2688 5557 2793 5599 ms.
2839 5541 2923 5598 illi
2948 5540 3329 5612 mihifarsitnn
3358 5554 3462 5593 non
3500 5535 3750 5612 fuerunt,
3790 5544 3899 5593 etc.

2362 5627 2386 5665 8
2411 5616 2717 5690 Pronomen
2748 5630 2857 5680 eos,
2878 5619 3024 5690 tacet
3042 5610 3185 5690 idem
3214 5626 3316 5666 ms.
3351 5619 3463 5666 tum
3488 5610 3645 5690 legit,
3674 5624 3901 5684 quorum

2287 5704 2395 5744 uno
2421 5699 2646 5760 tempore
2673 5687 2841 5758 fut‘ral
2872 5682 3036 5739 oratio
3061 5683 3115 5738 in
3140 5696 3415 5756 conspectu
3437 5682 3684 5739 recitata.
