3960 6208
137 287 202 345 29
1043 283 1414 342 PRIEFATIO
1451 282 1833 343 IIIERONYMI
1873 284 1938 340 IN
1978 284 2241 346 LIBRUM
2282 287 2537 349 ΤΟΒΙΑΞ.
3382 295 3454 353 30

138 420 249 477 qua:
270 410 329 459 et
353 411 563 475 quanta
600 400 842 472 pericula
877 414 1031 470 passa
1061 398 1131 453 sit
1166 407 1387 468 pr0pter
1419 405 1472 453 te
1500 396 1556 453 in
1588 407 1747 455 utero
1775 400 1829 461 Α
1857 398 2020 453 rum?
2060 396 2155 454 Cui
2198 401 2480 472 respondit
2513 420 2525 456 :
2567 400 2704 459 Novi
2734 419 2750 461 :
2781 411 2837 459 et
2878 403 3061 461 omnia
3094 403 3289 463 itinera
3332 406 3456 477 ejus

142 494 405 553 suo.Cum
432 506 617 551 autem
635 504 688 549 et
709 495 825 563 ipsa
853 491 1203 562 compleverit
1234 501 1445 561 tempus
1467 491 1594 545 vitae
1612 506 1748 559 sua},

147 591 383 660 sepelias
410 587 523 660 [ΑΙ.
554 584 820 658 sepelies]
838 602 954 641 eam
978 588 1122 640 circa
1154 599 1262 640 me.
1294 585 1555 639 Omnibus
1570 596 1752 641 autem

147 684 341 740 diebus
368 684 489 736 vita:
518 692 626 735 tua:
654 682 706 735 in
731 692 915 736 mente
944 679 1140 736 habeto
1173 680 1342 735 Deum
1374 697 1387 733 :
1419 690 1645 745 etcave,
1681 693 1749 734 ne

150 778 438 849 aliquando
470 785 699 846 peccato
725 776 1043 831 consentias
1064 820 1078 843 ,
1112 786 1164 830 et
1196 775 1584 845 pnetermittas
1617 790 1753 845 pra:-

146 884 302 942 Cepta
326 881 351 907 ⁸
376 870 591 924 Domini
610 870 706 925 Dei
739 873 934 925 nostri.
955 870 1353 925 Exsubsmntia
1375 878 1462 924 tua
1494 870 1577 924 fac
1603 870 1755 925 elee-

148 979 457 1037 niosynam,
482 975 540 1018 et
570 965 681 1018 noli
708 972 956 1018 avertere
983 962 1177 1018 faciam
1205 975 1349 1017 tuam
1381 964 1449 1016 ab
1478 964 1589 1018 ullo
1620 978 1752 1033 pau-

150 1074 280 1131 pere
307 1076 321 1111 :
356 1057 429 1111 ita
454 1056 602 1112 enim
631 1057 745 1121 fiet,
773 1068 829 1111 ut
860 1072 957 1112 nec
978 1072 1007 1110 a
1041 1067 1093 1111 te
1114 1065 1389 1111 avellatur
1434 1056 1601 1111 facies
1640 1057 1753 1111 Do-

150 1152 309 1208 mini.
364 1149 654 1219 Quomodo
708 1150 990 1220 potueris,
1046 1150 1120 1203 ita
1170 1158 1289 1204 esto
1322 1150 1659 1205 misericors.
1697 1148 1757 1205 Si

153 1246 384 1299 multum
419 1242 516 1295 tibi
548 1240 734 1307 fuerit,
767 1240 1110 1294 abundanter
1132 1240 1313 1295 tribue
1346 1258 1359 1294 :
1400 1245 1445 1295 si
1499 1241 1757 1311 exiguum

157 1335 250 1389 tibi
276 1332 467 1400 fuerit,
493 1335 656 1388 etiam
684 1333 941 1403 exiguum
983 1333 1215 1387 libenter
1261 1332 1530 1401 impertiri
1571 1332 1753 1389 stude.

154 1426 449 1481 Praemium
476 1423 618 1479 enim
650 1423 852 1478 bonum
886 1424 980 1478 tibi
1002 1423 1337 1480 tliesiurizas
1370 1424 1423 1479 in
1448 1425 1535 1480 die
1560 1441 1757 1482 neces-

152 1518 356 1573 sitatis.
411 1516 673 1585 Quoniam
717 1518 1067 1590 eleemosyna
1116 1518 1184 1571 ab
1213 1519 1359 1573 omni
1395 1529 1618 1589 peccato
1647 1530 1703 1576 et
1728 1536 1759 1574 a

156 1624 341 1668 morte
370 1613 585 1675 liberat,
615 1622 672 1667 et
702 1628 809 1667 non
838 1614 1074 1683 patietur
1114 1614 1353 1671 animam
1388 1616 1470 1672 ire
1514 1618 1566 1671 in
1610 1626 1762 1672 tene-

157 1707 308 1763 bras.
346 1705 565 1760 Fiducia
596 1721 790 1777 magna
823 1706 928 1762 erit
952 1723 1138 1763 coram
1187 1724 1400 1765 summo
1446 1710 1559 1765 Deo
1608 1712 1751 1767 elee-

1857 490 2175 561 frequenter
2197 494 2495 560 ambulavi,
2517 504 2573 550 et
2596 496 2770 550 mansi
2788 496 2932 565 apud
2950 495 3211 554 Gabolum
3226 497 3451 555 fratrem

1857 596 2099 641 nostrum
2134 605 2146 639 :
2176 590 2267 658 qui
2302 598 2547 645 moratur
2579 591 2634 645 in
2661 589 2841 660 Rages
2867 593 3091 647 civitate
3132 592 3451 662 Medorum,

1856 696 1977 751 qua:
2005 681 2179 751 posita
2212 693 2295 737 est
2324 684 2375 737 in
2410 696 2593 739 monte
2624 684 2932 741 Ecbatanis.
2962 685 3061 741 Cui
3105 687 3302 743 Tobias
3329 688 3404 743 ait
3439 706 3452 743 :

1857 774 2078 831 Sustine
2108 791 2221 839 me,
2255 778 2510 848 obsecro,
2543 778 2717 833 donec
2743 779 2861 835 [nec
2887 780 3005 852 ipsa
3037 780 3281 837 nuntiem
3311 782 3452 853 patri

1858 884 1998 926 meo.

1930 964 2083 1019 Tunc
2130 963 2406 1035 ingressus
2452 963 2652 1020 Tobias
2681 1005 2695 1029 ,
2742 964 3005 1021 indicavit
3036 968 3293 1023 universa
3338 969 3457 1027 haac

1861 1057 1997 1127 patri
2043 1070 2168 1111 suo.
2202 1056 2380 1125 Super
2419 1072 2540 1127 qua:
2572 1057 2871 1114 admiratus
2901 1068 3089 1129 pater,
3128 1063 3363 1133 rogavit,
3397 1072 3458 1118 ut

1860 1150 2113 1206 introiret
2149 1150 2216 1204 ad
2245 1165 2392 1206 eum.

1930 1243 2211 1314 Ingressus
2236 1244 2418 1314 itaque
2446 1242 2707 1297 salutavit
2732 1256 2878 1308 eum,
2902 1251 2957 1298 et
2983 1242 3125 1299 dixit
3148 1262 3161 1298 :
3187 1244 3454 1304 Gaudium

1864 1338 1959 1392 tibi
1990 1342 2061 1392 sit
2092 1351 2331 1406 semper.
2358 1336 2428 1391 Et
2455 1337 2532 1390 ait
2559 1336 2756 1390 Tobias
2786 1350 2801 1389 :
2836 1336 3008 1402 Quale
3038 1338 3291 1406 gaudium
3325 1341 3456 1396 ntihi

1863 1430 1986 1496 erit,
2019 1431 2110 1500 qui
2137 1427 2190 1483 in
2215 1428 2453 1483 tenebris
2476 1428 2663 1495 sedeo,
2690 1438 2744 1483 et
2771 1428 2955 1484 lumen
2981 1430 3103 1484 creti
3123 1445 3229 1485 non
3255 1431 3412 1488 video
3434 1432 3458 1488 ἲ

1861 1524 1959 1580 Cui
1991 1527 2064 1578 ait
2096 1524 2319 1593 juvenis
2348 1542 2359 1576 :
2394 1523 2542 1579 Forti
2568 1524 2751 1579 animo
2792 1534 2946 1591 esto,
2992 1527 3043 1581 in
3097 1530 3345 1597 proximo
3374 1539 3460 1587 est

1864 1627 1921 1673 ut
1948 1631 1979 1671 a
2009 1618 2121 1673 Deo
2146 1618 2374 1672 cureris.
2408 1617 2553 1671 Dixit
2581 1618 2762 1686 itaque
2791 1617 2873 1672 illi
2903 1618 3105 1674 Tobias
3138 1635 3153 1675 :
3186 1620 3457 1693 Numquid

1864 1711 2069 1781 poteris
2094 1709 2391 1779 perducere
2415 1709 2583 1764 filium
2608 1726 2787 1765 meum
2820 1711 2885 1765 ad
2909 1710 3172 1768 Gabelum
3201 1713 3255 1770 in
3280 1714 3456 1787 Rages

158 1815 387 1871 mosyna
414 1800 669 1855 omnibus
694 1799 1017 1855 facientibus
1047 1802 1064 1873 [
1094 1804 1177 1855 Al.
1210 1805 1300 1873 qui
1332 1802 1535 1859 faciunt
1565 1804 1582 1877 J
1610 1821 1751 1861 eam.
1789 1797 1839 1859 Β
1865 1804 2135 1859 civitatem
2171 1802 2496 1858 Medorum?
2526 1812 2581 1859 et
2611 1818 2734 1857 cum
2760 1803 3019 1871 redieris,
3054 1806 3336 1861 restituam
3365 1810 3458 1865 tibi

157 1894 397 1949 Attende
419 1892 536 1959 tibi,
565 1894 645 1947 tili
669 1894 765 1963 mi,
794 1909 857 1950 ac
887 1895 1033 1949 oinni
1067 1895 1447 1965 fornicatione,
1473 1908 1528 1953 et
1563 1911 1759 1967 praeter

164 2002 391 2041 uxorem
413 1996 575 2053 tuam,
601 2003 898 2059 numquam
930 1990 1155 2059 patiaris
1190 1991 1399 2046 crimen
1452 1992 1616 2048 scire.
1656 1994 1762 2049 Su-

157 2082 405 2151 perbiam
426 2097 716 2151 numquam
738 2083 791 2136 in
819 2090 910 2135 tuo
939 2097 1124 2147 sensu,
1150 2094 1243 2137 aut
1270 2084 1323 2138 in
1355 2094 1446 2140 tuo
1474 2085 1641 2140 verbo
1663 2088 1761 2141 do-

156 2174 358 2229 minari
404 2181 743 2243 permittas:
792 2175 845 2228 in
899 2175 1011 2244 ipsa
1061 2175 1209 2229 enim
1258 2175 1472 2231 initiutn
1528 2182 1763 2249 sumpsit

155 2269 337 2322 omnis
368 2268 622 2338 perditio.
648 2267 989 2338 Quicumque
1012 2268 1110 2323 tibi
1129 2270 1333 2340 aliquid
1357 2280 1616 2341 Operatus
1648 2274 1763 2327 fue-

152 2365 249 2429 rit,
275 2366 461 2418 statim
485 2362 534 2417 ei
564 2364 872 2418 mercedem
894 2365 1118 2419 restitue
1146 2404 1160 2431 ,
1194 2373 1250 2419 et
1276 2380 1491 2421 merces
1544 2382 1758 2422 merce-

156 2458 297 2514 narii
357 2458 436 2512 tui
493 2457 640 2527 apud
696 2466 751 2512 te
782 2457 1004 2512 omnino
1027 2472 1133 2511 non
1169 2469 1472 2513 remaneat.
1504 2458 1662 2527 Quod
1692 2460 1759 2513 ab

159 2553 267 2607 alio
293 2551 482 2607 oderis
523 2551 642 2606 fieri
676 2550 803 2618 tibi,
838 2550 963 2605 vide
994 2567 1061 2606 ne
1090 2560 1144 2606 tu
1168 2552 1459 2623 aliquando
1494 2554 1651 2607 alteri
1686 2553 1762 2607 fa-

155 2647 293 2699 cias.
328 2645 536 2700 Panem
566 2653 716 2698 tuum
740 2659 864 2699 cum
892 2643 1260 2699 esurientibus
1288 2653 1344 2698 et
1372 2646 1556 2714 egenis
1582 2660 1763 2701 come-

156 2739 245 2803 dc,
286 2746 342 2792 et
372 2736 443 2792 de
476 2735 824 2791 vestimentis
857 2737 962 2791 tuis
989 2736 1165 2792 nudos
1192 2746 1332 2807 lege.
1380 2738 1579 2792 l’anem
1610 2747 1761 2793 tuum

158 2842 212 2888 et
246 2834 430 2887 vinum
463 2841 616 2887 tuum
635 2848 799 2901 super
831 2832 1170 2902 sepulturam
1200 2832 1331 2901 justi
1363 2832 1671 2900 constitue,
1706 2845 1761 2887 et

157 2928 274 2981 noli
305 2942 372 2981 ex
402 2942 469 2981 eo
498 2924 833 2981 manducare
863 2933 923 2980 et
972 2926 1164 2981 bibere
1193 2942 1315 2980 cum
1358 2926 1759 2996 peccatoribus.

158 3018 465 3075 Consilium
497 3034 719 3089 semper
748 3035 779 3075 a
826 3021 1069 3089 sapiente
1109 3021 1382 3090 perquire.
1426 3019 1584 3073 Omni
1628 3031 1764 3073 tern-

158 3131 299 3186 pore
329 3115 555 3171 benedie
589 3117 758 3170 Deum
789 3131 803 3167 :
835 3125 892 3170 et
922 3126 1042 3185 pete
1070 3115 1138 3169 ab
1161 3130 1226 3169 eo
1253 3157 1266 3180 ,
1303 3124 1364 3169 ut
1388 3113 1497 3166 vias
1528 3125 1646 3168 tuas
1676 3113 1761 3168 dio

154 3213 328 3283 rigat,
360 3220 418 3265 et
444 3210 623 3265 omnia
650 3211 886 3265 consilia
918 3218 1007 3264 tua
1040 3211 1094 3263 in
1129 3209 1249 3279 ipso
1273 3217 1653 3278 permaneant.

244 3302 435 3357 lndico
460 3307 617 3358 etiam
650 3302 747 3358 tibi
777 3343 792 3367 ,
838 3301 911 3356 fili
939 3302 1011 3355 mi
1042 3343 1056 3367 ,
1098 3302 1315 3357 dedisse
1340 3316 1425 3356 me
1451 3302 1638 3356 decem
1682 3310 1767 3355 ta-

158 3398 319 3453 lenta
347 3400 579 3468 argenti,
611 3399 742 3453 dum
772 3397 951 3452 adhuc
982 3396 1277 3451 infantulus
1307 3411 1459 3451 esses
1484 3440 1498 3463 ,
1524 3394 1731 3450 Gabeto
1751 3436 1766 3460 ,

162 3495 217 3548 in
244 3492 426 3560 Reges
449 3492 669 3547 civitate
701 3491 1006 3559 Medorum,
1059 3499 1113 3546 et
1171 3490 1598 3561 chirographum
1650 3489 1770 3556 ejns

162 3589 318 3661 apud
350 3606 436 3645 me
462 3590 641 3643 habeo
677 3606 688 3641 :
717 3596 773 3643 et
806 3588 928 3642 ideo
956 3587 1207 3655 perquire
1234 3586 1513 3656 quomodo
1551 3586 1616 3640 ad
1645 3600 1769 3639 eum

162 3683 482 3752 pervenias,
514 3692 568 3737 et
595 3683 827 3752 recipias
858 3683 926 3736 ab
957 3698 1024 3738 eo
1056 3697 1219 3751 supra
1254 3690 1614 3736 memoratum
1637 3697 1773 3750 pott-

161 3774 269 3830 dus
295 3776 530 3846 argenti,
558 3785 613 3830 et
642 3777 903 3830 restituas
926 3775 976 3829 ei
999 3774 1419 3845 chirographum
1454 3788 1635 3827 suum.
1654 3772 1771 3828 Noli

163 3867 393 3932 timere,
425 3869 498 3922 tili
521 3869 630 3923 mi:
668 3883 962 3939 pauperem
1016 3870 1235 3941 quidem
1286 3871 1448 3923 vitam
1495 3872 1771 3938 gerimus,

168 3963 273 4018 sed
300 3964 463 4017 multa
486 3963 629 4017 bona
664 3963 1013 4031 habebimus,
1046 3964 1090 4019 si
1119 3963 1461 4019 timueritnus
1491 3965 1655 4019 Deum
1679 4011 1692 4033 ,
1723 3972 1779 4019 et

166 4056 562 4109 recesserimus
587 4055 659 4107 ab
686 4054 836 4109 omni
888 4065 1111 4123 peccato
1134 4098 1146 4120 ,
1191 4066 1244 4109 et
1277 4054 1570 4109 feceriutas
1612 4055 1775 4111 bene.

246 4148 410 4224 [ϐαρ.
448 4152 535 4224 γ.ι
566 4153 721 4207 Tune
754 4152 1038 4221 respondit
1087 4151 1289 4206 Tobias
1346 4153 1484 4221 patri
1540 4168 1679 4218 suo,
1725 4163 1778 4207 et

161 4244 310 4299 dixit
353 4262 363 4296 :
397 4245 589 4299 Omnia
618 4260 977 4315 quxcumque
1006 4244 1311 4315 prmcepisti
1343 4244 1471 4298 mihi
1496 4288 1509 4311 ,
1546 4244 1776 4313 faciam,

160 4353 357 4413 pater.
406 4340 691 4407 Quomodo
719 4347 902 4393 autem
938 4337 1219 4407 pecuniam
1278 4339 1418 4393 hanc
1466 4339 1773 4409 requiram,

164 4440 401 4509 ignoro.
435 4436 529 4490 lite
560 4452 647 4489 me
674 4434 871 4499 nescit,
906 4444 956 4486 et
988 4448 1086 4503 rgo
1117 4449 1239 4488 cunt
1273 4432 1464 4502 ignoro
1494 4449 1508 4486 :
1541 4434 1682 4504 quod
1708 4436 1781 4488 si-

161 4546 345 4602 gnum
380 4529 519 4584 dabo
546 4529 630 4585 ei?
653 4528 748 4583 sed
780 4542 960 4597 neque
988 4530 1130 4579 viam
1161 4568 1174 4591 ,
1207 4541 1303 4596 per
1332 4541 1492 4595 quam
1524 4536 1780 4597 pergatur

165 4627 327 4694 illuc,
367 4624 661 4693 aliquando
685 4621 935 4693 cognovi.
968 4620 1124 4677 Tunc
1153 4630 1302 4690 pater
1325 4634 1457 4674 suus
1501 4620 1784 4690 respondit

165 4725 268 4791 illi,
310 4732 381 4779 et
410 4721 544 4777 dixit
572 4741 587 4777 :
618 4718 1056 4789 Chirographum
1081 4715 1299 4788 quidem
1324 4714 1473 4769 illius
1500 4728 1670 4786 penes
1698 4730 1785 4770 me

168 4816 394 4882 habeo,
427 4815 566 4889 quod
606 4815 734 4871 dum
769 4812 852 4867 illi
893 4810 1235 4877 ostendeiis,
1274 4808 1457 4864 statim
1505 4808 1783 4863 restituet.

169 4909 277 4968 Sed
312 4926 484 4982 perge
514 4925 689 4975 nunc,
725 4916 782 4964 et
814 4907 868 4962 in
892 4909 1029 4977 ,ulre
1063 4904 1155 4960 tibi
1186 4904 1424 4973 aliquem
1452 4902 1668 4958 fidelem
1701 4904 1783 4957 vi—

174 5022 323 5077 rum,
364 5008 453 5079 qui
476 5017 562 5063 eat
591 5017 773 5061 tecum
827 5004 977 5059 salva
1028 5002 1280 5058 mercede
1309 5014 1406 5055 sua
1451 5017 1462 5053 :
1518 5009 1606 5066 ut,
1653 4998 1782 5055 dum

177 5102 366 5157 adhuc
388 5102 534 5166 vivo,
565 5100 799 5170 recipias
824 5113 967 5153 eam.

246 5195 412 5251 Tune
441 5210 694 5265 egressus
726 5192 949 5259 Tobias,
1002 5190 1205 5246 invenit
1237 5192 1495 5261 juvenem
1548 5190 1789 5258 Splendi-

181 5287 341 5356 dum,
374 5298 603 5343 statin-in
634 5286 1015 5358 praerinctum,
1050 5294 1104 5340 et
1134 5285 1283 5355 quasi
1311 5294 1559 5355 paratum
1584 5284 1649 5339 ad
1676 5300 1792 5339 am-

178 5382 503 5438 bulandum.
537 5384 609 5440 Et.
639 5385 902 5454 ignorans
934 5380 1077 5451 quod
1105 5381 1327 5447 angelus
1359 5379 1451 5435 Dei
1497 5388 1674 5448 esset,
1709 5396 1794 5434 sa-

180 5477 390 5534 lutavit
416 5494 554 5547 eum,
586 5490 638 5534 et
669 5478 812 5532 dixit
842 5494 854 5529 :
890 5475 1044 5531 Unde
1078 5487 1127 5531 te
1156 5474 1191 5529 ιι
1212 5475 1444 5543 zhemus,
1477 5475 1617 5531 bone
1641 5476 1797 5545 juve-

184 5573 306 5629 nis?
345 5579 423 5628 At
463 5573 551 5628 ille
596 5570 928 5641 respondit:
986 5569 1065 5625 Ex
1119 5571 1246 5625 filiis
1276 5569 1561 5639 lsrael._,Et
1591 5569 1791 5625 Tobias

183 5667 327 5723 dixit
360 5665 416 5722 ei
441 5682 456 5723 :
483 5664 636 5725 Nosti
668 5665 840 5735 viam,
869 5679 990 5736 qua:
1017 5662 1167 5721 ducit
1208 5663 1264 5720 in
1293 5664 1573 5736 regionem
1606 5662 1793 5719 Medo-

188 5832 211 5909 ί
260 5841 289 5870 ³
326 5831 433 5889 ilic
453 5848 664 5907 quoque
697 5844 897 5890 nomen
927 5827 1137 5904 quini
1164 5828 1327 5888 idem.
1354 5842 1457 5888 ms.
1490 5835 1650 5886 tacet.

1860 1897 2171 1951 mercedem
2206 1905 2372 1949 tuam.
2406 1890 2640 1949 Et'dixit
2668 1895 2719 1950 ei
2752 1896 3013 1967 angelus;
3047 1897 3159 1968 Ego
3180 1898 3375 1955 ducam
3401 1911 3457 1957 et

1863 1989 2117 2044 reducam
2146 2002 2270 2043 eum
2303 1986 2369 2041 ad
2398 1995 2471 2041 te.
2499 1987 2597 2042 Cui
2629 1986 2829 2043 Tobias
2853 1991 3169 2058 respondit:
3197 1991 3347 2063 Rogo
3380 2002 3451 2061 te,

1864 2083 2041 2137 indica
2074 2082 2227 2149 mihi,
2276 2080 2349 2137 de
2374 2096 2479 2152 qna
2510 2082 2694 2147 domo,
2728 2090 2821 2135 aut
2849 2082 2916 2137 de
2944 2099 3050 2153 qua
3084 2085 3227 2140 ttibu
3270 2101 3330 2141 es
3361 2088 3459 2143 tu?

1862 2175 1960 2231 Cui
1992 2174 2235 2247 Raphael
2266 2176 2492 2246 angelus
2515 2174 2651 2229 dixit
2678 2192 2690 2229 :
2720 2174 2903 2230 Genus
2925 2177 3125 2245 qutcris
3177 2193 3458 2235 mercena-

1864 2268 1953 2335 rii,
1990 2282 2057 2321 an
2090 2270 2266 2337 ipsum
2297 2267 2719 2337 mercenarium,
2752 2268 2989 2337 quicum
3019 2268 3132 2323 lilio
3176 2278 3269 2326 tuo
3324 2271 3459 2327 eat?

1864 2362 1973 2418 Sed
2011 2377 2079 2417 ne
2107 2361 2246 2416 forte
2274 2361 2567 2415 soltcitum
2597 2369 2650 2416 te
2682 2360 2934 2428 reddam,
2964 2378 3065 2433 ego
3086 2377 3207 2419 sum
3232 2365 3456 2422 Azarias

1864 2455 2091 2509 Anania:
2120 2453 2299 2523 magni
2333 2453 2500 2508 filius.
2550 2452 2620 2506 Et
2647 2452 2847 2507 Tobias
2880 2454 3163 2523 respondit
3191 2473 3201 2509 :
3238 2456 3316 2510 Ex
3348 2471 3463 2511 ma-

1864 2563 1972 2619 gno
1996 2561 2200 2617 genere
2229 2562 2291 2601 es
2322 2556 2396 2600 tu.
2428 2545 2538 2600 Sed
2570 2554 2694 2615 peto
2724 2562 2791 2600 ne
2821 2546 3075 2601 irascaris
3098 2548 3239 2617 quod
3274 2550 3462 2605 volue-

1866 2643 1967 2697 rim
1996 2654 2328 2710 cognoscere
2370 2653 2543 2709 genus
2576 2648 2747 2693 tuum.
2782 2637 2928 2694 D.xit
2960 2650 3141 2695 autem
3189 2639 3267 2695 illi
3298 2656 3462 2713 ange-

1868 2738 1954 2792 lus
1988 2755 2000 2791 :
2033 2736 2149 2805 Ego
2201 2748 2395 2788 sanum
2444 2733 2665 2801 ducam,
2705 2742 2762 2788 et
2820 2748 3011 2787 sanum
3066 2733 3161 2789 tibi
3201 2734 3459 2792 reducam

1869 2832 2035 2885 filium
2073 2838 2242 2883 tuum.
2284 2828 2643 2895 ltespondeus
2674 2835 2859 2881 autem
2889 2827 3088 2882 Tobias
3112 2868 3126 2893 ,
3158 2829 3233 2883 ait
3265 2844 3279 2885 :
3312 2828 3462 2886 Bene

1870 2922 2183 2984 ambuletis,
2213 2928 2269 2975 et
2296 2918 2363 2972 sit
2398 2919 2541 2973 Deus
2574 2920 2626 2972 itt
2659 2918 2855 2973 itinere
2883 2928 3065 2974 vestro
3091 2960 3105 2985 ,
3155 2929 3211 2975 et
3239 2921 3463 2992 angelus

1871 3014 1993 3084 ejus
2022 3012 2314 3069 comitetur
2343 3010 2648 3065 Vobiscum.

1941 3109 2094 3163 Tunc
2125 3106 2330 3175 paratis
2344 3104 2620 3170 omnibus,
2653 3118 2773 3174 qua:
2795 3112 2951 3159 erant
2982 3103 3037 3159 in
3065 3105 3145 3159 via
3175 3106 3462 3176 portanda,

1795 3184 1841 3249 Ο
1873 3201 2001 3258 fecit
2040 3199 2237 3255 Tobias
2270 3198 2392 3254 vale
2418 3197 2556 3268 patri
2583 3212 2682 3253 suo
2710 3207 2764 3254 et
2792 3199 2954 3255 matri
3005 3212 3117 3255 sua:
3142 3242 3157 3269 ,
3189 3209 3244 3257 et
3273 3201 3465 3259 ambu-

1872 3297 2122 3353 laverUut
2153 3293 2315 3348 ambo
2346 3292 2528 3347 simul.

1942 3389 2187 3461 Cumque
2215 3386 2445 3459 profecti
2476 3396 2687 3454 essent,
2735 3386 2904 3459 coepit
2938 3394 3112 3445 mater
3142 3388 3263 3459 ejus
3288 3388 3423 3447 flere
3450 3414 3467 3459 ε

1872 3493 1927 3541 et
1972 3484 2155 3540 dicere
2194 3500 2207 3536 :
2255 3481 2519 3537 Baculnm
2570 3482 2868 3537 senectutis
2916 3490 3119 3538 nostra:
3166 3483 3359 3552 tulisti,
3414 3493 3473 3541 et

1875 3576 2232 3633 transmisisti
2257 3589 2286 3629 a
2311 3574 2491 3629 nobis.
2525 3574 2829 3644 Numquam
2854 3572 3049 3630 fuisset
3079 3576 3197 3647 ipsa
3218 3576 3468 3647 pecunia,

1876 3684 1975 3742 pro
2006 3685 2108 3740 qua
2140 3670 2335 3724 misisti
2363 3684 2509 3725 eum.
2536 3668 2855 3724 Sulficiebat
2882 3669 3026 3723 enim
3052 3670 3209 3725 nobis
3232 3686 3465 3743 pauper-

1878 3774 1960 3820 tas
1984 3774 2189 3829 nostra,
2229 3770 2286 3817 ut
2329 3762 2547 3817 divitias
2574 3770 3017 3833 computaremus
3047 3763 3169 3831 hoc,
3221 3765 3365 3833 quod
3393 3764 3474 3820 vi-

1878 3856 2142 3912 debamus
2177 3856 2349 3911 lilium
2398 3863 2669 3909 nostrum.
2706 3855 2960 3924 Dixitque
2991 3854 3043 3910 ei
3074 3855 3273 3912 Tobias
3311 3875 3323 3912 :
3355 3856 3476 3915 Noli

1879 3952 2035 4020 flere,
2067 3950 2248 4005 Salvus
2283 3950 2563 4020 perveniet
2586 3947 2735 4002 filius
2765 3957 2972 4015 noster,
3004 3958 3060 4003 et
3080 3948 3268 4005 salvus
3292 3964 3476 4007 rever-

1883 4053 2027 4099 tetur
2074 4045 2139 4098 ad
2183 4058 2312 4111 nos,
2362 4051 2419 4107 et
2465 4041 2604 4096 oculi
2640 4041 2721 4094 'tui
2770 4039 3030 4095 videbunt
3068 4041 3243 4097 illum.
3299 4041 3477 4100 Credo

1882 4140 2026 4193 enim
2052 4135 2196 4206 quod
2224 4134 2447 4206 angelus
2480 4134 2575 4192 Dei
2606 4135 2780 4189 bonus
2802 4134 3093 4189 comitetur
3128 4134 3203 4201 ei,
3254 4144 3309 4190 et
3339 4135 3479 4191 bene

1884 4230 2140 4300 disponat
2169 4230 2371 4300 omnia,
2406 4245 2527 4301 qua:
2552 4231 2695 4285 circa
2718 4243 2841 4284 eum
2870 4239 3155 4299 geruntur,
3184 4228 3257 4283 ita
3278 4237 3478 4283 utcum

1883 4323 2083 4393 gaudio
2110 4334 2414 4377 revertatur
2440 4323 2507 4376 ad
2552 4337 2671 4377 nos.
2717 4321 2799 4376 Ad
2833 4326 2973 4377 hanc
3006 4336 3193 4378 vocem
3242 4319 3481 4376 cessavit

1886 4427 2057 4470 mater
2082 4414 2201 4484 ejus
2230 4414 2381 4480 ﬂere,
2415 4423 2471 4469 et
2502 4417 2687 4469 tacuit.

1959 4514 2110 4589 [ϐαρ.
2146 4512 2575 4585 Vl.j;Profcctus
2606 4524 2692 4570 est
2737 4521 2919 4569 autem
2948 4512 3186 4581 Tobias,
3236 4518 3292 4567 et
3329 4508 3484 4566 canis

1889 4624 2109 4671 secutus
2140 4619 2222 4667 est
2252 4624 2376 4665 eum
2404 4650 2417 4675 ,
2447 4618 2502 4663 et
2554 4607 2755 4662 mansit
2794 4608 2968 4679 prima
2999 4606 3280 4661 mansione
3331 4602 3483 4674 juxta

1889 4712 2112 4768 fluvium
2144 4710 2342 4781 Tigris.
2377 4710 2442 4764 Et
2470 4698 2637 4764 exivit
2671 4716 2729 4763 ut
2758 4707 2964 4763 lavaret
3006 4706 3171 4777 pedes
3216 4717 3343 4759 soos
3366 4744 3381 4772 ,
3429 4711 3487 4760 et

1892 4821 2023 4863 ecce
2057 4804 2219 4876 piscis
2276 4803 2529 4859 immanis
2586 4803 2755 4858 exivit
2799 4801 2869 4857 ad
2914 4797 3285 4855 devorandum
3336 4811 3481 4853 eum.

1891 4898 2063 4967 Quem
2113 4910 2485 4967 expavescens
2515 4895 2713 4952 Tobias
2762 4892 3019 4949 clamavit
3070 4905 3197 4945 voce
3244 4904 3436 4960 magna
3466 4929 3483 4959 ,

1894 4994 2083 5049 dicens
2118 5010 2131 5045 :
2170 4992 2418 5059 Domine,
2454 4989 2659 5045 invadit
2688 5003 2796 5043 me.
2828 4987 2898 5042 Et
2927 4986 3062 5040 dixit
3111 4983 3161 5040 ei
3212 4984 3436 5055 angelus
3470 5002 3484 5040 :

1895 5085 2263 5159 Appreltende
2307 5084 2625 5141 bram-bium
2678 5084 2795 5147 ejus
2822 5122 2837 5146 ,
2896 5089 2951 5133 et
2983 5078 3137 5135 trahe
3163 5095 3287 5136 eum
3314 5078 3382 5135 ad
3413 5089 3487 5137 te.

1896 5187 2051 5257 Quod
2078 5202 2201 5242 cum
2226 5184 2481 5247 fecisset,
2511 5178 2730 5234 attraxit
2759 5192 2881 5230 eum
2916 5175 2967 5229 iu
3016 5175 3258 5245 siccum,
3289 5186 3343 5233 et
3374 5175 3493 5246 pal-

1894 5286 2069 5353 pilare
2100 5278 2269 5348 cmpit
2294 5286 2418 5330 ante
2448 5272 2611 5343 pedes
2643 5270 2782 5338 ejus.
2812 5267 2962 5322 Tunc
2991 5267 3126 5323 dixit
3155 5270 3205 5323 ei
3236 5268 3489 5338 angelus:

1898 5375 2172 5432 Exentera
2217 5372 2360 5427 hunc
2387 5369 2612 5440 piscem,
2646 5372 2699 5419 et
2727 5377 2823 5418 cor
2854 5361 2996 5431 ejus,
3036 5372 3090 5418 et
3119 5361 3213 5428 fel,
3246 5370 3301 5417 et
3340 5358 3496 5429 jecur

1902 5487 2107 5542 repone
2139 5468 2275 5523 tibi:
2305 5472 2430 5520 sunt
2453 5460 2594 5514 enim
2630 5459 2746 5513 hnc
2777 5458 3086 5512 necessaria
3133 5456 3204 5511 ad
3250 5454 3495 5510 medica-

1904 5575 2085 5622 menta
2122 5560 2347 5617 utiliter.
2381 5556 2535 5624 Quod
2584 5570 2705 5612 cum
2756 5554 3007 5619 fecisset,
3043 5550 3249 5605 assavit
3302 5563 3500 5605 carnes

1901 5660 2040 5733 ejus,
2067 5666 2121 5715 et
2144 5668 2327 5713 secum
2349 5652 2588 5708 tulerunt
2609 5650 2663 5707 in
2696 5647 2783 5703 via
2810 5664 2823 5678 ο
2854 5651 3047 5702 extera
3078 5642 3503 5711 salicrunt,qnm
