3960 6208
492 193 561 253 31
1492 188 1550 247 S.
1594 185 1975 245 ΠΙΕΒΟΝῩΜῘ
2013 184 2246 244 DIVINA
2286 182 2769 245 BIBLIOTIIECA.
3745 184 3822 239 32

492 309 811 370 sufﬁcerent
839 308 943 377 eis,
972 321 1253 380 quousque
1276 306 1694 377 pervenirentin
1720 305 2106 377 Ragescivita-
2135 308 2188 367 Α
2286 305 2581 376 Postquam
2623 312 2804 359 autem
2845 303 3012 360 locuti
3061 313 3230 376 sunt,
3285 305 3550 376 prmcepit
3605 304 3819 376 Raguel

496 414 606 462 tem
638 404 938 461 Medorum.
969 403 1123 458 Tunc
1167 402 1525 474 interrogavit
1564 401 1763 457 Tobias
1790 401 2044 472 angelum
2077 446 2091 471 ,

501 507 559 556 et
585 498 720 555 dixit
752 498 801 553 ei
827 515 840 551 :
873 497 1118 553 Obsecro
1147 504 1222 564 te,
1254 497 1447 552 Azaria
1477 496 1668 562 frater,
1698 495 1926 551 utdicas
1942 496 2094 560 mihi,

498 589 645 661 quod
679 587 983 645 remedium
1015 586 1297 642 habebunt
1326 587 1427 642 ista
1459 628 1474 653 ,
1526 602 1646 655 qua:
1679 586 1748 641 de
1789 585 1941 655 pisce
1983 601 2100 641 ser—

500 698 631 739 vare
654 680 915 752 jussisti?
948 680 1015 735 Et
1047 678 1385 749 respondens
1411 679 1663 749 angelus,
1685 677 1821 733 dixit
1847 678 1896 734 ei
1925 693 1939 731 :
1968 675 2103 731 Cor-

501 775 587 831 dis
612 773 729 846 ejus
751 773 1071 845 particulam
1100 774 1146 828 si
1188 786 1351 841 super
1380 772 1652 827 carbones
1684 786 1853 842 ponas
1872 812 1886 837 ,
1922 768 2103 825 fumus

503 867 623 938 ejus
640 854 886 923 extricat
913 880 1074 921 omne
1104 878 1273 935 genus
1294 863 1715 926 daemoniorum,
1745 864 1863 917 sive
1892 877 1922 915 a
1952 861 2096 927 viro,

501 958 617 1015 sive
668 973 698 1012 a
746 958 997 1023 muliere,
1031 958 1102 1011 ita
1156 966 1213 1011 ut
1263 956 1406 1011 ultra
1451 971 1557 1010 non
1601 954 1827 1012 accedat
1874 952 1943 1007 ad
1986 967 2101 1009 eos.

509 1061 537 1091 ι
564 1053 634 1109 Ει
662 1051 735 1109 fel
766 1051 909 1107 valet
935 1051 1002 1106 ad
1047 1050 1327 1121 augendos
1360 1049 1547 1106 oculos
1596 1048 1650 1105 in
1697 1048 1897 1120 quibus
1943 1046 2109 1102 fuerit

503 1142 724 1213 albugo,
757 1151 814 1198 et
841 1142 1203 1197 sanabuntur.

577 1235 647 1290 Et
677 1234 816 1289 dixit
844 1234 895 1289 ei
920 1234 1121 1288 Tobias
1151 1249 1166 1287 :
1198 1231 1297 1290 Ubi
1348 1231 1429 1286 vis
1460 1240 1519 1284 ut
1569 1228 1933 1285 maneamus?
1976 1228 2109 1284 [tes-

506 1327 866 1401 pondensquc
893 1328 1144 1397 angelus,
1177 1326 1256 1382 ait
1288 1343 1302 1382 :
1335 1326 1433 1382 Est
1476 1326 1563 1381 hic
1592 1325 1799 1396 Raguel
1846 1325 2066 1380 nomine
2090 1365 2106 1391 ,

505 1421 592 1477 vir
623 1420 961 1492 propinquus
987 1417 1058 1474 de
1088 1417 1233 1473 tribu
1268 1426 1385 1493 tua,
1410 1428 1466 1473 et
1495 1417 1581 1472 hic
1604 1416 1769 1471 habet
1810 1415 2111 1471 filiam-no-

508 1515 657 1572 mine
700 1514 916 1581 Saram,
950 1511 1045 1569 sed
1079 1526 1255 1582 neque
1286 1511 1610 1576 masculum,
1643 1523 1818 1580 neque
1850 1508 2111 1564 feminam

507 1608 675 1665 ullam
701 1606 869 1662 habet
895 1604 1056 1660 aliaat
1089 1615 1288 1675 prteter
1319 1619 1462 1660 eam.
1504 1603 1625 1658 Tibi
1668 1602 1903 1658 debetur
1933 1602 2112 1657 omnis

2199 397 2371 454 occidi
2401 399 2655 463 arietem,
2684 410 2739 453 et
2763 399 2939 468 parari
2969 400 3302 453 convivium.
3336 398 3582 469 Cumque
3618 398 3817 453 horta-

2199 503 2351 547 retur
2377 506 2474 548 eos
2516 492 2859 547 discumbere
2904 492 2971 547 ad
3002 493 3310 562 prandium,
3362 492 3564 548 Tobias
3606 490 3752 547 dixit
3786 509 3802 545 :

2202 584 2301 639 llic
2343 599 2444 655 ego
2485 584 2649 642 hodie
2680 601 2789 641 non
2822 585 3166 642 mandueabo
3212 602 3390 658 neque
3422 587 3604 642 bibam
3629 628 3643 653 ,
3704 588 3811 643 nisi

2203 678 2355 748 prius
2388 678 2712 749 petitionem
2740 694 2917 733 meam
2945 680 3262 746 conﬁrmes,
3282 688 3339 733 et
3365 681 3654 749 promittas
3675 678 3813 734 mihi

2206 772 2338 828 dare
2359 772 2548 828 Saram
2583 772 2748 828 ﬁliam
2791 782 2959 827 tuam.
2990 774 3108 841 Quo
3144 774 3331 829 audito
3372 776 3573 841 verbo,
3605 775 3814 846 Raguel

2206 866 2455 936 expavit,
2484 867 2664 921 sciens
2690 866 2819 937 quid
2846 868 3093 922 evenerit
3123 867 3233 923 illis
3265 877 3475 938 septem
3506 868 3671 935 viris,
3723 868 3819 939 qui

2209 959 2446 1029 ingressi
2489 970 2618 1014 sunt
2643 960 2708 1013 ad
2738 976 2858 1016 eam
2893 978 2909 1019 :
2940 973 2993 1016 et
3023 962 3218 1017 timere
3255 964 3420 1031 coepit
3452 978 3523 1018 ne
3564 948 3809 1018 forte'ct

2210 1054 2336 1108 huic
2385 1054 2636 1109 similiter
2672 1055 3030 1125 contingeret.
3070 1057 3135 1110 Et
3165 1072 3286 1111 cum
3320 1065 3556 1121 nutaret,
3607 1065 3663 1111 et
3697 1073 3810 1112 non

2209 1145 2365 1201 daret
2394 1147 2597 1218 petenti
2646 1147 2816 1202 ullum
2857 1163 3210 1217 responsum,
3255 1147 3394 1203 dixit
3440 1150 3491 1206 ei
3521 1149 3810 1218 angelus:

2210 1237 2330 1292 Noli
2362 1240 2554 1294 timere
2599 1239 2728 1295 dare
2777 1255 2897 1296 eam
2930 1241 3057 1309 isti,
3102 1242 3358 1313 quoniam
3412 1242 3540 1297 huic
3586 1243 3805 1299 timenti

2215 1332 2384 1388 Deum
2413 1331 2641 1387 debetur
2669 1333 2867 1403 conjux
2901 1333 3007 1387 filia
3047 1342 3135 1388 tua
3171 1351 3184 1387 :
3218 1344 3501 1402 propterea
3534 1334 3673 1390 alios
3708 1351 3817 1390 non

2214 1424 2394 1496 putuit
2419 1424 2621 1488 habere
2652 1424 2822 1479 illam.
2852 1425 3007 1480 Tunc
3032 1424 3171 1479 dixit
3198 1425 3444 1496 ltaguel:
3475 1426 3592 1480 Non
3624 1425 3820 1481 dubito

2213 1515 2360 1586 quod
2388 1515 2527 1570 Deus
2554 1530 2779 1585 preces,
2808 1526 2863 1571 et
2895 1516 3167 1588 lacrymas
3215 1532 3364 1573 meas
3408 1517 3463 1572 in
3511 1528 3820 1590 conspectu

2215 1621 2315 1662 suo
2339 1606 2641 1662 admiserit.
2674 1608 2742 1663 Et
2786 1608 2957 1664 credo
2990 1610 3251 1679 quoniam
3282 1608 3411 1665 ideo
3439 1609 3563 1665 fecit
3591 1626 3691 1665 vos
3721 1626 3821 1665 ve-

515 1696 820 1754 substantia
860 1696 1001 1767 ejus,
1035 1703 1092 1752 et
1118 1704 1335 1766 Oportet
1376 1709 1496 1752 eam
1527 1702 1581 1750 te
1621 1694 1879 1765 accipere
1918 1693 2111 1764 conju-
2142 1699 2189 1759 Β
2217 1699 2333 1754 nire
2360 1699 2427 1754 ad
2463 1716 2571 1767 me,
2600 1710 2656 1753 ut
2686 1701 2787 1754 ista
2817 1700 3241 1771 conjungeretur
3265 1700 3575 1772 cognationi
3601 1716 3716 1756 sua:
3732 1717 3823 1757 se-

508 1807 659 1866 gem.
689 1791 823 1848 Pete
850 1806 982 1861 ergo
1008 1805 1126 1845 eam
1159 1806 1190 1845 a
1224 1798 1379 1858 patre
1410 1789 1529 1859 ejus
1549 1831 1562 1856 ,
1588 1796 1644 1845 et
1671 1788 1823 1845 dabit
1854 1787 1954 1843 tibi
1992 1803 2113 1845 eam

508 1884 566 1941 in
599 1897 847 1939 uxorem.
875 1882 1029 1939 Tunc
1068 1882 1348 1952 respondit
1400 1881 1629 1947 Tobias,
1657 1888 1713 1936 et
1734 1880 1872 1936 dixit
1898 1898 1910 1935 :
1939 1879 2118 1936 Audio

402 2045 410 2051 _
508 1977 638 2048 quia
682 1975 879 2032 tradita
922 1983 1007 2031 est
1049 1985 1259 2043 septem
1287 1974 1441 2039 viris,
1475 1983 1531 2029 et
1585 1973 1788 2027 mortui
1820 1983 1972 2039 sunt,
2012 1972 2111 2028 sed

513 2080 572 2128 et
622 2070 728 2127 hoc
771 2070 993 2136 audivi,
1040 2069 1166 2138 quia
1205 2067 1535 2124 daemonium
1578 2065 1777 2123 occidit
1828 2066 1971 2121 illos.
2026 2066 2117 2121 Ti-

512 2178 638 2219 meo
684 2176 852 2234 ergo,
907 2177 976 2218 ne
1024 2161 1167 2218 forte
1219 2170 1277 2216 et
1331 2160 1466 2216 mihi
1523 2161 1639 2215 hzre
1698 2159 1953 2216 eveniant
1998 2176 2009 2212 :
2064 2169 2120 2215 et

513 2269 636 2312 cum
686 2254 793 2311 sim
858 2253 1051 2310 unicus
1101 2252 1415 2324 parentibus
1472 2253 1608 2309 meis
1640 2293 1657 2319 ,
1706 2252 1975 2322 deponam
2034 2266 2122 2307 sc-

514 2358 790 2406 nectutem
840 2348 1055 2403 illorum
1100 2361 1227 2403 cum
1288 2347 1504 2404 tristitia
1560 2346 1628 2402 ad
1685 2346 1914 2402 inferos.
1968 2345 2121 2402 Tunc

511 2441 736 2513 angelus
786 2439 1030 2511 Raphael
1077 2438 1218 2496 dixit
1264 2441 1314 2496 ei
1344 2457 1359 2495 :
1388 2439 1528 2496 Audi
1566 2455 1655 2496 me
1682 2481 1698 2506 ,
1736 2448 1793 2497 et
1835 2439 2120 2496 ostendam

515 2534 612 2590 tibi
641 2534 733 2605 qui
760 2541 917 2602 sunt,
959 2533 1156 2604 quibus
1212 2533 1511 2603 praevalere
1551 2541 1727 2604 potest
1766 2533 2117 2589 dmmonium.

518 2624 586 2682 lli
626 2639 862 2695 namque
912 2625 1005 2696 qui
1051 2624 1364 2696 conjugium
1406 2624 1480 2680 ita
1508 2626 1833 2696 suscipiunt,
1860 2634 1921 2680 ut
1953 2625 2120 2680 Deum

518 2732 552 2774 a
602 2732 664 2775 se
712 2725 770 2774 et
824 2719 870 2789 εξ
896 2732 993 2773 sua
1032 2727 1214 2774 mente
1240 2717 1558 2787 excludant,
1589 2728 1778 2775 etsuze
1807 2718 2014 2774 libidini
2046 2718 2119 2774 ita

518 2819 737 2878 vacent,
788 2808 930 2866 sicut
956 2825 1130 2881 equus
1180 2819 1236 2869 et
1263 2811 1460 2879 mulus,
1489 2811 1687 2883 quibus
1715 2828 1823 2869 non
1848 2822 1934 2869 est
1959 2812 2121 2868 intel-

518 2905 693 2962 lectus
725 2920 740 2960 :
773 2904 935 2961 habet
984 2915 1310 2977 potesmtem
1338 2906 1668 2963 (Lemonium
1707 2922 1872 2978 super
1887 2922 1999 2964 eos.
2035 2907 2119 2963 Tu

519 3007 701 3055 autem
740 3013 867 3054 cum
896 2999 1181 3068 acceperis
1209 3013 1329 3054 eam
1358 2999 1641 3070 ingressus
1667 2999 2003 3065 cubiculum,
2027 3015 2125 3071 per

2218 1790 2454 1848 cundum
2497 1791 2669 1862 legem
2699 1792 2871 1864 Moysi
2906 1801 3003 1848 :et
3044 1806 3189 1847 nunc
3218 1793 3328 1847 noli
3362 1792 3585 1848 dubium
3624 1807 3824 1863 gerere

2220 1884 2367 1954 quod
2412 1883 2507 1939 tibi
2539 1898 2662 1939 eam
2706 1887 2941 1940 tradam.
2975 1886 3039 1940 Et
3069 1885 3493 1956 apprehendens
3536 1886 3818 1942 dexteram

2222 1975 2349 2030 filiae
2401 1991 2535 2043 sum,
2592 1977 2799 2032 dextra:
2852 1978 3038 2033 Tobiae
3088 1978 3357 2046 tradidit,
3408 1980 3596 2035 dicens
3627 1997 3641 2033 :
3675 1980 3824 2036 Deus

2221 2066 2521 2137 Abraham,
2548 2078 2603 2124 et
2630 2068 2774 2125 Deus
2800 2069 2970 2139 Isaac,
3000 2081 3055 2127 et
3077 2071 3217 2126 Deus
3241 2071 3412 2127 Jacob
3424 2071 3710 2127 vobiscum
3727 2072 3820 2139 sit,

2221 2171 2277 2216 et
2321 2162 2438 2230 ipse
2482 2162 2775 2232 coniungat
2811 2178 2909 2218 vos
2936 2204 2952 2230 ,
2996 2164 3329 2236 impleatque
3381 2165 3825 2222 benedictionem

2222 2271 2376 2312 suam
2398 2261 2452 2311 in
2476 2257 2651 2314 vobis.
2684 2258 2752 2312 Et
2772 2268 2995 2329 accepta
3023 2258 3237 2325 charta,
3264 2260 3518 2315 fecerunt
3548 2274 3702 2315 cousc
3721 2262 3829 2330 rip-

2224 2348 2425 2403 tionent
2456 2348 2722 2421 conjugii.
2755 2350 2825 2405 Et
2855 2361 2975 2421 post
3005 2350 3123 2407 htec
3160 2352 3364 2421 epulati
3393 2361 3552 2419 sunt,
3576 2352 3827 2408 .benedi-

2223 2451 2411 2498 centes
2441 2442 2631 2499 Deum.

2296 2534 2631 2604 Vocavitque
2658 2534 2867 2604 ltagucl
2897 2534 2965 2589 ad
2995 2550 3055 2591 se
3080 2535 3293 2590 Annam
3318 2549 3541 2591 uxorem
3566 2551 3748 2603 suam,
3776 2546 3828 2592 et

2228 2625 2487 2695 pra‘Cepit
2534 2627 2585 2681 ei
2626 2640 2680 2681 ut
2727 2636 3062 2698 pra-pararet
3097 2629 3330 2683 alterum
3374 2628 3711 2686 cubiculum.
3764 2629 3829 2684 Et

2226 2717 2565 2774 introduxitb
2585 2718 2714 2774 illuc
2731 2718 2921 2775 Saram
2947 2719 3110 2776 tiliam
3132 2736 3311 2786 suam,
3327 2731 3382 2776 et
3404 2721 3704 2793 laerymata
3726 2730 3823 2777 est.

2255 2811 2508 2883 Dixitque
2537 2813 2589 2868 ei
2620 2830 2631 2866 :
2678 2813 2717 2868 F
2722 2814 2829 2868 orti
2858 2813 3044 2871 animo
3067 2824 3208 2880 esto,
3243 2814 3353 2870 tilia
3384 2830 3501 2870 mea
3530 2833 3543 2869 :
3570 2815 3828 2872 Dominus

2225 2907 2352 2964 caali
2379 2907 2472 2962 det
2494 2906 2586 2961 tibi
2616 2908 2872 2977 gaudium
2905 2923 3005 2979 pro
3052 2908 3217 2963 taedio
3245 2909 3387 2979 quod
3418 2924 3673 2980 perpessa
3704 2926 3783 2967 es.

2300 2996 2453 3071 [Cap.
2496 2997 2655 3071 Vill]
2682 2999 2977 3071 Postquam
3008 3016 3139 3056 vero
3167 3011 3545 3065 ctenavetunt,
3580 3003 3827 3058 introdu-

521 3102 635 3149 tres
680 3090 800 3148 dies
851 3092 1139 3147 continens
1191 3102 1313 3148 esto
1363 3092 1434 3148 ab
1486 3109 1592 3157 ea,
1644 3102 1700 3149 et.
1750 3095 1883 3150 nihil
1929 3094 2073 3150 aliud
2104 3137 2120 3163 ,
2148 3085 2194 3150 C
2228 3100 2423 3145 xerunt
2462 3089 2720 3159 juvenem
2753 3092 2821 3146 ad
2860 3108 3002 3148 eam.
3043 3092 3385 3148 Recordatus
3414 3094 3596 3165 itaque
3625 3094 3829 3149 Tobias

525 3185 627 3243 nisi
658 3186 1001 3242 orationibus
1031 3187 1251 3242 vacabis
1276 3202 1402 3242 cum
1431 3201 1516 3243 ea.
1546 3188 1667 3259 Ipsa
1692 3199 1876 3245 autem
1918 3199 2084 3245 nocte
2109 3232 2126 3257 ,

536 3281 765 3336 incenso
784 3278 974 3350 jecore
999 3280 1189 3349 piscis,
1220 3279 1496 3350 fugabitur
1514 3280 2131 3338 daemonium.Secunda

531 3387 668 3430 vero
692 3383 856 3428 nocte
885 3373 937 3427 in
967 3372 1316 3442 copulatione
1342 3384 1663 3428 sanctorum
1695 3373 2130 3444 patriarcharum

532 3466 859 3522 admitteris.
889 3464 1071 3520 Tertia
1103 3475 1285 3520 autem
1319 3476 1503 3531 nocte,
1533 3464 1974 3521 benedictionem
2005 3480 2134 3521 con.

531 3558 780 3631 sequeris
804 3602 820 3627 ,
878 3569 939 3615 ut
989 3558 1086 3614 ﬁlii
1116 3574 1183 3613 ex
1222 3560 1381 3615 vobis
1413 3569 1770 3630 procreeotur
1802 3560 2128 3615 incolumes.

534 3650 830 3707 Transacta
856 3659 1037 3705 autem
1056 3651 1217 3705 tertia
1240 3661 1421 3716 nocte,
1449 3650 1688 3718 accipies
1715 3648 1978 3720 virginem
2002 3665 2129 3705 eum

535 3741 734 3799 timore
762 3740 980 3797 Domini
1008 3754 1197 3797 amore
1225 3740 1457 3796 ﬁliorum
1494 3740 1668 3811 magis
1697 3755 1858 3811 quam
1905 3740 2133 3798 libidine

540 3833 762 3901 ductus,
791 3843 849 3888 ut
879 3834 931 3888 in
964 3832 1175 3889 semine
1198 3831 1433 3889 Abrahae
1463 3831 1903 3890 benedictionem
1936 3833 1991 3889 in
2008 3833 2134 3889 ﬁliis

539 3926 922 3998 consequaris.

607 4018 765 4096 [ϐαρ.
798 4018 934 4094 Vll.]
965 4019 1199 4091 lngressi
1235 4028 1365 4076 sunt
1389 4027 1568 4076 autem
1599 4019 1667 4075 ad
1694 4019 1990 4092 Raguelcm
2015 4066 2029 4090 ,
2075 4028 2135 4077 et

544 4114 788 4185 suscepit
817 4127 912 4170 eos
936 4113 1141 4185 Ragucl
1165 4128 1287 4169 eum
1314 4113 1532 4184 gaudio.
1560 4101 1887 4184 IntuenSque
1900 4112 2131 4168 Tobiam

542 4208 770 4280 ltaguel,
797 4208 933 4266 dixit
960 4208 1133 4264 Anna:
1163 4209 1320 4265 uxori
1367 4225 1528 4265 suae:
1575 4209 1750 4277 Quam
1800 4210 1998 4266 similis
2049 4221 2135 4267 est

531 4305 758 4376 juvenis
784 4307 886 4361 iste
912 4304 1245 4361 consobrino
1274 4320 1396 4360 meo
1421 4306 1434 4358 l
1466 4304 1536 4360 Et
1563 4320 1688 4360 cum
1737 4305 1852 4361 hate
1878 4305 2129 4375 dixisset,

536 4399 632 4453 ait.
672 4398 825 4456 Unde
849 4398 1003 4461 estis,
1027 4396 1260 4468 juvenes
1304 4396 1499 4453 fratres
1528 4399 1699 4453 nostri
1723 4397 1747 4451 ἲ
1778 4400 1846 4453 At
1875 4398 1949 4454 illi
1978 4399 2128 4455 dixe—

2229 3195 2543 3235 sermonum
2575 3182 2779 3251 angeli,
2815 3183 3042 3251 protulit
3083 3184 3153 3241 de
3197 3186 3437 3241 cassidili
3485 3203 3585 3242 suo
3618 3199 3828 3256 partem

2225 3273 2458 3344 jecoris,
2491 3275 2776 3345 posuitque
2820 3290 2943 3332 eam
2978 3293 3146 3349 super
3170 3280 3441 3335 carbones
3474 3282 3650 3337 vivos.
3681 3282 3833 3337 Tune

2231 3364 2476 3437 Rapbael
2507 3367 2734 3437 angelus
2763 3370 3127 3439 apprehendit
3156 3372 3519 3437 daemonium,
3548 3383 3605 3429 et
3635 3375 3832 3445 religa—

2232 3458 2311 3514 vit
2340 3457 2472 3514 illud
2500 3460 2553 3513 in
2581 3458 2807 3515 deserto
2839 3462 3138 3533 superioris
3164 3462 3410 3536 .Egypti.
3457 3466 3612 3521 Tunc
3644 3465 3832 3523 horta-

2234 3557 2321 3605 tus
2350 3560 2435 3605 est
2466 3550 2972 3621 virginemTobias,
3000 3553 3246 3623 dixitque
3269 3557 3317 3610 ei
3353 3573 3366 3610 :
3400 3555 3830 3628 Sara,exsurgc,

2233 3651 2292 3701 et
2315 3643 2679 3716 deprecemur
2704 3645 2873 3701 Deum
2903 3646 3065 3703 hodie
3089 3690 3104 3716 ,
3137 3657 3196 3704 et
3246 3664 3369 3704 cras
3390 3690 3406 3716 ,
3452 3660 3508 3706 et
3535 3653 3832 3708 secundum

2234 3753 2359 3794 cras
2395 3757 2409 3795 :
2439 3739 2567 3810 quia
2596 3738 2680 3794 his
2707 3740 2882 3797 tribus
2910 3743 3162 3798 noctibus
3192 3743 3643 3815 Deojnngimnr:
3677 3748 3831 3803 tertia

2235 3842 2416 3887 autem
2448 3841 2719 3887 transaCta
2754 3844 2917 3890 nocte
2942 3876 2957 3902 ,
3008 3834 3061 3890 in
3094 3846 3281 3891 no.~tro
3318 3837 3525 3892 erimus
3556 3841 3827 3912 conjugio.

2236 3924 2365 3982 Filii
2397 3926 2601 3997 quippe
2645 3936 2959 3982 sanctorum
3000 3942 3225 3995 sumus,
3288 3944 3396 3984 non
3444 3944 3736 4000 possumus
3765 3934 3831 3989 ita

2237 4018 2512 4089 COnjungi,
2544 4020 2681 4073 sicut
2706 4029 2900 4090 gentes
2921 4035 3043 4090 qua:
3074 4021 3327 4091 ignorant
3354 4023 3548 4079 Deum.

2308 4113 2612 4184 Surgentes
2644 4123 2822 4168 autem
2858 4115 3077 4184 pariter,
3125 4115 3390 4170 instanter
3416 4117 3647 4173 orabant
3677 4118 3833 4173 ambo

2238 4208 2424 4274 simul,
2456 4206 2739 4262 utsanitas
2766 4205 2988 4260 daretur
3019 4206 3120 4261 eis.
3160 4206 3411 4276 Dixitque
3438 4208 3640 4264 Tobias
3670 4227 3686 4265 :
3732 4209 3833 4265 Do-

2238 4305 2385 4359 mine
2422 4303 2566 4358 Dcus
2597 4311 2809 4372 patrum
2857 4309 3207 4371 nostrorum,
3261 4301 3586 4357 bcnedicant
3631 4313 3685 4359 te
3714 4300 3831 4358 coeli

2238 4407 2293 4451 et
2321 4406 2502 4460 terrm,
2529 4408 2787 4464 mareque
2819 4403 2876 4450 et
2904 4392 3085 4449 fontes
3109 4435 3125 4460 ,
3168 4403 3224 4449 et
3258 4392 3518 4461 flumina,
3560 4404 3615 4450 et
3645 4410 3832 4451 omnes

538 4499 668 4547 runt
701 4509 716 4547 :
746 4490 823 4546 Ex
856 4490 998 4546 tribu
1043 4488 1331 4560 Nephthali
1373 4504 1561 4546 sumus
1592 4506 1656 4545 ex
1688 4490 2004 4561 captivitate
2035 4490 2131 4548 Ni-
2162 4478 2216 4539 D
2241 4503 2505 4548 creatura:
2540 4499 2667 4556 tum,
2709 4504 2834 4560 quae
2864 4489 2915 4543 in
2945 4489 3026 4544 eis
3057 4496 3203 4543 sinit.
3240 4488 3320 4544 Tu
3352 4488 3523 4543 fecisti
3555 4489 3728 4545 Adam
3768 4486 3832 4541 de

538 4583 684 4639 nive.
720 4582 971 4652 Dixitque
1010 4582 1117 4638 illis
1145 4581 1348 4652 [tuguel
1382 4597 1396 4634 :
1438 4580 1620 4637 Nostis
1647 4582 1873 4638 Tobiam
1905 4585 2129 4640 fratrem

541 4679 768 4735 meum?
816 4678 920 4748 Qui
970 4676 1278 4734 dixerunt:
1328 4676 1608 4733 Novimus.
1655 4679 1899 4749 Cumque
1962 4681 2131 4736 multa

544 4770 683 4826 bona
714 4773 1032 4843 loqueretur
1060 4771 1129 4828 de
1156 4785 1242 4837 eo,
1275 4770 1412 4826 dixit
1441 4773 1665 4842 angelus
1695 4774 1761 4828 ad
1792 4773 2090 4843 Itaguelem
2116 4789 2129 4827 :

537 4862 759 4931 Tobias,
792 4864 862 4920 de
888 4881 994 4935 quo
1024 4865 1351 4936 interrogas,
1378 4875 1530 4934 pater
1561 4867 1716 4922 istius
1760 4877 1865 4922 est.
1899 4869 1960 4922 Et
1985 4868 2136 4922 misit

536 4956 855 5026 seltaguel,
890 4968 1097 5014 etcum
1143 4958 1395 5031 lacrymis
1422 4960 1694 5014 osculatus
1740 4969 1824 5015 est
1870 4976 2026 5027 eum,
2072 4970 2129 5018 et

540 5047 766 5119 plorans
806 5062 972 5119 supra
1013 5052 1216 5106 collum
1265 5051 1421 5122 ejus,
1474 5053 1658 5108 dixit:
1691 5053 2003 5111 Benedictio
2058 5059 2129 5111 sit

541 5140 635 5196 tibi
660 5180 676 5207 ,
710 5138 783 5195 fili
815 5143 917 5204 mi,
967 5143 1091 5213 quia
1138 5144 1264 5199 boni
1303 5154 1358 5200 et
1401 5146 1596 5215 Optimi
1628 5145 1727 5200 viri
1760 5147 1901 5202 titius
1929 5162 2011 5203 es.
2061 5150 2130 5205 Et

536 5233 691 5290 Anna
721 5249 863 5290 uxor
888 5233 1005 5306 ejus
1026 5275 1041 5304 ,
1095 5244 1151 5292 ct
1180 5237 1315 5294 Sara
1342 5237 1584 5311 ipsorum
1632 5237 1744 5295 tilia
1765 5279 1782 5308 ,
1819 5240 2128 5312 lacrytnata)

535 5337 681 5385 sunt.

612 5541 809 5620 {Tota
840 5540 1028 5620 isthmc
1049 5538 1362 5620 _pericope.i
1390 5542 1454 5598 Et
1483 5547 1555 5614 fel
1591 5547 1726 5620 valet
1761 5548 1830 5601 ad
1858 5547 2127 5620 ungendus

539 5613 718 5690 oculos
749 5614 801 5666 in
826 5611 1193 5690 quibusfucril
1220 5615 1373 5690 albug
1394 5632 1427 5684 ι,
1455 5611 1502 5672 et
1542 5619 1864 5675 sanabuntur
1887 5662 1902 5688 ,
1930 5611 1999 5678 'in
2024 5620 2129 5677 Pa‘

537 5684 709 5744 latino
737 5699 842 5746 nis.
874 5684 1243 5743 deatderatut‘.

2240 4586 2372 4641 limo
2424 4592 2624 4652 terra),
2675 4582 2986 4652 dedistique
3033 4582 3082 4636 ei
3129 4580 3459 4650 adjutorium
3512 4580 3739 4637 llevam.
3769 4579 3833 4634 Et

2240 4676 2675 4745 nunc,Domine,
2711 4687 2765 4729 tu
2794 4676 2924 4742 seis,
2960 4675 3085 4743 quia
3109 4688 3219 4728 non
3250 4673 3478 4728 luxuria:
3502 4687 3666 4727 causa
3696 4670 3835 4727 acci—

2243 4779 2334 4847 pio
2355 4788 2603 4832 sororem
2636 4787 2813 4828 meum
2849 4771 3138 4841 conjugem
3159 4809 3174 4834 ,
3221 4766 3317 4824 sed
3349 4767 3463 4822 sola
3505 4767 3834 4836 posteritatis

2240 4868 2535 4925 dilectione
2562 4909 2576 4932 ,
2631 4866 2685 4920 in
2715 4880 2819 4936 qua
2853 4854 3216 4919 heu'edicatur
3248 4873 3445 4915 nomen
3478 4867 3629 4914 tuum
3657 4860 3711 4914 in
3738 4873 3835 4912 sa:-

2232 4963 2354 5023 eula
2409 4959 2759 5016 sa'culornm.
2814 4956 2959 5011 Dixit
3008 4964 3031 4993 ο
3079 4967 3297 5024 quoque
3346 4951 3524 5008 Sara:
3576 4951 3835 5006 Miserere

2234 5058 2413 5123 nobis,
2459 5051 2719 5116 Domine,
2750 5049 3010 5104 miserere
3060 5044 3238 5111 nobis,
3282 5052 3339 5099 ct
3372 5054 3832 5100 consenescamns

2232 5151 2393 5207 ambo
2421 5163 2483 5219 pa
2493 5147 2623 5202 riter
2653 5142 2794 5203 sani.

2306 5246 2373 5300 Et
2403 5245 2600 5299 factum
2643 5249 2727 5294 est
2774 5238 2918 5293 circa
2968 5234 3237 5307 pullorum
3287 5240 3532 5301 cantum,
3578 5231 3833 5289 accersiri

2232 5339 2392 5413 jussit
2422 5333 2630 5407 Itaguel
2659 5346 2846 5389 servos
2877 5344 3028 5396 suos,
3057 5336 3113 5384 et
3159 5325 3411 5381 abierunt
3442 5340 3564 5380 cum
3599 5340 3667 5382 eo
3694 5324 3837 5413 pari—

2307 5546 2335 5589 ι’
2368 5547 2427 5603 In
2461 5545 2690 5602 Palatin.
2727 5559 2829 5598 ms.
2853 5537 3145 5596 introduxit
3167 5538 3219 5593 in
3242 5553 3354 5591 cum
3376 5535 3593 5602 Sat-dm,
3623 5544 3758 5604 etc.,
3784 5540 3836 5590 et

2236 5636 2392 5680 mox.
2423 5619 2536 5688 ﬁl.'u
2562 5618 2654 5680 mi,
2687 5630 2781 5679 pro
2808 5631 2943 5688 mea.
2990 5683 2999 5688 -
3102 5679 3113 5688 .
3188 5677 3246 5688 Ν
3291 5677 3300 5688 ⁸

2239 5749 2289 5767 μγ
2317 5703 2338 5732 ρ
2372 5677 2604 5755 pium".
2630 5677 2732 5746 ωε,
2760 5699 2882 5746 cum
2905 5679 3147 5760 vulgatis
3177 5677 3323 5738 Dixit
3353 5678 3526 5755 ita'juc
3545 5677 3835 5750 Sara,ctc.
