3960 6208
153 156 215 210 53
1053 153 1430 211 ΡΒ.ΕΕΑΤΙΟ
1469 152 1760 211 IIIEROM

1896 153 1960 210 ΙΝ
2003 153 2263 212 LIBRUM
2304 153 2554 212 TOBl/E.
3395 163 3463 219 δι

161 278 252 334 ter,
279 279 334 323 ut
367 269 635 325 foder-ent
656 267 980 339 sepulcrum.
1010 267 1232 325 Dicebat
1259 271 1403 326 enim
1431 289 1446 329 :
1477 285 1543 326 ne
1567 279 1591 308 ι
1615 269 1756 326 forte
1786 274 1836 333 A
1863 285 1923 327 se
1946 271 2179 326 invicem
2207 289 2222 329 :
2249 281 2304 326 et
2335 267 2364 309 ιι
2389 271 2538 326 ﬂevit
2565 270 2824 338 Gabeluc,
2858 271 3242 343 benedixitque
3268 275 3462 344 Deum,

165 367 310 420 simili
340 367 508 422 modo
541 367 792 422 evenerit
821 366 892 433 ei,
923 380 1030 434 quo
1060 375 1114 420 et
1145 368 1359 421 cazteris
1389 367 1498 421 illis
1544 378 1752 437 septem

169 459 288 512 viris
332 460 420 527 qui
486 467 617 512 sunt
673 459 900 527 ingressi
955 458 1020 511 ad
1072 473 1211 512 eam.
1268 458 1513 528 Cumque
1569 473 1754 528 paras-

172 560 278 606 sent
309 549 531 617 fossam,
569 565 826 605 reversus
855 549 1056 620 Raguel
1098 551 1163 604 atl
1209 567 1432 606 uxorem
1465 567 1641 618 suam,
1667 552 1753 606 di-

174 647 238 702 xit
261 646 299 701 ei
325 664 334 698 :
364 647 518 701 Mitte
548 661 718 700 unam
751 661 817 699 cx
839 645 1050 700 ancillis
1079 645 1202 710 tuis,
1237 657 1292 700 et
1328 646 1510 701 videat
1538 646 1581 699 si
1614 661 1758 699 mor-

184 750 285 796 tuus
311 749 407 806 est,
441 747 502 794 ut
534 740 804 807 sepeliam
836 754 956 793 eum
990 748 1280 809 antequam
1309 741 1587 794 illucescat
1617 739 1755 794 dies.

173 837 232 888 At
264 833 335 886 illa
367 831 523 886 misit
555 847 720 886 uuam
770 847 836 886 ex
883 832 1095 886 ancillis
1149 833 1281 886 suis.
1335 832 1465 899 Quae
1513 834 1757 902 ingressa

174 926 472 992 cubiculum,
528 927 738 997 reperit
781 940 876 980 eos
920 924 1101 980 salvos
1132 934 1188 979 et
1222 925 1539 986 incolumes,
1574 939 1756 978 secum

177 1021 346 1089 pariter
395 1020 764 1075 dormientes.
812 1019 880 1073 Et
923 1033 1145 1074 reversa
1176 1060 1190 1083 ,
1243 1019 1508 1073 nuntiavit
1555 1017 1756 1072 bonum

175 1114 385 1168 nuntium
420 1132 431 1165 :
467 1122 524 1167 et
558 1113 958 1168 benedixerunt
1004 1113 1288 1165 Dominum
1318 1153 1332 1176 ,
1367 1110 1569 1179 liaguel
1609 1110 1760 1165 vidc-

180 1208 294 1262 licet
315 1216 360 1262 et
381 1207 535 1262 Anna
559 1221 697 1261 uxor
719 1206 857 1274 ejus,
889 1215 943 1259 et
972 1205 1256 1258 dixerunt:
1279 1202 1656 1260 Benedicituus
1684 1212 1758 1269 te,

171 1299 376 1355 Domine
399 1300 539 1354 Deus
561 1299 728 1353 Israel
753 1341 764 1362 ,
799 1300 923 1368 quia
949 1312 1054 1352 non
1078 1298 1303 1366 contigit
1324 1295 1374 1362 ,ιι
1409 1296 1763 1367 quemadmo-

168 1393 282 1446 dum
299 1393 630 1461 putabamus.
659 1390 853 1446 Fecisti
869 1392 1012 1445 enim
1028 1389 1307 1444 nobiseum
1324 1389 1760 1444 misericordiam

174 1495 328 1552 tuam,
360 1494 411 1539 et
441 1483 726 1539 exclusisti
755 1500 783 1537 a
818 1483 972 1538 nobis
1021 1484 1298 1538 inimicum
1341 1491 1759 1552 persequentem

168 1591 282 1631 nos.
315 1576 563 1631 Misertus
597 1592 657 1630 es
690 1585 868 1631 autem
901 1576 1111 1629 duobus
1140 1575 1336 1629 unicis.
1373 1575 1478 1629 Fac
1508 1589 1624 1640 eos,
1655 1574 1762 1626 Do-

1857 372 1910 417 et
1943 364 2125 418 dixit:
2172 364 2465 418 Benedicat
2515 373 2567 420 te
2615 365 2757 419 Deus
2805 364 2994 430 Israel,
3047 368 3170 436 quia
3222 368 3362 422 ﬁlius
3405 384 3466 423 es

1857 459 2044 527 optimi
2074 458 2198 526 viri,
2230 467 2285 514 et
2315 459 2470 528 justi,
2508 468 2562 514 et
2605 461 2844 514 timentis
2879 460 3072 526 Deum,
3127 472 3178 516 et
3225 463 3469 517 eleemo-

1857 565 2020 622 synas
2051 552 2297 608 facientis
2329 571 2340 607 :
2373 563 2428 608 et
2452 554 2666 609 dicatur
2692 554 2998 610 benedictio
3044 569 3208 624 super
3238 571 3463 611 uxorem

1859 655 2028 714 tuam,
2085 657 2139 704 et
2186 664 2352 716 super
2395 659 2648 719 parentes
2694 658 2928 717 vestros,
2975 658 3029 705 et
3066 648 3293 704 videatis
3324 649 3469 706 filios

1861 753 2095 802 vesuos,
2119 749 2173 795 et
2196 741 2337 796 filios
2367 741 2600 796 filiorum
2625 751 2929 796 vestrorum
2963 757 3139 810 usque
3165 742 3216 796 in
3252 742 3467 796 tertiam

1860 840 1916 888 et
1941 843 2186 904 quartam
2211 835 2653 904 generationem:
2677 843 2732 890 et
2753 835 2821 889 sit
2853 833 2868 872 ί
2903 849 3088 890 semen
3109 844 3352 890 vestrum
3379 834 3470 890 bc-

1862 926 2136 980 nedictum
2160 942 2188 980 a
2217 926 2329 981 Deo
2360 926 2556 991 Israel,
2591 928 2681 996 qui
2711 935 2901 998 regnat
2933 928 2983 981 iu
3012 927 3208 982 saecula
3240 927 3474 983 steculo-

1865 1032 2004 1071 rum.
2035 1017 2279 1089 Cumque
2305 1034 2496 1074 omnes
2523 1020 2810 1086 dixissent,
2863 1023 3061 1086 Amen,
3118 1029 3472 1075 accesserunt

1863 1110 1928 1163 ad
1955 1110 2266 1164 convivium
2296 1129 2308 1166 :
2340 1111 2435 1167 sed
2462 1123 2513 1165 et
2546 1128 2666 1167 cum
2702 1113 2892 1168 timore
2923 1113 3138 1168 Domini
3161 1114 3468 1184 nuptiarum

1863 1203 2171 1258 convivium
2217 1205 2568 1261 exercebant.

1939 1294 2092 1366 [ϐαρ.
2123 1295 2215 1367 Χ.]
2260 1295 2394 1351 Cum
2437 1314 2567 1352 vero
2601 1313 2780 1354 moras
2823 1299 3023 1356 faceret
3053 1300 3276 1372 Tobias,
3307 1317 3468 1358 causa

1867 1390 2198 1458 nuptiarum,
2232 1390 2500 1445 sollicitus
2529 1404 2644 1446 erat
2677 1402 2832 1461 pater
2854 1394 2972 1462 ejus
2997 1393 3216 1460 Tobias,
3246 1395 3469 1452 dicens:

1865 1481 2031 1536 Putas
2057 1497 2224 1551 quare
2255 1495 2500 1538 moratur
2529 1484 2670 1539 filius
2706 1501 2880 1551 meus,
2904 1499 2994 1540 aut
3024 1503 3194 1557 quare
3220 1488 3472 1544 detentus

1867 1585 1947 1630 est
1972 1576 2081 1630 ibi?
2108 1575 2344 1632 Putasne
2387 1578 2624 1634 Gabelus
2658 1589 2904 1635 mortuus
2932 1592 3035 1646 est,
3068 1591 3122 1638 et
3156 1598 3314 1637 nemo
3347 1583 3474 1638 red-

159 1671 318 1735 tuine,
380 1679 402 1706 ο
455 1667 667 1738 plenius
697 1667 1022 1722 benedicere
1079 1677 1167 1720 le:
1203 1676 1257 1721 et
1302 1665 1630 1720 sacrificium
1663 1665 1758 1719 tibi
1790 1655 1838 1715 Β
1865 1667 1960 1722 det
2007 1669 2082 1722 illi
2132 1670 2453 1738 pecuniam?
2494 1670 2672 1741 Caepit
2717 1681 2899 1726 autem
2951 1675 3263 1729 Contristari
3310 1676 3472 1731 nimis

155 1759 323 1813 laudis
349 1769 451 1813 tua:
479 1767 532 1814 et
560 1773 673 1812 suae
706 1759 955 1812 sanitatis
979 1757 1197 1823 offerre,
1232 1765 1289 1812 nt
1317 1765 1611 1826 Cognoscat
1643 1755 1762 1808 uni-

149 1852 383 1905 versitas
404 1851 636 1920 gentium
669 1893 684 1918 ,
735 1849 858 1920 quia
891 1859 945 1903 tu
981 1865 1041 1904 es
1067 1850 1211 1903 Deus
1241 1849 1396 1903 solus
1427 1850 1479 1902 in
1508 1847 1757 1901 universa

147 1957 315 1999 terra.
369 1942 665 2012 Statimque
717 1943 980 2012 praecepit
1031 1942 1205 1997 servis
1250 1942 1364 1996 suis
1403 1941 1609 2011 Raguel
1639 1982 1653 2007 ,
1704 1951 1762 1996 ut

142 2039 425 2104 replerent
465 2039 686 2100 fossam,
745 2053 902 2105 quam
953 2035 1219 2100 fecerant,
1273 2037 1587 2105 priusquam
1646 2034 1762 2088 elu-

144 2140 418 2186 ccsceret.
458 2128 622 2185 Uxori
652 2139 834 2183 autem
860 2143 975 2182 suae
1014 2129 1171 2196 dixit,
1209 2136 1267 2182 ut
1297 2129 1591 2182 instrueret
1623 2142 1758 2182 ccu-

147 2226 376 2290 viviurn,
409 2230 466 2278 et
493 2232 831 2293 prmpararet
859 2221 1036 2274 omnia
1061 2236 1181 2290 qua:
1214 2219 1267 2273 in
1299 2219 1448 2274 cibos
1472 2228 1627 2274 erant
1659 2217 1761 2273 iter

140 2316 434 2388 agentibus
466 2315 800 2371 necessaria.
847 2313 991 2368 Duas
1020 2329 1238 2384 quoque
1283 2314 1506 2384 pingues
1537 2328 1757 2380 vact-as,

131 2423 188 2468 ct
210 2424 451 2482 quatuor
473 2411 677 2464 arietes
701 2408 874 2463 occidi
903 2406 1054 2473 fecit,
1081 2419 1133 2463 et
1162 2409 1342 2477 parari
1366 2407 1554 2476 epulas
1585 2407 1762 2461 omni-

132 2506 234 2560 bus
269 2505 476 2559 vicinis
508 2505 646 2571 suis,
677 2502 996 2572 cunctisque
1023 2502 1235 2556 amicis.
1260 2501 1329 2555 Et
1355 2500 1624 2570 adjuravit
1655 2499 1761 2553 Ra-

128 2598 253 2668 guel
293 2599 554 2662 Tobiam,
589 2605 648 2650 ut
691 2595 827 2650 duas
876 2595 1239 2651 hebdomadas
1271 2604 1577 2650 moraretur
1615 2592 1758 2664 apud

130 2707 208 2745 se.
248 2692 328 2747 De
365 2692 629 2746 omnibus
660 2699 868 2755 autem,
900 2705 1024 2760 qua:
1055 2688 1370 2760 possidebat
1414 2687 1643 2759 Ragttcl,
1677 2689 1762 2745 di-

129 2786 366 2839 midiam
391 2795 602 2855 partem
633 2785 786 2839 dedit
812 2784 1031 2839 Tobia):
1065 2792 1120 2838 et
1153 2782 1282 2838 fecit
1305 2781 1412 2855 [ΑΙ.
1437 2783 1564 2835 add.
1597 2781 1759 2855 hanc]

133 2877 506 2948 scripturam,
559 2887 619 2931 ut
673 2892 797 2946 pars
847 2875 1093 2940 dimidia,
1128 2890 1248 2946 quae
1297 2883 1589 2945 supererat
1638 2883 1761 2944 post

131 2968 351 3024 obitum
382 2985 596 3033 eorum,
627 2968 816 3024 Tobia:
840 2967 1082 3023 dominio
1115 2967 1423 3023 devenirct.

1865 1759 2002 1828 ipse,
2033 1768 2084 1814 et
2116 1764 2268 1815 Anna
2300 1777 2435 1816 uxor
2464 1763 2583 1831 ejus
2622 1779 2742 1818 cum
2785 1779 2851 1820 eo
2881 1783 2895 1821 :
2921 1775 2975 1821 et
3005 1777 3290 1837 cmperuut
3311 1769 3474 1824 ambo

1863 1853 2028 1909 simul
2052 1854 2182 1910 flere
2208 1873 2221 1910 :
2248 1872 2314 1912 eo
2341 1857 2482 1926 quod
2511 1858 2597 1914 die
2619 1869 2820 1914 statuto
2847 1860 3067 1917 minime
3096 1873 3474 1918 reverteretur

1865 1945 2006 2000 filius
2036 1961 2227 2002 eorum
2259 1949 2324 2003 ad
2355 1964 2469 2004 eos.
2509 1949 2696 2004 Flebat
2743 1953 2906 2022 igitur
2934 1965 3109 2008 mater
3139 1954 3255 2022 ejus
3284 1955 3297 2005 i
3339 1954 3475 2010 irre-

1863 2039 2242 2095 mediabilibus
2274 2041 2549 2113 lacrymis,
2581 2052 2743 2113 atque
2771 2043 2982 2099 dicebat
3009 2062 3022 2099 :
3045 2045 3180 2100 llcu!
3210 2044 3333 2100 heu!
3361 2061 3468 2116 utc,

1864 2130 1939 2184 ftli
1973 2134 2068 2198 mi,
2107 2143 2165 2188 ut
2193 2134 2320 2202 quid
2351 2142 2403 2190 te
2432 2134 2681 2189 misitnus
2732 2138 3089 2207 peregrinari,
3127 2138 3307 2193 lumen
3341 2153 3474 2193 ocu—

1863 2223 2040 2279 lorum
2093 2236 2438 2297 nostrorum,
2467 2227 2716 2288 baculum
2744 2231 3050 2284 senectutis
3080 2240 3305 2296 nostraz,
3333 2232 3478 2286 sola-

1864 2315 1996 2372 tium
2027 2321 2154 2373 vitze
2186 2329 2407 2384 nostra‘,
2440 2333 2590 2388 Spelit
2624 2322 2962 2390 posteritatis
3013 2323 3247 2376 nostrae!
3281 2323 3473 2377 Omnia

1862 2407 2026 2462 simul
2054 2409 2107 2462 in
2136 2417 2186 2464 te
2217 2425 2328 2466 uno
2352 2409 2639 2478 habentes,
2667 2421 2718 2466 te
2748 2427 2852 2465 non
2879 2411 3165 2466 debuimus
3195 2412 3471 2470 dimittere

1863 2513 1892 2552 a
1925 2498 2102 2554 nobis.
2135 2497 2232 2554 Ctti
2261 2499 2477 2555 dicebat
2503 2500 2740 2557 Tobias:
2775 2488 2937 2571 Tace,
2988 2511 3044 2557 et
3093 2503 3203 2558 noli
3243 2504 3472 2574 turbari,

1863 2606 2029 2647 sanus
2060 2603 2144 2647 cst
2171 2593 2312 2648 filius
2341 2603 2566 2648 noster:
2607 2594 2740 2651 satis
2771 2595 2948 2651 fidelis
2978 2603 3064 2652 est
3091 2595 3177 2650 vir
3207 2596 3318 2663 ille,
3348 2612 3472 2652 eum

1863 2699 1970 2753 quo
1997 2684 2244 2739 misimus
2279 2701 2424 2740 eum.
2468 2686 2564 2740 Illa
2608 2699 2790 2742 autem
2824 2687 2975 2744 nullo
3011 2688 3174 2744 modo
3199 2689 3476 2745 consolari

1865 2784 2096 2846 poterat,
2126 2777 2219 2835 sed
2248 2777 2762 2848 quotidicevsilieus
2784 2781 3280 2848 circumspiciebat,
3301 2789 3356 2835 et
3375 2781 3477 2835 cir-

1862 2869 2046 2924 cuibat
2066 2870 2180 2924 vias
2207 2884 2421 2937 omnes,
2447 2886 2547 2939 per
2568 2886 2701 2940 quas
2717 2887 2840 2940 spes
2864 2872 3142 2926 remeandi
3165 2871 3472 2941 videbatur,

1866 2973 1924 3014 ut
1952 2961 2136 3030 procul
2165 2959 2377 3016 videret
2400 2975 2542 3026 eum,
2574 2965 2616 3016 si
2649 2960 2766 3016 fieri
2801 2976 3006 3032 posset,
3042 2961 3375 3019 venientem.

206 3061 374 3133 [Cap.
421 3062 542 3134 l.\'.1
570 3063 721 3118 Tunc
753 3064 967 3118 vocavit
1009 3064 1204 3118 Tobias
1247 3063 1505 3133 angelum
1553 3061 1620 3116 ad
1674 3076 1756 3128 se,
1783 3041 1830 3105 C
1936 3054 2005 3107 At
2037 3067 2168 3110 vero
2201 3053 2403 3124 linguel
2447 3053 2669 3120 diccbat,
2693 3053 2759 3108 ad
2793 3070 3054 3125 generum
3084 3071 3242 3110 suum
3274 3073 3284 3108 :
3317 3054 3478 3113 Mane

133 3171 314 3223 quem
367 3157 581 3226 quidem
634 3156 912 3211 hominem
959 3158 1325 3224 existimabat,
1377 3157 1618 3226 dixitque
1659 3157 1755 3212 ei:

135 3248 346 3302 Azaria
380 3249 564 3316 frater,
600 3259 722 3319 peto
749 3260 806 3304 ttt
827 3250 1103 3305 auscultes
1133 3251 1294 3306 verba
1328 3265 1467 3303 mea.

212 3338 271 3393 Si
328 3355 417 3395 me
453 3341 628 3410 ipsum
662 3341 870 3394 tradam
907 3342 1000 3396 tibi
1032 3355 1272 3406 servum,
1308 3357 1415 3397 non
1447 3357 1542 3398 ero
1569 3341 1757 3398 eundi-

145 3443 289 3497 gnus
316 3431 676 3500 providentia:
704 3441 827 3487 tuze.
863 3430 1070 3488 Tamen
1103 3432 1332 3489 obsecro
1359 3430 1383 3470 ά
1415 3443 1489 3501 te,
1524 3442 1582 3488 ut
1608 3449 1762 3488 assu-

152 3542 268 3579 mas
300 3528 393 3582 tibi
423 3528 676 3582 animalia
702 3530 818 3584 sive
848 3528 1095 3596 servitia,
1123 3537 1179 3584 et
1208 3527 1372 3583 vadas
1401 3528 1468 3583 ad
1498 3529 1756 3585 Gabolum

162 3620 210 3668 tn
244 3617 420 3688 Reges
456 3621 732 3676 civitatem
778 3619 1084 3690 Medorum,
1138 3620 1441 3692 reddasque
1482 3622 1531 3677 ei
1578 3622 1759 3677 chiro-

165 3711 421 3778 graphum
450 3728 628 3779 suum,
659 3724 713 3768 et
737 3713 968 3782 recipias
999 3713 1068 3767 ab
1094 3727 1160 3768 eo
1184 3715 1492 3783 pecuniam,
1521 3723 1578 3769 et
1604 3729 1760 3784 roges

169 3817 289 3855 cum
316 3805 490 3860 venire
518 3806 584 3860 ad
610 3807 825 3875 nuptias
849 3821 1020 3860 meas.
1047 3805 1167 3861 Scis
1197 3807 1339 3861 enim
1368 3807 1481 3877 ipse
1506 3808 1758 3876 quoniam

165 3904 418 3951 numerat
446 3907 592 3966 pater
616 3915 770 3954 meus
801 3898 917 3953 dies
943 3916 955 3952 :
983 3898 1028 3952 si
1055 3897 1342 3953 tardavero
1366 3913 1468 3952 una
1496 3898 1582 3954 die
1615 3899 1753 3967 plus,

164 3987 509 4044 contristatur
559 3992 742 4046 anima
788 3990 926 4058 ejus.
975 3988 1044 4043 Et
1089 4002 1238 4045 certe
1289 3989 1440 4044 vides
1487 3988 1761 4060 quomodo

174 4085 196 4110 ε
226 4076 478 4147 anuravit
505 4098 590 4140 me
621 4083 848 4152 Raguel,
874 4081 1027 4152 cujus
1049 4080 1482 4151 adjuramentum
1501 4096 1762 4154 spernere

183 4182 290 4221 urzn
324 4185 552 4240 possum.

248 4258 286 4313 Τ
291 4275 390 4317 unc
415 4263 647 4335 Raphael
678 4279 963 4321 assumens
986 4273 1220 4336 quatuor
1249 4281 1315 4322 ex
1347 4265 1520 4322 servis
1551 4265 1762 4338 Bagae-

184 4347 262 4417 lis,
295 4363 348 4408 et
377 4355 508 4414 duos
530 4359 792 4428 camelos,
837 4359 890 4412 iu
923 4358 1105 4429 Rages
1134 4358 1151 4396 ί
1179 4359 1453 4415 civitatem
1482 4361 1758 4415 Medorum

1863 3147 1974 3213 hie,
2005 3157 2058 3202 et
2082 3162 2184 3218 ego
2214 3146 2424 3202 mittam
2456 3148 2708 3202 nuntium
2743 3147 2935 3203 salutis
2965 3148 3034 3205 de
3067 3157 3118 3205 te
3147 3149 3215 3204 ad
3247 3149 3474 3206 Tobiam

1864 3249 2072 3308 patrem
2107 3251 2276 3294 tuum.
2327 3239 2424 3295 Cui
2460 3239 2661 3295 Tobias
2692 3241 2767 3294 ait
2799 3258 2811 3294 :
2849 3241 2964 3312 ligo
2988 3242 3136 3309 novi,
3166 3245 3292 3313 quia
3323 3253 3480 3313 pater

1863 3348 2018 3388 meus
2043 3343 2098 3390 et
2129 3347 2305 3390 mater
2331 3350 2450 3390 mea
2473 3335 2634 3389 modo
2663 3335 2778 3391 dies
2804 3345 3148 3405 computant,
3179 3348 3234 3392 et
3263 3337 3477 3394 crucia-

1863 3433 1950 3480 tur
1981 3424 2206 3495 spiritus
2237 3440 2428 3480 eorum
2479 3427 2529 3480 itt
2578 3425 2732 3496 ipsis.
2781 3424 3032 3497 Cumque
3068 3426 3250 3483 verbis
3291 3428 3478 3484 multis

1865 3527 2088 3588 rogaret
2117 3517 2320 3588 ltagnel
2352 3517 2607 3582 Tobiam,
2656 3528 2708 3572 ct
2758 3517 2852 3572 ille
2891 3532 3014 3573 cum
3066 3517 3212 3572 nulla
3258 3520 3476 3577 ratione

1865 3612 2032 3667 vellet
2054 3611 2265 3678 audire,
2293 3608 2512 3665 tradidit
2545 3611 2593 3664 ei
2620 3610 2833 3673 Sarant,
2865 3617 2920 3664 et
2947 3609 3226 3664 dimidiam
3255 3617 3466 3680 partem

1864 3702 2044 3758 omnis
2068 3701 2390 3758 substantia:
2431 3715 2544 3754 sum
2571 3699 2622 3754 in
2653 3701 2860 3770 pueris,
2887 3699 2938 3754 in
2972 3699 3190 3770 puellis,
3223 3700 3276 3754 in
3305 3716 3473 3772 pecu-

1865 3793 2045 3860 dibus,
2076 3793 2127 3847 iu
2157 3793 2402 3860 camelis,
2437 3800 2491 3846 ct
2521 3793 2572 3844 in
2606 3792 2804 3857 vaccis,
2834 3801 2890 3845 et
2921 3792 2972 3845 iu
3007 3790 3234 3861 pecunia
3267 3793 3470 3848 multa:

1867 3898 1921 3944 et
1951 3889 2159 3944 salvum
2201 3896 2364 3958 atque
2391 3887 2718 3958 gaudentem
2762 3886 2970 3942 dimisit
3012 3901 3136 3944 eum
3189 3903 3219 3943 a
3265 3903 3350 3958 se,
3393 3889 3480 3945 di-

1866 3998 1996 4040 cens
2028 3999 2041 4038 :
2076 3982 2318 4054 Angelus
2351 3982 2561 4038 Domini
2591 3990 2814 4038 sanctus
2845 3982 2916 4036 sit
2945 3982 2996 4036 in
3032 3981 3229 4038 itinere
3263 3992 3469 4050 vestro,

1868 4075 2239 4146 perducatque
2295 4088 2391 4129 vos
2446 4073 2785 4140 incolumes,
2837 4082 2892 4128 ct
2949 4074 3240 4132 inveniatis
3291 4075 3476 4131 omnia

1867 4178 2017 4225 recte
2047 4171 2188 4225 circa
2221 4178 2480 4240 parentes
2527 4176 2763 4235 vostros,
2813 4173 2870 4223 et
2902 4167 3125 4224 videant
3174 4167 3319 4224 oculi
3365 4168 3472 4224 mei

1867 4262 2005 4318 ftlios
2037 4273 2251 4318 vestros
2283 4261 2597 4332 priusquam
2631 4262 2856 4316 moriar.
2893 4260 2960 4316 Et
2991 4260 3477 4332 apprehendentes

1868 4362 2122 4424 parentes
2152 4353 2315 4408 filiam
2347 4367 2526 4421 suam,
2572 4352 2804 4408 osculati
2835 4361 2964 4409 sunt
2990 4367 3133 4418 eam,
3163 4363 3218 4408 et
3249 4351 3476 4407 dimise-

171 4448 406 4514 pcrrexit
434 4467 447 4502 :
495 4461 547 4506 et
579 4451 864 4507 inveniens
893 4451 1176 4519 Gabolum,
1227 4453 1468 4508 reddidit
1499 4452 1548 4508 ei
1576 4453 1758 4509 chiro-
1792 4431 1846 4492 Ῑ)
1873 4457 1998 4502 runt
2029 4449 2110 4504 ire
2147 4465 2158 4500 :
2191 4456 2476 4502 monentes
2501 4461 2619 4500 catn
2659 4447 2932 4501 honorare
2975 4458 3216 4512 soceros,
3249 4443 3478 4514 diligere

171 4541 426 4608 graphum
454 4559 631 4610 suum,
683 4553 737 4599 et
784 4545 990 4613 recepit
1016 4545 1083 4600 ab
1108 4559 1174 4601 eo
1203 4560 1419 4600 onmem
1453 4546 1760 4616 pecuniam.

173 4631 530 4708 iudicavitque
581 4638 628 4693 ei
675 4637 745 4693 de
773 4637 944 4693 Tobia
994 4639 1103 4693 lilio
1145 4638 1353 4706 Tobia},
1384 4638 1561 4694 omnia
1591 4649 1615 4686 ε
1643 4656 1764 4709 qua:

163 4742 307 4795 gesta
349 4739 505 4784 sunt:
536 4731 776 4801 fecitque
821 4747 945 4785 eum
989 4745 1171 4786 secum
1205 4733 1394 4786 venire
1425 4731 1491 4785 ad
1525 4732 1760 4800 nuptias.

236 4822 473 4894 Cumque
504 4826 787 4898 ingressus
821 4835 967 4882 esset
997 4826 1216 4882 domum
1247 4825 1525 4898 Raguelis,
1561 4826 1766 4882 invenit

158 4915 393 4974 Tobiam
437 4921 873 4978 discutubentetn
904 4937 916 4975 :
950 4929 1005 4977 et
1046 4919 1331 4991 exsiliens,
1363 4920 1596 4977 osculati
1639 4931 1766 4978 sunt

231 5129 253 5195 ξ
281 5120 432 5195 Illud
453 5127 584 5195 forte
613 5122 850 5180 Palatin.
879 5137 983 5179 ms.
1020 5131 1182 5180 tacet.

229 5191 256 5230 δ
288 5191 461 5250 Addit
486 5196 627 5251 idem
652 5209 756 5250 ms.
785 5194 872 5248 hic
896 5195 1062 5248 nobis.

227 5274 250 5302 τ
278 5265 386 5320 Ms.
423 5266 698 5338 Palatinus
727 5267 780 5320 in
806 5265 1030 5332 plenius.
1061 5265 1230 5338 Paulo
1263 5274 1386 5336 post
1422 5281 1520 5338 pro
1561 5264 1766 5338 univer-

146 5338 297 5399 sitas,
323 5337 475 5406 quod
527 5337 703 5392 nostri
736 5338 937 5407 aliique
970 5352 1160 5391 OllllleS
1190 5337 1312 5392 libri
1347 5335 1658 5404 restituunt,
1691 5335 1770 5390 vi-

149 5411 291 5464 tiose
317 5410 530 5463 lectum
553 5424 582 5462 a
613 5409 930 5463 Martianaco
960 5409 1326 5462 universitatis.

225 5479 248 5516 ά
271 5479 466 5535 Nostri
492 5495 628 5534 mss.
655 5479 867 5533 obsecro
897 5487 951 5532 ut
980 5496 1174 5544 arimos,
1211 5481 1327 5533 sine
1355 5489 1421 5546 te,
1446 5489 1550 5535 etc.

224 5561 246 5588 ε
272 5553 434 5607 Unus
459 5549 694 5606 Palatio.
730 5565 832 5606 ms.
862 5549 1121 5620 quomodo
1167 5549 1369 5620 Raguel
1419 5549 1770 5620 ronjuraverit

150 5641 245 5678 nte.

225 5693 243 5732 ί
275 5692 454 5750 Tacet
487 5690 634 5750 idem
683 5707 784 5749 ms.
837 5691 925 5750 hic
966 5708 1156 5754 vocem
1202 5692 1484 5765 civitatem,
1538 5703 1773 5763 moxque

1875 4542 2151 4608 ruaritum,
2178 4556 2366 4610 regere
2405 4539 2692 4605 familiam,
2723 4541 3033 4611 gubernare
3064 4539 3305 4602 domum,
3334 4545 3390 4592 et
3417 4550 3478 4593 se

1874 4637 2049 4707 ipsam
2083 4635 2614 4705 irrcprehcnsibiiem
2640 4635 2921 4690 exhibere.

1947 4731 2100 4802 [ϐαρ.
2133 4727 2249 4801 XL]
2286 4729 2528 4800 Cumque
2556 4735 2985 4790 reverterentur,
3015 4729 3379 4795 pervenerunt
3404 4721 3472 4777 ad

1873 4826 2108 4893 Charau,
2145 4841 2265 4896 qua:
2298 4833 2382 4880 est
2419 4825 2470 4879 in
2504 4824 2684 4879 medio
2732 4821 2927 4876 itinere
2983 4826 3172 4873 eontra
3225 4815 3477 4883 Niniven,

1876 4919 2162 4977 undecimo
2190 4920 2301 4975 die.
2359 4920 2607 4990 Dixitque
2638 4914 2861 4986 angelus
2892 4931 2903 4965 :
2932 4913 3102 4968 Tobia
3149 4909 3339 4980 frater,
3371 4913 3479 4970 scis

1875 5121 2062 5186 habet,
2093 5132 2144 5178 et
2167 5122 2370 5178 veniens
2400 5121 2469 5174 ad
2498 5117 2749 5173 Gabolum
2774 5113 2917 5167 dedit
2959 5115 3009 5169 ei
3048 5113 3477 5184 chirographum,

1877 5210 1973 5265 pro
2004 5205 2051 5249 et
2081 5195 2340 5248 inveniens
2366 5189 2640 5265 Gabalum,
2665 5195 2772 5240 etc.

1947 5276 1971 5308 π
2006 5265 2146 5321 Idem
2176 5281 2277 5317 ms.
2302 5278 2417 5332 qua:
2438 5263 2480 5314 ei
2505 5269 2647 5332 gesta
2669 5266 2810 5308 sunt.

1949 5335 1971 5371 ⁸³
1998 5337 2124 5391 l‘lus
2156 5322 2350 5389 iterum
2382 5322 2545 5384 habet
2571 5327 2710 5378 idem
2737 5339 2836 5377 ms.
2863 5326 3000 5393 ﬁerit
3032 5327 3204 5395 itaque
3226 5322 3476 5395 Gabalus,

1873 5415 1984 5461 tum
2014 5448 2028 5468 ,
2082 5406 2355 5458 Brucdicat
2379 5411 2426 5453 te
2455 5399 2706 5451 Dominus
2737 5395 2896 5457 Deus,
2929 5408 3034 5450 etc.

1958 5477 1973 5515 ί
2016 5479 2116 5531 [³ιό
2143 5491 2307 5530 senum
2341 5473 2390 5524 in
2424 5468 2667 5524 Palatino
2699 5482 2800 5518 tus.
2827 5475 2910 5517 est
2933 5481 3140 5518 nomen.

1956 5547 1970 5598 i
2013 5546 2068 5602 lu
2095 5545 2288 5602 eodem
2316 5535 2801 5610 incomparabilibus
2832 5535 3028 5604 legitur
3054 5551 3150 5605 pro
3183 5533 3480 5591 irremedia-

1881 5618 2085 5674 bilibus.
