3960 6208
537 239 610 298 53
1437 323 1444 326 _
1557 238 1615 296 S.
1661 234 2038 294 IIIILRONYMI
2085 232 2314 293 l)l\'l.\'A
2353 232 2829 292 BIBLIOTIIECA.
3775 235 3842 292 36

533 351 990 428 quemadmodum
1019 351 1284 425 reliquisti
1309 357 1513 423 patrem
1542 360 1713 406 tuum.
1739 349 1794 406 Si
1829 350 2004 420 placet
2035 347 2136 403 ita-
2167 356 2213 418 Α
2243 365 2450 406 sumus.
2482 348 2624 418 Quid
2652 349 2748 417 illi
2799 347 2866 404 ad
2908 346 3025 405 hate
3072 347 3381 419 poterimus
3411 346 3634 418 dignum
3681 346 3846 404 dare?

531 462 639 519 que
662 446 782 515 tibi,
813 447 1206 518 praecedamus,
1241 453 1296 501 et
1326 445 1474 501 lento
1500 443 1671 515 gradu
1710 450 2009 514 sequantur
2037 439 2140 495 iter

533 552 780 599 nostrum
815 541 1052 608 familite,
1097 541 1262 597 simul
1292 554 1415 596 cum
1461 539 1699 610 conjuge
1745 545 1862 605 tua,
1917 545 1971 592 et
2019 551 2141 590 cum

530 634 876 690 animalibus.
921 633 1166 704 Cumque
1205 633 1310 689 hoc
1359 631 1656 703 placuisset
1699 640 1756 686 ut
1804 631 1966 699 irent,
2011 628 2146 684 dixit

535 726 773 797 Raphael
818 725 886 781 ad
930 723 1203 782 Tobiam:
1235 724 1394 780 Tolle
1425 734 1604 780 tecum
1653 739 1720 779 ex
1771 722 1902 779 felle
1936 721 2142 792 piscis:

535 816 642 873 erit
669 816 814 873 enim
845 815 1241 872 necessarium.
1288 816 1436 871 Tulit
1472 816 1653 887 itaque
1689 814 1892 872 Tobias
1923 829 1992 870 ex
2023 812 2148 869 felle

536 907 650 974 illo,
684 915 738 964 ct
769 907 1050 965 abierunt.

607 1005 764 1058 Anna
818 1011 1004 1059 autem
1037 1001 1269 1059 sedebat
1302 1016 1462 1059 secus
1501 1001 1670 1069 viam,
1703 998 1943 1072 quotidie
1977 998 2030 1054 in
2061 1013 2151 1053 su-

539 1094 768 1166 percilio
796 1095 1021 1164 montis,
1072 1097 1215 1152 unde
1256 1098 1532 1167 reSpicere
1564 1103 1780 1166 poterat
1829 1095 1898 1150 de
1943 1093 2154 1164 longin-

543 1205 674 1261 quo.
707 1189 775 1245 Et
805 1189 933 1244 dum
964 1205 1032 1245 ex
1059 1189 1253 1246 eodem
1286 1191 1408 1246 loco
1437 1191 1816 1261 specularetur
1858 1187 2152 1242 adventum

541 1282 680 1352 ejus,
711 1282 846 1337 vidit
869 1298 896 1336 a
925 1282 1106 1353 longe,
1135 1293 1190 1338 et
1217 1284 1365 1339 illico
1392 1284 1612 1354 agnovit
1639 1281 1950 1338 venientem
1983 1280 2152 1334 filium

543 1389 701 1431 suum
729 1391 742 1428 ε
773 1389 1115 1446 currensque
1145 1376 1417 1430 nuntiavit
1443 1376 1562 1431 viro
1591 1390 1712 1440 suo,
1749 1375 1938 1430 dicens
1966 1390 1980 1428 :
2014 1372 2156 1427 Ecce

547 1469 695 1524 venit
726 1467 870 1524 filius
902 1479 1026 1525 tuus
1053 1488 1066 1525 :
1100 1470 1354 1540 Dixitque
1403 1469 1648 1540 Rapltael
1677 1468 1745 1524 ad
1786 1468 2012 1524 Tobiam
2042 1483 2057 1520 :
2090 1468 2157 1520 At

550 1559 642 1615 ubi
674 1559 956 1616 introieris
987 1560 1209 1616 domum
1255 1570 1426 1630 tuam,
1461 1562 1646 1617 statim
1677 1561 1842 1615 adora
1871 1559 2158 1614 Dominum

552 1653 723 1708 Deum
749 1663 900 1709 tuum
927 1671 943 1710 :
973 1665 1026 1710 et
1055 1656 1256 1726 gratias
1288 1669 1461 1726 agens
1505 1655 1581 1720 ei,
1613 1654 1814 1710 accede
1851 1653 1915 1708 ad
1945 1661 2156 1722 patrem

2244 445 2350 502 Sed
2382 453 2505 515 peto
2536 454 2608 511 te,
2637 452 2789 514 pater
2819 443 2914 511 mi,
2941 452 3000 497 ut
3025 457 3186 514 roges
3213 457 3361 508 eum,
3399 442 3444 496 si
3489 442 3634 498 forte
3664 440 3848 511 digna-

2247 538 2390 592 bitur
2421 536 2770 593 medietatem
2805 536 2874 593 de
2909 536 3186 603 omnibus,
3210 551 3330 607 qua:
3359 534 3520 591 allata
3553 544 3702 604 sunt,
3749 532 3847 590 sibi

2248 645 2547 687 assumere.
3447 701 3459 710 ‘

2327 726 2396 780 Et
2425 733 2690 780 vocantes
2717 740 2862 792 eum,
2894 732 3046 796 pater
3076 723 3288 780 scilicet
3313 731 3368 779 et
3401 722 3576 791 filius,
3616 721 3852 778 tulerunt

2256 833 2380 874 eum
2413 819 2465 874 in
2495 829 2704 890 partem
2739 837 2752 874 :
2787 828 2843 875 et
2867 834 3062 891 rogare
3089 827 3398 889 creperum,
3431 826 3494 872 ut
3533 817 3847 890 dignaretur

2255 912 2531 968 dimidiam
2567 925 2775 983 partem
2799 912 3078 982 omnium,
3110 927 3232 984 quae
3275 911 3607 980 attulerant,
3657 924 3851 981 accep-

2255 1013 2362 1058 tam
2391 1003 2612 1060 habere.
2640 1004 2793 1061 Tunc
2815 1004 2951 1059 dixit
2971 1003 3052 1060 eis
3075 1003 3322 1059 occulte:
3349 1003 3665 1060 Beuedicite
3693 1003 3850 1058 Deum

2255 1099 2406 1167 coeli,
2443 1108 2501 1154 et
2530 1114 2712 1155 coram
2756 1099 3010 1155 omnibus
3050 1099 3362 1154 viventibus
3399 1097 3736 1154 confitemini
3769 1096 3815 1152 ei
3839 1161 3852 1184 ,

2257 1194 2382 1263 quia
2414 1192 2546 1249 fecit
2591 1193 2873 1250 vobiscum
2917 1193 3356 1249 misericordiam
3412 1206 3588 1247 suam.
3645 1189 3854 1247 Etenim

2257 1297 2658 1341 sacramentum
2707 1285 2852 1357 regis
2893 1285 3234 1340 abscondere
3277 1285 3477 1340 bonmn
3518 1293 3600 1339 est
3641 1300 3656 1340 :
3698 1297 3854 1352 opera

2266 1388 2450 1434 autem
2503 1379 2598 1434 Dei
2654 1380 2904 1436 revelare
2951 1389 3005 1434 et
3050 1378 3300 1434 confiteri
3351 1377 3708 1432 honorificum
3757 1382 3854 1431 est.

2264 1473 2410 1526 Bona
2440 1481 2525 1528 est
2554 1474 2731 1528 oratio
2775 1488 2897 1527 cum
2936 1472 3179 1543 jejunio,
3219 1481 3276 1526 et
3305 1471 3657 1542 cleemosyna
3692 1469 3857 1540 magis

2263 1581 2423 1634 quam
2460 1566 2748 1621 thesauros
2778 1565 2896 1620 auri
2937 1565 3236 1622 recondere
3270 1584 3284 1621 :
3317 1565 3575 1636 quoniam
3622 1565 3856 1620 elcemo-

2265 1673 2401 1729 syna
2423 1673 2450 1712 a
2485 1668 2660 1715 morte
2693 1659 2927 1726 liberat,
2960 1667 3016 1715 et
3055 1659 3172 1729 ipsa
3203 1668 3309 1723 est,
3344 1675 3465 1729 qua:
3508 1665 3698 1730 purgat
3741 1672 3861 1727 pec-

553 1753 730 1815 tuum,
767 1757 819 1801 et
847 1747 1102 1802 osculare
1131 1762 1283 1803 eum.
1317 1746 1624 1816 Statimque
1659 1745 1756 1800 lini
1787 1759 1951 1814 super
1977 1742 2164 1798 oculos

2280 1762 2406 1817 :ata,
2440 1761 2496 1807 et
2529 1753 2657 1808 facit
2684 1754 2935 1810 invenire
2967 1752 3396 1810 misericordiam
3431 1763 3484 1808 et
3511 1753 3673 1808 vitam
3705 1761 3862 1805 teter-

555 1840 674 1909 ejt:s
695 1857 760 1896 ex
790 1840 918 1898 felle
949 1843 1054 1898 isto
1088 1842 1273 1914 piscis,
1324 1841 1470 1912 quod
1523 1851 1706 1912 portas
1755 1851 1958 1896 tecum.
2011 1838 2164 1896 Scias

555 1936 702 1992 enim
733 1937 990 2007 quoniam
1022 1951 1146 1994 mox
1178 1937 1493 2009 aperientur
1520 1937 1662 1992 oculi
1700 1937 1840 2006 ejus,
1879 1943 1934 1990 ct
1961 1932 2166 1989 videbit

557 2044 712 2105 pater
745 2043 866 2089 tuus
894 2035 1075 2092 lumen
1109 2035 1258 2101 coeli,
1287 2045 1340 2091 et
1370 2036 1423 2090 in
1453 2043 1677 2105 aspectu
1711 2043 1805 2089 tuo
1835 2031 2116 2103 gaudebit.

633 2128 785 2184 Tunc
814 2131 1172 2198 prmeucurrit
1218 2129 1394 2197 canis,
1438 2129 1528 2198 qui
1557 2127 1719 2183 simul
1749 2125 1924 2182 fuerat
1957 2125 2009 2179 in
2034 2124 2118 2178 via
2149 2140 2162 2176 :

561 2219 631 2276 Et
655 2219 811 2291 quasi
839 2223 1066 2278 nuntius
1089 2221 1415 2288 adveniens,
1449 2220 1822 2275 blandimento
1845 2232 1960 2273 sum
1982 2213 2168 2272 cauda:

560 2313 849 2385 gaudebat.
886 2316 952 2372 Et
991 2329 1332 2386 consurgens
1380 2328 1563 2370 caecus
1613 2322 1770 2383 pater
1814 2312 1954 2380 ejus,
2004 2307 2170 2378 coepit

559 2407 844 2465 offendens
875 2409 1103 2478 pedibus
1135 2424 1385 2478 currere,
1419 2418 1473 2464 et
1505 2407 1629 2462 data
1663 2420 1826 2461 manu
1856 2418 2044 2475 puero,
2078 2416 2171 2457 oc-

559 2505 731 2561 currit
775 2504 996 2561 obviam
1029 2505 1141 2561 filio
1175 2520 1299 2561 suo.
1332 2505 1401 2560 Et
1429 2502 1736 2572 suscipiens
1780 2500 2057 2556 osculatus
2087 2505 2170 2551 est

561 2612 686 2652 cum
715 2612 839 2653 cum
870 2613 1040 2654 uxore
1075 2613 1194 2664 sua,
1241 2606 1298 2652 et
1342 2603 1626 2666 coeperunt
1669 2594 1830 2650 ambo
1880 2594 2012 2646 flere
2060 2605 2172 2661 pra:

567 2688 789 2758 gaudio.
821 2689 1066 2760 Cumque
1092 2689 1419 2745 adorasseut
1457 2689 1648 2756 Deum,
1679 2697 1736 2743 et
1780 2685 1980 2758 gratias
2023 2685 2170 2754 egis-

567 2791 714 2852 sent,
739 2782 1131 2839 consederunt.

636 2875 790 2932 Tunc
820 2889 1044 2930 sumens
1074 2873 1276 2930 Tobias
1301 2873 1369 2931 de
1397 2873 1521 2930 felle
1551 2873 1738 2945 piscis,
1768 2872 1952 2928 linivit
1987 2870 2176 2927 oculos

563 2977 589 3008 ι
644 2967 816 3039 patris
885 2967 993 3024 sui.
1073 2967 1143 3023 Et
1196 2968 1452 3023 sustinuit
1523 2967 1682 3038 quasi
1731 2965 2008 3021 dimidiam
2065 2963 2177 3019 fere

562 3063 750 3119 horam
779 3081 793 3117 :
827 3073 879 3118 et
907 3063 1075 3134 C(Bpil
1106 3063 1304 3134 albugo
1333 3079 1398 3118 ex
1431 3063 1606 3118 oculis
1637 3061 1778 3130 ejus,
1813 3061 1966 3131 quasi
2001 3075 2174 3115 mem-

2270 1861 2414 1900 nam.
2449 1846 2549 1915 Qui
2583 1857 2762 1903 autem
2799 1848 3006 1904 faciunt
3051 1857 3362 1918 peccatum,
3407 1856 3462 1902 et
3495 1847 3856 1916 iniquitatem,

2271 1941 2455 1998 hostes
2477 1952 2602 1998 sunt
2625 1943 2820 1998 animm
2851 1960 2985 1999 sure.
3021 1942 3307 1999 Manifesta
3331 1959 3459 2014 ergo
3489 1943 3646 1998 vobis
3680 1939 3861 1996 verita-

2270 2043 2402 2098 tem,
2426 2044 2481 2090 et
2510 2051 2619 2090 non
2643 2035 2969 2091 abscondam
2995 2051 3022 2090 a
3053 2036 3214 2092 vobis
3238 2036 3508 2092 occultum
3535 2048 3856 2089 sermonem.

2271 2129 2496 2197 Quando
2521 2131 2714 2187 orabas
2743 2146 2865 2186 cum
2893 2130 3245 2203 laetymis,ct
3270 2129 3573 2202 sepeliebas
3603 2135 3858 2191 mortuos,

2272 2233 2326 2280 et
2350 2221 2771 2295 derelinqnebas
2797 2226 3083 2298 prandium
3108 2234 3281 2291 tttum,
3309 2234 3620 2281 etmortnus
3648 2223 3862 2279 abscon-

2273 2317 2440 2373 debas
2473 2334 2572 2390 per
2612 2319 2753 2374 diem
2803 2321 2854 2374 in
2891 2319 3053 2375 domo
3103 2329 3214 2390 tua,
3258 2328 3311 2374 et
3358 2328 3516 2374 nocte
3565 2319 3862 2390 sepeliebas

2273 2426 2389 2479 eos,
2423 2426 2526 2482 ego
2556 2412 2725 2466 obtuli
2753 2414 3059 2468 orationem
3093 2421 3239 2468 tuam
3265 2413 3519 2474 Domino.
3552 2413 3615 2466 Et
3637 2411 3760 2482 quia
3783 2426 3862 2465 ac-

2273 2514 2462 2573 ceptus
2493 2519 2616 2558 eras
2650 2505 2795 2572 Deo,
2841 2520 3071 2562 necesse
3103 2504 3202 2560 fuit
3247 2516 3304 2560 ut
3349 2505 3574 2560 tentatio
3615 2503 3866 2575 probaret

2276 2606 2348 2652 te.
2382 2599 2448 2652 Et
2477 2613 2620 2653 nunc
2653 2598 2800 2653 misit
2848 2615 2934 2653 me
2965 2599 3260 2664 Dominus,
3309 2607 3369 2653 ut
3401 2613 3651 2653 curarem
3686 2606 3771 2666 te,
3819 2603 3865 2649 et

2276 2689 2467 2746 Saram
2503 2706 2729 2744 uxorem
2782 2691 2874 2745 lilii
2909 2693 2982 2746 tui
3016 2707 3044 2746 a
3087 2691 3356 2746 daemonio
3398 2692 3712 2746 liberarem.
3767 2687 3866 2757 Ego

2277 2786 2420 2840 enim
2454 2800 2570 2839 sum
2602 2783 2843 2854 Raphael
2898 2786 3159 2856 angelus,
3213 2800 3354 2841 unus
3402 2800 3469 2840 ex
3517 2792 3749 2854 septem,
3784 2780 3864 2853 qui

2277 2885 2523 2930 astamus
2544 2887 2670 2932 ante
2694 2877 3007 2934 Dominum.
3035 2878 3279 2948 Cumque
3307 2877 3420 2932 lure
3441 2876 3748 2942 audissent,
3774 2884 3869 2929 tur-

2280 2969 2389 3024 hati
2424 2979 2570 3041 sunt,
2610 2979 2664 3026 et
2698 2981 2995 3027 trementes
3025 2972 3342 3028 ceciderunt
3371 2987 3536 3041 super
3578 2981 3779 3024 terram
3821 2969 3865 3022 in

2285 3061 2474 3117 faciem
2507 3079 2682 3117 suam.
2713 3065 2961 3134 Dixitque
2993 3065 3071 3119 eis
3113 3064 3339 3134 angelus
3372 3082 3384 3116 :
3415 3064 3526 3118 Pax
3567 3062 3742 3129 vobis,
3780 3079 3869 3116 no-

563 3154 731 3209 brana
760 3153 873 3220 ovi,
898 3155 1106 3225 egredi.
1137 3155 1310 3222 Quam
1336 3154 1754 3224 apprehendens
1784 3153 1987 3207 Tobias
2017 3152 2173 3206 traxit
2205 3126 2251 3191 C
2282 3153 2376 3208 lite
2405 3154 2621 3210 timere.
2675 3154 2888 3210 Etenim
2921 3170 3044 3210 cum
3073 3170 3251 3210 essem
3300 3154 3600 3222 vobiscum,
3642 3169 3746 3224 per
3786 3168 3869 3207 vo-

563 3247 635 3302 ab
664 3247 836 3303 oculis
863 3247 1007 3316 ejus,
1033 3246 1329 3314 statimque
1358 3247 1531 3301 visum
1558 3245 1785 3315 recepit.
1820 3246 1884 3300 Et
1907 3245 2177 3315 glorifica-

565 3345 697 3400 bant
727 3344 920 3411 Deum,
956 3344 1077 3414 ipse
1122 3343 1395 3407 videlicet,
1445 3352 1501 3398 et
1543 3357 1681 3397 uxor
1709 3342 1850 3413 ejus,
1891 3352 1945 3398 et
1987 3357 2178 3397 omnes

568 3439 662 3510 qui
690 3439 936 3495 sciebant
967 3453 1116 3494 eum.
1147 3427 1488 3507 Dicebatque
1517 3435 1718 3492 Tobias
1751 3453 1764 3488 :
1801 3435 2069 3491 Benedico
2100 3442 2175 3498 te,

567 3531 800 3588 Domine
831 3531 974 3588 Dens
1004 3529 1196 3597 Israel,
1227 3530 1351 3601 quia
1379 3539 1436 3585 tu
1466 3530 1743 3600 castigasti
1772 3545 1880 3597 me,
1907 3538 1961 3585 et
1986 3539 2040 3584 tu
2075 3528 2178 3584 sal-

567 3623 708 3680 vasti
738 3639 826 3681 me
857 3642 869 3677 :
902 3633 956 3680 et
985 3638 1116 3680 ecce
1146 3638 1247 3695 ego
1276 3621 1434 3679 video
1465 3621 1693 3677 Tobiam
1727 3621 1896 3677 filium
1919 3636 2123 3677 meum.

639 3717 885 3790 lngressa
914 3727 1000 3774 est
1027 3717 1191 3774 etiam
1221 3726 1340 3788 post
1369 3725 1575 3788 septem
1606 3713 1723 3772 dies
1750 3715 1884 3771 Sara
1915 3731 2054 3770 uxor
2081 3713 2178 3770 filii

569 3811 713 3884 ejus,
742 3821 796 3868 et
823 3811 1001 3869 omnis
1030 3809 1239 3866 familia
1267 3825 1422 3879 sana,
1457 3817 1515 3866 et
1545 3823 1768 3880 pecora,
1800 3816 1854 3865 et
1883 3807 2098 3875 cameli,
2125 3815 2182 3864 et

571 3905 800 3976 pecunia
828 3903 993 3960 multa
1025 3903 1243 3968 uxoris;
1292 3900 1387 3958 sed
1417 3910 1474 3957 et
1502 3901 1590 3957 illa
1619 3901 1870 3972 pecunia,
1903 3915 2064 3973 quam
2095 3915 2178 3956 reo

574 4004 798 4068 ceperat
830 4010 862 4050 a
886 3994 1092 4051 Gabelo
1117 4011 1130 4049 :
1163 4002 1218 4051 ct
1248 3993 1489 4050 narravit
1513 3993 1828 4063 parentibus
1852 3992 1966 4048 suis
1996 3993 2181 4048 omnia

576 4089 841 4146 beneficia
879 4088 996 4154 Dei,
1027 4103 1146 4158 qua:
1175 4087 1396 4143 fecisset
1422 4086 1569 4143 circa
1620 4100 1744 4142 eum
1778 4101 1874 4157 per
1903 4085 2178 4142 hominem

571 4182 664 4253 qui
713 4195 840 4238 eum
889 4179 1140 4236 duxerat.
1188 4178 1574 4251 Veneruntque
1622 4178 1826 4234 Achior
1864 4187 1919 4235 et
1963 4177 2175 4234 Nabath

570 4272 890 4330 consobrini
917 4271 1126 4341 Tobiae,
1159 4271 1458 4342 gaudentes
1489 4272 1556 4328 ad
1587 4270 1842 4338 Tobiam,
1873 4279 1928 4327 et
1952 4285 2181 4341 congra-

569 4365 809 4422 tulantes
833 4365 884 4420 ei
911 4364 980 4422 de
1007 4363 1263 4421 omnibus
1291 4364 1471 4432 bonis,
1499 4379 1620 4435 quia
1647 4363 1790 4420 circa
1819 4363 1972 4419 illum
1999 4372 2182 4419 osten-

569 4459 728 4514 derat
778 4458 943 4514 Deus.
999 4456 1066 4512 Et
1112 4471 1209 4528 per
1257 4464 1468 4528 septem
1497 4455 1618 4514 dies
1646 4455 1952 4527 epulantes,
1986 4469 2180 4511 omnes

569 4566 692 4607 cum
724 4550 925 4623 gaudio
957 4565 1154 4621 magno
1181 4549 1354 4622 gavisi
1381 4559 1526 4606 sunt.

644 4643 798 4717 [ϐαρ.
826 4641 974 4717 Xll.]
997 4643 1148 4701 Tunc
1171 4644 1385 4700 vocavit
1408 4643 1475 4699 ad
1498 4658 1558 4700 se
1581 4642 1781 4700 Tobias
1806 4641 1972 4698 filium
1998 4657 2180 4712 suum,

571 4737 817 4810 dixitque
845 4738 898 4795 ei
930 4753 945 4818 :
977 4737 1119 4806 Quid
1165 4751 1456 4808 possumus
1491 4737 1624 4793 dare
1665 4740 1782 4793 viro
1836 4736 1929 4793 isti
1971 4743 2180 4802 sancto,

570 4832 664 4903 qui
708 4832 864 4889 venit
913 4831 1130 4888 tecum?
1175 4829 1536 4900 Respondeas
1575 4829 1810 4900 Tobias,
1863 4829 2001 4885 dixit
2043 4830 2183 4900 patri

570 4941 674 4984 suo
704 4943 719 4979 :
750 4925 935 4994 Pater,
968 4940 1131 4996 quam
1184 4922 1492 4980 mercedem
1538 4923 1786 4978 dabimus
1814 4922 1903 4978 ei?
1934 4931 2026 4977 aut
2053 4921 2182 4993 quid

573 5019 798 5090 dignum
828 5019 1032 5089 poterit
1061 5032 1182 5073 esse
1223 5015 1506 5073 beneficiis
1535 5015 1692 5086 ejus?
1719 5014 1803 5070 Me
1832 5015 1986 5070 duxit
2015 5024 2070 5070 et
2096 5030 2184 5072 rc-

574 5111 729 5167 duxit
769 5125 986 5177 sanum,
1021 5109 1306 5181 pecuniam
1338 5123 1368 5164 a
1399 5107 1606 5165 Gabelo
1654 5108 1768 5179 ipse
1795 5109 2022 5178 recepit,
2052 5122 2188 5163 uxo-

574 5218 690 5262 rem
732 5202 849 5276 ipse
892 5216 981 5258 me
1010 5200 1210 5259 habere
1257 5201 1407 5268 fecit,
1440 5209 1496 5258 et
1523 5200 1852 5256 dmmonium
1881 5200 1950 5255 ab
1978 5215 2040 5256 ea
2067 5200 2186 5271 ipse

575 5293 937 5367 compescuit,
992 5293 1247 5365 gaudium
1294 5293 1616 5366 parentibus
1655 5292 1774 5364 ejus
1821 5290 1850 5331 ι’
1900 5292 2051 5360 fecit,
2098 5308 2186 5349 me

579 5389 755 5462 ipsum
784 5402 815 5443 a
849 5385 1204 5442 devoratione
1231 5386 1396 5458 piscis
1425 5385 1652 5456 eripuit,
1678 5391 1731 5441 te
1755 5399 1970 5456 quoque
1998 5383 2185 5441 videre

577 5479 712 5538 fecit
756 5479 940 5536 lumen
967 5477 1115 5545 coali,
1145 5485 1201 5534 et
1232 5476 1390 5534 bonis
1416 5476 1672 5534 omnibus
1710 5491 1808 5549 per
1839 5489 1961 5533 eum
1992 5476 2184 5548 repleti

655 5685 680 5716 ⁸
715 5672 831 5732 Duo
855 5686 986 5730 mss.
1015 5669 1179 5728 linivit
1207 5672 1382 5729 oculos
1415 5672 1551 5742 patri
1574 5689 1688 5730 suo.

657 5746 685 5788 δ
716 5747 880 5806 Addit
908 5744 1142 5801 l‘alatiu.
1172 5759 1278 5804 ms.
1308 5745 1396 5802 hic
1419 5745 1611 5812 fribus,
1635 5747 1750 5802 sive
1781 5742 1964 5815 habet,
1991 5759 2186 5818 paren-

2206 4516 2260 4579 D

2282 3247 2550 3303 luntatem
2579 3246 2674 3301 Dei
2701 3263 2846 3302 cram
2877 3266 2889 3304 :
2916 3249 3090 3319 ipsum
3121 3249 3449 3314 benedicite,
3484 3259 3538 3304 et
3567 3257 3791 3304 cantate
3818 3247 3871 3302 il-

2283 3341 2342 3395 li.
2379 3341 2618 3396 Videbar
2645 3342 2859 3413 quidem
2886 3345 3167 3400 vobiscum
3192 3345 3543 3410 manducare,
3572 3353 3624 3399 et
3645 3343 3868 3399 bibere:

2290 3432 2385 3488 sed
2421 3448 2522 3504 ego
2570 3435 2694 3489 cibo
2729 3435 3010 3503 invisibili,
3055 3445 3109 3492 et
3139 3445 3290 3508 potu,
3329 3435 3421 3506 qui
3462 3434 3529 3490 ab
3569 3433 3872 3490 hominibus

2284 3523 2456 3580 videri
2488 3541 2594 3581 non
2626 3536 2825 3598 potest,
2853 3539 2997 3583 utor.
3029 3529 3268 3600 Tempus
3290 3538 3526 3600 estergo
3549 3537 3607 3582 ut
3630 3534 3874 3584 revertar

2283 3618 2348 3672 ad
2374 3634 2521 3684 eum,
2553 3620 2646 3690 qui
2675 3639 2760 3677 me
2785 3623 2934 3677 misit
2959 3641 2970 3677 :
3003 3638 3101 3677 vos
3124 3633 3305 3678 autem
3341 3621 3645 3678 bcnedicite
3678 3621 3865 3684 Deum,

2281 3719 2336 3765 et
2362 3720 2578 3768 narrate
2604 3724 2626 3752 ο
2658 3715 2838 3770 omnia
2863 3715 3134 3770 mirabilia
3163 3716 3300 3786 ejus.
3331 3715 3542 3770 Etcum
3572 3713 3689 3768 haec
3716 3713 3874 3769 dixis-

2282 3810 2388 3870 set,
2414 3804 2483 3861 ab
2519 3815 2745 3876 aspectu
2774 3822 2959 3863 eorum
2993 3807 3208 3864 ablatus
3241 3816 3345 3871 est,
3377 3815 3432 3863 et
3463 3806 3605 3862 ultra
3636 3820 3762 3861 eum
3795 3804 3872 3858 vi-

2284 3895 2417 3954 dere
2462 3913 2569 3954 non
2603 3911 2916 3971 potuerunt.
2953 3901 3107 3958 Tunc
3147 3901 3404 3972 prostrati
3439 3915 3535 3970 per
3566 3899 3732 3956 horas
3773 3906 3876 3953 tres

2282 3985 2336 4041 in
2371 3985 2597 4056 facient,
2632 3992 3030 4049 benedixeruut
3061 3993 3256 4062 Deum,
3286 4002 3340 4049 et
3367 3999 3732 4063 exsurgentes
3761 4004 3879 4046 nar-

2283 4093 2542 4143 raverunt
2573 4086 2755 4140 omnia
2786 4086 3054 4142 mirabilia
3076 4085 3214 4158 ejus.

2358 4178 2531 4253 [Cap.
2571 4178 2752 4250 Xlll.]
2793 4178 3058 4248 Aperiens
3107 4189 3288 4236 autem
3333 4177 3531 4234 Tobias
3581 4176 3778 4234 senior
3822 4190 3879 4230 os

2287 4285 2442 4328 suum
2477 4272 2757 4328 benedixit
2787 4271 3103 4340 Dominum,
3129 4281 3185 4329 et
3209 4271 3346 4327 dixit
3373 4290 3385 4324 :
3420 4270 3645 4342 Magnus
3676 4286 3759 4335 es,
3790 4269 3882 4324 Do-

2286 4367 2452 4432 mine,
2482 4367 2534 4420 in
2560 4374 2846 4431 mternunt,
2879 4373 2933 4421 et
2957 4366 3008 4421 in
3032 4365 3214 4421 omnia
3241 4364 3434 4420 smcula
3458 4379 3682 4436 regnum
3709 4372 3880 4429 tuum,

2285 4459 2542 4530 quoniam
2574 4466 2629 4514 tu
2659 4459 2903 4531 ﬂagellas
2935 4469 2990 4516 et
3036 4459 3214 4515 salvas
3242 4477 3254 4514 :
3283 4457 3508 4514 deducis
3537 4457 3603 4512 ad
3642 4457 3882 4522 inferos,

2288 4558 2344 4608 et
2389 4552 2647 4608 reducis:
2681 4562 2736 4607 et
2784 4567 2889 4607 non
2924 4563 3007 4608 est
3038 4553 3128 4623 qui
3177 4551 3400 4622 effugiat
3449 4565 3665 4606 manum
3711 4557 3882 4604 tuam.

2287 4641 2638 4698 Confitemini
2699 4643 2953 4709 Domino,
3001 4643 3095 4698 filii
3144 4642 3332 4708 Israel,
3387 4652 3442 4698 et
3491 4643 3544 4697 in
3587 4647 3886 4710 conspectu

2288 4736 2530 4806 gentium
2580 4734 2797 4791 laudate
2838 4752 2962 4792 eum
2989 4753 3001 4790 :
3031 4737 3287 4808 quoniam
3336 4735 3458 4790 ideo
3501 4733 3760 4805 dispersit
3790 4745 3887 4785 vos

2289 4828 2435 4883 inter
2463 4835 2678 4898 gentes,
2725 4843 2846 4899 qua:
2893 4829 3144 4900 ignorant
3189 4843 3334 4892 eum,
3386 4835 3445 4882 ut
3484 4839 3584 4881 vos
3615 4821 3889 4880 enat-retis

2288 4922 2568 4977 mirabilia
2603 4922 2743 4994 ejus,
2797 4932 2852 4979 et
2900 4922 3108 4977 faciatis
3139 4921 3283 4978 Scire
3317 4935 3434 4990 eos,
3489 4918 3614 4990 quia
3664 4932 3774 4972 non
3809 4920 3892 4970 est

2291 5014 2430 5070 alius
2459 5015 2602 5071 Deus
2638 5015 2986 5085 omnipotens
3016 5022 3220 5086 prmter
3257 5028 3401 5070 eum.
3455 5011 3574 5082 Ipse
3602 5007 3894 5080 castigavit

2293 5125 2396 5165 nos
2425 5118 2654 5181 propter
2682 5109 2994 5180 iniquitates
3021 5117 3240 5165 nostras
3266 5126 3278 5161 :
3305 5115 3359 5163 et
3386 5101 3762 5174 ipse’salvabit
3793 5114 3893 5155 nos

2294 5212 2523 5272 propter
2555 5201 2983 5258 misericordiam
3015 5216 3192 5258 suam.
3226 5197 3468 5269 Aspicite
3499 5211 3629 5266 ergo
3659 5208 3787 5263 qum
3817 5191 3896 5246 fe-

2292 5296 2364 5351 cit
2397 5296 2704 5362 nobiscum,
2739 5303 2794 5352 et
2819 5311 2938 5352 eum
2971 5291 3168 5352 timore
3198 5302 3253 5349 et
3285 5303 3520 5348 tremore
3549 5283 3896 5344 confitemini

2295 5387 2411 5443 illi:
2447 5403 2742 5460 regemque
2768 5389 3094 5443 sareulorum
3128 5383 3372 5444 exaltate
3419 5383 3472 5438 in
3496 5377 3763 5450 aperibus
3795 5392 3897 5434 ve-

2295 5481 2451 5538 stris.
2477 5479 2589 5552 Ego
2617 5489 2800 5538 autem
2833 5482 2885 5537 in
2918 5489 3062 5536 terra
3083 5476 3412 5549 captivitatis
3428 5487 3566 5530 mea:
3591 5468 3900 5529 confitebor

2304 5677 2442 5751 libus
2460 5678 2568 5751 ejus
2597 5679 2760 5735 (ribus
2791 5680 2930 5750 fecit.

2373 5760 2394 5788 ο
2429 5748 2528 5808 llic
2556 5765 2686 5809 vero
2712 5748 2898 5809 vocem
2934 5749 3138 5821 omnia,
3184 5748 3326 5808 idem
3365 5762 3466 5805 ms.
3499 5750 3902 5818 prmtrrmittit.
