3960 6208
155 287 218 343 37
1064 282 1428 341 PRzEFATIO
1469 280 1848 341 ltIERONYMI
1886 282 1951 340 IN
1994 283 2251 342 LIBRUM
2290 284 2553 343 JUDITU.
2646 278 2649 283 λ
3383 288 3452 346 58

164 396 234 455 illi
264 415 277 454 :
307 401 576 472 quoniam
611 398 851 457 ostendit
893 398 1229 468 majestatem
1259 413 1411 454 suam
1453 398 1504 454 in
1535 406 1751 470 gentem
1783 397 1832 458 A
1862 412 1954 453 sev
1988 413 2252 456 annorum
2285 401 2467 458 lumen
2500 400 2782 458 oculorum
2816 400 3028 470 amisit,
3060 404 3455 473 sexagenarius

170 496 536 562 peccatricem.
590 494 984 551 Convertimini
1035 494 1252 565 itaque,
1303 504 1647 565 peccatores,
1699 506 1756 552 et

177 582 615 657 facitejustitiam
662 601 846 642 coram
890 586 1031 656 Deo,
1064 585 1355 641 credentes
1406 588 1550 659 quod
1596 588 1755 645 faciat

185 679 431 735 vobiscum
461 680 902 736 misericordiam
926 695 1101 735 suam.
1128 681 1238 752 Ego
1262 692 1464 750 autem,
1495 692 1551 740 et
1577 682 1757 739 anima

191 787 290 828 mea
314 772 358 828 in
387 781 411 809 ³
443 787 511 828 eo
542 773 875 828 laetabimur.

255 864 542 921 Benedicite
592 865 890 921 Dominum
936 880 1127 924 omnes
1174 867 1335 925 electi
1385 869 1503 941 ejus
1553 888 1566 924 :
1615 871 1757 941 agite

193 954 293 1011 dies
328 955 548 1022 ItBIilIID,
598 966 655 1012 et
687 958 1020 1013 conﬁtemini
1070 958 1171 1014 illi.
1221 958 1525 1017 Jerusalem
1569 961 1758 1019 civitas

189 1049 270 1103 Dei
296 1047 338 1116 δ,
383 1048 674 1120 castigavit
723 1060 776 1106 te
820 1051 1078 1108 Dominus
1122 1052 1172 1107 in
1204 1055 1461 1124 opt-ribus
1501 1071 1758 1113 manuum

188 1150 394 1195 tuarum.
426 1141 706 1197 Conﬁtere
754 1143 981 1199 Domino
1019 1143 1073 1198 in
1101 1145 1259 1201 bonis
1286 1148 1413 1214 tuis,
1447 1157 1502 1202 et
1533 1149 1762 1205 benedic

190 1233 338 1288 Deum
365 1233 711 1301 saeculorum,
747 1243 804 1289 ut
835 1236 1132 1292 recediﬁcet
1176 1236 1229 1292 in
1265 1245 1317 1293 te
1350 1239 1760 1297 tabernaculum

188 1341 350 1393 suum,
378 1336 433 1383 et
459 1338 685 1384 revocet
715 1329 782 1385 ad
815 1338 868 1387 te
900 1345 1092 1387 omnes
1132 1332 1400 1403 captivos,
1442 1343 1496 1391 et
1526 1336 1763 1406 gaudeas

194 1420 242 1475 in
271 1420 442 1475 omnia
484 1420 683 1477 saecula
714 1424 1059 1480 szreulorum.
1095 1425 1241 1483 Luce
1268 1427 1552 1496 splendida
1591 1429 1764 1500 fulge-

184 1512 260 1567 bis
286 1529 301 1567 :
328 1521 380 1567 et
409 1527 595 1568 omnes
625 1514 759 1569 lines
788 1522 951 1571 terra:
976 1515 1283 1573 adorabunt
1312 1529 1383 1575 te.
1415 1519 1675 1575 Nationes
1695 1536 1764 1577 ex

184 1606 471 1677 longinquo
492 1607 558 1662 ad
586 1616 638 1664 te
665 1610 912 1666 venient:
937 1619 990 1665 et
1019 1626 1244 1667 munera
1270 1612 1602 1679 deferentes,
1634 1614 1766 1669 ado-

182 1700 364 1754 rabunt
407 1700 461 1755 in
496 1709 551 1757 te
590 1702 901 1766 Dominum,
936 1714 991 1758 et
1023 1712 1221 1759 terram
1268 1714 1412 1761 tuam
1444 1707 1496 1761 in
1524 1709 1765 1762 sanctiﬁ-

1861 510 1993 549 vero
2021 496 2245 565 recepit.
2276 496 2562 567 Reliquum
2587 511 2720 552 vero
2750 496 2875 551 vitm
2900 511 3010 551 suae
3036 496 3085 551 in
3112 494 3308 565 gaudio
3333 495 3454 563 fuit,

1862 599 1911 644 et
1946 603 2068 643 cum
2104 588 2245 644 bono
2280 589 2531 659 profectu
2571 590 2782 644 timoris
2812 588 2906 643 Dei
2941 589 3181 659 perrexit
3210 589 3260 642 in
3294 602 3452 660 pace.

1935 682 1992 737 In
2028 682 2158 737 hora
2191 694 2369 738 autem
2402 684 2595 738 mortis
2636 698 2749 738 sua:
2780 684 2989 739 vocavit
3028 682 3095 737 ad
3125 697 3185 738 se
3223 681 3452 737 Tobiam

1860 775 2037 831 ﬁlium
2065 790 2256 842 suum,
2302 785 2357 831 et
2385 785 2592 845 septem
2618 775 2847 845 juvenes
2891 776 3034 831 ﬁlios
3081 776 3202 846 ejus
3232 783 3459 847 nepotes

1860 881 2009 933 suos,
2036 866 2278 937 dixitque
2304 869 2383 922 eis
2420 886 2431 921 :
2464 867 2640 937 Prope
2662 867 2767 922 erit
2797 868 3051 923 interitus
3082 867 3273 923 Ninive
3304 883 3318 923 :
3351 883 3458 924 non

1863 965 2005 1019 enim
2037 962 2241 1019 excidit
2267 964 2495 1018 verbum
2527 962 2740 1017 Domini
2773 980 2786 1016 :
2819 972 2873 1017 et
2901 962 3097 1019 fratres
3129 963 3323 1028 nostri,
3366 962 3459 1034 qui

1862 1055 2095 1126 dispersi
2144 1064 2273 1110 sunt
2302 1070 2333 1109 a
2388 1065 2529 1110 terra
2563 1054 2762 1120 Israel,
2815 1063 3159 1110 revertentur
3197 1054 3264 1109 ad
3313 1069 3457 1110 eam.

1863 1151 2052 1206 Omnis
2081 1159 2263 1205 autem
2293 1149 2507 1205 deserta
2530 1161 2670 1203 terra
2699 1148 2817 1218 ejus
2841 1148 3160 1219 replebitur,
3188 1156 3243 1203 et
3264 1146 3461 1203 domus

1864 1241 1984 1310 Dei,
2013 1257 2132 1312 quae
2165 1241 2218 1296 in
2252 1257 2313 1295 ea
2346 1238 2566 1296 incensa
2598 1251 2709 1305 est,
2758 1241 2952 1295 iterum
2986 1238 3411 1295 retediﬁcabitur
3442 1256 3458 1295 :

1866 1336 2046 1407 ibique
2073 1343 2417 1391 revertentur
2444 1348 2633 1389 omnes
2670 1333 2923 1388 timentes
2968 1331 3171 1398 Deum,
3210 1340 3265 1387 et
3295 1331 3461 1386 relin-

1866 1436 2035 1500 quent
2063 1436 2252 1497 gentes
2284 1426 2423 1481 idola
2454 1442 2550 1482 sua
2574 1468 2588 1492 ,
2623 1435 2677 1481 et
2706 1426 2923 1480 venient
2956 1425 3007 1478 in
3035 1423 3336 1479 Jerusalem
3361 1463 3377 1489 ,
3410 1431 3465 1480 et

1868 1521 2250 1576 inhabitabunt
2275 1521 2325 1575 in
2360 1535 2447 1588 ea,
2480 1528 2535 1575 et
2564 1518 2877 1590 gaudebunt
2907 1519 2956 1571 in
2987 1532 3047 1572 ea
3081 1531 3277 1571 omnes
3306 1530 3464 1586 reges

1869 1623 2049 1683 terrm,
2107 1614 2397 1669 adorantes
2448 1626 2630 1684 regem
2681 1610 2874 1667 Israel.
2928 1608 3129 1664 Audite
3174 1622 3325 1679 ergo,
3371 1606 3469 1661 ﬁlii

1871 1709 1999 1775 mei,
2033 1718 2242 1780 patrem
2292 1717 2530 1763 vestrum
2567 1724 2580 1761 :
2611 1706 2822 1761 Servite
2865 1704 3092 1758 Domino
3124 1702 3179 1757 in
3209 1701 3461 1768 veritate,

183 1793 439 1848 cationem
471 1794 770 1849 habebunt.
820 1795 1027 1853 Nomen
1071 1799 1218 1855 enim
1251 1816 1502 1872 magnum
1544 1800 1767 1858 invoca—
1796 1790 1843 1850 Β
1872 1810 1928 1857 et
1956 1803 2211 1871 inquirite
2242 1809 2297 1854 ut
2324 1800 2534 1855 faciatis
2565 1814 2683 1866 qum
2716 1796 2909 1866 placita
2942 1806 3067 1851 sunt
3102 1794 3176 1849 illi
3210 1811 3225 1849 :
3259 1802 3315 1848 et
3343 1793 3471 1849 ﬁliis

186 1884 310 1940 bunt
336 1887 483 1941 inte.
518 1887 797 1943 Maledicti
824 1898 986 1945 erunt
1013 1892 1103 1960 qui
1128 1894 1561 1962 contempserint
1592 1904 1644 1950 te
1670 1912 1682 1948 :
1715 1905 1769 1951 et

182 1979 513 2034 condemnati
556 1990 718 2035 erunt
764 1996 956 2037 omnes
998 1984 1087 2049 qui
1130 1983 1631 2052 blasphemaverint
1674 1995 1766 2043 te:

176 2071 553 2143 benedictione
583 2084 746 2129 erunt
776 2075 867 2143 qui
914 2074 1300 2133 :ediﬁraverint
1355 2086 1427 2136 te.
1461 2079 1542 2135 Tu
1585 2091 1769 2138 autem

172 2164 443 2221 laetaberis
476 2167 528 2221 in
565 2167 693 2223 filiis
735 2167 877 2236 tuis,
926 2170 1181 2240 quoniam
1213 2186 1402 2228 omnes
1446 2174 1770 2230 benedicen-

173 2266 276 2323 tur,
318 2268 373 2313 et
400 2261 885 2331 congregabunlur
923 2261 990 2317 ad
1032 2263 1346 2320 Dominum.
1392 2266 1539 2322 Beati
1580 2283 1771 2325 omnes

171 2351 257 2420 qui
285 2350 526 2421 diligunt
547 2360 622 2418 te,
652 2364 706 2408 et
731 2353 823 2423 qui
846 2354 1084 2425 gaudent
1106 2371 1270 2426 super
1292 2371 1423 2427 pace
1444 2366 1554 2415 ttta.
1576 2359 1769 2415 Anima

170 2460 307 2510 mea,
343 2445 582 2500 benedic
626 2446 936 2514 Dominum,
970 2450 1227 2521 quoniam
1272 2450 1525 2507 liberavit
1554 2450 1775 2508 Jerusa-

168 2539 268 2594 lem
288 2541 567 2596 civitatem
600 2556 752 2597 suam
781 2553 803 2581 ε
826 2558 855 2597 a
883 2545 1093 2599 eunetis
1133 2544 1581 2600 tribulationibus
1611 2546 1731 2615 ejus
1755 2587 1771 2614 ,

167 2631 429 2688 Dominus
458 2633 603 2688 Deus
626 2644 835 2691 noster.
866 2635 1062 2692 Beatus
1086 2651 1206 2707 ero,
1236 2638 1280 2693 si
1309 2636 1508 2693 fuerint
1530 2638 1774 2710 reliquim

171 2726 399 2781 seminis
456 2729 585 2782 mei»
624 2726 692 2781 ad
739 2728 1026 2783 videndam
1087 2729 1392 2787 claritatem
1448 2730 1774 2787 Jerusalem.

162 2818 341 2874 Porta:
373 2818 689 2876 Jerusalem
731 2835 800 2876 ex
830 2822 1090 2892 sapphico
1118 2831 1175 2878 et
1217 2823 1507 2894 smaragdo
1536 2824 1775 2879 aediﬁca-

162 2912 371 2967 buntur
400 2930 413 2966 :
447 2922 503 2968 et
536 2927 601 2968 ex
635 2912 818 2982 lapide
855 2915 1100 2984 pretioso
1143 2917 1320 2971 omnis
1361 2918 1622 2973 circuitus
1659 2933 1779 2973 mu-

166 3020 360 3059 rerum
412 3006 557 3076 ejus.
612 3007 689 3061 Ex
739 3006 920 3077 lapide
969 3009 1204 3065 candido
1240 3020 1297 3067 et
1339 3012 1543 3069 mundo
1588 3028 1781 3069 omnes

162 3099 367 3168 platea:
414 3101 531 3171 ejus
574 3110 938 3157 sternentur:
970 3113 1026 3159 et
1068 3119 1167 3173 per
1206 3106 1355 3161 vicos
1401 3106 1521 3175 ejus
1562 3108 1776 3163 alleluia

1873 1894 2069 1950 vestris
2100 1892 2356 1949 mandate
2386 1900 2443 1947 ut
2478 1891 2674 1946 faciant
2703 1889 2941 1961 justitias
2971 1898 3025 1943 et
3055 1889 3429 1957 eleemosynas
3451 1929 3466 1955 ,

1870 1996 1929 2043 ut
1959 1988 2069 2042 sint
2119 2000 2394 2041 memores
2444 1984 2540 2039 Dei
2588 1993 2641 2039 ct
2694 1983 3021 2039 benedicant
3062 1997 3184 2038 eum
3220 1982 3272 2037 in
3320 1982 3467 2037 omni

1871 2091 2119 2149 tempore
2151 2082 2203 2135 in
2231 2079 2482 2147 veritate,
2520 2087 2573 2135 et
2597 2078 2650 2133 in
2676 2088 2787 2133 tela
2829 2081 3031 2133 virtute
3056 2092 3171 2133 sua.
3201 2075 3358 2133 Nunc
3384 2091 3473 2131 ero

1870 2190 1958 2245 go,
1991 2174 2109 2239 ﬁlii,
2142 2172 2327 2229 audite
2367 2188 2474 2236 me,
2510 2182 2564 2227 et
2592 2172 2759 2227 nolite
2790 2186 3011 2227 manere
3044 2170 3159 2235 hic;
3194 2170 3290 2225 sed
3333 2185 3473 2240 qua-

1872 2282 2103 2338 cumque
2130 2266 2218 2323 die
2248 2264 2576 2335 septlieritis
2607 2274 2835 2319 matrem
2866 2272 3100 2317 vestram
3131 2264 3275 2317 circa
3301 2276 3387 2316 me
3419 2262 3472 2315 in

1876 2378 1984 2418 uno
2042 2361 2321 2433 sepulcro,
2370 2375 2436 2417 ex
2491 2374 2557 2413 eo
2610 2358 2829 2429 dirigite
2876 2371 3102 2427 gressus
3154 2364 3363 2411 vestros
3418 2362 3478 2410 ut

1875 2457 2081 2511 exeatis
2113 2456 2241 2509 hinc
2272 2472 2283 2508 :
2320 2454 2480 2509 video
2524 2453 2669 2508 enim
2709 2451 2831 2521 quia
2865 2448 3120 2518 iniquitas
3160 2446 3279 2516 ejus
3309 2444 3473 2500 ﬁnem

1880 2548 2032 2604 dabit
2054 2550 2123 2603 ei.

1952 2642 2176 2698 Factum
2209 2646 2294 2695 est
2314 2647 2491 2694 autem
2521 2644 2643 2708 post
2664 2634 2872 2692 obitum
2903 2634 3091 2691 matris
3111 2647 3246 2700 suae,
3276 2630 3476 2687 Tobias

1878 2736 2143 2791 abscessit
2174 2749 2240 2789 ex
2269 2733 2459 2787 Ninive
2487 2747 2608 2788 cum
2642 2744 2814 2785 uxore
2838 2744 2958 2792 sua,
2992 2736 3047 2783 et
3080 2726 3223 2793 ﬁliis,
3254 2735 3309 2781 et
3339 2725 3478 2780 lilio-

1880 2842 1997 2883 rum
2027 2827 2169 2890 ﬁliis,
2196 2834 2251 2880 et
2274 2840 2526 2879 reversus
2550 2832 2636 2877 est
2657 2822 2719 2876 ad
2742 2834 2963 2877 soceros
2988 2834 3137 2875 suos.
3164 2817 3478 2885 Invenitque

1880 2938 1977 2979 eos
2008 2922 2309 2978 incolumes
2349 2921 2400 2973 in
2441 2926 2721 2973 senectute
2751 2917 2891 2971 bona
2920 2934 2935 2971 :
2970 2925 3023 2971 et
3051 2928 3235 2970 curam
3277 2927 3469 2968 eorum

1880 3013 2068 3085 gessit,
2100 3023 2152 3068 et
2185 3014 2298 3082 ipse
2330 3010 2519 3065 clausit
2550 3008 2735 3063 oculos
2762 3022 2949 3061 eorum
2978 3023 2989 3059 :
3022 3014 3077 3061 et
3106 3018 3322 3059 omnem
3354 3003 3467 3057 ha:-

1884 3107 2175 3162 reditatem
2210 3104 2404 3159 domus
2442 3101 2697 3171 Raguelis
2739 3101 2853 3171 ipse
2893 3098 3138 3168 percepit
3178 3112 3191 3149 :
3230 3094 3473 3166 viditque

162 3194 508 3249 cantabitur.
541 3194 878 3251 Benedictus
910 3172 1192 3265 Dominus,
1223 3199 1312 3270 qui
1352 3172 1777 3270 exaltaviteam,
1806 3172 1851 3233 Ω
1886 3200 2129 3271 quintam
2172 3196 2600 3269 generationem,
2645 3192 2785 3246 ﬁlios
2834 3191 3069 3245 ﬁliorum
3116 3203 3362 3245 suorum.
3408 3187 3476 3243 Et

164 3282 193 3318 ά
230 3292 296 3338 et
341 3285 419 3339 sit
464 3301 686 3358 regnum
730 3287 852 3359 ejus
903 3288 955 3344 in
1003 3290 1200 3345 saecula
1248 3291 1571 3348 saeculorum
1613 3307 1778 3365 super

165 3389 230 3429 ea
240 3392 319 3430 ιη.
364 3376 555 3435 Amen.

240 3468 405 3540 [ϐαρ.
438 3471 603 3544 XIV.]
630 3473 693 3528 Et
720 3477 1080 3531 consummati
1111 3484 1238 3531 sunt
1262 3490 1543 3536 sermones
1568 3480 1776 3537 Tobiae.

169 3557 234 3613 Et
263 3574 555 3634 postquam
581 3566 917 3623 illuminatus
940 3577 1023 3623 est
1045 3568 1267 3638 Tobias,
1299 3571 1433 3627 vixit
1461 3574 1619 3630 annis
1649 3590 1782 3646 qua-

173 3652 432 3724 draginta
476 3657 707 3725 duobus,
764 3669 818 3716 et
864 3659 1001 3715 vidit
1057 3662 1197 3717 ﬁlios
1248 3671 1507 3733 nepotum
1537 3680 1781 3723 suorum.

178 3742 489 3817 Completis
519 3751 707 3822 itaque
738 3753 898 3807 annis
924 3762 1145 3810 centum
1179 3763 1202 3791 θ
1243 3755 1491 3824 duobus,
1542 3761 1788 3831 sepultus

188 3847 276 3893 est
316 3839 614 3901 honoriﬁce
669 3842 725 3901 in
773 3844 990 3903 Ninive.
1022 3845 1424 3922 Quinquaginta
1471 3866 1703 3926 namque
1732 3866 1791 3914 et

1887 3292 2171 3361 completis
2194 3289 2352 3344 annis
2383 3285 2676 3357 nonaginta
2709 3298 2904 3340 novem
2932 3284 2984 3340 in
3017 3282 3213 3339 timore
3237 3278 3477 3348 Domini,

1888 3398 2009 3441 eum
2036 3382 2235 3454 gaudio
2258 3380 2591 3450 sepelierunt
2618 3393 2763 3433 eum.

1960 3475 2148 3532 Omnis
2177 3484 2357 3527 autem
2406 3469 2660 3541 cognatio
2704 3470 2852 3540 ejus,
2903 3474 2958 3523 et
2999 3465 3177 3522 omnis
3208 3464 3486 3537 generatio

1890 3568 2008 3639 ejus
2034 3569 2085 3623 in
2115 3567 2255 3621 bona
2278 3564 2411 3631 vita,
2441 3572 2495 3619 et
2518 3563 2569 3617 in
2594 3570 2778 3618 saneta
2802 3560 3220 3617 conversatione
3243 3572 3488 3629 perman-

1894 3664 1985 3729 sit,
2016 3662 2089 3715 ita
2119 3668 2176 3715 ut
2205 3656 2416 3728 accepti
2441 3665 2626 3711 essent
2658 3664 2765 3709 tam
2802 3654 2935 3721 Deo,
2967 3668 3127 3725 quam
3153 3649 3490 3718 hominibus,

1896 3764 1949 3812 et
1978 3752 2190 3810 cunctis
2221 3748 2589 3807 habitantibus
2622 3747 2675 3802 in
2709 3757 2875 3803 terra.

1526 3987 1750 4065 Explicit
1781 3993 1911 4052 liber
1940 3992 2138 4050 Tobiaz.

268 4116 299 4146 ⁸
334 4115 467 4174 Idem
497 4134 601 4175 ms.
633 4120 689 4174 in
712 4119 823 4175 Deo
854 4120 1166 4177 lwlabimur.

197 4185 299 4314 et:
330 4188 451 4247 Plus
480 4190 643 4249 habet
676 4191 823 4248 idem
844 4208 950 4249 ms.
982 4195 1159 4251 civitas
1183 4194 1280 4251 Dei
1303 4195 1480 4268 magni
1500 4200 1792 4273 castigavit,

277 4341 300 4369 ε
334 4330 532 4415 solida“
555 4333 675 4392 hcce
707 4334 898 4402 verba,
928 4352 960 4389 a
1002 4339 1200 4415 cunctis
1230 4338 1649 4415 tribulationibus
1685 4344 1796 4415 ejus

210 4397 459 4459 Dominus
490 4404 629 4461 Deus
674 4397 1020 4475 mamonae
1064 4410 1227 4465 etiam
1275 4412 1467 4467 abesse
1498 4415 1619 4469 sine
1660 4397 1796 4469 re'cti

214 4485 403 4553 sensus
432 4476 714 4553 dispendio
754 4486 1000 4553 possunt,
1060 4479 1235 4553 Palat.
1283 4498 1385 4537 ms.
1420 4486 1796 4553 praetermisit;

213 4546 380 4620 multo
403 4546 580 4620 autem
612 4546 768 4620 plura
804 4548 859 4604 in
892 4548 1059 4606 Hebr.
1109 4562 1162 4608 et
1198 4552 1393 4611 Graeco
1422 4546 1669 4613 testibus
1711 4546 1801 4611 hic

213 4610 304 4669 loci
336 4610 732 4675 desiderantur.

213 4742 795 4767 h-.—_—_

797 4746 3435 4774 ___________—_____________________________

2027 4130 2179 4185 Idem
2212 4142 2313 4181 ms.
2349 4134 2406 4180 ut
2438 4125 2501 4179 sit
2532 4138 2745 4197 regnum
2764 4124 2913 4197 ejus,
2946 4130 3060 4178 tum
3092 4120 3284 4190 verba,
3309 4118 3365 4177 in
3397 4135 3494 4176 sa:-

1902 4202 2019 4257 cula
2051 4200 2386 4265 sa'culorunt,
2420 4213 2526 4252 non
2559 4195 2821 4266 agnoscit.

1979 4284 2001 4311 ε’
2037 4274 2091 4328 In
2141 4271 2331 4327 eodem
2379 4285 2482 4325 ms.
2531 4264 2733 4321 rentum
2782 4264 3095 4335 duodecim,
3149 4280 3249 4334 pro
3296 4271 3499 4335 contum

1904 4344 2105 4401 duottus
2156 4338 2647 4414 legituraetenim
2693 4336 2937 4414 nibil_de
2982 4334 3262 4409 sepultura
3311 4334 3498 4414 Tobiae

1906 4417 2127 4473 tradunt
2157 4408 2273 4470 sive
2323 4410 2609 4477 llebratus,
2666 4408 2783 4465 sive
2832 4408 3057 4466 Graccus
3102 4418 3280 4465 textus
3304 4408 3499 4477 ._q_u_in

1908 4489 2085 4559 potius
2112 4487 2455 4559 iste__tantum
2502 4473 2787 4557 nonaginta
2825 4496 2919 4538 sex
2948 4494 3119 4538 annos
3156 4478 3283 4535 vita:
3312 4473 3501 4531 Tobitn

1906 4556 2121 4616 videtur
2153 4556 2414 4612 tribuere.

3437 4744 3475 4762 η

428 4878 1085 4964 ΡΒᾹΞΡΑΤΙΟ
1162 4880 1779 4967 HIERONYM

1914 4879 2042 4965 IN
2112 4876 2570 4963 LIBRUM
2641 4878 2680 4928 ³
2731 4869 3205 4958 JUDITH.

208 5170 233 5239 ἴ
275 5172 423 5246 Apud
452 5175 713 5236 Hebraeos
742 5175 882 5235 liber
903 5176 1089 5236 Iudith
1138 5180 1283 5237 inter
1312 5177 1339 5220 ι)
1371 5179 1678 5253 apocrypha
1709 5179 1788 5237 le-

280 5345 304 5375 ι
338 5337 489 5397 nunc
518 5355 742 5412 quoque
789 5339 991 5396 librum
1039 5355 1160 5397 cum
1203 5340 1434 5411 prologo
1476 5341 1541 5395 ad
1589 5340 1810 5399 eosdem

208 5411 622 5480 recognovimus
650 5411 876 5468 eodices
919 5427 1054 5467 mss.
1109 5414 1383 5468 Vaticanae
1417 5412 1769 5469 bibliotliecte
1795 5455 1812 5480 ,

209 5480 435 5537 alterum
469 5484 785 5540 Palatinum
835 5500 984 5538 num.
1016 5485 1089 5539 2i
1116 5527 1129 5547 ,
1171 5485 1399 5539 alterum
1435 5486 1634 5556 regium
1676 5485 1815 5540 Sue-

210 5565 425 5619 corum,
462 5571 619 5610 num.
668 5558 727 5618 7,
773 5570 908 5624 quos
941 5556 993 5608 in
1024 5556 1325 5625 Superioris
1354 5555 1538 5610 Tobize
1569 5556 1689 5610 libri
1725 5572 1814 5609 re-

210 5627 473 5681 censione
506 5626 873 5681 laudavimus.
924 5625 1269 5683 Martiana'us
1309 5627 1502 5693 nullis,
1551 5634 1610 5682 ut
1638 5637 1692 5683 et
1721 5626 1817 5682 illo

216 5696 537 5752 excudendo
564 5696 810 5759 fecerat,
843 5712 976 5750 mss.
1011 5706 1095 5752 est
1125 5713 1273 5753 usus.

284 5766 311 5805 ι)
345 5768 490 5823 Idem
519 5783 621 5822 ms.
653 5767 956 5823 Bibliorum
985 5767 1153 5824 codex
1185 5766 1450 5823 Cartnsiae.
1480 5765 1819 5823 Villae-Novas

220 5848 385 5897 secus
416 5838 786 5908 Avenioncm,
819 5852 983 5912 supra
1004 5837 1115 5911 jam
1147 5838 1394 5897 laudatus
1420 5839 1738 5911 praefatione
1766 5842 1819 5896 in

1897 5178 2041 5253 gitur
2084 5196 2096 5235 :
2139 5177 2295 5252 cujus
2337 5172 2631 5233 auctoritas
2669 5168 2736 5224 ad
2798 5165 3105 5225 roboranda
3152 5166 3242 5225 illa
3281 5180 3402 5239 quae
3452 5166 3505 5223 in

1922 5341 2121 5397 librum
2153 5338 2360 5399 Tobize,
2396 5336 2709 5402 constanter
2734 5327 2860 5402 legit
2895 5332 3224 5402 apocrypha,
3263 5341 3369 5383 non
3414 5327 3510 5384 Ita-

1922 5411 2233 5486 giographo,
2266 5417 2323 5463 ut
2352 5408 2549 5460 habent
2576 5400 2705 5455 editi
2742 5400 2885 5468 libri,
2914 5400 3133 5486 actu-ss.
3163 5400 3272 5455 fere
3294 5413 3507 5486 omnes:

1922 5470 2231 5548 Έχῖξιηίιίειιί
2267 5494 2395 5532 vero
2448 5489 2555 5548 ms.
2611 5486 2891 5548 sacrorum
2943 5470 3237 5548 Bibliorunt
3294 5470 3510 5542 collegii

1922 5541 2323 5608 Aveninneusis
2353 5565 2382 5601 e
2414 5544 2668 5601 societate
2694 5541 2848 5610 Jesu,
2883 5544 2973 5612 qui
3002 5542 3055 5597 in
3090 5543 3315 5610 prologo
3345 5541 3512 5610 supe-

1924 5625 2055 5679 riori
2100 5622 2446 5689 depravatam
2488 5616 2773 5689 lectionem
2806 5612 3163 5682 hagiographa
3208 5612 3512 5689 retinebat,

1927 5710 2117 5762 puram
2151 5682 2252 5746 Hoc
2282 5689 2402 5744 loco
2429 5701 2491 5741 ac
2521 5684 2808 5762 getiuinam
2842 5691 3217 5762 reprtrscntat,
3252 5682 3514 5762 eam_sci-

1928 5750 2072 5833 iit-et,
2104 5779 2269 5833 quam
2318 5776 2414 5833 nos
2440 5750 2776 5833 res-titttitnus
2809 5752 2874 5805 ad
2913 5752 3074 5833 ﬁdem
3105 5754 3345 5833 diorum
3367 5750 3517 5833 isto-

1931 5818 2072 5893 rum'
2097 5818 2230 5892 mss.
2264 5832 2512 5891 codicum
2545 5846 2558 5885 :
2592 5822 2709 5882 fulti
2750 5822 3055 5893 praesertim
3098 5820 3416 5881 auctoritate
3451 5818 3512 5874 8.
