3960 6208
129 222 185 282 Η
1553 222 1752 282 LIBER
1792 217 2055 280 JUDITH.
3362 227 3429 286 4:2

134 363 3409 390 Ἥ

1569 501 2006 588 INCIPIT

1034 683 1626 831 LIBER
1721 685 2505 830 JUDITH.

189 1022 333 1097 [ϐαρ.
364 1022 440 1096 1.]
473 1024 779 1097 Arpbaxad
811 1024 995 1098 itaque
1022 1039 1123 1082 rex
1153 1025 1433 1083 Medorum
1464 1026 1727 1100 subjuga-
1752 1029 1807 1091 Α
1832 1026 1928 1085 ulli
1958 1043 2126 1100 regno
2150 1072 2165 1099 ,
2198 1042 2527 1100 omnemque
2566 1028 2757 1087 urbem
2804 1032 3067 1091 munitam
3106 1036 3421 1111 subjugabis

127 1126 264 1173 verat
290 1115 504 1173 multas
533 1128 732 1189 gentes
767 1118 997 1187 imperio
1024 1132 1127 1175 suo
1151 1159 1169 1182 .
1205 1128 1261 1175 et
1288 1120 1404 1190 ipse
1440 1119 1728 1175 aedificavit

130 1211 385 1267 civitatem
407 1211 883 1283 potentissimam,
902 1225 1070 1283 quam
1093 1211 1392 1282 appellavit
1413 1212 1721 1278 Ecbatanis,

134 1316 195 1360 ex
221 1302 489 1374 lapidibus
516 1301 799 1374 quadratis
828 1311 885 1359 et
914 1304 1121 1359 sectis:
1146 1303 1277 1359 fecit
1305 1319 1491 1360 muros
1522 1304 1641 1373 ejus
1669 1304 1726 1359 in

136 1404 159 1433 ι
188 1394 529 1451 latitudinem
562 1395 872 1451 cubitorum
900 1395 1247 1467 septuaginta
1274 1437 1290 1463 ,
1320 1382 1375 1451 et
1404 1396 1459 1451 in
1487 1396 1729 1452 altitudi-

134 1504 245 1545 nem
285 1488 597 1544 cubitorum
642 1488 904 1560 triginta,
942 1498 1121 1545 turres
1153 1504 1286 1545 vero
1313 1488 1432 1559 ejus
1462 1489 1645 1560 posuit
1671 1489 1725 1545 in

136 1581 468 1637 altitudinem
509 1581 823 1636 cubitorum
872 1591 1115 1637 centum.
1164 1580 1276 1637 Per
1304 1581 1571 1652 quadrum
1597 1596 1727 1636 vero

132 1689 347 1739 earum,
394 1673 542 1729 latus
589 1682 889 1743 utrumque
932 1675 1253 1730 vicenorum
1303 1674 1501 1745 pedum
1548 1676 1726 1744 spatio

135 1764 446 1821 tendebatur
476 1764 589 1837 [AL
626 1762 966 1836 tenebatur],
994 1767 1283 1837 posuitque
1310 1777 1498 1836 portas
1526 1767 1644 1837 ejus
1672 1770 1725 1821 in

136 1855 473 1914 altitudinem
501 1857 739 1913 turrium
774 1875 787 1912 :
819 1867 875 1914 et
903 1857 1239 1929 gloriabatur
1265 1858 1419 1929 quasi
1450 1868 1644 1929 potens
1671 1859 1725 1915 in

129 1951 369 2021 potentia
416 1951 692 2008 exercitus
738 1952 867 2022 sui,
916 1961 971 2009 et
1015 1952 1069 2009 in
1118 1952 1290 2024 gloria
1339 1952 1725 2026 quadrigarum

126 2058 372 2099 suarum.
1226 2098 1227 2101 η

196 2139 358 2193 Anno
378 2136 545 2208 igitur
561 2136 887 2195 duodecimo
910 2138 1061 2209 regni
1082 2139 1188 2208 sui,
1228 2138 1727 2197 Nabuchodonosor

125 2243 215 2285 rex
242 2229 626 2302 Assyriorum,
651 2231 745 2302 qui
773 2231 1038 2301 regnabat
1063 2231 1117 2287 in
1141 2230 1340 2288 Ninive
1364 2232 1586 2289 civitate
1610 2247 1729 2287 ma—

124 2335 254 2390 gna,
285 2324 554 2392 pugnavit
584 2332 777 2378 contra
805 2321 1130 2393 Arphaxad,
1161 2331 1220 2378 et
1246 2323 1482 2379 obtinuit
1509 2339 1635 2380 eum
1667 2324 1723 2380 in

1830 1122 1985 1177 mihi.

1902 1213 2055 1270 Tunc
2099 1214 2422 1273 Holofernes
2462 1218 2678 1273 vocavit
2718 1217 2924 1288 duces,
2973 1229 3028 1276 et
3076 1224 3425 1295 magistratus

1832 1306 2048 1361 virtutis
2065 1307 2413 1376 Assyriorum
2457 1326 2473 1365 :
2515 1318 2570 1364 et
2598 1312 2967 1366 dinumeravit
2996 1315 3145 1369 viros
3174 1316 3229 1369 in
3261 1333 3428 1389 expe-

1828 1397 2118 1464 ditionem,
2144 1400 2287 1455 sicut
2308 1402 2566 1471 praecepit
2586 1403 2634 1457 ei
2663 1417 2780 1467 rex,
2806 1413 3024 1459 centum
3046 1407 3236 1477 viginti
3258 1410 3427 1465 millia

1828 1492 2073 1563 peditum
2092 1500 2473 1564 pugnatorum,
2499 1502 2553 1550 et
2573 1503 2596 1531 ο
2615 1493 2858 1565 equitum
2876 1499 3281 1566 sagittariorum
3299 1502 3431 1559 duo-

1828 1584 2004 1642 decim
2048 1585 2237 1641 millia.
2288 1584 2626 1657 Omnemque
2667 1587 3064 1657 expeditionem
3109 1604 3263 1647 suam
3297 1594 3427 1649 fecit

1826 1678 2026 1749 prmire
2056 1678 2109 1734 in
2139 1678 2492 1735 multitudine
2526 1679 3005 1737 innumerabilium
3042 1686 3378 1743 camelorum
3407 1730 3422 1755 ,

1826 1783 1951 1825 cum
1976 1770 2058 1825 his
2079 1771 2168 1841 qui
2196 1770 2302 1842 [ΑΙ.
2323 1770 2464 1843 quae]
2488 1771 2823 1828 exercitibus
2845 1774 3160 1833 sufficerent
3182 1780 3424 1848 copiose,

1826 1861 1990 1917 boum
2032 1877 2249 1933 quoque
2301 1872 2545 1919 armenta
2590 1879 2893 1937 gregesque
2927 1868 3143 1937 ovium,
3197 1886 3428 1941 quorum

1828 1967 1937 2009 non
1968 1962 2088 2009 erat
2117 1968 2399 2011 numerus.
2434 1954 2796 2012 Frumentum
2856 1973 2923 2014 ex
2956 1961 3106 2015 omni
3155 1962 3312 2034 Syria
3370 1968 3427 2023 in

1828 2045 2061 2101 transitu
2087 2060 2186 2102 suo
2208 2047 2386 2117 parari
2413 2047 2719 2103 constituit.
2749 2054 2955 2105 Aurum
2982 2067 3112 2109 vero
3144 2061 3203 2109 et
3231 2070 3425 2127 argen-

1828 2145 1967 2204 tum,
2001 2137 2071 2194 dc
2109 2138 2275 2195 domo
2298 2140 2444 2210 regis
2487 2141 2791 2212 assumpsit
2839 2144 3069 2201 multum
3119 2148 3304 2207 nimis.
3359 2152 3433 2209 Et

1828 2231 2103 2302 profectus
2130 2243 2214 2289 est
2243 2235 2382 2303 ipse,
2406 2243 2459 2290 et
2486 2236 2669 2291 omnis
2692 2237 2975 2294 exercitus
2997 2279 3013 2306 ,
3048 2255 3173 2297 eum
3205 2244 3427 2314 quaer

1827 2326 1928 2397 gis,
1963 2327 2322 2397 etequitibus
2351 2368 2369 2396 ,
2419 2338 2476 2385 et
2525 2330 2827 2401 sagittariis
2874 2331 2969 2403 qui
3022 2350 3425 2406 cooperuerunt

125 2430 314 2488 campo
341 2432 572 2487 magno,
600 2417 691 2487 qui
720 2416 1030 2487 appellatur
1055 2416 1242 2488 Ragau
1262 2460 1277 2486 ,
1304 2417 1453 2474 circa
1478 2418 1726 2490 Euphra-
1752 2411 1802 2473 B
1828 2415 2025 2473 faciem
2053 2426 2214 2474 terrae
2237 2460 2253 2485 ,
2294 2419 2434 2474 sicut
2461 2419 2707 2476 locustae.
2738 2424 2983 2493 Cumque
3028 2429 3426 2493 pertransisset

127 2515 233 2573 ten,
264 2518 319 2564 et
342 2508 559 2580 Tigrin,
585 2518 643 2564 et
668 2506 696 2546 δ
726 2507 961 2565 Jadason
982 2549 997 2578 ,
1029 2508 1085 2565 in
1116 2524 1309 2581 campo
1346 2509 1551 2567 Erioch
1576 2512 1722 2582 regis

122 2600 425 2658 Elicorum.
454 2601 611 2657 'l’unc
642 2602 938 2657 exaltatum
982 2611 1065 2658 est
1108 2617 1336 2673 regnum
1362 2601 1723 2659 Nabuchodoo

128 2708 313 2760 nosor,
342 2702 402 2750 et
429 2708 529 2749 cor
559 2693 679 2763 ejus
723 2694 994 2749 elevatum
1024 2696 1139 2760 est,
1172 2702 1227 2750 et
1257 2693 1406 2749 misit
1434 2693 1502 2749 ad
1533 2709 1722 2751 omnes

116 2787 211 2856 qui
242 2787 560 2842 habitabant
589 2786 645 2841 in
672 2784 882 2854 Cilicia,
913 2795 970 2843 et
999 2786 1286 2855 Damasco,
1317 2796 1375 2844 et
1406 2787 1634 2858 Libano,
1666 2798 1723 2845 et

116 2878 186 2932 ad
207 2888 423 2948 gentes,
454 2893 581 2950 qua:
608 2887 736 2933 sunt
766 2878 822 2933 in
844 2877 1137 2947 Carmelio,
1170 2890 1227 2934 et
1252 2877 1452 2947 Cedar,
1482 2888 1536 2936 et
1566 2880 1721 2936 inha-

112 2968 357 3027 bitantes
388 2970 671 3027 Galilaeam
703 2969 761 3024 in
793 2983 986 3037 campo
1015 2984 1212 3040 magno
1240 2968 1537 3036 Esdrelon,
1570 2979 1625 3026 et
1653 2971 1721 3026 ad

112 3074 316 3118 omnes
342 3062 438 3133 qui
464 3070 624 3118 erant
655 3062 711 3117 in
738 3060 1006 3127 Samaria,
1036 3070 1087 3117 et
1119 3071 1271 3117 trans
1296 3060 1500 3116 flumen
1529 3060 1722 3116 Jorda-

112 3168 248 3209 nem
276 3170 453 3226 usque
480 3155 546 3210 ad
577 3154 888 3210 Jerusalem
914 3193 932 3218 ,
962 3162 1020 3210 et
1045 3168 1262 3209 omnem
1302 3163 1504 3209 terram
1531 3152 1683 3210 Jesse
1703 3194 1720 3220 ,

109 3259 415 3316 quousque
455 3245 805 3317 perveniatur
835 3244 903 3301 ad
931 3255 953 3284 ε
989 3246 1256 3301 terminos
1281 3242 1602 3315 Ethiopim.
1637 3244 1721 3300 Ad

113 3335 225 3391 bos
254 3350 445 3393 omnes
470 3337 616 3394 misit
640 3336 865 3392 nuntios
896 3334 1401 3391 Nabuchodonosor
1428 3350 1527 3391 rex
1552 3336 1721 3405 Assy-

123 3427 333 3484 riorum
366 3447 382 3485 :
414 3429 506 3501 qui
536 3444 732 3486 omnes
768 3443 879 3486 uno
910 3428 1093 3484 animo
1136 3427 1627 3495 contradixerunt,
1667 3436 1724 3485 et

127 3522 451 3580 remiserunt
477 3538 573 3580 eos
598 3539 801 3580 vacuos
825 3563 841 3590 ,
885 3532 941 3579 et
980 3524 1101 3580 sine
1133 3521 1343 3579 honore
1383 3523 1717 3594 ahjecerunt.

127 3611 283 3670 Tunc
339 3616 646 3688 indignatus
711 3615 1226 3673 Nabuchodonosor
1293 3630 1389 3673 rex
1458 3617 1722 3673 adversus

128 3721 349 3766 omnem
393 3721 591 3767 terram
622 3711 770 3766 illam
797 3752 815 3779 ,
856 3710 1062 3782 juravit
1103 3726 1203 3783 per
1245 3710 1500 3767 thronum
1537 3720 1593 3766 et
1628 3726 1721 3766 re-

1827 2508 1966 2565 tines
1988 2510 2366 2579 Assyriorum,
2398 2511 2547 2566 venit
2575 2512 2644 2566 ad
2699 2528 2931 2583 magnos
2982 2526 3201 2573 montes
3249 2520 3424 2591 Auge,

1824 2600 1919 2672 qui
1946 2602 2374 2657 suntasinistro
2403 2602 2625 2672 Ciliciae,
2677 2605 3031 2677 ascenditque
3084 2610 3271 2665 omnia
3323 2626 3425 2666 ca-

1826 2694 1981 2749 stella
2004 2708 2217 2760 eorum,
2250 2703 2305 2750 et
2342 2694 2574 2751 obtinuit
2618 2711 2836 2752 omnem
2882 2699 3269 2756 munitionem.
3328 2703 3425 2759 Ef-

1822 2784 1987 2858 fregit
2020 2795 2200 2843 autcm
2230 2787 2502 2842 civitatem
2534 2788 2970 2857 Opinatissimam
3007 2790 3254 2860 Melothi,
3289 2809 3428 2864 pra:-

1824 2875 2088 2948 davitque
2109 2892 2302 2933 omnes
2332 2878 2474 2933 ﬁlios
2502 2878 2754 2947 Tharsis,
2790 2889 2845 2935 et
2873 2881 3019 2936 filios
3054 2882 3255 2939 lsmael
3314 2885 3424 2955 [Αι.

1825 2966 2064 3040 Israel],
2111 2969 2203 3038 qui
2239 2978 2396 3023 crant
2444 2978 2634 3024 contra
2686 2969 2881 3024 faciem
2927 2970 3175 3037 deserti,
3224 2982 3282 3028 et
3312 2973 3332 3012 ί
3359 2977 3430 3031 ad

1824 3067 2072 3114 austrum
2106 3068 2268 3113 terrae
2296 3056 2511 3114 Cellon.
2542 3058 2610 3114 Et
2650 3060 2903 3115 transivit
2942 3060 3274 3131 Euphratem
3302 3104 3318 3129 ,
3372 3074 3429 3121 et

1824 3148 1976 3207 venit
2001 3150 2056 3205 in
2104 3148 2595 3221 Mesopotamiam:
2631 3159 2688 3206 et
2730 3150 2896 3223 fregit
2948 3168 3139 3209 omnes
3177 3155 3429 3213 civitates

1824 3242 2096 3310 excelsas,
2118 3256 2241 3313 qua:
2265 3250 2421 3298 erant
2470 3240 2567 3309 ibi,
2598 3256 2628 3297 a
2653 3250 2897 3299 torrente
2928 3243 3169 3303 Mambre
3223 3262 3428 3319 usque-

1824 3350 1935 3407 quo
1984 3336 2343 3406 perveniatur
2387 3336 2455 3391 ad
2498 3350 2651 3392 mare
2684 3354 2697 3391 :
2730 3345 2785 3393 et
2814 3339 3102 3408 occupavit
3157 3342 3425 3399 terminos

1823 3429 1966 3501 ejus,
2001 3444 2030 3484 a
2053 3427 2243 3486 Cilicia
2268 3444 2442 3501 usque
2464 3429 2532 3485 ad
2575 3429 2711 3487 fines
2751 3429 3016 3501 Japhcth,
3042 3433 3132 3503 qui
3179 3443 3308 3490 sunt
3354 3436 3428 3493 ad
3513 3452 3522 3463 λ

1822 3532 2087 3578 austrum.
2130 3521 2485 3592 Abduxitque
2516 3536 2707 3578 omnes
2737 3520 2885 3578 filios
2916 3524 3151 3592 Madtan,
3180 3538 3235 3581 et
3278 3541 3423 3597 prae-

1823 3611 1973 3669 davit
2010 3627 2230 3669 omnem
2289 3612 2771 3683 locupletationem
2828 3629 3020 3671 eorum
3050 3657 3066 3683 ,
3122 3630 3429 3690 omnesque

1824 3702 2145 3759 resistentes
2170 3702 2276 3759 sibi
2294 3702 2497 3758 occidit
2515 3701 2569 3757 in
2591 3716 2685 3758 ore
2716 3702 2901 3773 gladii.
2935 3704 3004 3758 Et
3032 3714 3155 3775 post
3186 3707 3303 3765 haec
3330 3709 3427 3769 de-

134 3816 294 3871 gnum
347 3820 495 3861 suum
517 3847 533 3872 ,
581 3805 729 3878 quod
755 3803 1079 3861 defenderet
1111 3820 1171 3861 se
1202 3804 1269 3861 de
1295 3804 1548 3861 omnibus
1574 3804 1617 3875 (1⁸
1627 3818 1718 3861 re-
1748 3785 1795 3851 C
1825 3794 2042 3852 scendit
2070 3794 2124 3850 in
2146 3810 2369 3867 campos
2396 3794 2641 3849 Damasci
2672 3795 2729 3848 in
2752 3795 2943 3850 diebus
2966 3798 3185 3865 messis,
3218 3809 3273 3856 et
3295 3816 3422 3858 suc-

138 3896 381 3963 gionibus
411 3898 517 3954 bis.

209 3986 365 4058 [ϐαρ.
404 3990 487 4063 ll.]
534 3990 701 4049 Anno
748 3992 909 4049 tertio
954 3991 1167 4049 decimo
1216 3989 1721 4048 Nabuchodonosor

141 4077 311 4148 regis,
342 4080 582 4138 vicesima
608 4093 666 4139 et
693 4082 940 4140 secunda
962 4083 1053 4138 die
1077 4083 1283 4139 mensis
1313 4085 1494 4154 primi,
1518 4084 1719 4140 factum

144 4179 223 4225 est
250 4174 465 4231 verbum
494 4176 550 4232 in
575 4176 744 4232 domo
774 4175 1281 4233 Nabuchodonosor
1300 4177 1446 4247 regis
1469 4177 1721 4248 Assyrio-

146 4278 255 4321 rum
285 4276 346 4323 ut
368 4269 685 4327 defenderet
727 4284 812 4325 se.
859 4269 1193 4342 Vocavitque
1244 4285 1437 4326 omnes
1482 4270 1723 4340 majores

154 4368 261 4415 natu
282 4404 299 4428 ,
333 4377 623 4435 omnesque
649 4363 822 4419 duces
848 4374 904 4419 et
931 4363 1231 4419 bellatores
1269 4377 1419 4429 suos,
1450 4371 1504 4417 et
1536 4362 1723 4418 habuit

158 4462 256 4509 eam
279 4456 359 4511 eis
390 4457 709 4527 mysterium
739 4454 957 4512 consilii
999 4456 1108 4512 sui.
1151 4456 1405 4528 Dixitque
1433 4456 1722 4527 cogitatio-

165 4556 260 4601 nem
284 4562 432 4603 suam
463 4550 519 4605 in
539 4564 606 4605 eo
633 4563 791 4617 esse,
825 4558 882 4604 ut
911 4563 1130 4605 omnem
1172 4557 1372 4605 terram
1405 4563 1506 4605 suo
1535 4550 1725 4621 subju-

164 4648 282 4704 pret
303 4641 551 4711 imperio.
575 4640 731 4709 Quod
752 4641 962 4698 dictum
978 4656 1103 4699 cum
1126 4642 1422 4713 placuisset
1440 4642 1721 4711 omnibus,

162 4734 342 4787 vocarit
364 4731 865 4789 Nabuchodonosor
889 4748 983 4789 rex
1016 4732 1371 4789 Holofernem
1416 4732 1719 4804 principem

62 4820 65 4835 “
153 4820 336 4878 militiae
363 4840 510 4891 sum,
550 4833 608 4881 et
635 4822 777 4880 dixit
805 4824 898 4881 ei:
932 4824 1211 4895 Egredere
1252 4826 1518 4881 adversus
1564 4839 1725 4881 omne

150 4929 352 4986 regnum
373 4918 706 4986 Occidentis,
736 4926 791 4975 et
816 4927 1007 4975 contra
1029 4934 1122 4975 eos
1152 4919 1450 4990 praecipue,
1478 4919 1571 4990 qui
1593 4934 1725 4975 con-

148 5018 466 5084 tempserunt
493 5013 788 5085 imperium
814 5027 1015 5069 meum.
1039 5012 1159 5070 Non
1182 5020 1367 5084 parcet
1387 5013 1577 5070 oculus
1601 5022 1723 5070 tuus

1824 3888 2009 3945 cendit
2030 3888 2216 3943 Omnia
2243 3896 2381 3953 sata,
2406 3901 2707 3957 omnesque
2734 3886 2963 3944 arbores
2989 3896 3045 3944 ct
3076 3889 3265 3948 vineas
3292 3892 3426 3951 fecit

1827 3990 1854 4030 8
1884 3980 2051 4037 incidi
2074 3996 2088 4034 :
2112 3988 2172 4035 et
2193 3979 2395 4035 cecidit
2422 3978 2587 4034 timor
2608 3978 2753 4034 illius
2778 3993 2943 4051 super
2972 3996 3164 4040 omnes
3204 3983 3423 4042 inhabi-

1825 4085 2008 4133 tantes
2048 4084 2272 4131 terram.

1901 4168 2054 4243 [Cap.
2087 4166 2201 4238 ιιι]
2222 4166 2377 4222 Tunc
2406 4165 2678 4222 miserunt
2703 4165 2912 4238 legatos
2949 4182 3107 4238 suos,
3143 4172 3430 4234 universa-

1828 4277 1949 4318 rum
1972 4259 2188 4316 urbium
2223 4275 2288 4316 ac
2321 4258 2725 4329 provinciarum
2780 4274 2935 4331 reges
2978 4277 3045 4317 ac
3096 4266 3374 4336 principes
3407 4308 3426 4335 ,

1830 4356 2006 4429 Syriae
2065 4354 2279 4410 scilicet
2307 4352 2710 4422 Mesopotamia:
2735 4392 2752 4419 ,
2784 4361 2841 4408 et
2871 4352 3048 4425 Syria:
3098 4356 3263 4412 Sohal
3314 4357 3424 4429 [Αι.

1830 4451 2004 4521 Syriis
2044 4446 2258 4517 Sobal],
2287 4454 2342 4501 et
2374 4444 2563 4516 Libya:
2592 4454 2756 4516 atque
2803 4445 3044 4514 Ciliciae,
3081 4448 3173 4518 qui
3202 4448 3429 4506 venien-

1833 4550 1918 4598 tes
1958 4539 2027 4595 ad
2059 4538 2486 4608 Holophernem,
2521 4536 2778 4592 dixerunt
2810 4556 2823 4588 :
2856 4538 3080 4594 Desinat
3115 4538 3421 4610 indignatio

1834 4641 1925 4689 tua
1955 4631 2100 4687 circa
2124 4643 2225 4685 nos
2252 4644 2268 4687 :
2298 4628 2493 4684 melius
2529 4636 2614 4684 est
2641 4630 2787 4685 enim
2821 4639 2880 4684 ut
2923 4630 3167 4686 viventes
3220 4631 3426 4688 servia-

1830 4741 1953 4784 mus
1976 4723 2480 4782 Nabuchodonosor
2510 4726 2624 4795 regi
2660 4740 2889 4796 magno,
2921 4733 2977 4782 et
3007 4725 3207 4781 subditi
3256 4728 3428 4785 simus

1832 4819 1949 4887 tibi,
1975 4831 2142 4889 quam
2171 4816 2470 4872 morientes
2493 4831 2616 4871 cum
2646 4816 2871 4871 interitu
2901 4825 3091 4871 nostro
3124 4818 3226 4885 ipsi
3256 4821 3431 4877 servi-

1831 4912 1963 4969 tutis
1982 4920 2186 4968 nostrte
2212 4910 2411 4968 damna
2438 4908 2726 4982 patiamur.
2760 4908 2951 4964 Omnis
2980 4909 3180 4965 civitas
3217 4922 3429 4985 nostra,

1832 5006 2119 5080 omnisque
2157 5006 2458 5078 possessio,
2501 5017 2694 5062 omnes
2718 5009 2975 5070 montes,
3026 5011 3083 5059 et
3129 5005 3330 5079 colles,
3374 5020 3431 5069 et

143 5220 153 5231 ’
208 5227 238 5256 ³
264 5217 361 5275 llic
385 5217 714 5274 altitudinem
742 5230 849 5288 pro
878 5214 1199 5288 latitudine,
1236 5222 1294 5272 et
1324 5227 1455 5288 mox
1485 5210 1728 5288 vicissim
1755 5210 1809 5273 D
1838 5217 2048 5288 terrain.

1912 5290 1937 5319 ο
1967 5278 2107 5337 Cod.
2135 5276 2395 5345 Palatin.,
2427 5282 2476 5329 et
2496 5270 2692 5345 equites
2721 5269 3044 5345 sagittarios,
3076 5274 3167 5343 qui
3188 5283 3242 5331 et
3275 5277 3435 5344 paulo

142 5290 453 5345 latitudinem
477 5306 577 5362 pro
604 5285 1139 5362 altitudine‘Regina:
1163 5301 1267 5342 ms.
1289 5285 1534 5362 praefert.
1560 5286 1730 5343 Paulo

140 5358 784 5435 postivitioseilegebatur
810 5359 1118 5435 uicinorum,
1149 5372 1265 5435 pro
1282 5358 1604 5435 uicenorum.

202 5431 231 5473 δ
256 5434 367 5491 Pro
393 5426 632 5487 Judason
661 5431 796 5501 legit
825 5428 1053 5501 Reginae
1082 5426 1189 5484 ms.
1223 5426 1462 5501 Ydasan.

207 5516 229 5544 ι
259 5505 537 5560 Palatinus
564 5516 695 5572 ms.,
722 5498 796 5554 ad
826 5498 1050 5566 montes,
1087 5513 1189 5572 pro
1217 5500 1287 5553 ad
1319 5498 1587 5572 terminos.

203 5574 229 5612 ⁸
252 5576 432 5631 Nostri
466 5588 596 5628 mss.
630 5568 749 5643 pari
780 5586 1053 5643 consensu
1082 5568 1103 5638 ξ
1128 5570 1191 5643 de
1224 5568 1458 5643 omnibus
1490 5578 1695 5643 tantum
1716 5613 1732 5638 ,

142 5662 235 5705 nec
252 5648 456 5703 addunt
477 5639 643 5717 voces
672 5641 979 5717 regionibus
1000 5641 1105 5695 his.
1134 5640 1303 5717 Paulo
1325 5639 1575 5717 superius
1598 5655 1740 5695 unus

140 5718 340 5793 Regina
374 5732 475 5791 pro
506 5711 759 5770 adversus
791 5729 999 5768 omnem
1030 5722 1255 5785 terram,
1288 5711 1418 5783 legit
1444 5713 1513 5767 ad
1538 5726 1741 5768 omnem

401 5812 689 5878 Panos.
738 5804 989 5872 XXIX.

1882 5786 1901 5791 ”
2825 5796 2901 5885 ,2

1836 5361 1965 5423 post
1981 5366 2118 5407 voce
2137 5344 2588 5423 innumerabilium
2612 5344 3006 5413 praetermissa,
3026 5346 3080 5399 in
3103 5346 3435 5401 multitudine

1839 5417 2154 5478 camelorum
2177 5417 2331 5488 legit.

1931 5491 1951 5530 ι
1984 5492 2085 5546 his.
2115 5483 2356 5556 Reginae,
2387 5486 2456 5539 ad
2488 5484 2734 5556 Austrum
2761 5493 2954 5556 terram
2976 5494 3025 5542 et
3052 5483 3253 5541 Cwleon
3282 5500 3300 5539 :
3327 5483 3433 5543 Pa-

1845 5564 2067 5627 latinus,
2094 5568 2141 5612 et
2162 5554 2410 5611 A'ustrum
2439 5565 2589 5611 terra:
2611 5566 2661 5610 et
2686 5554 2899 5614 Celeon.

1912 5643 1936 5685 ε
1964 5631 2025 5689 In
2056 5624 2303 5690 Palatino
2329 5643 2459 5701 1113.,
2488 5628 2607 5701 fecit
2630 5627 2862 5699 incendi,
2897 5642 2997 5703 pro
3021 5624 3201 5682 incidi.
