3960 6208
141 177 208 238 ιδ
1018 171 1035 182 ’“
1504 169 1704 228 LIBER

1815 169 2013 226 ωιτη.
3332 177 3407 252 te

141 292 405 353 exercitus
431 288 802 362 Egyptiorum
832 301 928 343 eos
950 293 1385 357 persequeretur,
1419 285 1494 340 ita
1545 287 1699 357 aquis
1729 285 1782 347 Α
1807 286 1951 340 niam
1982 301 2088 341 non
2117 294 2200 341 est
2228 286 2390 356 Deus,
2417 286 2520 343 nisi
2544 285 3057 344 Nabuchodonosor
3089 304 3104 345 :
3133 303 3257 346 cum
3283 307 3407 362 per-

140 398 426 460 coopertus
469 394 565 450 est,
594 394 784 440 utnon
816 385 1122 439 remaneret
1144 383 1227 438 vel
1255 396 1395 438 uitus
1417 426 1432 452 ,
1481 383 1574 453 qui
1619 382 1700 437 fa-
1807 379 2140 434 cusserimus
2171 394 2268 435 eos
2296 393 2488 435 omnes
2513 425 2528 450 ,
2562 379 2701 436 sicut
2725 379 3002 438 hominem
3029 397 3196 438 unum
3222 423 3236 448 ,
3271 389 3404 440 tunc

143 493 288 538 ctum
319 479 540 550 posteris
573 476 869 531 nuntiaret.
902 483 927 512 α
961 473 1177 545 Egressi
1231 488 1364 529 vero
1415 489 1568 529 mare
1593 472 1705 528 Ru-
1807 481 1864 526 et
1910 471 2026 542 ipse
2075 487 2197 527 cum
2246 471 2357 527 illis
2405 473 2756 544 Assyriorum
2801 472 2982 543 gladio
3023 474 3309 540 iuteribis,
3350 484 3406 530 et

145 575 321 639 brum,
346 573 547 628 deserta
573 569 699 625 Sina
724 567 926 622 montis
951 574 1381 637 occupaverunt,
1435 565 1487 620 in
1511 563 1705 636 quibus
1807 563 1987 619 omnis
2012 563 2177 621 Israel
2209 571 2387 620 tecum
2411 565 2720 636 perditione
2741 565 3038 638 disperiet:
3064 576 3120 621 ct
3145 567 3406 638 probabis

146 678 417 734 numquam
446 662 604 715 hoe
649 658 892 714 habitare
914 656 1135 728 potuit,
1169 657 1255 713 vel
1280 657 1424 712 ﬁlius
1471 657 1703 712 hominis
1805 656 2062 728 quoniam
2123 658 2627 716 Nabuchodonosor
2683 660 2934 716 dominus
3001 659 3073 716 sit
3135 660 3406 718 universae

144 756 409 828 requievit.
436 754 547 809 Illic
569 750 752 809 fontes
778 751 948 806 amari
986 749 1262 806 obdulcati
1324 760 1451 805 sunt
1505 749 1586 806 eis
1637 749 1702 804 ad
1808 757 1969 804 terra:
2013 767 2027 803 :
2077 760 2310 822 tuncque
2360 751 2568 821 gladius
2610 752 2816 807 militia:
2857 767 2993 809 meae
3041 754 3271 808 transiet
3310 768 3407 824 per

143 848 436 913 bibendum,
454 855 511 902 et
558 861 657 916 per
694 858 870 901 annos
916 842 1274 914 quadraginta
1315 857 1588 896 annonam
1635 841 1704 898 de
1807 839 1974 895 latera
2007 853 2119 908 tua,
2153 849 2210 896 et
2237 840 2484 897 conﬁxus
2512 842 2676 898 cades
2707 842 2850 898 inter
2874 843 3190 900 vulneratos
3213 842 3402 910 Israel,

138 943 270 1000 ratio
288 940 562 999 consecuti
587 946 730 994 sunt.
761 937 1102 1004 Ubicumque
1133 935 1362 1007 ingressi
1413 945 1539 990 sunt
1582 935 1704 992 sine
1805 941 1860 990 et
1883 948 1988 989 non
2021 935 2316 1006 reSpirabis
2343 936 2504 1002 ultra,
2529 936 2704 992 donec
2729 939 3107 994 extermineris
3128 953 3251 994 cum
3277 939 3406 994 illis.

137 1049 252 1091 arcu
277 1045 329 1089 et
356 1033 572 1103 sagitta,
601 1041 655 1086 et
675 1033 884 1101 absque
910 1038 1068 1084 scuto
1106 1038 1164 1084 et
1186 1027 1389 1098 gladio,
1421 1028 1564 1083 Deus
1609 1041 1703 1082 co-
1806 1022 1977 1078 Porro
2007 1034 2187 1080 autem
2227 1024 2273 1080 si
2321 1027 2662 1097 prophetiam
2698 1036 2843 1082 tuam
2875 1044 3058 1083 veram
3087 1029 3406 1098 existimas,

140 1145 243 1184 rum
271 1125 518 1198 pugnavit
552 1139 648 1190 pro
671 1123 752 1178 eis
782 1131 835 1177 et
861 1123 1014 1178 vicit.
1047 1122 1114 1176 Et
1137 1135 1244 1175 non
1273 1119 1374 1174 fuit
1399 1120 1488 1189 qui
1533 1120 1702 1174 insul-
1807 1133 1913 1172 non
1940 1118 2190 1174 concidat
2221 1119 2402 1174 vultus
2435 1127 2656 1185 tuus,et
2698 1121 2896 1190 pallor,
2923 1121 3016 1191 qui
3045 1120 3235 1178 facient
3261 1130 3408 1178 tuam

144 1231 264 1276 taret
292 1219 483 1288 popqu
525 1219 637 1283 isti,
663 1216 765 1270 nisi
808 1213 1028 1286 quando
1058 1214 1283 1269 recessit
1308 1228 1336 1265 a
1362 1210 1388 1249 ιι
1424 1211 1568 1265 cultu
1601 1213 1704 1266 Do-
1806 1210 2014 1267 obtinet
2045 1211 2150 1283 [ΑΙ.
2185 1211 2462 1284 obtinuit],
2492 1214 2750 1269 abscedat
2795 1231 2820 1268 a
2860 1225 2909 1269 te
2933 1260 2946 1281 ,
2992 1217 3039 1270 si
3081 1217 3243 1273 verba
3288 1233 3405 1272 mea

143 1315 255 1369 mini
278 1311 365 1367 Dei
393 1312 495 1366 sui.
521 1309 988 1378 QuotieSeumque
1040 1315 1222 1360 autem
1276 1313 1475 1373 praeter
1526 1304 1700 1372 ipsum
1808 1300 1924 1356 [me
1959 1313 2115 1370 putas
2144 1304 2354 1372 impleri
2390 1320 2496 1358 non
2531 1319 2711 1375 posse.
2740 1305 2807 1362 Ut
2829 1317 3008 1361 autem
3039 1309 3256 1362 noveris
3279 1309 3403 1376 quia

145 1407 289 1460 Deum
313 1419 483 1466 suum,
515 1401 744 1456 alterum
788 1398 1115 1462 coluerunt,
1145 1396 1254 1450 dati
1288 1404 1415 1451 sunt
1456 1395 1508 1449 in
1560 1409 1704 1463 ιιι-ω·
1805 1393 1969 1450 simul
2011 1410 2134 1448 cum
2182 1396 2290 1449 illis
2325 1396 2438 1448 btet-
2484 1395 2785 1465 experieris
2813 1438 2826 1459 ,
2871 1412 2998 1451 ccec
3031 1411 3095 1452 ex
3131 1398 3231 1451 hac
3277 1399 3406 1452 hora

143 1495 270 1562 «lant,
294 1504 344 1548 et
374 1493 424 1547 in
454 1491 714 1562 gladium,
749 1498 804 1546 et
834 1489 887 1543 in
911 1486 1287 1558 opprobrium.
1313 1485 1702 1552 Quotiescum-
1807 1487 2022 1542 illorum
2047 1487 2246 1557 populo
2269 1487 2588 1551 sociabcris,
2617 1498 2698 1552 ut,
2727 1489 2855 1542 dum
2884 1489 3078 1558 dignas
3112 1491 3214 1544 mei
3242 1491 3408 1560 gladii

147 1605 235 1659 que
259 1600 431 1644 autem
462 1587 846 1656 pteniturrunt
873 1596 931 1636 se
959 1580 1256 1636 recessisse
1286 1595 1315 1632 a
1366 1577 1575 1632 cultura
1609 1576 1703 1632 Dei
1808 1595 1995 1649 lamnas
2026 1581 2360 1651 exceperint,
2395 1581 2512 1650 ipse
2542 1581 2702 1635 simul
2735 1581 2925 1636 ultioni
2959 1583 3258 1652 subjaceas,

142 1682 230 1744 sui,
257 1679 395 1734 dedit
419 1677 499 1734 eis
531 1678 677 1732 Deus
698 1674 825 1731 (εαξιί
865 1675 1121 1728 Virtutem
1169 1669 1486 1726 I‘CSisleﬂdi-
1539 1669 1702 1725 Βοιιῖ·
1734 1677 1780 1735 Β
1878 1675 2031 1731 Tum:
2062 1676 2388 1733 llolol‘ernes
2423 1680 2680 1747 praecepit
2712 1678 2886 1733 servis
2916 1679 3030 1734 suis
3061 1687 3119 1734 ut
3149 1694 3402 1749 compre-

143 1789 232 1843 que
274 1771 630 1827 Cbananamm
684 1782 890 1838 regem,
936 1774 991 1820 et
1039 1763 1382 1828 .lcbusamm,
1415 1770 1470 1817 et
1498 1761 1702 1816 I‘here—

147 1863 700 1930 zmum,etllett:enm,
730 1869 781 1916 et
813 1858 1088 1923 Ilevteum,
1127 1866 1182 1911 et
1206 1850 1586 1909 Atnorrhteum
1609 1895 1624 1919 ,
1650 1861 1706 1908 et

143 1971 314 2013 omnes
332 1964 564 2027 potentes
595 1953 652 2008 in
684 1951 906 2008 Eseben
941 1957 1360 2020 prostraverunt
1380 1991 1395 2015 ,
1426 1957 1481 2004 et
1533 1955 1707 2002 terras

141 2064 347 2116 eorum,
391 2056 442 2103 et
487 2047 745 2102 civitates
789 2057 984 2098 eorum
1039 2041 1142 2111 ipsi
1200 2038 1608 2110 possederunt:
1651 2047 1705 2095 et

143 2141 402 2212 usquedum
464 2155 572 2193 non
611 2142 906 2207 peccarent
955 2130 1006 2187 in
1060 2144 1363 2201 conspectu
1415 2129 1509 2186 Dei
1569 2129 1699 2197 sui,

141 2244 408 2289 erantcum
434 2233 538 2288 illis
567 2232 758 2285 bona:
803 2229 945 2284 Deus
992 2227 1138 2298 enim
1183 2226 1400 2281 illorum
1444 2224 1559 2280 odit
1607 2223 1705 2278 ini-

140 2326 387 2396 quitatem.
416 2323 547 2378 Nam
583 2333 642 2378 et
664 2332 793 2375 ante
816 2319 915 2374 hos
945 2332 1150 2383 annos,
1175 2331 1299 2371 cum
1349 2315 1707 2370 recessissent

142 2420 274 2485 avia,
299 2433 454 2488 quam
486 2417 722 2474 dederat
755 2415 864 2468 illis
894 2412 1143 2477 Deus,ut
1169 2410 1511 2465 ambularent
1541 2409 1592 2462 in
1617 2423 1704 2473 ea,

141 2513 450 2569 exterminati
479 2521 611 2568 sunt
646 2509 848 2580 praeliis
872 2523 901 2562 a
926 2506 1111 2563 multis
1141 2504 1477 2568 nationibus,
1507 2512 1560 2558 et
1588 2503 1706 2574 plu-

143 2607 241 2661 rimi
283 2622 464 2663 eorum
525 2603 730 2674 captivi
802 2599 1018 2655 abducti
1059 2605 1184 2654 sunt
1228 2599 1281 2652 in
1343 2605 1543 2651 terram
1599 2610 1704 2650 non

141 2715 286 2756 suam.
334 2700 512 2771 Nuper
560 2707 748 2752 autem
801 2694 1007 2751 reversi
1069 2691 1135 2746 ad
1196 2689 1483 2746 Dominum
1534 2689 1704 2744 Deum

141 2807 292 2858 suum,
312 2808 372 2848 ex
405 2791 777 2861 dispersione,
805 2801 910 2855 qna
934 2783 1168 2854 dispersi
1203 2782 1451 2848 fuerant,
1485 2780 1705 2835 adunati

141 2897 260 2945 sunt,
287 2896 335 2940 et
361 2883 732 2940 ascenderunt
762 2888 1016 2934 montana
1040 2878 1158 2931 haec
1189 2874 1391 2935 omnia,
1427 2881 1484 2927 et
1507 2875 1703 2927 iterum

140 2973 713 3043 possidentJerusalem
741 3011 757 3035 ,
787 2973 877 3024 ubi
909 2979 1032 3023 sunt
1074 2976 1261 3022 sancta
1302 2980 1511 3019 eorum.
1555 2963 1706 3017 Nune

1812 1767 2114 1822 ltenderent
2138 1767 2362 1835 Acbior,
2390 1778 2444 1824 et
2465 1767 2831 1838 perducerent
2848 1786 2974 1826 eum
2998 1769 3050 1824 in
3075 1771 3400 1849 Bethuliatn,

1811 1868 1866 1913 et
1897 1857 2168 1915 traderent
2207 1875 2328 1914 eum
2359 1860 2414 1914 in
2445 1875 2639 1915 manus
2681 1861 2916 1917 ﬁliorum
2950 1861 3135 1918 Israel.
3173 1864 3236 1918 Et
3262 1867 3405 1920 acci-

1811 1949 2019 2020 pientes
2045 1965 2171 2005 eum
2191 1953 2332 2006 servi
2365 1951 2702 2018 Ilolofernis,
2732 1954 2957 2024 proiecti
2984 1965 3113 2010 sttnt
3145 1970 3240 2025 per
3259 1972 3407 2012 cam-

1813 2043 2014 2115 pestria
2053 2061 2064 2097 :
2117 2045 2213 2100 sed
2257 2059 2381 2100 cum
2428 2046 2955 2116 appropinquassent
2993 2047 3060 2104 ad
3111 2058 3408 2120 montana,

1812 2136 2057 2192 exierunt
2105 2148 2294 2191 contra
2337 2151 2434 2193 eos
2471 2137 2844 2195 fundibularii.
2886 2139 2964 2195 Illi
3006 2150 3186 2196 autem
3225 2140 3406 2197 diver-

1816 2239 1989 2284 tentes
2015 2244 2044 2282 a
2073 2230 2240 2285 latere
2269 2231 2489 2292 montis,
2514 2231 2819 2302 ligaverunt
2839 2230 3043 2287 Achior
3063 2233 3130 2287 ad
3155 2235 3409 2290 arborem

1815 2321 2064 2376 manibus
2095 2331 2149 2378 et
2181 2322 2429 2392 pedibus,
2461 2331 2515 2379 cl
2541 2325 2619 2378 sic
2649 2324 2888 2380 vinctum
2916 2335 2939 2362 ι’
2971 2325 3212 2382 restibus
3242 2327 3408 2384 dilui-

1812 2421 1999 2466 Sernnt
2026 2427 2170 2476 eum,
2198 2420 2253 2466 et
2283 2413 2488 2468 reversi
2517 2423 2646 2467 sunt
2672 2413 2738 2467 ad
2770 2413 3049 2469 dominum
3075 2429 3258 2470 suum.

1884 2505 2054 2562 Porro
2085 2507 2178 2563 lilii
2206 2506 2369 2563 Israel
2401 2507 2796 2564 descendentes
2821 2509 2889 2566 de
2915 2510 3164 2566 Bethulia
3192 2556 3208 2582 ,
3237 2527 3405 2568 vene-

1812 2608 1941 2655 runt
1980 2601 2046 2655 ad
2084 2615 2206 2656 eum
2235 2618 2250 2656 :
2281 2615 2440 2672 quem
2475 2601 2750 2658 solventes
2782 2602 3056 2659 duxerunt
3094 2605 3162 2659 ad
3202 2604 3406 2661 Betltu-

1811 2694 1960 2759 liam,
1995 2702 2157 2764 atque
2184 2694 2236 2749 in
2268 2694 2506 2751 medium
2535 2696 2718 2765 populi
2750 2695 2897 2752 illum
2927 2705 3249 2768 statuentes,
3281 2715 3406 2772 per-

1811 2786 2046 2842 eunctati
2078 2793 2204 2842 sunt
2233 2788 2358 2854 quid
2395 2803 2570 2844 rerum
2600 2798 2767 2852 esset,
2803 2789 2946 2860 quod
2980 2789 3134 2846 illum
3164 2793 3407 2850 vinctum

1812 2877 2018 2949 Assyrii
2058 2878 2424 2948 reliquissent.
2468 2878 2523 2933 In
2553 2879 2744 2934 diebus
2777 2880 2888 2935 illis
2917 2890 3076 2936 erant
3110 2883 3220 2937 illic
3253 2883 3405 2952 prin-

1811 2969 1981 3037 cipes,
2005 2966 2168 3022 Ozias
2191 2967 2332 3022 lilius
2357 2967 2530 3022 Mieha
2554 2968 2621 3024 de
2641 2968 2787 3023 tribu
2810 2969 3060 3037 Simeon,
3086 2980 3141 3026 et
3162 2971 3406 3040 Charmi,

138 3082 268 3138 ergo,
299 3068 364 3122 mi
393 3067 621 3122 domine
646 3106 661 3130 ,
715 3061 977 3135 perqttire
1006 3061 1050 3115 si
1093 3068 1177 3116 e-t
1226 3060 1406 3127 aliqua
1449 3057 1700 3125 iniquitas
1733 3060 1779 3122 Ο
1809 3061 1898 3130 qui
1933 3069 1988 3114 et
2019 3059 2331 3115 Gothonicl.
2369 3057 2425 3114 In
2459 3059 2641 3116 medio
2683 3060 2866 3132 itaque
2895 3061 3210 3127 seniorum,
3256 3072 3312 3119 et
3354 3065 3408 3122 in

137 3176 304 3218 eorum
327 3165 378 3218 in
403 3169 708 3234 conspectu
741 3160 838 3214 Dei
871 3172 1059 3213 eorum
1094 3175 1103 3207 :
1139 3154 1498 3210 ascendamus
1543 3151 1610 3205 ad
1636 3149 1697 3204 il-

140 3253 236 3318 los,
266 3253 496 3324 quoniam
521 3252 757 3311 tradens
784 3250 960 3304 tradet
1006 3248 1136 3303 illos
1169 3248 1310 3303 Deus
1349 3258 1539 3300 eorum
1584 3241 1701 3307 tibi,

141 3353 192 3400 et
213 3346 656 3418 subjogatierunt
687 3343 792 3399 sub
815 3343 947 3413 iugo
978 3338 1235 3411 potentia:
1289 3345 1415 3393 tute.
1467 3335 1522 3391 Si
1573 3348 1706 3390 vero

141 3453 228 3492 non
248 3439 578 3495 estoil’ensio
605 3436 791 3508 populi
819 3433 986 3504 hujus
1010 3446 1196 3488 coram
1249 3430 1356 3486 Deo
1413 3443 1535 3496 suo,
1597 3441 1703 3481 non

141 3532 406 3598 poterimus
435 3530 708 3588 resistere
733 3528 844 3583 illis
871 3545 884 3580 :
909 3525 1164 3596 quoniam
1199 3522 1344 3578 Deus
1374 3536 1562 3576 eorum
1613 3519 1705 3574 de-

139 3621 294 3680 laudet
333 3626 452 3682 illos
492 3645 505 3678 :
563 3634 622 3681 et
668 3622 874 3680 erimus
933 3621 986 3675 in
1033 3617 1384 3690 opprobrium
1440 3615 1704 3670 universae

141 3724 271 3772 teme
280 3758 292 3772 .

1811 3161 2110 3224 conspectu
2137 3152 2397 3218 omnium,
2435 3153 2637 3209 Achior
2666 3154 2804 3209 dixit
2833 3154 3013 3211 Omnia
3044 3170 3164 3226 qua!
3195 3156 3409 3214 locutus

1811 3244 1926 3314 ipse
1961 3244 2133 3299 fuerat
2164 3243 2232 3299 ab
2259 3243 2554 3300 llolofernc
2597 3245 2967 3317 interrogatus
2996 3265 3010 3302 :
3043 3247 3274 3318 qualiter
3305 3263 3409 3318 νοτ

1808 3339 1965 3411 pulus
1989 3338 2297 3395 IIolofernis
2321 3339 2578 3396 voluisset
2599 3349 2827 3411 propter
2853 3339 2956 3397 hoc
2975 3341 3210 3397 verbum
3235 3342 3407 3399 inter-

1807 3435 1971 3489 licere
2001 3449 2146 3500 enni,
2179 3443 2232 3490 ct
2255 3433 2713 3503 quemadmodum
2738 3434 2855 3506 ipse
2880 3434 3206 3492 Ilololernes
3237 3438 3409 3493 iratus

1804 3521 2030 3593 jusserit
2059 3539 2185 3580 eum
2227 3524 2489 3581 Israelitis
2520 3527 2621 3582 hac
2653 3526 2721 3582 de
2745 3540 2907 3582 causa
2940 3526 3074 3582 tradi
3111 3545 3120 3580 :
3152 3538 3242 3594 ut,
3273 3531 3404 3587 dum

1810 3617 1997 3678 vicerit
2037 3616 2182 3674 ﬁlios
2222 3617 2430 3684 Israel,
2474 3629 2600 3676 tunc
2629 3629 2685 3676 et
2730 3620 2904 3691 ipsum
2943 3622 3146 3678 Aehior
3173 3621 3409 3683 diversis

1803 3708 1990 3779 jubeat
2011 3709 2238 3765 interire
2257 3709 2565 3780 suppliciis,
2591 3721 2816 3781 propter
2841 3712 2943 3769 hoc
2971 3713 3113 3783 quod
3138 3715 3407 3772 dixisset:

201 3808 255 3863 Et
279 3808 467 3866 factum
495 3816 596 3866 est
613 3851 629 3878 ,
656 3820 782 3864 eum
812 3810 1084 3862 cessasset
1125 3801 1272 3871 loqui
1295 3797 1518 3871 _Aehior
1541 3795 1706 3854 verba

142 3897 258 3966 haec,
282 3902 394 3958 irati
415 3910 552 3958 sunt
569 3912 782 3957 omnes
803 3906 1086 3968 magnates
1114 3891 1447 3961 Holofernis,
1476 3899 1531 3946 et.
1557 3889 1706 3961 cogi-

141 3989 303 4045 tabam
329 3993 642 4050 interﬁcere
672 4006 831 4053 eum.
879 3990 1126 4047 dicentes
1163 3985 1228 4040 ad
1267 3996 1288 4023 ε
1324 3984 1654 4041 alterutrum
1687 3998 1700 4033 :

137 4081 248 4149 Quis
277 4095 349 4143 est
378 4087 479 4142 iste
502 4127 518 4154 ,
563 4083 660 4156 qui
700 4082 846 4139 ﬁlios
879 4080 1042 4136 Israel
1075 4092 1235 4150 posse
1266 4078 1408 4134 dicat
1447 4080 1706 4133 resistere

137 4177 230 4248 regi
255 4177 778 4247 Nabuchodonosor,
815 4187 868 4234 et
901 4175 1234 4233 exercitibus
1264 4174 1382 4245 ejus
1408 4217 1424 4241 ,
1457 4172 1706 4228 homines

137 4271 356 4342 inermes,
380 4285 434 4331 et
463 4277 598 4331 sine
628 4273 855 4338 virtute,
881 4280 936 4327 et
957 4271 1079 4326 sine
1103 4269 1293 4339 peritia
1319 4267 1456 4322 artis
1476 4264 1705 4336 pugnae?

142 4362 194 4419 lit
215 4381 332 4439 ergo
354 4375 628 4440 agnoscat
655 4365 863 4423 Achior
893 4364 1148 4436 quoniam
1178 4361 1319 4418 fallit
1345 4375 1478 4428 nos,
1509 4374 1703 4416 ascen-

1809 3801 1950 3858 Deus
1976 3801 2100 3858 coeli
2133 3801 2392 3858 defensor
2418 3817 2609 3859 eorum
2639 3815 2744 3860 est.
2778 3803 3023 3876 Cumque
3052 3806 3256 3864 Achior
3283 3810 3406 3864 uni-

1809 3907 1967 3949 versa
1998 3891 2114 3960 haec
2141 3895 2508 3965 exposuisset,
2537 3895 2717 3953 omnis
2739 3896 2976 3969 populus
3005 3899 3205 3958 cecidit
3233 3900 3286 3956 in
3319 3900 3405 3958 fa-

1808 3987 1972 4056 ciem,
1994 3986 2286 4044 adorantes
2304 3987 2620 4057 Dominum,
2644 3997 2700 4047 et
2715 3991 2994 4048 communi
3013 3991 3406 4052 lamentatione

1808 4091 1865 4139 et
1906 4082 2039 4158 ﬁetu
2076 4082 2362 4139 unanimes
2398 4097 2593 4154 preces
2623 4098 2752 4142 suas
2792 4085 3025 4143 Domino
3055 4085 3363 4146 eﬁ'uderunt
3387 4131 3403 4154 ,

1809 4175 2053 4233 dicentes
2098 4194 2110 4229 :
2155 4175 2388 4234 Domine
2425 4177 2566 4234 Deus
2604 4177 2728 4235 eteii
2762 4185 2820 4235 et
2853 4186 3015 4237 terra:
3039 4225 3054 4251 ,
3095 4189 3153 4238 et
3194 4183 3410 4238 intuere

1808 4267 2119 4339 superbiam
2148 4282 2374 4336 eorum,
2419 4277 2474 4324 et
2507 4269 2720 4340 respice
2750 4269 2814 4326 ad
2847 4280 3088 4328 nostram
3125 4271 3404 4328 humilita-

1809 4369 1940 4427 tem,
1965 4359 2234 4416 etfaciem
2258 4369 2574 4416 sanctorum
2603 4371 2814 4418 tuorum
2837 4362 3080 4431 attende,
3101 4371 3156 4420 et
3176 4362 3406 4419 ostende

139 4457 295 4517 damus
336 4463 387 4519 in
423 4472 688 4519 montana
724 4479 740 4516 :
786 4467 844 4516 et
885 4473 1007 4515 cum
1039 4457 1181 4528 capti
1212 4455 1416 4512 fuerint
1462 4465 1710 4527 potentes
1736 4453 1790 4514 Ι)
1813 4454 2069 4526 quoniam
2091 4468 2200 4509 non
2223 4454 2558 4525 derelinquis
2579 4467 2972 4527 praesumentes
2993 4457 3061 4514 de
3084 4465 3166 4514 te:
3190 4464 3241 4512 et
3264 4469 3406 4526 pra:-

141 4563 316 4620 eorum,
357 4570 484 4611 cum
536 4553 752 4611 eisdem
793 4551 977 4624 gladio
1021 4546 1553 4606 transverberabitttr
1590 4565 1603 4602 ;
1652 4556 1709 4602 ut

137 4647 246 4703 sciat
264 4653 437 4706 omnis
461 4663 603 4722 gens
635 4648 745 4719 [ΑΙ.
769 4647 950 4703 sciant
970 4657 1162 4701 omnes
1184 4641 1420 4714 gentes},
1451 4642 1707 4712 quoniam

147 4734 607 4799 Nabuchodonosor
650 4741 788 4796 deus
833 4748 993 4795 terra:
1039 4748 1156 4805 est,
1201 4745 1255 4793 et
1292 4746 1492 4805 pra-ter
1532 4733 1707 4807 ipsum

143 4828 249 4887 alius
277 4850 376 4890 non
400 4845 518 4891 est.

198 4920 709 4996 [Cap.V'l.lFaetum
731 4931 813 4979 est
839 4932 1018 4979 autem
1051 4937 1173 4978 cum
1203 4928 1516 4976 cessassent
1538 4919 1706 4989 loqui,

145 5011 412 5088 indignatus
447 5019 779 5077 Ilolofernes
797 5017 1168 5084 vehementer,
1203 5013 1432 5071 dixitad
1457 5013 1661 5070 Aehior
1694 5032 1707 5067 :

146 5105 368 5170 Quoniam
416 5112 768 5184 prophetasti
811 5109 838 5149 ἀ
884 5110 1040 5166 nobis
1082 5109 1294 5173 dicens,
1347 5107 1496 5178 quod
1541 5121 1710 5176 genus

146 5191 278 5256 Israel
322 5202 648 5260 defendatur
691 5216 722 5256 a
750 5201 864 5258 Deo
885 5216 1007 5268 suo,
1048 5210 1106 5255 ut
1130 5199 1420 5257 ostendam
1450 5197 1549 5254 tibi
1573 5213 1708 5268 quo-

202 5345 222 5372 ·
243 5337 294 5394 In
320 5341 564 5398 Palatino
586 5355 722 5405 ms.,
756 5337 1006 5409 Egressus
1035 5339 1189 5393 etiam
1217 5351 1360 5391 mare
1394 5349 1413 5390 :
1451 5343 1506 5391 et
1551 5349 1701 5400 mox,

146 5419 466 5485 occurrerunt,
496 5429 599 5485 pro
623 5419 1032 5485 occupaverunt.
1205 5481 1218 5485 _
1521 5477 1530 5485 _
1605 5427 1614 5436 '

201 5478 346 5554 ξιξτο
366 5477 531 5551 ειιιιιί,
556 5477 857 5554 praeferunt
891 5482 998 5537 duo
1037 5481 1392 5554 postprihmss.
1445 5477 1654 5532 cultura
1689 5491 1708 5533 :

148 5544 348 5608 Palatia.
369 5544 637 5622 praeterea
665 5553 1000 5623 subsequens
1024 5551 1668 5623 Domini'noinen‘tacet.

205 5629 225 5702 ξ
271 5619 454 5681 (Σθιὶει
502 5625 731 5697 Reginae
758 5666 774 5692 ,
837 5619 1057 5679 dicentes
1117 5621 1253 5678 alter
1306 5620 1377 5675 ad
1439 5619 1719 5688 alterum,

151 5702 247 5757 φης
268 5733 284 5761 .
330 5704 441 5752 etc.

1811 4554 2093 4612 sumentes
2122 4544 2190 4601 de
2216 4557 2302 4613 se,
2332 4554 2386 4600 et
2417 4545 2487 4602 de
2518 4560 2617 4602 sua
2648 4548 2850 4607 virtute
2877 4548 3195 4620 gloriantes,
3225 4547 3406 4604 humi-

1813 4639 1932 4695 lias.
1963 4638 2146 4695 Finito
2174 4637 2356 4710 itaque
2385 4639 2541 4706 ﬁetu,
2571 4649 2626 4697 et
2655 4655 2753 4712 per
2780 4649 2950 4697 totam
2980 4641 3123 4697 diem
3153 4638 3403 4697 oratione

1814 4732 2137 4805 populorum
2168 4731 2438 4804 completa
2461 4776 2476 4803 ,
2508 4733 2774 4790 consolati
2799 4741 2928 4790 sunt
2953 4730 3180 4801 Acbior,
3207 4729 3399 4789 dicen-

1814 4834 1895 4881 tes
1942 4842 1955 4878 :
1997 4825 2143 4881 Deus
2192 4833 2408 4896 patrum
2451 4835 2804 4892 nosuorum,
2845 4823 3000 4894 cujus
3043 4831 3096 4878 tu
3145 4822 3401 4881 virtutem

1812 4915 2150 4989 praedicasti,
2194 4916 2316 4988 ipse
2351 4915 2449 4973 tibi
2480 4915 2620 4972 hanc
2661 4913 2814 4969 dabit
2842 4911 3271 4970 vicissitudinem
3293 4957 3309 4983 ,
3346 4923 3404 4969 ut

1811 5023 1999 5066 eorum
2020 5007 2190 5080 magis
2211 5016 2268 5065 tu
2296 5008 2574 5064 interitum
2595 5003 2806 5062 videas.
2830 5001 2966 5060 Cum
2986 5018 3118 5061 vero
3143 5006 3406 5064 Dominus

1813 5101 1956 5160 Deus
1982 5110 2168 5160 noster
2194 5100 2408 5159 dederit
2440 5098 2583 5154 hanc
2611 5095 2926 5151 libertatem
2953 5098 3128 5158 servis
3158 5101 3305 5168 suis,
3334 5103 3407 5157 sit

1815 5208 1869 5254 et
1900 5208 2076 5255 tecum
2108 5199 2250 5254 Deus
2288 5195 2341 5252 in
2372 5191 2552 5249 medio
2586 5187 2756 5244 nostri
2786 5205 2799 5240 :
2836 5187 2855 5226 ί
2889 5200 2948 5246 ut
2975 5193 3113 5249 sicut
3145 5194 3408 5263 placuerit

1815 5360 1817 5364 -
1882 5328 1910 5370 ά
1948 5331 2232 5390 Inlcrserit
2273 5326 2504 5384 Palatin.
2551 5324 2609 5377 in
2651 5322 2902 5380 voculam
2928 5367 2944 5394 ,
2994 5329 3313 5399 prapltetasti
3350 5332 3406 5385 in

1813 5403 2198 5542 ηΜίηὺιεξηιιιθ
2228 5475 2414 5542 noster
2440 5479 2567 5532 ms.,
2592 5463 2821 5520 vinctum
2851 5468 2915 5521 de
2943 5469 3161 5524 restibus
3189 5468 3406 5527 dimise-

1817 5553 1960 5606 runt,
1994 5543 2082 5598 vel
2111 5539 2444 5595 demiserunt.

1903 5613 1920 5650 τ
1965 5614 2062 5666 llic
2096 5610 2325 5666 Palatia.
2359 5621 2461 5664 ms.
2492 5618 2550 5663 ut
2579 5606 2859 5671 voculam,
2893 5621 3018 5662 mox
3049 5616 3103 5664 et
3139 5609 3410 5668 nobiscum

1826 5677 2213 5756 prmte'rmittit.
