3960 6208
565 210 636 278 17
1584 207 1642 266 S.
1684 194 2067 264 IIIERONYMI
2105 196 2337 258 DlVINA
2375 189 2854 255 BIBLIO'I‘IIECA.
3780 183 3839 243 48

567 337 695 404 tibi,
743 335 819 392 ita
855 346 978 392 eum
1017 331 1125 389 tuis
1163 329 1418 387 omnibus
1457 325 1812 384 conversaris
1853 321 2157 378 nobiscum.
2189 319 2242 379 A
2269 331 2378 373 non
2408 323 2492 370 est
2518 313 2611 385 qui
2640 311 2896 382 adjuvet,
2927 319 3051 363 cum
3080 309 3494 376 prosternamur
3519 304 3650 356 ante
3673 298 3840 356 oculos

568 429 726 484 'I‘unc
753 426 936 494 Ozias,
969 426 1124 480 finito
1154 423 1408 488 consilio,
1441 418 1684 489 suscepit
1715 431 1838 472 eum
1865 415 1918 469 in
1945 411 2166 468 domum

567 539 745 589 suam,
770 531 824 579 et
845 521 970 577 fecit
993 519 1042 576 ei
1068 533 1278 575 cmnam
1305 531 1574 587 magnam.
1599 511 1901 568 Etvoeatis
1917 507 2169 564 omnibus

567 615 922 691 presbyteris,
951 613 1112 670 simul
1133 611 1355 684 expleto
1374 608 1587 680 jejunio
1609 605 1945 663 refecerunt.
1969 601 2167 658 Postea

565 723 699 765 vero
729 713 1064 763 convocatus
1107 713 1190 761 est
1231 703 1410 760 omnis
1451 700 1714 772 populus,
1768 703 1825 752 et
1861 709 1960 766 per
1995 699 2166 748 totam

566 810 787 858 noctem
812 800 952 856 intra
974 796 1266 857 ecclesiam
1289 800 1607 863 oraverunt,
1632 797 1885 864 petentes
1905 784 2167 842 auxilium

569 910 602 950 a
631 893 745 950 Deo
769 892 958 950 Israel.

641 988 796 1063 [ϐαρ.
835 985 974 1059 VlL]
1015 983 1342 1042 llolofernes
1370 988 1550 1038 autem
1577 977 1754 1034 altera
1782 975 1871 1032 die
1911 970 2171 1046 praecepit

566 1080 904 1139 exercitibus
934 1077 1083 1145 suis,
1123 1085 1184 1133 ut
1220 1074 1583 1132 ascenderent
1622 1079 1812 1128 contra
1841 1065 2165 1125 Bethuliam.

566 1174 744 1232 Erant
803 1179 985 1228 autem
1037 1169 1251 1242 pedites
1312 1167 1640 1224 bellatorum
1698 1173 1920 1220 centum
1980 1158 2170 1230 viginti

566 1263 774 1330 millia,
807 1271 862 1318 et
892 1261 1106 1332 equites
1136 1258 1328 1330 viginti
1358 1257 1468 1313 duo
1498 1255 1666 1312 millia
1689 1294 1706 1321 ,
1733 1262 1934 1325 prteter
1958 1263 2167 1322 praepa-

565 1355 812 1414 rationes
838 1354 1082 1409 virorum
1112 1350 1370 1417 illorum,
1415 1363 1554 1420 quos
1584 1352 1958 1418 occupaverat
1995 1343 2168 1413 capti-

564 1447 734 1514 vitas,
779 1451 836 1502 et
877 1442 1097 1500 abducti
1139 1442 1354 1498 fuerant
1394 1440 1464 1496 de
1506 1441 1808 1510 provinciis
1845 1445 1902 1492 et
1938 1435 2168 1491 urbibus

565 1541 840 1598 universa:
857 1538 1182 1609 iuventutis.
1211 1536 1414 1592 Omnes
1435 1543 1767 1606 paraverunt
1789 1546 1850 1587 se
1874 1529 2080 1601 pariter
2100 1527 2168 1583 ad

565 1646 801 1705 pugnam
829 1639 1025 1685 contra
1055 1629 1198 1684 filios
1225 1627 1395 1683 Israel
1423 1671 1437 1696 ,
1479 1635 1536 1682 et
1561 1632 1829 1681 venerunt
1865 1637 1962 1694 per
1994 1621 2170 1692 crepi-

2270 423 2460 464 corum
2488 408 2543 461 in
2574 406 2662 459 siti
2689 412 2746 460 et
2774 400 3080 473 perditione
3107 412 3320 467 magna.
3351 396 3421 452 Et
3463 408 3609 451 nunc
3633 408 3840 465 congre-

2269 513 2392 576 gate
2422 503 2710 557 universos
2735 497 2827 571 qui
2856 497 2913 552 in
2941 495 3165 552 civitate
3196 503 3343 559 sunt,
3372 500 3433 548 ut
3458 501 3655 562 sponte
3685 489 3840 545 trada-

2271 613 2392 653 mus
2419 610 2520 651 nos
2555 608 2745 649 omnes
2783 590 2983 661 populo
3014 586 3352 645 Holofernis.
3383 585 3575 642 Melius
3604 593 3688 641 est
3713 582 3840 640 enim

2269 707 2330 754 ut
2357 695 2557 768 captivi
2597 691 2984 750 benedieamus
3015 687 3308 745 Dominum
3330 727 3345 753 ,
3375 685 3657 747 viventes,
3698 696 3840 754 quam

2269 789 2589 858 moriamur,
2623 795 2681 843 et
2707 785 2882 841 simus
2921 781 3278 854 opprobrium
3323 779 3472 834 omni
3519 775 3704 845 carni,
3734 789 3841 832 cum

2268 882 2570 940 viderimus
2600 892 2804 936 uxores
2833 885 3075 944 nostras,
3107 884 3162 931 et
3188 873 3422 930 infantes
3452 880 3693 938 nostros,
3723 868 3842 926 mori

2270 985 2396 1032 ante
2435 973 2623 1031 oculos
2665 981 2903 1028 nostros.
2950 968 3339 1026 Contestamur
3385 964 3549 1022 hodie
3580 962 3770 1022 etelum
3800 969 3845 1018 et

2270 1079 2507 1134 terram,
2541 1075 2595 1122 et
2623 1065 2797 1120 Deum
2830 1070 3051 1134 patrum
3080 1071 3422 1124 nostrorum,
3455 1058 3548 1129 qui
3588 1056 3845 1114 ulciscitur

2270 1176 2372 1218 nos
2401 1157 2699 1216 secundum
2739 1162 2962 1227 peccata
2991 1162 3212 1218 nostra,
3249 1160 3308 1207 ut
3331 1150 3444 1222 jam
3477 1149 3704 1205 tradatis
3727 1147 3842 1204 civi-

2270 1264 2434 1312 tatem
2463 1255 2517 1310 in
2549 1268 2711 1308 manu
2740 1250 2951 1306 militia:
2976 1246 3320 1311 Holofernis.
3354 1253 3412 1302 et
3439 1244 3509 1300 sit
3538 1242 3658 1299 finis
3680 1249 3845 1298 noster

2271 1347 2455 1403 brevis
2482 1345 2536 1401 in
2565 1357 2661 1400 ore
2690 1341 2876 1414 gladii,
2907 1339 3000 1413 qui
3029 1339 3243 1410 longior
3269 1335 3506 1394 efficitur
3533 1335 3586 1391 in
3616 1333 3844 1390 ariditate

2273 1439 2411 1494 sitis.
2445 1438 2514 1492 Et
2539 1452 2665 1492 eum
2689 1435 2806 1490 hac
2833 1433 3129 1499 dixissent,
3161 1431 3339 1486 factus
3360 1439 3448 1486 est
3477 1429 3639 1484 ﬂetus
3665 1436 3717 1482 et
3743 1424 3846 1481 ulu-

2271 1531 2415 1587 latus
2436 1544 2662 1601 magnus
2689 1530 2741 1584 in
2773 1527 3003 1586 ecclesia
3035 1525 3104 1581 ab
3131 1524 3410 1591 omnibus,
3446 1529 3504 1578 et
3533 1535 3631 1593 per
3657 1518 3843 1575 multas

2273 1625 2434 1682 horas
2481 1641 2586 1680 una
2629 1637 2764 1679 voce
2800 1622 3179 1677 clamaverunt
3217 1617 3284 1673 ad
3325 1616 3532 1681 Deum,
3576 1613 3842 1670 dicentes:

568 1703 756 1781 dinem
787 1721 988 1778 montis
1019 1735 1192 1793 usque
1227 1721 1296 1776 ad
1327 1720 1537 1792 apicem
1568 1760 1584 1786 ,
1626 1718 1716 1790 qui
1749 1715 1971 1788 respicit
2006 1729 2172 1785 super
2198 1703 2249 1766 Β
2275 1716 2625 1775 Peccavimus
2653 1731 2778 1773 cum
2814 1714 3056 1785 patribus
3089 1710 3292 1768 nostris
3319 1751 3333 1776 ,
3383 1709 3584 1780 injuste
3617 1706 3842 1778 egimus,

568 1814 845 1880 Dotbain,
893 1829 926 1868 a
969 1812 1091 1868 loco
1139 1811 1232 1882 qui
1280 1809 1483 1867 dicitur
1530 1817 1556 1846 ⁸
1597 1808 1827 1876 Bolma,
1877 1821 2050 1878 usque
2101 1804 2171 1860 ad

569 1909 840 1966 Cltelmon
870 1908 961 1978 qui
991 1915 1076 1964 est
1097 1916 1290 1962 contra
1316 1904 1612 1960 Esdrelon.

642 1999 769 2057 Filii
808 2008 991 2056 autem
1029 1997 1204 2055 Israel
1235 2006 1295 2054 ut
1334 1997 1588 2054 viderunt
1618 1993 2021 2052 multitudinem
2053 1992 2173 2050 illo-

570 2108 717 2162 rum,
747 2099 1163 2164 prostraverunt
1193 2105 1255 2146 se
1279 2104 1445 2157 super
1469 2097 1697 2154 terram,
1723 2085 1997 2143 mittentes
2025 2085 2172 2142 eine-

570 2200 689 2242 rem
738 2198 906 2255 super
938 2183 1115 2254 capita
1147 2196 1241 2238 sua
1264 2221 1281 2250 ,
1323 2180 1610 2236 unanimes
1641 2188 1902 2245 orantes,
1940 2185 2002 2232 ut
2031 2177 2174 2232 Deus

565 2275 739 2334 Israel
762 2274 1194 2332 misericordiam
1214 2289 1366 2330 suam
1390 2272 1708 2329 ostenderet
1728 2285 1892 2343 super
1913 2269 2172 2341 populum

571 2387 751 2427 suum.
777 2370 844 2426 Et
869 2377 1213 2427 assumentes
1239 2382 1390 2424 arma
1417 2382 1517 2423 sua
1540 2366 1762 2433 bellica,
1794 2365 2056 2421 sederunt
2077 2377 2175 2433 per

577 2463 722 2533 loca,
746 2477 870 2535 qua:
899 2461 968 2518 ad
993 2461 1206 2532 angusti
1236 2460 1450 2516 itineris
1473 2459 1745 2516 tramitem
1768 2458 2010 2529 dirigunt
2031 2456 2176 2512 inter

571 2567 822 2614 montosa
856 2554 966 2628 [Αι.
1015 2553 1365 2625 montuosa],
1400 2563 1456 2610 et
1496 2561 1652 2610 erant
1700 2550 2082 2610 custodientes
2109 2563 2174 2605 ea

575 2657 688 2704 tota
721 2648 810 2703 die
841 2661 907 2703 ac
939 2655 1122 2702 nocte.

647 2740 823 2797 Porro
851 2736 1205 2804 Iloloferues,
1229 2735 1577 2793 dumcircuit
1605 2750 1704 2806 per
1728 2749 1946 2808 gyrum,
1973 2731 2179 2804 reperit

573 2830 720 2904 quod
762 2829 924 2895 fons,
969 2829 1063 2901 qui
1093 2828 1402 2897 inﬂuebat,
1451 2843 1605 2899 aqua:
1641 2827 1866 2883 ductum
1898 2826 2114 2881 illorum
2147 2838 2176 2877 a

575 2933 732 2996 parte
774 2921 1006 2978 australi
1051 2932 1204 2977 extra
1245 2922 1526 2978 civitatem
1569 2918 1876 2990 dirigeret:
1920 2926 1976 2974 et
2015 2915 2178 2973 incidi

573 3018 834 3102 przeeepit
873 3029 1027 3087 aqua:
1078 3015 1298 3071 ductum
1345 3014 1592 3069 illorum.
1637 3013 1809 3068 Erant
1854 3020 2034 3067 tamen
2068 3023 2176 3066 non

2275 1811 2615 1882 iniquitatem
2665 1808 2921 1865 fecimus.
2963 1805 3079 1872 Tu,
3128 1804 3253 1876 quia
3297 1801 3420 1874 pius
3463 1816 3559 1866 es,
3603 1799 3846 1855 miserere

2275 1905 2470 1971 nostri,
2494 1912 2587 1960 aut
2609 1904 2664 1960 in
2687 1912 2780 1959 tuo
2802 1901 3021 1973 ﬂagello
3046 1899 3259 1954 vindica
3288 1897 3604 1968 iniquitates
3626 1902 3842 1958 nostras,

2275 2008 2332 2057 et
2361 1999 2472 2056 noli
2505 1996 2720 2053 tradere
2753 1993 2780 2032 ά
2812 1993 3139 2050 confitentes
3185 2000 3272 2056 te,
3306 1989 3507 2060 populo
3537 1987 3630 2058 qui
3657 1984 3849 2057 ignorat

2275 2103 2351 2163 te,
2382 2104 2443 2150 ut
2470 2109 2577 2150 non
2599 2091 2782 2148 dicant
2808 2090 2951 2146 inter
2971 2095 3165 2160 gentes
3189 2103 3204 2142 :
3238 2082 3341 2141 Ubi
3369 2091 3453 2140 est
3477 2082 3622 2138 Deus
3643 2075 3847 2137 eorum?

2275 2191 2347 2247 Et
2371 2205 2496 2245 cum
2520 2185 2729 2259 fatigati
2759 2184 2843 2239 bis
2871 2181 3226 2244 clamoribus,
3249 2187 3306 2234 et
3327 2177 3412 2232 his
3435 2175 3663 2232 ﬂetibus
3683 2168 3850 2228 lassati

2275 2281 2578 2346 siluissent,
2611 2290 2914 2347 exsurgens
2941 2274 3104 2331 Ozias
3133 2272 3342 2327 infusus
3373 2267 3654 2339 laerymis,
3687 2263 3847 2321 dixit:

2278 2371 2460 2444 Equo
2499 2370 2681 2426 animo
2710 2377 2919 2433 estote,
2967 2367 3200 2434 fratres,
3243 2371 3300 2419 et
3340 2361 3439 2416 hos
3484 2359 3726 2431 quinque
3750 2355 3850 2410 dies

2277 2472 2658 2534 exspectemus
2680 2477 2710 2516 a
2729 2459 2959 2516 Domino
2981 2455 3442 2513 misericordiam.
3461 2452 3714 2509 Forsitan
3731 2449 3856 2506 enim

2280 2557 2706 2629 indignationem
2755 2568 2907 2608 suam
2955 2550 3284 2617 abscindet,
3337 2557 3392 2603 et
3442 2544 3596 2601 dabit
3653 2541 3858 2615 gloriam

2281 2650 2485 2707 nomini
2499 2663 2618 2704 suo.
2639 2646 2696 2703 Si
2715 2657 2892 2701 autem
2912 2643 3195 2700 transactis
3208 2643 3443 2712 quinque
3458 2638 3658 2695 diebus
3671 2652 3772 2692 non
3785 2648 3860 2689 ve-

2281 2743 2424 2798 nerit
2439 2740 2787 2811 adjutorium,
2808 2736 3065 2792 faciemus
3077 2735 3193 2791 hinc
3205 2734 3390 2801 verba,
3404 2746 3524 2804 quae
3546 2729 3713 2787 locuti
3725 2726 3858 2784 estis.

2355 2832 2508 2906 [Cap.
2553 2829 2716 2902 Vlll.]
2771 2831 2835 2887 Et
2885 2830 3086 2886 factum
3132 2837 3249 2897 est,
3295 2842 3416 2883 eum
3469 2825 3716 2881 audisset
3762 2823 3860 2877 ha’c

2283 2928 2448 2984 verba
2472 2923 2665 2982 Judith
2695 2922 2880 2986 vidua,
2910 2938 3031 2993 qua:
3053 2932 3172 2978 erat
3204 2920 3311 2974 filia
3341 2918 3564 2983 Mcrari,
3597 2917 3696 2972 lilii
3728 2913 3862 2978 ldox,

2284 3018 2380 3073 mn
2411 3017 2647 3087 Joseplt,
2693 3013 2792 3069 filii
2837 3013 3016 3082 om,
3051 3012 3147 3067 filii
3187 3011 3342 3080 Elai,
3383 3008 3480 3063 filii
3509 3009 3756 3074 Jamnor,
3783 3002 3864 3059 filii

573 3111 742 3179 louse
777 3095 807 3162 εί
839 3107 1012 3163 muris
1049 3105 1262 3173 fontes.
1308 3120 1377 3160 ex
1407 3104 1602 3175 quibus
1633 3103 1816 3158 furtim
1859 3101 2182 3157 videbamur
2207 3091 2254 3156 C
2287 3110 2552 3176 Gedeon,
2585 3109 2682 3163 mn
2714 3107 3012 3178 Raphaim,
3045 3105 3140 3160 filii
3174 3101 3442 3168 Aeltitob,
3471 3101 3563 3156 filii
3595 3098 3865 3161 Melchire,

577 3198 803 3256 haurire
847 3211 1083 3270 aquam,
1131 3196 1200 3253 ad
1246 3194 1662 3252 refocillandum
1707 3193 1888 3266 potius
1916 3208 2079 3265 quam
2109 3193 2180 3249 ad

579 3289 911 3365 putandum.

652 3383 764 3442 Sed
794 3383 892 3439 lilii
921 3384 1162 3440 Ammon
1188 3389 1246 3438 et
1274 3379 1435 3437 Moab
1462 3386 1815 3437 accesserunt
1841 3377 1906 3433 ad
1930 3375 2182 3434 Holofer-

579 3494 744 3544 nem,
777 3477 1024 3532 dicentes
1059 3491 1072 3530 :
1111 3474 1240 3530 Filii
1278 3473 1477 3543 Israel,
1527 3486 1636 3528 non
1679 3471 1734 3527 in
1768 3472 1952 3527 lancea
1985 3485 2085 3527 nec
2124 3469 2180 3526 in

582 3573 784 3642 sagitta
820 3568 1134 3636 confidunt,
1183 3567 1279 3624 sed
1331 3574 1548 3622 montes
1597 3565 1898 3621 defendunt
1928 3564 2087 3633 illos,
2127 3573 2184 3619 et

580 3662 613 3708 ιι
656 3663 905 3718 muniunt
947 3659 1072 3716 illos
1115 3658 1287 3718 colles
1329 3659 1384 3714 in
1425 3657 1736 3730 pratcipitio
1776 3656 2074 3712 constituti.
2113 3654 2182 3712 Ut

582 3769 715 3826 ergo
744 3752 861 3810 siue
891 3751 1282 3822 congressione
1311 3765 1507 3822 pugna:
1551 3749 1731 3820 possis
1768 3761 2033 3820 superare
2059 3763 2178 3815 eos,

585 3863 730 3920 pone
757 3845 1012 3903 custodes
1038 3845 1287 3911 fontium,
1315 3853 1376 3898 ut
1405 3859 1513 3898 non
1547 3844 1800 3898 hauriant
1831 3853 1852 3882 ε
1887 3857 2080 3914 aquam
2110 3857 2180 3899 ex

583 3941 698 4006 eis,
741 3948 798 3995 et
836 3938 954 3994 sine
983 3936 1162 4008 gladio
1189 3935 1484 3991 interlicies
1513 3949 1639 4001 eos,
1672 3935 1758 3991 vel
1788 3944 1936 3991 certe
1970 3934 2178 4005 fatigati

581 4031 802 4087 tradent
839 4028 1114 4084 civitatem
1158 4041 1311 4082 suun
1336 4068 1350 4094 ,
1381 4041 1545 4098 quam
1588 4036 1780 4097 putant
1808 4027 1863 4084 in
1891 4026 2177 4085 montibus

583 4123 816 4194 positam
847 4119 1095 4192 superari
1139 4135 1248 4175 non
1303 4134 1486 4190 posse.
1533 4118 1602 4174 Et
1643 4121 1973 4191 placuerint
2012 4121 2180 4178 verba

2284 3206 2382 3262 ﬁlii
2410 3206 2585 3270 Euan,
2614 3201 2713 3258 ﬁlii
2741 3201 3042 3270 Natltanizn,
3079 3199 3172 3254 filii
3201 3196 3493 3263 Salathiel,
3517 3194 3613 3250 filii
3636 3193 3865 3257 Simeon,

2285 3298 2382 3352 filii
2415 3295 2608 3351 Ruben
2647 3310 2663 3348 :
2702 3303 2756 3348 et
2781 3291 2864 3348 vir
2893 3294 3014 3362 ejus
3039 3291 3316 3346 Manasses
3340 3330 3355 3357 ,
3402 3288 3493 3358 qui
3523 3293 3776 3342 mortuus
3801 3290 3868 3354 est

2285 3389 2340 3444 in
2381 3387 2575 3444 diebus
2605 3385 2804 3442 messis
2841 3384 3204 3440 hordeaceae:
3254 3379 3494 3437 instabat
3536 3378 3686 3435 enim
3726 3387 3870 3445 super

2285 3482 2570 3552 alligantes
2598 3479 2906 3551 manipulos
2936 3479 2990 3534 in
3023 3492 3243 3547 eampo,
3275 3484 3330 3531 et
3357 3472 3507 3530 venit
3529 3480 3701 3528 aestus
3721 3480 3870 3540 super

2286 3581 2449 3644 caput
2479 3571 2599 3642 ejus
2622 3613 2637 3638 ,
2667 3579 2724 3627 et
2751 3580 3001 3626 mortuus
3032 3577 3116 3626 est
3143 3569 3196 3623 in
3229 3565 3480 3622 Bethulia
3501 3565 3730 3620 civitate
3755 3573 3868 3623 sua,

2285 3677 2342 3722 et
2378 3665 2626 3736 sepultus
2667 3672 2752 3720 est
2789 3664 2902 3719 illic
2944 3678 3067 3719 eum
3099 3659 3344 3733 patribus
3373 3658 3507 3714 suis.
3540 3657 3675 3713 Erat
3703 3662 3870 3711 autem

2285 3759 2472 3816 Judith
2508 3758 2696 3814 relicta
2727 3756 2844 3826 ejus
2872 3755 3035 3811 vidua
3071 3755 3182 3825 jam
3209 3752 3368 3808 annis
3399 3750 3576 3806 tribus
3601 3795 3616 3819 ,
3654 3760 3709 3806 et
3737 3759 3874 3803 men-

2286 3851 2439 3906 sibus
2480 3865 2597 3906 sex.
2635 3849 2707 3904 Et
2746 3848 2799 3903 in
2832 3846 3208 3918 superioribus
3237 3843 3436 3899 domus
3475 3856 3590 3897 sua:
3627 3841 3756 3898 fecit
3782 3835 3872 3893 sibi

2286 3952 2564 4000 secretum
2595 3941 2902 3998 cubiculum
2921 3983 2937 4009 ,
2968 3940 3021 3995 in
3053 3954 3158 4010 quo
3183 3953 3306 3996 cum
3335 3935 3527 4007 puellis
3557 3937 3679 3991 suis
3707 3934 3876 3990 clausa

2288 4039 2625 4104 morabatur,
2665 4044 2722 4092 et
2753 4035 2958 4090 habens
2989 4047 3154 4103 super
3193 4030 3414 4086 lumbos
3443 4043 3575 4086 suos
3607 4027 3875 4088 cilicium,

2283 4130 2571 4202 jejunabat
2599 4127 2853 4184 omnibus
2876 4126 3068 4182 diebus
3093 4124 3220 4180 vitae
3246 4138 3381 4190 sum,
3407 4129 3608 4193 printer
3640 4121 3876 4178 sabbata,

587 4214 705 4269 hzec
728 4227 914 4268 coram
942 4209 1235 4266 IIoloferue
1257 4250 1270 4276 ,
1301 4221 1356 4266 et
1381 4225 1568 4267 coram
1595 4213 1922 4268 satellitibus
1949 4213 2100 4282 ejus,
2129 4222 2171 4268 el

2287 4230 2344 4278 et
2374 4220 2695 4277 neomenias
2720 4226 2774 4273 et
2799 4217 2940 4274 feSta
2967 4217 3164 4272 domus
3186 4214 3369 4270 Israel.
3403 4214 3536 4269 Erat
3558 4223 3749 4269 autem
3777 4211 3880 4266 ele-

583 4305 872 4362 constituit
895 4319 990 4375 per
1010 4318 1198 4375 gyrutn
1223 4304 1571 4360 centenarios
1592 4320 1691 4374 per
1710 4305 1957 4376 singulos
1977 4303 2180 4360 fontes.

583 4398 829 4468 Cumque
851 4396 952 4452 ista
979 4394 1228 4451 custodia
1253 4410 1348 4466 per
1369 4395 1487 4452 dies
1509 4396 1698 4467 viginti
1728 4396 1920 4453 fuisset
1943 4397 2182 4468 expleta,

2288 4313 2435 4384 ganti
2467 4320 2692 4383 aspectu
2722 4308 2883 4365 nimis
2905 4350 2919 4374 ,
2957 4307 3046 4364 cui
3079 4308 3161 4362 vir
3186 4322 3317 4362 suus
3349 4307 3653 4378 reliquerat
3675 4302 3883 4360 divitias

2289 4403 2532 4469 multas,
2588 4411 2642 4457 et
2695 4398 2955 4455 familiam
3011 4400 3334 4470 copiosam,
3386 4413 3451 4453 ac
3501 4397 3881 4468 possessiones

581 4492 904 4549 defecerunt
925 4489 1198 4554 cisternae,
1222 4498 1277 4544 et
1301 4489 1655 4548 collectiones
1678 4505 1962 4560 aquarum,
1991 4491 2171 4547 omni-

2285 4493 2520 4552 armenti
2541 4493 2706 4550 boum
2733 4503 2785 4549 et
2815 4492 3071 4564 gregibus
3094 4491 3274 4546 ovium
3301 4491 3517 4562 plenas.
3545 4491 3615 4544 Et
3634 4498 3753 4545 erat
3776 4487 3888 4542 bare

575 4587 679 4644 lius
723 4581 1093 4659 habitantibus
1129 4580 1432 4637 Bethuliam
1470 4580 1592 4654 [ΑΙ.
1637 4581 2070 4639 inhabitantibus
2113 4583 2169 4638 in

575 4675 872 4748 Bethulia],
901 4675 975 4730 ita
1002 4681 1062 4731 ut
1089 4689 1199 4729 non
1225 4683 1411 4731 essent
1437 4673 1577 4728 intra
1608 4673 1889 4731 civitatem
1913 4675 2058 4731 unde
2081 4691 2172 4732 sa-

574 4770 842 4826 tiarentur
863 4769 949 4825 vel
973 4783 1078 4824 una
1101 4769 1210 4834 die,
1234 4771 1488 4839 quoniam
1511 4765 1579 4822 ad
1603 4781 1915 4824 mensuram
1937 4768 2171 4826 dabatur

575 4860 792 4931 populis
822 4875 959 4931 aqua
990 4859 1254 4931 quotidie.

649 4950 798 5004 Tunc
818 4951 882 5004 ad
905 4951 1090 5007 Oziam
1113 4949 1430 5020 congregati
1453 4963 1644 5006 omnes
1665 4951 1793 5018 viri,
1817 4953 2163 5026 feminteque,

570 5042 802 5112 juvenes
830 5054 886 5098 et
910 5045 1138 5114 parvuli,
1167 5059 1360 5100 omnes
1389 5043 1550 5100 simul
1581 5060 1682 5100 una
1713 5061 1848 5103 voce
1869 5047 2124 5105 dixerunt
2149 5067 2164 5104 :

573 5134 788 5191 Judieet
818 5136 959 5192 Deus
985 5137 1128 5194 inter
1156 5152 1258 5194 nos
1287 5149 1342 5195 et
1370 5147 1423 5194 te
1444 5179 1459 5204 ,
1492 5137 1747 5208 quoniam
1779 5137 1954 5198 fecisti
1982 5141 2035 5196 in
2068 5157 2167 5198 nos

573 5226 736 5295 tnala,
771 5227 965 5284 nolens
991 5225 1138 5300 loqui
1170 5231 1392 5300 paeiﬂce
1419 5245 1541 5285 cum
1573 5229 1837 5302 Assyriis,
1863 5243 1916 5288 et
1939 5244 2167 5304 propter

571 5320 675 5379 hoc
706 5320 954 5379 vendidit
993 5337 1093 5378 uos
1119 5321 1265 5380 Deus
1300 5325 1354 5381 in
1391 5323 1642 5381 manibus
1671 5339 1888 5382 eorum.
1932 5328 2001 5384 Et
2039 5328 2166 5387 ideo

563 5509 590 5555 ς
639 5494 666 5557 ξ·
708 5485 766 5557 In
797 5487 999 5557 nostris
1027 5497 1162 5557 mss,
1187 5492 1244 5540 et
1266 5485 1496 5557 vulgatis
1528 5487 1709 5556 libris,
1735 5487 1919 5544 Belma
1938 5488 2160 5548 dicitur.

639 5553 669 5593 δ
713 5555 932 5638 lieperit
972 5555 1205 5638 Palatin.
1244 5553 1833 5628 ms.,—defendunt'illos
1880 5571 1930 5618 et
1974 5564 2158 5632 colles,

567 5641 669 5696 pro
690 5633 952 5696 muniunt,
985 5633 1097 5682 etc.

641 5706 663 5734 ε
686 5694 833 5774 idem
845 5711 979 5766 ms.,
1018 5693 1263 5753 hauriant
1283 5713 1348 5755 ex
1372 5699 1462 5771 eis,
1489 5699 1606 5759 sine
1636 5702 1954 5764 intermedia
1985 5719 2117 5766 voce
2136 5751 2152 5782 ,

2283 4591 2340 4648 in
2377 4601 2400 4629 ι’
2431 4589 2692 4646 omnibus
2723 4588 3084 4644 famosissima
3109 4629 3124 4655 ,
3156 4585 3412 4657 quoniam
3443 4585 3674 4641 timebat
3709 4581 3890 4640 Domi-

2281 4699 2411 4740 num
2446 4681 2607 4738 valde
2628 4723 2642 4750 ,
2677 4695 2778 4736 nec
2802 4689 2922 4737 erat
2951 4681 3042 4752 qui
3073 4681 3389 4750 loqueretur
3417 4677 3485 4735 de
3525 4677 3620 4734 illa
3653 4676 3879 4735 verbum

2279 4777 2504 4833 malum.

2354 4873 2480 4925 Ilmc
2510 4870 2690 4940 itaque
2728 4883 2850 4924 cum
2884 4867 3154 4939 audisset,
3192 4867 3446 4938 quoniam
3472 4865 3635 4922 Ozias
3681 4862 3893 4938 promi-

2277 4963 2441 5019 sisset
2465 4963 2606 5033 quod
2639 4969 2917 5018 transacto
2944 4963 3135 5032 quinto
3176 4960 3266 5016 die
3301 4959 3536 5016 traderet
3572 4960 3887 5015 civitatem:

2276 5057 2429 5112 misit
2461 5057 2527 5112 ad
2549 5055 2899 5128 presbyteros
2920 5054 3122 5110 Chabri
3153 5063 3208 5111 et
3236 5053 3482 5110 Charmi.
3528 5053 3593 5108 Et
3619 5057 3891 5109 venerunt

2275 5149 2344 5206 ad
2375 5151 2545 5216 illam,
2579 5159 2634 5206 et
2654 5149 2793 5206 dixit
2818 5149 2967 5204 illis:
3000 5147 3142 5220 quod
3170 5157 3250 5203 est
3274 5147 3377 5203 hoc
3409 5147 3662 5214 verbum,
3708 5147 3764 5202 in
3786 5158 3891 5216 quo

2273 5242 2543 5299 censentit
2562 5241 2742 5308 Ozias,
2784 5251 2844 5298 ut
2869 5240 3041 5297 tradat
3073 5241 3353 5297 civitatem
3377 5238 3639 5310 Assyriis,
3672 5239 3721 5294 si
3745 5239 3890 5294 intra

2275 5337 2517 5408 quinque
2545 5335 2664 5393 dies
2706 5349 2811 5391 non
2841 5334 3054 5391 venerit
3082 5332 3241 5390 vobis
3269 5331 3654 5404 adjutoriumi
3702 5332 3775 5388 Et
3803 5329 3891 5402 qui

2349 5508 2415 5548 ιω
2421 5509 2490 5550 nt.

2349 5509 2490 5550 nam.

2279 5509 2376 5602 aqd
2417 5565 2657 5620 Rursum
2685 5562 2828 5620 idem
2861 5577 2991 5626 ms.,
3021 5561 3337 5634 conﬁdentes
3364 5562 3420 5634 in
3452 5571 3519 5618 te.

2353 5645 2377 5672 θ
2418 5635 2536 5690 Dtto
2566 5651 2694 5701 ms.,
2717 5637 2772 5689 in
2802 5651 2861 5689 eo
2891 5635 3128 5707 omnibus
3156 5633 3564 5707 formosissima,
3595 5636 3890 5707 quoniam,

2276 5713 2410 5778 etc.,
2435 5721 2555 5778 quae
2583 5705 2983 5765 contemnenda
3016 5703 3131 5776 ipsa
3159 5703 3376 5776 quoque
3406 5704 3565 5762 lectio
3591 5719 3710 5766 non
3737 5718 3844 5768 est.
3876 5703 3898 5782 ⁷,
