3960 6208
22 5377 80 5952 ξ’*

81 5773 100 5794 ἠ

209 175 279 232 49
845 175 871 178 ”
1654 179 1852 236 LIBER
1889 179 2154 240 JUDITH.
3485 197 3556 255 ΞΟ

216 293 348 350 estis
362 308 497 365 vos,
524 297 632 368 qui
666 299 897 355 tentatis
928 296 1248 354 Dominum?
1276 297 1389 354 Non
1421 306 1505 354 est
1531 298 1631 354 iste
1653 312 1853 365 sermo,
1882 300 1931 359 Α
1961 307 2016 354 et
2047 298 2312 356 Dominus
2337 301 2407 357 sit
2432 308 2606 358 tecum
2639 301 2691 357 in
2722 302 2990 361 ultionem
3039 304 3388 363 inimicorum
3427 323 3553 364 nos.

224 385 317 455 qui
345 388 808 445 misericordiam
837 400 862 426 α
903 399 1188 460 provocet,
1227 390 1322 444 sed
1374 389 1554 459 potius
1593 390 1682 460 qui
1715 390 1849 446 iram

233 479 455 545 excitet,
483 491 540 536 et
569 483 828 538 furorem
876 481 1158 537 accendat.
1194 481 1460 536 Posuistis
1495 497 1591 536 vos
1638 493 1850 551 tempus

239 573 610 630 miserationis
645 575 896 642 Domini,
919 577 1044 631 etin
1075 575 1360 630 arbitrium
1393 585 1666 643 vestrum,
1704 577 1846 632 diem

246 667 596 724 constituistis
641 669 718 724 ei.
767 667 876 723 Sed
914 669 1037 738 quia
1088 668 1299 738 patiens
1349 669 1610 724 Dominus
1647 680 1760 736 est,
1796 671 1845 724 in

247 759 348 815 hoc
369 761 481 830 ipso
503 761 903 832 pceniteamus,
940 769 990 816 et
1033 759 1426 831 indulgentiam
1465 763 1580 831 ejus
1611 764 1744 817 fusis
1769 764 1847 819 la-

251 853 436 923 crymis
458 854 845 920 postulemus:
873 867 978 907 non
1012 852 1160 907 enim
1194 855 1347 922 quasi
1383 853 1568 921 homo,
1593 856 1672 910 sic
1701 856 1845 911 Dcus

247 942 694 1007 comminabitur,
732 959 909 1015 neque
940 943 1082 999 sicut
1111 944 1257 999 ﬁlius
1285 945 1525 1000 hominis
1544 947 1609 1001 ad
1630 948 1846 1003 iracun-

249 1035 384 1090 diam
409 1035 865 1091 inﬂammabitur.
902 1036 965 1091 Et
1003 1036 1126 1092 ideo
1162 1037 1604 1093 humiliemusilli
1634 1041 1842 1096 animas

250 1138 478 1194 nostras,
513 1130 638 1184 etin
663 1129 858 1198 spiritu
887 1130 1170 1186 constituti
1202 1129 1512 1197 humiliato,
1539 1133 1842 1190 servientes

247 1221 346 1288 illi,
374 1222 620 1278 dicamus
648 1224 841 1278 ﬂentes
873 1223 1122 1290 Domino,
1158 1233 1218 1278 ut
1253 1224 1552 1280 secundum
1591 1226 1842 1282 volunta-

242 1323 349 1370 tem
375 1329 535 1369 suam
563 1315 643 1370 sic
679 1315 837 1369 faciat
864 1315 1148 1370 nobiscum
1190 1315 1626 1371 misericordiam
1655 1333 1834 1373 suam:

238 1415 298 1462 ut
338 1407 491 1462 sicut
539 1409 917 1464 conturbatum
951 1417 1036 1463 est
1084 1424 1180 1464 cor
1217 1421 1462 1464 nostrum
1497 1411 1549 1464 in
1583 1412 1836 1480 superbia

236 1513 458 1564 eorum,
509 1499 584 1553 ita
635 1501 793 1554 etiam
836 1500 905 1554 de
949 1512 1134 1554 nOSIra
1174 1501 1478 1557 humilitate
1506 1503 1831 1571 gloriemur:

234 1591 494 1661 quoniam
515 1606 621 1645 non
636 1605 824 1646 sumus
840 1593 1010 1646 secuti
1033 1605 1252 1661 peccata
1270 1602 1481 1662 patrum
1502 1604 1831 1663 nostrorum,

1958 401 2186 448 trorum.
2220 393 2288 448 Et
2313 405 2653 451 revertentes
2677 396 2949 452 abierunt.

2030 483 2179 554 [Cnp.
2207 483 2323 554 lX.]
2350 484 2557 551 Quibus
2579 497 2598 523 τ
2633 486 3072 556 abscedentibus,
3099 487 3282 546 Judith
3308 491 3548 562 ingressa

1953 581 2038 629 est
2059 579 2360 630 oratorium
2394 591 2586 632 suum:
2616 589 2670 632 et
2714 577 2945 634 induens
2999 594 3059 635 se
3105 582 3319 650 cilicio,
3369 584 3549 653 posuit

1951 667 2190 722 cinerem
2206 681 2369 737 super
2387 677 2546 738 caput
2563 684 2720 724 suum
2740 687 2752 723 :
2769 679 2823 724 et
2837 680 3191 740 prosternens
3208 688 3267 729 se
3290 675 3540 744 Domino,

1950 759 2222 813 clamabat
2248 759 2313 813 ad
2341 761 2654 828 Dominum,
2689 763 2906 819 dicens:
2941 765 3169 821 Domine
3203 767 3344 823 Deus
3375 771 3544 840 patris

1948 853 2053 907 mei
2087 852 2333 921 Simeon,
2366 855 2457 924 qui
2483 853 2680 909 dedisti
2713 854 2790 910 illi
2816 856 3053 925 gladium
3083 859 3137 912 in
3164 859 3541 918 defensionem

1945 945 2404 1015 alienigenarum,
2432 948 2526 1018 qui
2569 948 2870 1003 violatores
2915 951 3248 1006 exstiterunt
3297 954 3348 1007 in
3391 955 3542 1008 coin-

1944 1038 2260 1109 quinatione
2285 1054 2402 1107 sua,
2431 1049 2487 1096 et
2514 1041 2924 1096 denudavernnt
2997 1042 3175 1098 femur
3216 1044 3443 1114 virginis
3485 1047 3538 1102 in

1944 1130 2353 1186 confusionem:
2387 1141 2440 1187 et
2457 1133 2660 1188 dedisti
2680 1133 2942 1189 mulieres
2967 1133 3183 1189 illorum
3202 1135 3255 1189 in
3278 1137 3539 1207 prmdam,

1943 1230 1999 1278 et
2020 1223 2160 1278 tilias
2188 1223 2406 1278 illorum
2435 1224 2488 1278 in
2533 1224 2936 1294 captivitatem;
2970 1234 3024 1280 et
3051 1240 3267 1281 omnem
3297 1228 3537 1297 przedam

1943 1312 1996 1367 in
2028 1313 2350 1369 divisionem
2370 1313 2544 1370 servis
2560 1316 2685 1382 tuis,
2704 1316 2792 1386 qui
2811 1317 3133 1371 zelaverunt
3155 1315 3331 1372 zelum
3348 1327 3531 1374 tuum:

1940 1405 2190 1471 subveni,
2223 1422 2406 1474 quzeso
2433 1415 2505 1471 te,
2532 1406 2762 1462 Domine
2789 1409 2929 1464 Deus
2959 1423 3135 1474 meus,
3165 1409 3298 1464 mihi
3329 1410 3528 1467 viduze.

1940 1495 2022 1552 Tu
2055 1498 2200 1553 enim
2221 1498 2393 1553 fecisti
2425 1499 2627 1568 priora,
2663 1508 2718 1554 et
2748 1498 2842 1554 illa
2882 1508 3007 1570 post
3051 1499 3144 1554 illa
3171 1501 3446 1570 cogitasti:
3479 1512 3537 1558 et

1939 1590 2042 1647 hoc
2072 1594 2270 1648 factum
2296 1602 2378 1647 est
2410 1592 2554 1663 quod
2586 1593 2702 1662 ipse
2733 1592 2978 1647 voluisti.
3005 1593 3210 1649 Omnes
3248 1595 3393 1648 enim
3431 1596 3535 1652 via:

229 1684 326 1751 qui
359 1681 778 1752 dereliquerunt
807 1682 975 1738 Deum
1001 1697 1180 1751 suum,
1214 1691 1269 1737 et
1301 1683 1663 1740 adoraverunt
1700 1688 1833 1744 deos
1863 1689 1911 1750 B
1939 1691 2044 1738 tua:
2075 1692 2278 1753 paratae
2313 1692 2461 1750 sunt,
2507 1693 2560 1738 et
2591 1691 2679 1737 tua
2706 1683 2912 1753 judicia
2947 1684 3000 1738 in
3049 1691 3139 1738 tua
3187 1685 3531 1754 providentia

227 1774 475 1840 alienos,
503 1789 598 1845 pro
623 1789 730 1844 quo
759 1775 971 1830 scelere
1001 1775 1108 1828 dati
1143 1785 1269 1829 sunt
1309 1776 1362 1829 in
1406 1777 1666 1846 gladium,
1692 1786 1748 1833 et
1778 1780 1830 1835 in

221 1868 507 1937 rapinam,
535 1878 587 1923 et
609 1868 662 1922 in
685 1867 1062 1924 confusionem
1091 1868 1327 1922 inimicis
1353 1869 1492 1928 suis:
1524 1884 1623 1924 nos
1650 1879 1828 1928 autem

214 1959 466 2015 alterum
500 1961 669 2016 Deum
694 1961 974 2016 nescimus
996 1970 1190 2031 praeter
1213 1961 1412 2031 ipsum:
1448 1975 1828 2032 exspectemus

211 2050 468 2108 humiles
509 2054 942 2109 consolationem
977 2054 1114 2124 ejus,
1157 2061 1212 2108 et
1233 2055 1478 2124 exquiret
1508 2057 1824 2126 sanguinem

207 2153 475 2200 nostrum
499 2145 568 2201 de
589 2146 979 2201 afﬂictionibus
1020 2144 1369 2200 inimicorum
1399 2157 1736 2213 nostrorum,
1771 2159 1826 2204 et

207 2237 536 2294 humiliabit
564 2255 754 2296 omnes
769 2249 986 2310 gentes,
1011 2254 1367 2310 qumcumque
1387 2239 1668 2310 insurgunt
1699 2257 1821 2297 con-

201 2337 293 2384 tra
334 2346 464 2399 nos,
499 2340 555 2387 et
602 2331 766 2387 faciet
813 2331 934 2385 illas
959 2329 1076 2386 sine
1113 2329 1322 2386 honore
1366 2331 1628 2386 Dominus
1673 2333 1819 2389 Deus

193 2434 422 2479 noster.
456 2424 528 2478 Et
559 2439 722 2490 nunc,
751 2423 970 2488 fratres,
997 2423 1255 2493 quoniam
1297 2437 1396 2478 vos
1431 2423 1567 2478 estis
1592 2425 1817 2496 presby-

193 2517 307 2571 teri
339 2518 395 2571 in
433 2517 636 2589 populo
665 2517 786 2582 Dei,
815 2525 869 2572 et
893 2531 960 2571 ex
977 2515 1134 2571 vobis
1152 2515 1351 2586 pendet
1370 2517 1547 2570 anima
1573 2517 1811 2585 illorum,

186 2608 262 2664 ad
294 2611 584 2680 eloquium
606 2621 846 2665 vestrum
871 2610 1033 2666 corda
1056 2625 1244 2666 eorum
1269 2610 1483 2681 erigite,
1519 2620 1575 2665 ut
1601 2626 1810 2666 memo-

184 2714 292 2755 res
325 2701 462 2769 sint,
493 2705 620 2774 quia
653 2700 846 2758 tentati
891 2709 1016 2755 sunt
1049 2711 1232 2771 patres
1265 2702 1458 2766 nostri,
1507 2711 1566 2756 ut
1610 2703 1810 2772 proba-

183 2800 426 2859 rentur,
455 2794 499 2849 si
534 2807 668 2849 vere
694 2793 942 2848 colerent
967 2793 1135 2847 Deum
1179 2807 1356 2847 suum.
1391 2791 1657 2848 Memores
1682 2809 1806 2850 esse

179 2883 430 2953 debent,
456 2887 735 2957 quomodo
763 2895 920 2958 pater
943 2895 1128 2941 noster
1145 2886 1415 2942 Abraham
1439 2896 1678 2942 tentatus
1697 2898 1802 2953 est,

179 2983 244 3028 et
301 2990 405 3044 per
451 2977 648 3032 multas
689 2977 1071 3033 tribulationes
1117 2976 1405 3049 probatus,
1458 2978 1552 3032 Dei
1593 2979 1799 3033 amicus

175 3066 443 3124 effectus
464 3079 560 3125 est.
584 3070 677 3125 Sic
699 3070 873 3138 Isaac,
903 3071 980 3126 sic
1002 3071 1191 3135 Jacob,
1213 3071 1289 3125 sic
1311 3069 1510 3136 Moses,
1538 3080 1589 3126 et
1610 3086 1799 3127 omnes
1826 3062 1872 3126 C
1909 3074 2021 3131 tua,
2053 3072 2111 3121 et
2139 3065 2389 3134 polluere
2417 3063 2833 3119 tabernaculum
2861 3073 2882 3100 ο
2911 3063 3152 3118 nominis
3179 3065 3276 3131 tui,
3308 3075 3362 3119 et
3410 3066 3506 3121 de-

177 3159 297 3229 qui
339 3160 649 3228 placuerunt
676 3162 812 3229 Deo,
847 3177 945 3230 per
972 3163 1170 3217 multas
1209 3161 1592 3216 tribulationes
1623 3171 1798 3218 trans-

181 3251 396 3308 ierunt
439 3254 642 3311 fideles.
690 3256 773 3310 llli
799 3265 1004 3321 autem,
1043 3255 1134 3326 qui
1184 3256 1514 3312 tentationes
1543 3271 1650 3310 non
1678 3272 1797 3312 sus-

184 3357 466 3414 ceperunt
494 3364 616 3403 cum
649 3349 843 3404 timore
871 3348 1111 3414 Domini,
1137 3356 1192 3403 et
1222 3349 1614 3419 impatientiam
1643 3365 1793 3404 suam

185 3448 246 3492 et
297 3438 694 3511 improperium
741 3440 1187 3495 murmurationis
1233 3455 1345 3495 sua:
1393 3449 1584 3495 contra
1615 3442 1795 3498 Domi-

187 3547 334 3590 num
356 3534 717 3603 protulerunt,
738 3534 1083 3589 exterminati
1103 3542 1228 3587 sunt
1248 3532 1315 3587 ab
1340 3535 1790 3610 exterminatore,

193 3635 253 3680 et
276 3641 310 3679 a
343 3624 689 3696 serpentibus
731 3625 1038 3695 perierunt.
1070 3623 1138 3677 Et
1185 3637 1285 3679 nos
1311 3639 1442 3694 ergo
1470 3642 1578 3682 non
1625 3630 1792 3687 ulcis-

193 3732 391 3772 camur
437 3733 534 3774 nos
580 3732 683 3788 pro
731 3718 816 3771 his
856 3732 974 3786 qua:
1031 3718 1291 3787 patimur,
1341 3717 1437 3772 sed
1478 3731 1791 3790 reputantes

198 3814 440 3880 peccatis
467 3813 671 3868 nostris
704 3812 822 3865 hazc
851 3811 967 3879 ipsa
991 3811 1257 3881 supplicia
1283 3813 1495 3871 minora
1523 3834 1670 3890 esse,
1703 3824 1792 3877 lla-

204 3904 353 3972 gella
403 3904 643 3969 Domini,
693 3902 894 3973 quibus
935 3902 1090 3973 quasi
1142 3905 1285 3959 servi
1329 3909 1678 3979 corripimur,
1721 3916 1789 3972 ad

208 3994 657 4060 emendationem,
701 4002 756 4049 et
793 4008 902 4048 non
924 3992 992 4048 ad
1011 3993 1375 4064 perditionem
1396 4010 1635 4058 nostram
1658 4021 1784 4063 eve-

212 4086 352 4144 nisse
376 4089 676 4145 credamus.

276 4181 338 4237 Et
376 4182 631 4258 dixerunt
690 4179 767 4236 illi
817 4181 974 4237 Ozias
1005 4225 1018 4250 ,
1073 4191 1130 4240 et
1187 4184 1493 4258 presbyteri
1534 4205 1548 4243 :
1595 4190 1784 4250 Omnia

220 4265 320 4319 qua:
372 4254 542 4310 locuta
591 4267 700 4318 es,
774 4268 899 4307 vera
953 4264 1117 4318 sunt,
1175 4266 1230 4309 et
1280 4254 1385 4311 non
1432 4270 1516 4314 est
1567 4262 1620 4316 in
1665 4278 1784 4319 ser-

226 4324 442 4379 monibus
516 4325 625 4378 tuis
699 4324 806 4378 ulla
876 4326 1433 4394 rcprehensio.Nunc
1506 4346 1633 4402 ergo
1687 4349 1782 4392 ora

230 4415 302 4470 pro
340 4405 507 4468 nobis,
557 4402 818 4474 quoniam
873 4404 1068 4461 mulier
1116 4415 1302 4461 sancta
1361 4423 1453 4475 es,
1495 4420 1550 4465 et
1583 4413 1778 4473 timens

235 4479 384 4565 Deum.
407 4482 476 4538 Et
503 4482 643 4538 dixit
674 4482 784 4537 illis
809 4481 1027 4537 Judith:
1055 4484 1211 4540 Sicut
1253 4487 1398 4556 quod
1427 4492 1576 4559 p0tui
1607 4494 1776 4565 loqui,

240 4561 303 4648 Dei
323 4581 431 4648 esse
457 4566 825 4648 cognoscitis:
863 4566 937 4620 ita
968 4568 1111 4637 quod
1157 4569 1335 4626 facere
1357 4571 1620 4646 disposui,
1653 4561 1780 4648 pro;

234 4641 327 4699 bate
345 4646 387 4700 si
414 4661 476 4701 ex
511 4646 623 4701 Deo
655 4652 744 4700 est
770 4655 825 4699 et
870 4655 1049 4711 orate,
1097 4655 1157 4701 ut
1197 4648 1409 4704 ﬁrmum
1441 4641 1615 4708 faciat,
1637 4641 1778 4714 Deus

235 4726 473 4780 consilium
505 4740 712 4781 meum.
747 4723 975 4780 Stabitis
996 4741 1096 4780 vos
1119 4727 1184 4781 ad
1218 4741 1426 4800 portam
1463 4745 1622 4790 nocte
1643 4738 1774 4807 ista,

235 4812 277 4858 et
294 4820 376 4878 ego
397 4823 582 4864 exeam
617 4823 742 4862 cum
779 4807 910 4860 abra
939 4821 1088 4861 mea:
1118 4819 1171 4862 et
1222 4819 1396 4877 orate,
1443 4822 1502 4868 ut
1525 4816 1670 4872 sicut
1695 4818 1780 4874 di-

233 4896 381 4962 xistis,
405 4899 455 4953 in
479 4897 677 4953 diebus
701 4896 942 4966 quinque
963 4897 1218 4968 respiciat
1237 4900 1496 4958 Dominus
1517 4909 1776 4976 populum

231 5003 358 5045 suum
396 4991 580 5046 Israel.
624 4988 738 5045 Vos
782 4998 966 5045 autem
996 4992 1125 5047 nolo
1157 5001 1215 5046 ut
1240 4995 1558 5052 scrutemini
1599 5009 1776 5057 actum

227 5098 408 5149 meum,
453 5094 507 5140 et
535 5082 846 5155 usquedum
889 5086 1196 5140 renuntiem
1242 5088 1418 5158 vobis,
1454 5089 1590 5147 nihil
1633 5096 1778 5153 aliud

221 5173 316 5239 fiat,
345 5176 443 5229 nisi
470 5177 645 5231 oratio
673 5192 772 5247 pro
803 5193 890 5234 me
919 5179 986 5232 ad
1009 5180 1292 5235 Dominum
1315 5182 1486 5239 Deum
1507 5198 1774 5246 nostrum.

219 5266 272 5322 Et
295 5266 418 5322 dixit
445 5267 511 5322 ad
530 5283 651 5324 eam
673 5268 832 5326 Ozias
856 5270 1113 5341 princeps
1144 5271 1170 5309 δ
1189 5274 1214 5328 J
1224 5274 1321 5329 uda
1341 5290 1355 5329 :
1377 5273 1525 5332 Vade
1550 5279 1603 5334 in
1621 5295 1775 5352 pace,

270 5441 290 5469 ⁸
315 5429 538 5486 Palatin.
568 5445 698 5495 ms.,
725 5430 813 5499 qui
840 5430 1248 5501 miscricordiam
1269 5435 1536 5501 producet.

269 5502 291 5540 δ
317 5503 365 5556 1η
393 5503 880 5572 εοόεπιηρνίησερε
903 5500 1076 5567 ludar,
1110 5504 1194 5558 hic
1218 5500 1435 5560 dicitur.

267 5585 285 5613 ε
314 5575 419 5628 Duo
444 5587 573 5637 ms.,
599 5571 794 5636 Quibus
824 5575 1232 5641 ascendentibus,
1256 5586 1360 5631 etc.

265 5646 283 5684 ά
313 5645 504 5714 Verba,
537 5651 582 5698 et
600 5643 654 5698 in
674 5643 852 5715 scutis,
881 5646 934 5701 in
962 5645 1109 5703 nullo
1132 5663 1164 5703 c
1194 5649 1399 5707 nostris
1422 5665 1552 5709 mss.
1587 5662 1730 5711 sunt.

1936 1775 2185 1846 posuisti.
2209 1775 2438 1844 Respice
2467 1787 2647 1831 castra
2671 1777 3021 1847 Assyriorum
3043 1791 3206 1846 nunc,
3232 1777 3374 1833 sicut
3402 1787 3531 1837 tunc

1932 1875 2111 1922 castra
2138 1866 2522 1938 Egyptiorum
2549 1867 2742 1922 videre
2771 1867 3026 1937 dignatus
3057 1883 3138 1934 es,
3171 1869 3388 1938 quando
3409 1880 3534 1940 post

1928 1974 2119 2015 servos
2149 1967 2270 2013 tuos
2299 1959 2490 2013 armati
2519 1960 2830 2025 currebant,
2852 1958 3190 2014 confidentes
3213 1960 3266 2015 in
3298 1963 3526 2032 quadri-

1927 2051 2030 2122 gis,
2055 2059 2110 2106 et
2141 2051 2191 2104 in
2210 2051 2454 2121 equitatu
2474 2066 2595 2118 suo,
2630 2061 2683 2106 et
2708 2051 2761 2105 in
2788 2051 3143 2108 multitudine
3169 2051 3523 2111 bellatorum.

1927 2145 2037 2202 Sed
2067 2145 2323 2216 aspexisti
2346 2162 2512 2218 super
2533 2157 2709 2202 castra
2741 2161 2953 2215 eorum,
2982 2158 3037 2203 ct
3064 2149 3305 2204 tenebrae
3332 2149 3524 2220 fatiga-

1924 2245 2122 2293 verunt
2147 2252 2264 2293 eos.
2306 2237 2502 2293 Tenuit
2535 2238 2701 2308 pedes
2740 2253 2931 2294 eorum
2977 2241 3232 2311 abyssus,
3282 2250 3336 2296 et
3364 2256 3520 2312 aquae

1923 2338 2265 2397 operuerunt
2300 2343 2416 2383 eos.
2445 2328 2537 2384 Sic
2561 2331 2693 2383 fiant
2730 2337 2786 2384 et
2817 2331 2930 2396 isti,
2968 2330 3220 2396 Domine,
3265 2333 3357 2402 qui
3388 2347 3520 2386 con-

1921 2420 2094 2475 ﬁdunt
2117 2419 2172 2474 in
2206 2420 2550 2476 multitudine
2581 2423 2713 2486 sua,
2744 2431 2798 2476 ct
2837 2424 2890 2476 in
2931 2424 3186 2478 curribus
3216 2425 3350 2488 suis,
3376 2434 3431 2479 et
3461 2426 3514 2481 in

1918 2512 2117 2577 contis,
2144 2511 2170 2549 ἀ
2196 2522 2252 2569 et
2283 2514 2335 2568 in
2360 2515 2550 2578 scutis,
2578 2523 2632 2569 et
2660 2514 2712 2568 in
2740 2515 2951 2583 sagittis
2984 2513 3122 2584 suis,
3147 2524 3204 2570 et
3232 2515 3285 2570 in
3311 2516 3514 2574 lanceis

1913 2605 2242 2676 gloriantur,
2269 2614 2324 2660 et
2352 2605 2621 2670 nesciunt,
2651 2604 2773 2674 quia
2804 2613 2860 2660 tu
2893 2605 3009 2674 ipse
3031 2619 3090 2660 es
3117 2604 3259 2661 Deus
3290 2615 3498 2672 noster,

1912 2697 2004 2768 qui
2035 2696 2277 2752 conteris
2302 2697 2445 2753 bella
2474 2697 2540 2751 ab
2572 2696 2750 2762 initio,
2781 2704 2837 2752 et
2873 2696 3136 2752 Dominus
3188 2712 3384 2753 nomen
3415 2707 3498 2756 est

1911 2789 2028 2845 tibi.
2062 2791 2222 2860 Erige
2250 2790 2536 2846 brachium
2566 2799 2716 2843 tuum
2752 2789 2899 2844 sicut
2944 2790 3013 2845 ab
3053 2791 3228 2855 initio,
3257 2799 3310 2846 et
3341 2792 3506 2848 allide

1908 2881 2167 2936 virtutem
2194 2883 2413 2935 illorum
2450 2882 2503 2934 in
2533 2882 2731 2935 virtute
2765 2890 2885 2936 tua:
2915 2879 3074 2934 cadat
3102 2882 3276 2935 virtus
3311 2897 3505 2938 eorum

1906 2974 1960 3030 in
1992 2974 2274 3029 iracundia
2303 2983 2418 3039 tua,
2462 2973 2554 3043 qui
2586 2972 2913 3042 promittunt
2951 2985 3011 3027 se
3057 2971 3266 3027 violare
3312 2983 3502 3028 sancta

1899 3159 2071 3228 jicere
2101 3157 2282 3228 gladio
2313 3171 2413 3212 suo
2441 3171 2613 3212 cornu
2636 3156 2825 3210 altaris
2862 3157 2960 3211 tui.
2994 3155 3124 3224 Fac,
3157 3157 3404 3225 Domine,
3439 3166 3500 3215 ut

1901 3253 2084 3324 gladio
2128 3251 2346 3323 proprio
2379 3251 2500 3322 ejus
2535 3251 2792 3321 superbia
2844 3260 3190 3322 amputetur:
3249 3253 3499 3323 capiatur

1900 3347 2094 3417 laqueo
2120 3344 2403 3400 oculorum
2433 3359 2655 3399 suorum
2685 3345 2738 3398 in
2762 3359 2871 3409 me,
2895 3353 2950 3399 et
2978 3345 3251 3415 percuties
3273 3361 3396 3401 eum
3427 3362 3496 3404 ex

1898 3439 2057 3494 labiis
2077 3438 2358 3493 charitatis
2376 3453 2529 3493 mem.
2560 3439 2634 3492 Da
2652 3437 2783 3492 mihi
2814 3436 2868 3492 in
2890 3438 3073 3493 animo
3103 3441 3493 3510 constantiam,

1904 3542 1962 3590 ut
1983 3542 2329 3588 contemnam
2363 3530 2546 3596 illum;
2575 3539 2630 3586 et
2657 3531 3016 3595 virtutem,ut
3047 3541 3287 3588 evertam
3314 3535 3490 3590 illum.

1897 3625 2020 3681 Erit
2049 3624 2194 3678 enim
2228 3622 2331 3677 hoc
2357 3622 2678 3677 memoriale
2725 3621 2962 3678 nominis
3001 3623 3100 3691 tui,
3141 3639 3262 3680 cum
3295 3643 3491 3687 manus

1896 3716 2112 3774 femina:
2136 3715 2400 3785 deiecerit
2429 3728 2574 3770 eum.
2605 3712 2723 3768 Non
2750 3714 2894 3768 enim
2937 3715 2989 3768 in
3035 3716 3383 3775 multitudine
3407 3729 3493 3777 est

1894 3812 2067 3865 virtus
2095 3817 2207 3874 tua,
2246 3807 2500 3872 Domine,
2533 3820 2711 3876 neque
2754 3807 2806 3860 in
2855 3821 3124 3876 equorum
3153 3809 3360 3866 viribus
3391 3829 3490 3867 vo-

1892 3901 2072 3958 luntas
2107 3908 2195 3956 tua
2217 3910 2324 3968 est,
2356 3914 2459 3956 nec
2489 3898 2800 3968 superbiab
2830 3897 2986 3953 initio
3009 3899 3335 3968 placuerunt
3361 3905 3482 3961 tibi:

1891 3995 1987 4053 sed
2027 3993 2312 4049 humilium
2341 4002 2396 4048 et
2424 4001 2833 4047 mansuetorum
2873 4005 3094 4063 semper
3134 3993 3228 4049 tibi
3271 3997 3481 4066 placuit

1890 4087 2231 4157 deprecatio.
2286 4084 2430 4140 Deus
2469 4083 2774 4152 caelorum,
2815 4093 3031 4140 creator
3074 4101 3336 4157 aquarum
3363 4129 3380 4156 ,
3427 4098 3485 4148 et

1889 4177 2153 4232 Dominus
2182 4176 2348 4232 totius
2391 4184 2680 4242 creaturae,
2726 4176 2923 4232 exaudi
2964 4191 3052 4233 me
3102 4179 3358 4234 miseram
3386 4179 3482 4234 dc-

1889 4279 2238 4342 precantem,
2283 4279 2339 4325 et
2377 4270 2446 4326 de
2483 4278 2572 4325 tua
2617 4269 2994 4326 misericordia
3037 4281 3476 4341 prtesumentem.

1888 4364 2180 4428 Memento,
2205 4361 2458 4428 Domine,
2493 4363 2807 4418 testamenti
2837 4363 2935 4429 tui,
2965 4372 3019 4418 et
3049 4362 3117 4418 da
3163 4363 3386 4418 verbum
3419 4363 3472 4418 in

1808 4443 1860 4502 Π
1885 4470 1982 4511 ore
2008 4470 2158 4522 meo,
2191 4462 2246 4510 ct
2274 4454 2330 4509 in
2359 4454 2524 4510 corde
2567 4469 2692 4510 meo
2735 4456 3025 4510 consilium
3065 4456 3385 4521 corrobora,
3414 4466 3478 4512 ut

1883 4546 2080 4603 domus
2107 4555 2196 4601 tua
2222 4546 2276 4602 in
2305 4546 2739 4602 sanctiﬁcatione
2767 4557 2857 4602 tua
2885 4557 3240 4617 permaneat:
3264 4556 3318 4601 et
3347 4561 3466 4601 om-

1883 4654 1983 4695 nes
2010 4648 2202 4711 gentes
2227 4649 2546 4710 agnoscant,
2569 4639 2696 4710 quia
2722 4647 2777 4696 tu
2820 4655 2878 4696 es
2908 4639 3076 4707 Deus,
3113 4648 3170 4694 et
3207 4653 3314 4694 non
3361 4648 3446 4695 est

1880 4731 2017 4787 alius
2041 4741 2240 4802 praeter
2268 4740 2339 4786 te.

1955 4825 2108 4898 [Cap.
2145 4824 2242 4897 X.]
2275 4825 2500 4882 Factum
2532 4835 2617 4884 est
2645 4834 2852 4891 autem,
2895 4839 3017 4879 cum
3049 4833 3324 4882 cessasset
3367 4826 3472 4882 cla-

1886 4932 2038 4972 mare
2058 4917 2126 4972 ad
2151 4917 2457 4985 Dominum,
2491 4917 2727 4973 surrexit
2755 4917 2823 4970 de
2856 4915 2978 4969 loco
3008 4915 3062 4968 in
3090 4930 3196 4985 quo
3223 4916 3473 4986 jacuerat

1884 5016 2158 5077 prostrata
2189 5008 2255 5064 ad
2284 5008 2593 5064 Dominum.
2626 5005 2961 5074 Vocavitque
2991 5005 3178 5061 abram
3208 5023 3382 5079 suam,
3418 5022 3474 5068 et

1882 5099 2222 5156 descendens
2251 5101 2304 5154 in
2335 5100 2552 5154 domum
2585 5113 2760 5160 suam,
2796 5096 3018 5153 abstulit
3049 5114 3078 5154 a
3108 5115 3168 5158 se
3198 5103 3435 5159 cilicium
3455 5146 3470 5171 ,

1883 5201 1939 5250 et
1969 5195 2116 5249 exuit
2137 5209 2198 5250 se
2227 5192 2569 5249 vestimentis
2612 5189 2891 5244 viduitatis
2923 5205 3061 5261 suae,
3093 5205 3149 5250 et
3178 5196 3308 5250 lavit
3347 5211 3472 5251 cor-

1886 5302 1985 5358 pus
2013 5304 2194 5354 sunm,
2227 5297 2279 5341 et
2310 5286 2464 5339 unxit
2492 5299 2550 5340 se
2583 5282 2603 5320 ί
2636 5297 2793 5354 myro
2829 5286 3058 5356 optimo,
3103 5299 3159 5345 et
3196 5289 3468 5345 discrimi-

1969 5455 1992 5516 ‘_’
2023 5444 2194 5516 Palat.
2213 5457 2340 5516 ms.,
2356 5441 2740 5516 tabernaculum
2760 5444 2969 5499 honoris
2993 5449 3086 5512 tui,
3110 5445 3468 5516 profnominis.

1972 5513 1990 5550 ί
2027 5514 2198 5568 Unum
2231 5513 2332 5564 hoc
2362 5521 2443 5583 est
2475 5512 2542 5568 iis
2586 5515 2786 5576 verbis,
2815 5530 2933 5583 quae
2963 5533 3087 5571 cum
3111 5512 3315 5573 ΕΙ·ίῆοω
3353 5521 3466 5572 ori-

1891 5583 2032 5655 ginis
2059 5586 2184 5647 sint,
2209 5583 2396 5636 doctos
2418 5582 2665 5640 homines
2683 5585 2734 5637 in
2761 5582 2878 5638 eam
2902 5588 3266 5655 suspicionem
3291 5588 3460 5641 addu-

1891 5664 2104 5724 xerunt,
2137 5663 2193 5713 ut
2222 5655 2459 5726 putarint
2481 5655 2798 5714 Versionetn
2818 5656 2975 5712 istam
3000 5655 3387 5728 Latinam,non
3401 5671 3467 5710 ex
