3960 6208
555 259 621 315 Μ
1563 256 1623 311 S.
1667 253 2047 310 lliEliONYlll
2091 253 2154 309 Dl

2276 255 2319 311 Α
2360 251 2832 309 Βιθιιυτιιεω.
3197 248 3203 258 “
3776 255 3833 322 iri

559 377 713 438 navit
739 378 947 434 crinem
979 375 1172 448 capitis
1197 373 1305 441 sui,
1339 381 1393 429 et
1436 372 1700 442 imposuit
1739 373 1953 426 mitram
1999 384 2164 438 super
2191 373 2240 433 Α
2267 381 2352 426 est
2404 372 2456 427 in
2484 373 2599 428 suis
2627 371 2808 428 oculis
2837 368 3187 434 Hololernes.
3241 370 3617 441 Dixeruntque
3640 370 3705 427 ad
3727 386 3834 432 eum

557 483 726 545 caput
765 489 926 530 suum
980 482 1036 528 et
1077 470 1251 526 induit
1305 484 1367 524 se
1408 467 1750 524 vestimentis
1796 466 2160 542 iucunditatis

557 582 696 636 suae,
733 565 1015 635 induitque
1040 561 1286 618 sandalia
1327 559 1559 631 pedibus
1586 561 1724 626 suis;
1758 560 2160 628 assumpsitque

557 657 901 723 dextraliola,
949 665 1006 712 et
1028 665 1054 693 δι
1084 655 1217 723 lilia,
1245 662 1304 710 et
1323 653 1564 723 inaures,
1583 663 1641 709 et
1669 652 1920 716 annulus,
1964 661 2020 707 et
2041 667 2162 706 om—

558 751 719 809 nibus
738 749 1074 808 ornamentis
1096 750 1212 808 suis
1240 748 1460 806 ornavit
1486 763 1566 804 se.
1585 744 1683 804 Cui
1707 747 1872 802 etiam
1897 745 2163 802 Dominus

560 845 792 902 contulit
814 842 1187 916 splendorem,
1214 841 1473 914 quoniam
1499 840 1675 896 omnis
1691 840 1793 894 ista
1814 837 2160 908 compositio,

558 951 670 994 non
697 951 765 993 ex
789 934 1041 1003 libidine,
1065 932 1162 992 sed
1180 948 1250 991 ex
1269 932 1470 990 virtute
1497 931 1796 1003 pendebat:
1821 939 1880 987 et
1908 928 2031 986 ideo
2057 929 2167 986 Do-

561 1027 745 1090 minus
771 1025 959 1083 haneb
989 1026 1045 1082 in
1081 1025 1229 1083 illam
1261 1025 1720 1098 pulchritudinem
1762 1023 2061 1094 ampliavit,
2104 1030 2165 1077 ut

564 1119 980 1194 incomparabili
1037 1119 1237 1176 decore
1262 1119 1502 1176 omnium
1519 1117 1691 1174 oculis
1705 1120 2036 1188 apparerent
2059 1115 2166 1172 lm-

561 1212 745 1284 posuit
775 1211 957 1281 itaque
986 1209 1134 1266 abrze
1159 1225 1274 1266 sum
1311 1224 1630 1281 ascoperam
1656 1208 1792 1276 vini,
1822 1215 1880 1264 et
1903 1221 1999 1263 vas
2018 1207 2159 1273 olei,

558 1315 617 1361 et
660 1305 961 1376 polentam,
996 1311 1054 1361 ct
1092 1303 1362 1375 palatbas,
1390 1313 1445 1360 et
1486 1317 1677 1374 panes,
1725 1310 1780 1358 et
1819 1314 2064 1368 caseum,
2107 1309 2166 1358 et

559 1402 805 1476 profecta
830 1411 938 1460 est.

628 1496 874 1570 Cumque
903 1496 1182 1552 venissent
1201 1493 1270 1550 ad
1299 1503 1517 1566 portam
1547 1491 1809 1556 civitatis,
1837 1493 2168 1547 invenerunt

559 1597 968 1665 exspectantem
988 1587 1174 1643 Oziam
1196 1596 1252 1642 et
1270 1585 1622 1656 presbyteros
1640 1583 1896 1640 civitatis.
1919 1582 2166 1649 Quicum

562 1678 827 1738 vidissent
850 1694 994 1745 cam,
1018 1686 1307 1749 stupentes
1349 1676 1529 1734 mirati
1557 1686 1683 1732 sunt
1725 1675 1888 1732 nimis
1920 1674 2165 1746 pulchri-

2265 463 2528 520 satellites
2549 464 2698 534 ejus:
2724 462 2860 529 Quis
2869 470 3185 518 contemnat
3201 462 3462 532 populum
3482 462 3832 532 Hebraeorum,

2264 553 2356 622 qui
2385 563 2495 607 tam
2521 553 2758 608 decoras
2781 552 3044 608 mulieres
3066 551 3254 617 habet,
3287 561 3344 606 ut
3369 568 3483 608 non
3513 567 3611 623 pro
3636 551 3718 610 his
3740 567 3838 612 Ine-

2264 645 2371 700 rito
2397 659 2642 716 pugnam
2657 653 2852 700 contra
2883 658 2982 699 eos
3005 644 3340 700 debeamus?

2339 735 2544 791 Videas
2592 734 2774 806 itaque
2831 734 3016 790 Juditlr
3075 733 3431 791 Holofernem
3479 736 3752 794 sedentem
3791 738 3834 794 itt

2265 842 2536 898 conopeo,
2561 827 2706 898 quod
2732 837 2933 884 eratex
2950 842 3208 896 purpura,
3237 837 3462 894 etauro,
3481 839 3535 883 et
3547 829 3833 901 smaragdo,

2265 929 2321 975 et
2346 920 2612 990 lapidibus
2641 920 2896 990 pretiosis
2915 922 3185 974 interitum
3227 936 3244 974 :
3315 929 3371 974 et
3396 934 3519 974 cum
3563 921 3616 975 in
3661 921 3829 977 [adem

2260 1012 2381 1082 ejus
2409 1008 2760 1077 intendisset,
2789 1009 3030 1065 adoravit
3059 1024 3206 1077 eum,
3236 1018 3583 1078 prosternens
3606 1024 3667 1066 se
3693 1025 3834 1082 super

2265 1110 2494 1158 terram.
2519 1100 2588 1157 Et
2605 1100 2957 1158 elevaverunt
2976 1115 3096 1156 eam
3118 1100 3262 1156 servi
3288 1100 3622 1169 llolofernis,
3633 1101 3835 1172 jubente

2265 1195 2493 1252 domino
2524 1209 2646 1252 suo.

2338 1283 2492 1358 [ϐαρ.
2525 1282 2641 1355 XL]
2669 1285 2818 1340 Tunc
2842 1283 3162 1342 lloloferues
3181 1284 3318 1342 dixit
3344 1287 3396 1343 ei
3425 1305 3443 1343 :
3473 1286 3653 1359 Equo
3671 1289 3834 1346 animo

2266 1386 2431 1446 esto,
2459 1386 2516 1433 et
2546 1377 2658 1432 noli
2709 1392 2912 1448 pavere
2959 1378 3015 1433 in
3063 1378 3232 1436 corde
3291 1390 3384 1436 tuo
3429 1383 3724 1453 :quoniam
3751 1399 3837 1454 ego

2266 1487 2567 1542 numquam
2593 1473 2750 1528 nocui
2781 1470 2807 1510 ά
2833 1474 2973 1540 viro,
3005 1476 3098 1543 qui
3129 1475 3299 1531 voluit
3338 1477 3548 1533 servire
3577 1477 3836 1534 Nabucho-

2267 1563 2508 1625 donosor
2554 1564 2688 1633 regi.
2736 1565 2975 1635 Populus
3005 1575 3186 1622 autem
3217 1576 3366 1634 tuus,
3397 1567 3442 1622 si
3475 1583 3585 1624 non
3613 1578 3838 1628 eontem-

2267 1656 2476 1726 psisset
2493 1671 2603 1722 me,
2632 1672 2739 1711 uo
2763 1657 3027 1713 levassem
3051 1657 3297 1714 lanceam
3315 1673 3498 1716 meam
3521 1676 3682 1730 super
3701 1677 3833 1719 eunt.

563 1771 804 1828 tudinem
833 1772 971 1841 ejus.
995 1769 1139 1826 Nihil
1172 1779 1355 1826 tamen
1400 1770 1800 1841 interrogantes
1825 1783 1966 1837 eam,
2001 1768 2160 1825 dimi-

2276 1749 2420 1806 Nunc
2460 1759 2646 1806 autem
2693 1750 2780 1806 dic
2829 1753 2986 1817 mihi,
3030 1769 3133 1823 qua
3182 1769 3248 1809 ex
3286 1769 3457 1812 causa
3486 1757 3751 1816 recessisti
3775 1758 3839 1813 ab

563 1870 756 1920 serunt
783 1862 1042 1929 transire,
1068 1862 1349 1919 dicentes:
1393 1862 1535 1918 Deus
1582 1859 1799 1932 patrum
1845 1869 2162 1917 nostrorum

565 1956 659 2013 det
688 1957 782 2014 tibi
821 1955 1073 2028 gratiam,
1106 1964 1163 2012 et
1190 1970 1354 2012 omne
1388 1954 1676 2011 consilium
1725 1951 1801 2008 tui
1835 1951 2020 2008 cordis
2063 1966 2162 2008 sua

563 2051 768 2108 virtute
795 2049 1137 2117 corroboret,
1164 2057 1222 2103 ut
1246 2047 1510 2120 glorietur
1538 2061 1705 2116 super
1738 2053 1791 2100 te
1818 2044 2125 2101 Jerusalem
2145 2086 2160 2112 ,

564 2152 622 2199 et
642 2143 713 2200 sit
739 2159 938 2199 nomen
959 2155 1111 2198 tuum
1135 2143 1186 2196 in
1211 2155 1441 2197 numero
1468 2151 1779 2197 sanctorum
1801 2149 1853 2194 et
1869 2138 2160 2208 justorum.

565 2235 635 2291 Et
657 2235 915 2290 dixerunt
945 2234 996 2289 hi
1018 2234 1110 2306 qui
1141 2233 1253 2288 illic
1276 2240 1434 2288 erant
1459 2244 1652 2286 omnes
1684 2244 1790 2284 una
1813 2243 1981 2285 voce:
2015 2227 2166 2297 Fiat,

565 2328 681 2384 ﬁat.
733 2327 919 2384 Juditlt
967 2342 1096 2383 vero
1143 2341 1307 2382 orans
1345 2323 1634 2382 Dominum
1660 2365 1677 2393 ,
1719 2321 1970 2380 transivit
2003 2333 2026 2361 ο
2067 2335 2165 2394 per

563 2409 751 2494 partas
776 2431 830 2476 ct
854 2421 966 2491 ipsa
998 2429 1054 2477 et
1082 2421 1213 2475 abra
1240 2420 1381 2488 ejus.

637 2514 860 2570 Factum
879 2522 964 2570 est
977 2520 1183 2579 autem,
1201 2526 1326 2567 cum
1358 2509 1713 2567 descenderet
1727 2515 1992 2575 montem,
2020 2506 2167 2565 circa

567 2617 750 2663 ortum
777 2607 910 2672 diei,
929 2614 1288 2662 occurrerunt
1316 2605 1364 2659 ei
1396 2604 1768 2673 exploratorcs
1791 2603 2162 2672 Assyriorum,

567 2710 625 2755 et
648 2705 945 2754 tenuerunt
973 2711 1118 2765 eam,
1167 2694 1450 2751 dicentes:
1507 2693 1666 2748 llnde
1704 2690 1903 2747 venis?
1942 2700 2035 2746 aut
2060 2705 2169 2762 quo

567 2789 762 2846 vadis?
789 2788 924 2856 Quae
959 2786 1266 2859 respondit:
1288 2784 1426 2840 Filia
1453 2800 1573 2840 sum
1627 2783 2010 2846 Hebraeorum.
2045 2781 2170 2838 ideo

568 2896 674 2953 ego
718 2879 884 2950 fugin
929 2877 1069 2935 facie
1104 2893 1315 2945 eorum,
1358 2877 1618 2947 quoniam
1661 2873 1902 2931 futurum
1948 2876 2166 2946 agnovi,

571 2972 720 3045 quod
747 2971 948 3029 dentur
989 2971 1146 3026 vobis
1176 2971 1231 3026 in
1261 2968 1750 3040 deprzedationem,
1790 2983 1888 3038 pro
1921 2981 1987 3024 eo
2025 2964 2171 3038 quod

566 3075 993 3122 contemnentes
1021 3080 1142 3132 vos,
1170 3066 1467 3119 noluerunt
1494 3065 1636 3119 ultro
1665 3062 1886 3118 tradere
1912 3062 2128 3132 seipsos
2147 3103 2165 3131 ,

2267 1842 2403 1910 illis,
2431 1852 2488 1900 et
2520 1843 2721 1911 placuit
2755 1846 2849 1898 tibi
2885 1854 2940 1899 ut
2971 1847 3192 1902 venires
3216 1846 3286 1902 ad
3315 1849 3458 1904 nos?

2339 1933 2409 1990 Et
2436 1934 2575 1990 dixit
2603 1937 2675 1989 illi
2699 1935 2888 1991 Judith
2915 1957 2925 1988 :
2954 1936 3118 1994 Sume
3143 1940 3306 1995 verba
3333 1941 3548 1998 ancillae
3573 1952 3697 2013 tua,
3723 1960 3839 2016 quo-

2267 2027 2419 2085 niam
2440 2029 2485 2084 si
2503 2039 2724 2084 secutus
2750 2029 2919 2085 fueris
2942 2031 3106 2085 verba
3149 2032 3369 2088 ancilla:
3396 2043 3526 2099 tum,
3561 2037 3835 2106 perlectam

2267 2132 2386 2176 rem
2407 2118 2571 2175 faciet
2602 2120 2864 2176 Dominus
2902 2132 3103 2176 tecum.
3157 2121 3305 2178 \‘ivit
3331 2123 3473 2180 enim
3505 2125 3835 2186 Nabuchodo-

2267 2226 2438 2269 nosor
2475 2228 2571 2268 rex
2601 2222 2786 2281 terrae,
2830 2224 2887 2269 et
2922 2214 3066 2270 Vivit
3088 2217 3264 2274 virtus
3292 2216 3435 2288 ejus,
3459 2235 3586 2290 qua:
3612 2231 3696 2280 est
3730 2223 3840 2278 inte

2266 2306 2339 2362 ad
2376 2307 2781 2376 correptiouem
2833 2310 3078 2364 omnium
3139 2310 3448 2367 animarum
3500 2316 3788 2373 errantium
3829 2334 3840 2371 :

2267 2401 2527 2472 quoniam
2577 2416 2683 2455 non
2728 2401 2905 2456 solum
2943 2402 3198 2460 homines
3241 2407 3494 2463 serviunt
3529 2407 3605 2464 illi
3645 2424 3737 2479 per
3779 2422 3841 2471 te.

2269 2490 2370 2548 sed
2394 2501 2451 2547 et
2479 2491 2674 2547 be5tia:
2706 2493 2823 2562 agri
2854 2493 3242 2565 obtemperant
3271 2495 3370 2551 illi.
3402 2496 3692 2557 Nuntiatur
3713 2503 3842 2556 enim

2270 2581 2440 2642 animi
2465 2584 2542 2638 tui
2566 2583 2837 2640 industria
2861 2587 3133 2643 universis
3174 2589 3458 2658 gentibus,
3490 2601 3547 2648 et
3573 2593 3843 2650 indicatum

2274 2682 2362 2732 est
2388 2675 2538 2731 omni
2561 2676 2795 2745 smculo,
2824 2680 3087 2748 quoniam
3115 2689 3174 2737 tu
3203 2681 3354 2738 solus
3375 2682 3555 2742 bonus
3583 2695 3643 2744 et
3676 2696 3846 2758 petens

2271 2781 2333 2824 es
2363 2767 2418 2822 in
2457 2768 2607 2822 omni
2657 2784 2829 2840 regno
2874 2770 3017 2841 ejus,
3046 2781 3102 2828 et
3137 2772 3428 2846 disciplina
3473 2785 3565 2833 tua
3613 2779 3844 2836 omnibus

2273 2859 2573 2929 provinciis
2610 2861 2965 2930 prmdieatur.
2998 2864 3108 2920 Nec
3137 2863 3244 2922 hoc
3289 2865 3445 2934 latet,
3476 2871 3628 2940 quod
3654 2872 3849 2930 loeutus

2274 2961 2360 3008 est
2405 2953 2653 3020 Aehior;
2703 2969 2807 3012 nec
2849 2955 2983 3014 illud
3023 2956 3338 3028 ignoratur,
3368 2962 3514 3031 quod
3558 2965 3613 3021 ei
3640 2964 3850 3038 jusseris

2273 3045 2510 3101 evenire.
2542 3045 2768 3104 Constat
2821 3048 2992 3115 enirn,
3021 3049 3194 3105 Deum
3224 3060 3472 3110 nostrum
3501 3056 3585 3112 sic
3631 3058 3850 3128 peccatis

563 3165 626 3224 ut
673 3157 983 3212 invenirent
1031 3154 1466 3210 misericordiam
1510 3153 1564 3207 in
1612 3163 1913 3222 conspectu
1954 3165 2160 3213 vestro.

2276 3136 2564 3206 on‘ensum,
2592 3147 2652 3194 ut
2679 3140 2877 3198 manda
2889 3142 3029 3199 verit
3053 3157 3151 3213 per
3177 3143 3474 3214 prophetas
3516 3162 3651 3206 suos
3673 3150 3743 3206 ad
3770 3165 3852 3221 po.

571 3247 688 3304 llac
707 3246 779 3304 de
803 3261 969 3303 causa
997 3247 1227 3317 cegitavi
1251 3261 1466 3302 mecum
1498 3245 1719 3302 dicens:
1748 3246 1954 3302 Vadam
1985 3246 2052 3301 ad
2081 3247 2167 3304 fa-

570 3339 712 3396 ciem
744 3337 1011 3410 principis
1034 3335 1370 3404 llololernis,
1420 3345 1483 3392 ut
1505 3336 1740 3392 indicem
1764 3337 1842 3392 illi
1871 3345 2084 3394 secreta
2101 3338 2170 3394 il-

570 3432 772 3498 lorum,
816 3440 871 3486 et
908 3431 1190 3485 ostendam
1222 3427 1298 3484 illi
1329 3429 1445 3498 'quo
1485 3428 1636 3482 aditu
1698 3428 1870 3497 possit
1913 3427 2165 3487 obtinere

572 3535 692 3588 eos,
725 3521 798 3576 ita
828 3531 886 3575 ut
915 3535 1027 3576 non
1053 3519 1212 3575 cadat
1239 3518 1322 3574 vir
1347 3533 1487 3575 unus
1517 3519 1586 3574 de
1623 3517 1873 3575 exercitu
1905 3519 2046 3590 ejus.

646 3613 858 3669 Etcum
876 3612 1158 3669 audissent
1182 3612 1282 3666 viri
1305 3611 1381 3667 illi
1403 3613 1567 3668 verba
1587 3612 1726 3682 ejus,
1746 3612 2170 3672 considerabant

576 3703 776 3760 l’aciem
805 3703 925 3774 ejus
951 3749 966 3774 ,
990 3712 1045 3759 et
1064 3713 1182 3759 erat
1202 3704 1256 3758 in
1279 3704 1451 3759 oculis
1467 3718 1654 3759 eorum
1676 3712 1888 3776 stupor,
1913 3706 2171 3775 quoniam

577 3795 1038 3868 pulchritudinem
1077 3795 1196 3866 ejus
1219 3795 1558 3852 mirabantur
1598 3797 1781 3854 nimis.
1811 3796 1878 3852 Et
1905 3797 2174 3856 dixerunt

575 3887 647 3944 ad
683 3903 834 3944 eam:
862 3885 1218 3944 Conservasti
1271 3888 1506 3943 animam
1559 3897 1728 3957 tuam,
1779 3904 1846 3945 eo
1887 3890 2032 3961 quod
2062 3891 2172 3948 tale

575 3979 828 4054 reperisti
851 3981 1160 4048 consilium,
1188 3991 1245 4034 ut
1267 3980 1631 4038 descenderes
1649 3979 1716 4038 ad
1736 3983 2018 4038 dominum
2043 3999 2172 4041 nos-

577 4080 748 4148 trum.
784 4070 901 4129 Hoc
948 4080 1131 4127 autem
1178 4072 1344 4137 scias,
1380 4072 1638 4142 quoniam
1679 4086 1802 4127 cum
1848 4075 2072 4130 steteris
2103 4075 2168 4132 in

575 4172 873 4235 conSpectu
900 4163 1042 4234 ejus,
1063 4163 1206 4219 bene
1232 4161 1328 4218 tibi
1349 4164 1537 4230 faciet,
1566 4174 1621 4218 et
1646 4165 1754 4218 eris
1778 4165 2085 4235 gratissima
2109 4165 2168 4222 in

573 4255 742 4313 corde
765 4254 906 4330 ejus.
930 4253 1323 4327 Duxeruntque
1354 4255 1500 4312 illam
1523 4255 1590 4313 ad
1623 4257 2033 4314 tabernaculum
2056 4257 2168 4317 Ho—

573 4351 831 4420 lofernis,
855 4349 1243 4406 annuntiantes
1265 4365 1407 4406 eam.

646 4441 896 4517 Cumque
920 4445 1183 4502 intrasset
1208 4451 1334 4501 ante
1364 4442 1557 4502 faciem
1579 4444 1718 4516 ejus,
1758 4445 1941 4502 statim
1965 4453 2158 4518 captus

569 4623 828 4684 Chaldaeo
847 4623 1071 4695 archety

569 4693 1064 4766 vetamEjusmodl
1096 4693 1345 4766 estquod
1369 4695 1720 4763 subsequitur
1741 4697 1908 4751 mitra:
1931 4710 2154 4764 nomen,

570 4777 630 4825 et
652 4769 756 4823 alia
788 4764 1033 4828 inferius.
1056 4764 1252 4834 quibus
1281 4780 1388 4819 non
1418 4766 1632 4821 videtur
1653 4782 1874 4822 usurum
1896 4767 2159 4824 fuissein-

570 4848 895 4910 terpretem,
929 4838 1047 4910 nisi
1076 4835 1253 4892 Grmci
1279 4837 1613 4910 exemplaris
1651 4837 1916 4910 propositi
1946 4837 2156 4908 phrasis

570 4905 952 4980 suggessisset.
986 4907 1123 4964 llinc
1161 4921 1327 4977 porro
1361 4905 1673 4980 Hieronymi
1715 4905 1854 4963 hanc
1896 4905 2004 4963 non
2036 4923 2158 4965 esse

564 4978 822 5050 arguunt,
845 4982 1057 5050 quippe;
1083 4993 1205 5048 qua:
1233 4991 1341 5050 non
1369 4992 1435 5032 ex
1465 4978 1723 5033 Cltaldmo
1753 4980 2037 5046 desumpta
2062 4980 2156 5046 sit,

566 5049 670 5129 sed
691 5063 761 5127 ea
1015 5047 1214 5129 Yet-um
1234 5047 1356 5129 quis
1386 5058 1566 5129 neget,
1594 5051 1712 5129 haec
1731 5050 1847 5120 ipsa
1873 5051 2034 5129 verba
2060 5065 2154 5108 ve—

567 5119 705 5191 teris
729 5119 1212 5186 interpretationis,
1250 5127 1436 5191 utpote
1463 5135 1583 5188 qua:
1615 5119 2062 5191 satis’perspicua
2095 5132 2152 5178 ct

571 5190 731 5262 vulgo
754 5197 988 5257 recepta,
1019 5191 1258 5262 potuisse
1276 5189 1663 5262 Hieronymum
1689 5189 1921 5247 retinere
1943 5208 2004 5247 ea
2031 5193 2146 5262 ipsa

571 5261 643 5318 de
662 5259 847 5325 causa,
866 5259 1034 5332 quam
1063 5259 1295 5328 ipsemet
1322 5261 1374 5316 in
1402 5259 1637 5331 prologis
1663 5277 1806 5330 szepe
1830 5259 2148 5332 ingerit,'ne

573 5331 794 5403 scilicet
825 5329 1104 5403 videretur
1139 5344 1171 5384 a
1205 5329 1422 5403 recepta
1459 5329 1601 5388 bona
1643 5329 1908 5388 lectione‘
1931 5333 2147 5403 longius

566 5402 846 5484 abludere.
878 5399 959 5456 Ad
984 5400 1098 5480 haec
1123 5399 1380 5484 cuiusne
1407 5403 1524 5484 ipse
1551 5417 1738 5484 sensu,
1788 5417 1893 5458 non
1921 5419 1992 5484 ex
2029 5399 2141 5460 alio

564 5472 923 5544 transferens,
966 5470 1209 5538 scripsit,
1262 5470 1548 5544 “$071953
1599 5475 1785 5544 verba,
1831 5475 2134 5544 eodemque

563 5540 724 5664 plane
749 5541 1043 5622 intellectu.
1066 5541 1366 5622 usurpavit.
1394 5540 1485 5624 sie
1524 5540 1833 5625 irrProlo‘go
1876 5540 2135 5610 Galeaio,

618 5626 676 5663 os
701 5627 814 5664 qua:
836 5609 1042 5664 Domtm
1069 5610 1430 5664 discumbentis
1462 5617 1826 5664 pretiosissima
1851 5617 1972 5664 ﬁdei
1994 5632 2135 5664 mura

618 5626 814 5688 usque:
836 5609 1043 5688 Domini
1069 5609 1826 5688 discumgc‘ntirpretiosissima
1848 5617 1972 5686 ﬁdei
1994 5609 2138 5688 myro

565 5680 757 5746 ungitis
785 5691 957 5745 caput.
995 5683 1057 5733 Et
1084 5681 1240 5748 epist.
1266 5682 1358 5745 38,
1386 5683 1450 5734 ad
1474 5683 1807 5740 Marcellam:
1839 5680 2017 5742 Crines
2043 5680 2145 5741 7m-

562 5750 758 5807 cillula:
785 5748 1142 5817 disponebant,
1174 5759 1219 5803 ct
1241 5752 1444 5805 mitellis
1471 5751 1810 5820 crispantibus
1841 5767 2007 5814 vertex
2030 5773 2146 5814 arc-

2275 3229 2489 3298 pulum,
2521 3229 2667 3300 quod
2697 3232 2874 3286 tradat
2902 3247 3027 3290 eum
3058 3249 3157 3304 pro
3187 3238 3424 3306 peccatis
3450 3239 3594 3296 suis.
3627 3240 3698 3298 Et
3719 3256 3845 3314 quo-

2276 3322 2422 3377 niam
2453 3323 2635 3379 sciunt
2677 3340 2736 3381 se
2763 3325 3063 3384 oﬂ‘endisse
3115 3329 3289 3386 Deum
3331 3345 3490 3388 suum
3535 3332 3641 3392 ﬁlii
3681 3334 3848 3400 Israel,

2275 3421 2485 3470 tremor
2527 3423 2652 3471 tuus
2696 3431 2866 3488 super
2919 3420 3071 3489 ipsos
3091 3431 3197 3478 est.
3244 3423 3472 3495 insuper
3495 3425 3666 3484 etiam
3693 3426 3850 3483 fames

2277 3507 2475 3564 invasit
2501 3522 2619 3576 eos,
2650 3517 2708 3565 et
2737 3511 2811 3568 ab
2835 3511 3093 3571 ariditate
3117 3528 3274 3585 aquae
3303 3515 3415 3586 jam
3441 3517 3591 3575 inter
3627 3531 3853 3578 mortuos

2277 3611 2685 3675 computantur.
2719 3606 2964 3676 Denique
2991 3607 3100 3664 hoc
3122 3608 3398 3677 ordinant,
3423 3619 3484 3667 ut
3525 3612 3852 3676 interﬁciant

2277 3712 2474 3768 pecora
2496 3714 2613 3767 sua,
2646 3710 2700 3755 et
2729 3699 2919 3757 bibant
2957 3703 3283 3775 sanguinem
3325 3719 3521 3760 eorum
3553 3724 3570 3762 :
3600 3715 3660 3764 et
3685 3715 3854 3764 sancta

2276 3793 2493 3850 Domini
2543 3793 2642 3850 Dei
2687 3794 2793 3861 sui,
2824 3812 2949 3867 qua:
2995 3799 3259 3869 praecepit
3285 3798 3433 3856 Deus
3463 3816 3571 3858 non
3607 3801 3851 3872 contingi,

2278 3885 2335 3940 in
2365 3887 2655 3952 frumento,
2687 3888 2838 3956 vino,
2867 3897 2924 3945 et
2948 3889 3090 3958 oleo,
3119 3889 3240 3948 haze
3263 3894 3644 3964 cogitaverunt
3665 3896 3858 3965 impen-

2278 3977 2411 4036 dere
2429 4019 2445 4046 ,
2470 3988 2528 4035 et
2555 3979 2746 4036 volunt
2775 3995 3100 4040 consumere
3127 3999 3251 4054 qure
3289 3999 3394 4042 nec
3423 3987 3681 4044 manibus
3708 3988 3857 4043 debe-

2273 4081 2394 4128 rent
2423 4071 2742 4145 contingere
2774 4093 2785 4128 :
2809 4090 2943 4146 ergo
2973 4077 3228 4145 quoniam
3255 4077 3373 4134 haec
3393 4077 3625 4148 faciunt,
3659 4092 3856 4137 certum

2273 4173 2359 4220 est
2389 4165 2530 4236 quod
2560 4166 2611 4220 in
2644 4166 3004 4237 perditionem
3033 4168 3324 4225 dabuntur.
3359 4170 3513 4239 Quod
3535 4187 3647 4243 ego
3675 4171 3859 4228 ancilla

2275 4266 2367 4314 tua
2407 4272 2771 4329 cognoscens,
2819 4258 2932 4331 fugi
2970 4261 3039 4317 ab
3068 4260 3200 4329 illis,
3231 4270 3288 4317 et
3314 4263 3465 4319 misit
3493 4278 3579 4321 me
3608 4264 3862 4321 Dominus

2272 4351 2391 4406 haec
2442 4352 2562 4422 ipsa
2589 4351 2842 4408 nuntiare
2876 4352 2994 4408 tibi.
3023 4352 3137 4424 Ego
3164 4354 3309 4410 enim
3354 4355 3548 4410 ancilla
3576 4366 3673 4412 tua
3699 4355 3861 4412 Deum

2271 4446 2418 4518 colo,
2463 4446 2632 4502 etiam
2681 4460 2824 4503 nunc
2849 4447 2994 4520 apud
3026 4456 3080 4505 te
3112 4466 3124 4503 :
3156 4456 3214 4507 et
3242 4447 3390 4506 cxiet
3418 4448 3619 4508 ancilla
3669 4461 3780 4522 tua,
3814 4455 3866 4505 et

1080 4636 1166 4692 po,
1193 4621 1288 4678 sed
1313 4636 1380 4678 ex
1409 4621 1598 4679 Graeca
1623 4625 1976 4680 translatione
2010 4624 2154 4681 deri-
2176 4624 2232 4687 D
2257 4625 2463 4680 labatur
2481 4625 2741 4681 innoxius.

2339 4704 2364 4732 τι
2391 4695 2577 4776 Visum
2601 4706 2687 4752 est
2715 4697 2889 4776 doctis
2917 4699 3124 4776 criticis
3147 4743 3163 4767 ,
3196 4702 3450 4776 mendum
3478 4703 3584 4776 hoc
3614 4713 3738 4762 esse
3770 4718 3865 4776 pro

2269 4779 2402 4843 voce
2430 4768 2618 4843 pselia,
2635 4771 3150 4843 quodvoeabulum,
3171 4774 3316 4842 quod
3345 4774 3520 4831 (ἕναξοὶ
3536 4783 3722 4832 textus
3746 4768 3828 4831 e'st
3847 4819 3859 4843 ,

2264 4837 2433 4919 ψέλιοεἶ
2449 4837 2500 4891 id
2517 4849 2600 4919 est
2618 4840 2871 4919 armillas,
2891 4841 2963 4896 ita
2981 4843 3138 4919 facile
3165 4837 3500 4919 usurpariab
3521 4837 3860 4919 Hieronymo

2267 4910 2540 4983 potuitve!
2567 4911 2790 4983 retineri
2815 4927 2882 4967 ex
2911 4913 3129 4983 antiqua
3143 4910 3393 4971 versione
3417 4910 3856 4978 Latinislitteris.

2266 4978 2454 5062 paelia,
2485 4989 2544 5035 ut
2569 4981 2641 5036 ab
2668 4984 3020 5062 Antiquariu,
3043 4978 3140 5062 qui
3166 4988 3394 5062 exotica:
3449 4986 3600 5062 vocis
3642 5002 3863 5062 sensum

2268 5065 2378 5106 non
2405 5056 2476 5108 sit
2501 5063 2807 5117 assecutus,
2842 5059 2894 5109 in
2917 5056 3063 5112 istud
3087 5056 3434 5112 notissimum
3456 5073 3518 5112 ac
3542 5056 3660 5116 fere
3688 5059 3866 5115 simile

2265 5121 2634 5204 mutarililin.
2677 5123 2933 5182 Chaldzeo
2976 5138 3156 5184 autem
3201 5128 3504 5204 archetypo
3530 5127 3862 5198 deﬁciente,

2265 5208 2444 5265 neque
2473 5194 2616 5265 istud
2645 5205 2798 5251 certo
2832 5206 3013 5265 potest
3037 5198 3316 5254 constitui.

2333 5263 2359 5302 ι’
2394 5263 2628 5342 Palatin,
2666 5282 2794 5342 ms,
2830 5263 2924 5322 hac
2951 5269 3098 5342 illam
3138 5268 3526 5338 pulrhritudine
3554 5273 3826 5342 ampliavit
3849 5311 3862 5322 .

2257 5332 2402 5412 Tum
2424 5336 2566 5412 alter
2591 5332 2834 5412 Reginae,
2865 5349 2918 5391 ut
2947 5340 2999 5394 in
3023 5332 3282 5410 corporali
3301 5342 3506 5410 dewre,
3531 5332 3868 5412 pro'incom-

2255 5406 2496 5474 parabili.
2531 5406 2771 5485 Denique
2803 5411 2993 5485 opines'
3054 5406 3330 5485 αεὶτρραηι,
3364 5427 3461 5482 pro
3492 5406 3863 5485 'a'scopcram:

2253 5485 2310 5531 et
2338 5492 2436 5545 pro
2458 5479 2716 5550 petat/tas,
2749 5479 2870 5550 qua:
2902 5489 3029 5536 sunt
3047 5479 3350 5548 cariearum
3365 5479 3471 5538 'aut
3502 5479 3704 5540 licuum
3729 5501 3864 5540 mas-

2251 5558 2349 5626 sae,
2380 5548 2492 5615 pari
2515 5548 2788 5626 consensu
2805 5552 3033 5626 inputes
3056 5550 3265 5626 legunt,
3310 5553 3455 5624 qnod
3484 5556 3863 5614 metatbeseos

2252 5621 2306 5670 in
2336 5621 2736 5685 pronuntiando
2770 5623 2957 5676 vitium
2987 5621 3223 5676 videtur.

2327 5699 2347 5768 ς
2374 5687 2431 5768 lu
2458 5688 2631 5768 ,νᾳ-ιτα.
2667 5709 2792 5758 nux,
2823 5692 3054 5746 transivit
3087 5703 3280 5759 portas,
3310 5695 3513 5768 absque
3538 5713 3652 5768 per.

2321 5754 2347 5794 ά
2379 5757 2652 5818 Palatinus
2694 5754 2820 5833 msl,
2846 5754 3122 5830 numquam
3168 5754 3320 5822 nocui
3351 5754 3547 5841 vir'um;
3577 5770 3676 5837 qui
3689 5815 3703 5840 ,
3749 5777 3861 5826 ctc.
