3960 6208
44 5826 59 5959 ἱ

44 5976 51 6045 t

134 224 195 282 53
1576 230 1748 289 LIBEJ

1857 231 2083 291 UDITII.
2274 244 2300 269 δ’
2628 268 2644 284 .
3378 243 3452 299 δι

142 346 292 402 orabo
315 347 532 415 Deum,
586 358 645 405 et
674 347 826 404 dicet
868 346 999 402 mihi
1024 344 1242 416 quando
1270 347 1352 402 eis
1397 345 1590 403 reddat
1613 360 1738 417 pec-
1767 351 1821 409 Α
1846 345 1931 401 nis
1977 359 2306 403 concussum
2338 356 2465 405 est:
2498 358 2615 406 erat
2643 350 2784 406 enim
2832 350 3030 409 ardens
3068 352 3120 407 in
3152 354 3451 423 concupis-

146 449 319 496 catum
364 456 557 509 suum,
601 451 660 497 et
714 440 939 496 veniens
969 436 1228 493 nuntiabo
1264 438 1391 504 tibi,
1440 440 1515 493 ita
1556 447 1615 493 ut
1640 452 1745 509 ego

154 536 409 592 adducam
454 547 505 592 te
532 551 631 606 per
671 536 910 592 mediam
938 532 1263 600 Jerusalem,
1287 542 1341 588 et
1363 532 1588 590 habebis
1621 548 1741 589 om-

160 645 279 687 nem
308 630 560 701 populum
585 628 783 695 Israel,
818 626 958 683 sicut
985 638 1136 691 oves,
1166 624 1365 695 quibus
1388 640 1497 679 non
1520 637 1601 680 ρει
1623 639 1746 695 pas-

165 732 277 790 tor,
322 730 376 778 et
402 735 508 776 non
537 721 768 776 latrabit
791 720 875 775 vel
902 734 1042 773 unus
1089 718 1241 774 canis
1269 727 1461 774 contra
1491 726 1543 774 te
1570 735 1583 771 :
1608 732 1746 787 quo-

161 819 303 874 niam
327 816 439 872 hac
466 815 602 871 mihi
626 816 775 869 dicta
806 823 934 867 sunt
963 828 1060 882 per
1088 811 1486 883 providentiam
1532 812 1649 866 Dei.
1679 811 1747 867 Et

159 911 402 981 quoniam
434 908 612 962 iratus
649 918 735 964 est
768 907 879 962 illis
909 906 1070 971 Deus,
1106 907 1223 960 tunc
1265 904 1379 975 ipsa
1431 906 1591 958 missa
1621 917 1743 961 sum

161 1004 404 1060 nuntiare
434 1002 554 1057 tibi.

226 1098 550 1153 Plaeuerunt
596 1104 783 1150 autem
814 1092 1001 1148 omnia
1028 1091 1192 1147 verba
1215 1090 1335 1145 haec
1355 1104 1537 1145 coram
1579 1090 1746 1146 Ποιο-

160 1194 310 1247 ferae
351 1202 403 1246 et
432 1203 621 1244 coram
652 1187 835 1257 pueris
865 1186 1011 1255 ejus,
1060 1192 1115 1239 et
1158 1184 1498 1238 mirabatttur
1530 1183 1745 1253 sapien-

158 1287 286 1341 tiam
337 1284 481 1354 ejus,
527 1290 585 1337 et
603 1280 859 1336 dicebant
900 1280 1043 1333 alter
1068 1277 1135 1332 ad
1184 1277 1416 1333 alterum
1450 1294 1461 1331 :
1496 1276 1618 1331 Non
1662 1282 1747 1332 est

156 1377 280 1433 talis
322 1374 531 1431 mulier
557 1387 719 1443 super
751 1382 951 1426 terram
979 1370 1033 1425 in
1056 1379 1318 1439 aspectu,
1356 1368 1409 1422 in
1440 1367 1746 1437 pulchritu-

146 1469 300 1535 dine,
328 1476 389 1522 et
416 1466 472 1521 in
499 1478 659 1521 sensu
688 1463 1003 1519 verborum.
1040 1462 1108 1519 Et
1134 1460 1271 1516 dixit
1298 1460 1364 1515 ad
1402 1459 1548 1515 illam
1581 1459 1743 1515 Holo~

150 1566 335 1620 ferues
366 1578 380 1615 :
408 1556 687 1615 Benefeeit
715 1556 892 1623 Deus,
920 1554 1013 1627 qui
1041 1554 1190 1610 misit
1215 1564 1269 1609 te
1297 1562 1425 1609 ante
1453 1552 1741 1623 populum,

144 1662 208 1710 ut
231 1654 329 1709 des
350 1652 505 1706 illum
529 1657 587 1705 tn
610 1649 662 1703 in
684 1648 941 1703 manibus
970 1647 1174 1701 nostris
1202 1663 1216 1699 :
1245 1653 1297 1701 et
1319 1645 1573 1715 quoniam
1598 1645 1740 1699 bona

1846 442 2023 497 oentia
2048 442 2190 513 ejus.
2217 442 2283 498 Et
2310 441 2447 499 dixit
2476 444 2543 499 ad
2570 459 2690 499 eam
2715 445 3041 503 llolofernes
3075 464 3086 498 :
3120 445 3250 501 Bibe
3272 462 3442 513 nunc,

1848 545 1904 592 et
1933 536 2197 592 accumbe
2231 536 2283 591 in
2313 537 2658 607 jucunditatc
2681 580 2696 606 ,
2729 540 2983 610 quoniam
3019 540 3276 597 invenisti
3320 557 3446 612 gra-

1849 628 1978 684 tiam
2011 642 2200 684 corant
2232 644 2343 685 me.
2380 630 2444 686 Et
2491 630 2841 687 dixitJuditlt
2874 650 2887 689 :
2936 632 3147 701 Bibam,
3193 632 3441 700 domine,

1848 722 2103 792 quoniam
2136 723 2481 795 magnificam
2510 733 2593 779 est
2619 724 2800 779 anima
2831 740 2950 781 mea
2998 724 3158 780 hodie
3186 741 3297 795 prze
3324 741 3443 781 om-

1849 815 2011 871 nibus
2056 815 2248 872 diebus
2280 817 2437 872 meis.
2491 815 2558 871 Et
2588 817 2835 888 accepit,
2887 828 2941 875 et
2989 819 3358 885 manducavit,
3389 832 3448 875 et

1846 910 1981 967 bibit
2014 927 2198 967 coram
2229 913 2371 983 ipso,
2404 926 2466 968 ea
2499 928 2619 984 quae
2651 925 2937 983 paraverat
2979 915 3052 969 illi
3083 916 3275 970 ancilla
3300 915 3438 985 ejus.

1849 1001 1915 1057 Et
1942 1004 2217 1073 jucundus
2249 1002 2424 1059 factus
2452 1012 2536 1060 est
2567 1004 2893 1060 Ilolofernes
2923 1006 2990 1060 ad
3022 1020 3163 1070 eam,
3202 1006 3449 1076 bibitque

1849 1095 2031 1152 vinum
2063 1100 2288 1153 multum
2315 1097 2501 1165 nimis,
2528 1107 2792 1170 quantum
2823 1114 3117 1170 numquam
3144 1098 3359 1155 biberat
3388 1099 3441 1155 in

1848 1190 1957 1244 vita
1988 1204 2106 1244 sua.

1918 1280 2073 1353 [ϐαρ.
2104 1280 2269 1353 Xfll.]
2299 1282 2368 1339 Ut
2399 1290 2584 1337 autem
2613 1296 2738 1339 sero
2780 1283 2979 1338 factum
3011 1292 3117 1350 est,
3152 1282 3444 1339 festinave-

1846 1382 1979 1429 runt
2006 1373 2149 1428 servi
2185 1374 2333 1428 illius
2368 1373 2435 1428 ad
2466 1372 2701 1443 hospitia
2734 1388 2854 1437 sua,
2884 1384 2937 1429 et
2968 1373 3233 1429 conclusit
3264 1374 3446 1441 Vagae

1845 1464 1984 1520 ostia
2011 1463 2271 1531 cubiculi,
2303 1474 2359 1520 et
2389 1464 2545 1520 abiit.
2576 1463 2750 1521 Erant
2778 1476 2959 1521 autem
3006 1479 3197 1521 omnes
3238 1464 3446 1534 fatTgati

1845 1572 1876 1613 a
1920 1556 2051 1611 vino
2094 1570 2111 1612 :
2149 1564 2377 1627 eratque
2423 1556 2612 1612 Judith
2659 1557 2775 1612 sola
2828 1558 2883 1613 iu
2943 1557 3218 1613 cubiculo.
3273 1558 3445 1613 Porro

1843 1649 2166 1705 Ilolofernes
2188 1647 2409 1719 jaeebat
2436 1649 2491 1704 in
2520 1649 2682 1716 lecto,
2714 1648 2879 1705 nimia
2908 1648 3176 1707 ebrietate
3203 1651 3436 1719 sopitus.

140 1755 231 1803 εει
255 1742 550 1816 ιπθπιίεεῖο
575 1748 689 1809 ωτι.
720 1741 769 1795 εί
799 1738 991 1796 iecerit
1020 1737 1154 1793 mihi
1183 1737 1285 1793 hoc
1317 1738 1480 1804 Deus,
1520 1746 1577 1792 ει
1608 1747 1663 1792 ιιι
1684 1736 1739 1793 in
1769 1730 1818 1792 Β
1848 1744 2107 1814 Dixitque
2131 1740 2319 1799 Iudith
2344 1741 2541 1811 puella:
2562 1757 2675 1798 suat
2702 1752 2761 1797 ut
2789 1750 2961 1798 staret
2984 1739 3116 1799 foris
3137 1748 3265 1798 ante
3292 1740 3445 1797 cubi-

139 1838 318 1894 domo
342 1832 851 1892 Rabuehodonosor
879 1845 1070 1902 magna
1099 1830 1232 1897 eris,
1267 1838 1321 1885 et
1358 1844 1555 1885 nomen
1586 1838 1739 1885 tuum

139 1929 528 1987 nominabitur
556 1929 610 1983 in
644 1926 898 1983 universa
928 1934 1096 1981 terra.

212 2022 380 2096 [ϐαρ.
429 2018 573 2090 χιι]
602 2018 761 2074 Tunc
786 2017 953 2088 jussit
991 2031 1109 2072 eam
1143 2014 1371 2072 introire
1400 2015 1490 2071 ubi
1516 2008 1739 2086 repositi

137 2122 310 2171 erant
355 2110 603 2168 thesauri
632 2110 775 2181 ejus,
818 2117 873 2165 et
898 2107 1059 2179 jussit
1090 2107 1204 2163 illic
1234 2122 1457 2163 manere
1497 2122 1637 2174 eam,
1686 2116 1744 2163 et

133 2205 434 2263 constituit
460 2203 593 2273 quid
624 2202 849 2258 daretur
872 2200 949 2255 illi
975 2202 1042 2255 de
1071 2200 1323 2255 convivio
1351 2213 1469 2255 suo.
1516 2198 1614 2254 Cui
1659 2213 1745 2254 re-

134 2299 370 2369 spondit
390 2294 607 2361 Juditb,
630 2303 685 2350 et
713 2293 877 2349 dixit:
901 2292 1056 2349 Nunc
1078 2307 1185 2348 non
1206 2300 1401 2363 potero
1418 2293 1746 2348 manducare

136 2406 210 2445 ex
231 2388 320 2445 bis
349 2403 477 2459 qua!
505 2385 640 2441 mihi
666 2385 921 2456 praecipis
951 2384 1139 2452 tribui,
1162 2399 1233 2440 ne
1256 2386 1440 2439 veniat
1469 2397 1633 2454 super
1656 2397 1746 2439 me

136 2481 377 2537 olensio
410 2496 427 2538 :
459 2495 532 2534 ex
588 2479 673 2533 his
720 2490 926 2543 autem,
960 2492 1079 2547 quzc
1112 2475 1242 2530 mihi
1272 2474 1476 2541 detuli,
1521 2474 1746 2530 mandu-

139 2575 301 2630 cabo.
350 2572 453 2629 Cui
496 2570 883 2643 Ilolophernes'
905 2569 982 2624 ait
1013 2588 1025 2623 :
1054 2568 1112 2623 Si
1135 2567 1440 2623 defecerint
1475 2566 1569 2622 tibi
1600 2566 1706 2621 ista
1726 2610 1741 2634 ,

141 2684 267 2737 qua:
297 2677 481 2723 tecum
526 2663 808 2730 detulisti,
837 2662 967 2733 quid
1012 2662 1271 2717 faciemus
1312 2660 1444 2715 tibi?
1494 2660 1561 2715 Et
1608 2660 1747 2715 dixit

142 2759 336 2814 Iudith
354 2776 373 2813 :
400 2757 546 2812 Vivit
563 2756 745 2811 anima
768 2766 878 2819 tua,
905 2754 1127 2808 domine
1148 2765 1321 2819 meus,
1349 2750 1614 2821 quoniam
1637 2763 1746 2805 non

142 2850 425 2920 expendet
451 2848 637 2905 omnia
672 2848 789 2903 hare
816 2846 1011 2901 ancilla
1037 2855 1149 2909 tua,
1182 2844 1358 2901 donec
1407 2841 1572 2898 faciat
1603 2843 1747 2898 Deus

144 2946 205 3001 in
235 2961 402 3001 manu
429 2958 549 3000 mea
576 2943 697 2998 haec
723 2957 844 3013 qua:
872 2939 1133 3011 cogitavi.

223 3038 343 3095 Etal
366 3038 694 3094 induxerunt
728 3035 876 3091 illam
906 3034 1052 3090 servi
1082 3033 1199 3103 ejus
1228 3032 1281 3088 in
1310 3031 1746 3099 tabernaculum,

1846 1837 2029 1893 culum
2050 1878 2063 1902 ,
2095 1846 2151 1892 et
2176 1835 2519 1892 observaret.

1915 1928 2190 2001 Stetitque
2235 1928 2425 1985 Judith
2467 1937 2596 1985 ante
2626 1929 2856 1996 lectum,
2904 1942 3073 1984 orans
3101 1942 3223 1984 cum
3267 1927 3447 1998 lacry-

1845 2021 1973 2087 mis,
2007 2032 2060 2076 et
2088 2021 2354 2076 labiorum
2379 2030 2533 2075 motu
2563 2021 2617 2075 in
2641 2020 2877 2086 silentio,
2908 2018 3098 2075 dicens
3128 2038 3139 2073 :
3170 2018 3443 2076 Conflrma

1845 2130 1957 2181 me,
2002 2114 2231 2169 Domine
2257 2111 2404 2168 Deus
2434 2112 2623 2181 Israel,
2657 2123 2713 2169 et
2744 2112 2959 2183 respice
3000 2114 3052 2166 in
3084 2111 3185 2167 hae
3214 2112 3345 2167 liora
3374 2111 3445 2165 ad

1846 2222 2010 2279 opera
2029 2222 2292 2262 manuum
2326 2220 2591 2272 mearum,
2625 2213 2705 2272 ut,
2736 2205 2880 2260 sicut
2909 2204 3235 2274 promisisti,
3281 2203 3443 2259 Jeru-

1846 2300 2020 2355 salem
2046 2297 2325 2353 civitatem
2351 2306 2499 2351 tuam
2528 2297 2707 2367 erigas
2740 2312 2754 2352 :
2780 2304 2833 2352 ct
2866 2294 2992 2361 hoc,
3023 2295 3167 2366 quod
3207 2295 3445 2350 credens

1847 2406 1945 2462 per
1976 2400 2030 2446 tc
2060 2404 2227 2461 posse
2256 2387 2399 2456 fieri,
2427 2399 2448 2425 τ
2479 2388 2735 2457 cogitavi,
2769 2388 3067 2457 perficiam.
3092 2388 3302 2441 Etcum
3329 2387 3447 2439 Ιιωο

1846 2484 2097 2549 dixisset,
2124 2482 2359 2538 accessit
2403 2481 2469 2535 ad
2500 2481 2834 2545 columnam,
2867 2496 2990 2551 qua:
3020 2491 3137 2537 erat
3185 2479 3253 2535 ad
3278 2488 3444 2549 caput

1847 2575 2031 2633 lectuli
2051 2573 2189 2645 ejus,
2215 2584 2271 2629 et
2303 2571 2591 2645 pugionem
2622 2572 2869 2642 ejus,qui
2893 2573 2947 2627 in
2980 2587 3043 2627 ea
3070 2572 3267 2641 ligatus
3305 2585 3442 2641 pen;

1847 2668 2043 2732 debat,
2091 2666 2344 2722 exsolvit.
2394 2665 2639 2734 Cumque
2695 2664 3039 2734 evaginasset
3089 2663 3288 2731 illum,
3344 2676 3443 2733 ap-

1844 2761 2132 2835 prehendit
2157 2774 2366 2815 eomam
2392 2758 2589 2829 capitis
2613 2758 2749 2828 ejus,
2779 2768 2833 2813 et
2878 2759 2954 2812 ait
2979 2776 2988 2810 ε
3015 2758 3291 2812 Conlirma
3318 2770 3433 2822 me,

1848 2856 2081 2912 Domine
2115 2853 2258 2908 Deus
2300 2850 2352 2905 in
2385 2851 2488 2905 hac
2519 2849 2677 2904 hora.
2712 2850 2779 2904 Et
2812 2850 3083 2920 percussit
3126 2849 3211 2902 bis
3240 2850 3293 2900 in
3316 2861 3441 2902 eer-

1848 2949 2023 3004 vicem
2050 2947 2191 3017 ejus,
2222 2954 2277 3000 et
2306 2942 2541 2997 abscidit
2569 2949 2735 3011 caput
2768 2941 2910 3009 ejus,
2944 2949 2999 2997 et
3026 2939 3250 2993 abstulit
3278 2953 3447 2992 cono-

1850 3055 2011 3114 pctun
2042 3038 2159 3110 ejus
2184 3054 2211 3091 a
2244 3036 2533 3101 columnis,
2584 3046 2638 3091 et
2661 3035 2862 3090 evolvit
2905 3047 3108 3103 corpus
3140 3032 3260 3101 ejus
3290 3039 3444 3086 trun-

146 3131 309 3197 quod
344 3138 699 3200 praeceperat.
731 3128 800 3183 Et
840 3128 1000 3197 petiit
1020 3126 1146 3179 dum
1178 3125 1453 3191 introiret,
1497 3131 1559 3178 ut
1584 3122 1746 3177 dare-

1857 3109 1994 3196 cum.
2116 3145 2238 3206 post
2266 3132 2522 3205 pusillum
2546 3132 2733 3197 exivit,
2762 3140 2819 3186 ct
2845 3127 3071 3184 tradidit
3093 3136 3255 3197 caput
3281 3123 3446 3181 Ilulo-

149 3232 253 3277 tur
285 3222 338 3277 ei
360 3223 503 3292 copia
524 3230 681 3279 nocte
704 3230 759 3276 et
782 3227 910 3275 ante
942 3220 1117 3274 lucem
1150 3215 1465 3287 egrediendi
1503 3214 1648 3270 foras
1675 3214 1744 3270 ad

154 3314 502 3383 orationem,
552 3324 609 3369 et
649 3311 979 3383 deprecandi
1023 3309 1331 3365 Dominum.
1380 3308 1447 3363 Et
1490 3307 1750 3378 praecepit

161 3406 503 3463 cubiculariis
526 3408 660 3473 suis,
692 3405 914 3461 utsicut
945 3402 1186 3473 placeret
1229 3400 1329 3467 illi,
1374 3400 1547 3455 exiret
1590 3398 1747 3453 etin-

165 3502 362 3557 troirct
386 3500 449 3556 ad
471 3498 805 3555 adorandum
836 3498 1004 3552 Deum
1048 3510 1228 3561 suum,
1262 3509 1357 3565 per
1384 3492 1623 3548 triduum
1651 3497 1750 3546 :et

173 3594 354 3650 exibat
375 3595 617 3650 noctibus
646 3594 699 3649 in
721 3593 922 3647 vallem
952 3588 1240 3655 Bethulite,
1267 3601 1323 3644 et
1354 3586 1659 3658 baptizabat
1688 3597 1748 3640 se

177 3684 228 3739 iu
272 3688 410 3743 fonte
445 3703 617 3758 aqum.
662 3686 729 3741 Et
761 3693 818 3739 ut
846 3682 1208 3749 ascendebat,
1240 3679 1430 3735 orabat
1462 3678 1748 3733 Dominum

180 3778 343 3835 Deum
367 3782 546 3849 Israel,
570 3789 632 3835 ut
649 3779 909 3849 dirigeret
939 3778 1079 3832 viam
1108 3775 1225 3846 ejus
1270 3773 1337 3829 ad
1369 3772 1749 3828 liberationem

182 3873 358 3942 populi
381 3874 478 3928 sui.
524 3874 589 3930 Et
619 3872 923 3937 introieris,
954 3868 1155 3924 munda
1194 3866 1451 3922 manebat
1491 3866 1543 3919 in
1575 3864 1752 3920 taber-

187 3965 561 4039 naeulo,usque
584 3967 721 4023 dum
751 3964 1024 4035 acciperet
1041 3977 1220 4019 escam
1236 3975 1390 4017 suam
1417 3961 1474 4015 in
1502 3974 1750 4030 vespere.
1822 3958 1833 3967 “

255 4058 323 4133 Et
349 4060 525 4117 factum
564 4068 676 4128 est,
709 4060 762 4114 in
783 4066 978 4130 quarto
1020 4056 1110 4111 die
1136 4054 1458 4111 Ilolofernes
1486 4053 1614 4110 fecit
1640 4068 1754 4109 ea:-

200 4164 305 4206 uam
331 4155 489 4210 servis
513 4154 649 4220 suis,
694 4162 748 4208 et
767 4151 907 4207 dixit
929 4148 996 4205 ad
1024 4148 1207 4219 Vagae
1227 4150 1534 4203 eunuchum
1551 4162 1710 4203 suum
1737 4164 1749 4203 :

199 4241 347 4316 Vade,
373 4256 423 4303 et
457 4247 624 4304 suade
656 4245 949 4303 Hebraeum
993 4242 1169 4312 illam,
1199 4252 1258 4296 ut
1294 4250 1492 4312 sponte
1520 4254 1754 4296 consen-

203 4335 280 4391 tiat
313 4338 543 4397 habitare
590 4353 829 4395 meeum.
858 4335 1085 4393 Fadum
1128 4344 1211 4390 est
1240 4334 1386 4390 enim
1417 4334 1563 4403 apud
1588 4336 1755 4406 Assy-

202 4430 309 4499 rios,
348 4435 389 4489 si
419 4434 619 4491 femina
660 4432 891 4489 irrideat
920 4432 1118 4497 virum,
1166 4429 1376 4500 agendo
1408 4437 1464 4483 ut
1495 4425 1751 4484 immunis

206 4521 255 4577 ab
273 4539 330 4581 eo
354 4536 596 4582 transeat.

256 4617 385 4676 Tunc
412 4620 657 4677 introivit
713 4617 898 4689 Vagae
928 4614 955 4653 δ
988 4615 1053 4670 ad
1083 4612 1304 4681 Judith,
1337 4620 1391 4667 et
1418 4612 1550 4667 dixit
1586 4632 1598 4667 :
1633 4612 1749 4668 Non

204 4724 414 4770 vereatur
450 4717 589 4772 bona
624 4712 802 4784 puella
852 4709 1084 4765 introire
1128 4707 1196 4762 ad
1227 4706 1505 4761 dominum
1547 4719 1751 4771 meum,

203 4812 247 4857 ut
274 4806 639 4863 honeriﬁcetur
681 4815 811 4860 ante
840 4802 1031 4858 faciem
1058 4801 1197 4871 ejus,
1234 4808 1292 4854 ut
1316 4796 1607 4853 manducet
1631 4810 1753 4853 eum

201 4910 269 4966 ea,
307 4910 357 4955 ει
381 4900 525 4956 bibat
562 4900 748 4954 vinum
784 4897 837 4951 in
884 4894 1241 4965 jucunditate.
1294 4892 1395 4949 Cui
1426 4891 1608 4946 Iudith
1669 4904 1755 4946 re-

198 4994 383 5059 spondit
410 4995 565 5063 :Qua:
584 5006 690 5062 ego
712 5006 856 5055 sum,
886 4998 943 5043 tit
966 4989 1337 5044 contradicam
1361 4987 1583 5042 domino
1602 4986 1757 5057 meo?

198 5080 349 5140 Omne
374 5086 508 5157 Quod
534 5084 639 5142 erit
660 5092 792 5140 ante
810 5081 1000 5137 oculos
1022 5080 1143 5149 ejus
1162 5080 1366 5135 bonum
1391 5085 1447 5134 et
1466 5078 1755 5148 optimum,

198 5175 388 5236 faciam.
416 5178 682 5249 Quidquid
708 5186 896 5231 autem
924 5172 999 5228 illi
1032 5173 1317 5242 placuerit,
1364 5172 1467 5227 hoc
1495 5170 1625 5225 mihi
1653 5170 1757 5227 erit

195 5270 433 5342 optimum
462 5273 713 5327 omnibus
739 5268 931 5325 diebus
954 5267 1078 5323 vita:
1108 5280 1265 5323 meae.

251 5362 319 5418 Et
340 5362 591 5431 surrexit,
621 5371 680 5418 et
712 5358 935 5414 ornavit
978 5374 1038 5413 se
1067 5357 1396 5411 vestimento
1426 5367 1546 5420 suo,
1580 5364 1633 5409 et
1679 5354 1762 5409 iu-

190 5469 359 5529 gtessa
387 5458 536 5513 stetit
564 5464 693 5513 ante
726 5454 930 5510 faciem
961 5451 1103 5522 ejus.
1132 5450 1238 5506 Cor
1276 5457 1457 5505 autem
1505 5446 1761 5504 Holofer-

246 5606 271 5636 ⁸
299 5596 527 5651 Rursum
557 5596 699 5654 idem
729 5609 838 5661 ms,
868 5599 915 5647 et
933 5588 1521 5652 introduxmrttillam,
1549 5592 1660 5661 etc.

249 5668 517 5725 Nicetius
572 5669 726 5741 idque
778 5656 1096 5721 constanter
1143 5662 1309 5719 nostri
1358 5674 1488 5716 mss.
1541 5656 1759 5727 Bagoan

192 5751 389 5799 vocant.

1849 3229 2017 3287 fernis
2068 3227 2282 3282 ancillae
2339 3239 2473 3291 suae,
2508 3233 2563 3281 et
2602 3223 2766 3295 jussit
2811 3230 2871 3277 ut
2924 3221 3167 3276 mitteret
3216 3217 3347 3274 illud
3386 3216 3443 3273 in

1850 3336 2035 3393 peram
2066 3333 2241 3375 suam.

1922 3416 1989 3471 Et
2016 3414 2266 3469 exierunt
2297 3410 2441 3478 dure,
2466 3407 2768 3466 secundum
2791 3404 3242 3463 consuetudinem
3266 3416 3445 3471 suam,

1850 3510 2001 3581 quasi
2034 3509 2101 3563 ad
2129 3506 2459 3571 orationem,
2486 3512 2544 3560 et
2576 3504 2908 3558 transierunt
2933 3507 3135 3565 castra,
3165 3504 3218 3553 ct
3248 3511 3445 3567 gyran-

1851 3611 1935 3656 tes
1978 3600 2195 3667 vallem,
2230 3605 2500 3653 venerunt
2530 3594 2597 3650 ad
2627 3605 2843 3665 portam
2895 3591 3153 3648 civitatis.
3188 3589 3258 3645 Et
3308 3588 3451 3644 dixit

1850 3693 2038 3753 Iudith
2068 3709 2096 3747 a
2128 3694 2289 3762 longe
2316 3689 2637 3745 eusmdibus
2680 3702 2961 3743 murorum
3000 3706 3010 3737 :
3044 3683 3263 3755 Aperite
3314 3698 3445 3753 por-

1854 3795 1958 3849 tas,
1991 3783 2249 3854 quoniam
2280 3781 2568 3837 nobiseum
2618 3789 2703 3835 est
2734 3779 2899 3845 Deus,
2936 3776 3028 3849 qui
3070 3776 3197 3832 fecit
3218 3774 3242 3811 ἀ
3276 3773 3450 3830 virtu-

1854 3889 1961 3935 tem
1991 3878 2047 3931 in
2073 3876 2259 3931 Israel.

1925 3968 1992 4024 Et
2017 3966 2217 4021 factum
2246 3974 2353 4032 est,
2377 3978 2498 4018 cum
2527 3960 2807 4017 audissent
2829 3960 2932 4015 viri
2960 3972 3153 4013 vocem
3180 3958 3322 4028 ejus,
3350 3969 3451 4011 vo-

1854 4071 2117 4120 caverunt
2146 4060 2498 4133 presbyteros
2542 4056 2798 4112 civitatis.
2850 4054 2915 4111 Et
2945 4061 3346 4111 concurrerunt
3380 4050 3449 4106 ad

1856 4171 1974 4213 eam
1997 4168 2207 4217 omnes,
2241 4169 2268 4205 ει
2294 4150 2519 4207 minimo
2543 4164 2713 4219 usque
2736 4146 2801 4203 ad
2830 4148 3124 4203 maximum
3152 4163 3166 4201 :
3191 4144 3448 4215 quoniam

1856 4247 2151 4318 Sperabam
2180 4244 2290 4317 [Αἰ.
2331 4240 2640 4313 speraram]
2669 4256 2788 4296 eam
2811 4240 2922 4310 jam
2963 4254 3071 4294 non
3104 4251 3225 4293 esse
3256 4244 3445 4290 ventu-

1857 4353 1995 4393 ram.
2023 4337 2089 4391 Et
2110 4333 2471 4391 accendentes
2496 4332 2810 4396 luminaria,
2834 4335 3279 4403 congyraverunt
3301 4325 3447 4379 circa

1857 4446 1976 4486 eam
2000 4428 2237 4485 universi
2267 4446 2279 4482 :
2305 4428 2396 4482 illa
2421 4437 2599 4481 autem
2628 4425 2931 4482 ascendens
2958 4423 3010 4478 in
3032 4418 3445 4477 eminentiorem

1780 4502 1833 4563 Ῑ)
1859 4527 2059 4589 locum,
2089 4521 2254 4593 jussit
2284 4520 2402 4577 fieri
2434 4518 2735 4577 silentium.
2762 4518 3011 4587 Cumque
3035 4526 3225 4569 omnes
3250 4508 3450 4565 tacuis-

1857 4627 1997 4683 sent,
2044 4616 2178 4671 dixit
2210 4612 2399 4671 Judith
2436 4632 2448 4666 :
2485 4611 2723 4667 Laudate
2779 4608 3063 4663 Dominum
3096 4604 3268 4659 Deum
3324 4612 3445 4652 nos-

1860 4719 2025 4776 trum,
2053 4707 2142 4779 qui
2169 4722 2275 4761 non
2306 4704 2544 4761 deseruit
2564 4708 2851 4774 sperantes
2875 4700 2928 4752 in
2955 4712 3014 4753 se
3040 4714 3052 4748 ε
3079 4703 3135 4749 et
3161 4694 3212 4746 iu
3239 4704 3325 4745 me
3352 4704 3452 4743 an-

1858 4802 1981 4858 cilla
2010 4816 2104 4856 sua
2132 4799 2447 4869 adimplevit
2469 4793 2903 4852 misericordiam
2933 4803 3108 4853 suam,
3141 4797 3300 4853 quam
3326 4796 3451 4851 pro-

1861 4897 2003 4954 misit
2022 4895 2205 4952 duieui
2224 4893 2390 4950 Israel
2411 4902 2494 4948 :et
2524 4884 2867 4945 interfecitin
2894 4895 3055 4934 manu
3089 4892 3208 4931 mea
3237 4875 3453 4930 hostem

1867 4988 2047 5058 populi
2100 4986 2182 5041 sui
2237 4985 2335 5039 hac
2376 4990 2557 5039 nocte.
2588 4980 2654 5033 Et
2695 4973 2974 5046 proferens
3022 4969 3089 5024 de
3132 4981 3258 5037 pera
3290 4966 3455 5034 caput

1864 5082 2193 5147 Holofernis,
2246 5081 2488 5137 ostendit
2526 5072 2660 5143 illis,
2701 5073 2886 5129 dicens
2927 5083 2943 5121 :
2977 5065 3119 5127 Ecce
3146 5071 3305 5135 caput
3347 5060 3457 5115 Ilo-

1865 5173 2135 5242 lofernis,
2184 5172 2443 5245 principis
2494 5168 2700 5227 militiae
2756 5159 3151 5229 Assyriorum,
3211 5167 3268 5212 et
3327 5166 3459 5210 ecce

1865 5280 2174 5338 eonopeum
2230 5244 2404 5325 illius,
2461 5263 2513 5317 in
2546 5273 2653 5327 quo
2701 5250 3055 5311 recumbebat
3105 5252 3159 5305 in
3198 5244 3463 5338 ebrietate

1866 5375 1985 5427 sua,
2014 5330 2109 5414 'ubi
2137 5372 2231 5428 per
2258 5368 2475 5410 manum
2518 5348 2733 5404 femina:
2779 5343 3054 5416 percussit.
3092 5343 3243 5397 illum
3275 5330 3460 5391 Domi-

1870 5465 1974 5507 nus
2002 5450 2149 5505 Deus
2181 5456 2386 5501 noster.
2426 5442 2569 5497 Vivit
2599 5448 2778 5494 autem
2835 5437 2950 5506 ipse
2996 5435 3277 5499 Dominus,
3326 5439 3463 5497 quo-

1938 5594 1962 5623 ο
1994 5584 2121 5638 Plus
2150 5581 2315 5635 habet
2342 5578 2559 5651 Reginae
2586 5592 2714 5651 ms.,
2744 5583 2796 5627 ut
2823 5571 3065 5651 cogitavi,
3099 5575 3205 5651 etc.

1939 5652 1965 5691 ίί
1994 5637 2219 5709 Palatio.
2254 5666 2382 5718 ms.,
2405 5637 2749 5721 f‘e’citsafute'm
2778 5637 3013 5710 mag—nam
3040 5642 3093 5695 in
3128 5637 3312 5694 Israel.
