3960 6208
546 221 618 281 55

1564 215 1623 275 S.
1665 213 2050 275 HIEBONYSII
2089 215 2140 274 Di

2253 215 2320 273 iA
2359 216 2845 278 BIBLIOTIIECA.
3775 231 3838 294 56,

563 333 713 388 niam
735 329 1031 388 custodivit
1060 344 1149 388 me
1176 328 1403 402 angelus
1429 327 1573 398 ejus,
1599 337 1656 385 et
1673 328 1802 385 hinc
1823 339 2068 394 euntem,
2096 339 2152 386 et
2175 333 2230 392 Α
2257 331 2423 388 Israel
2452 333 2562 407 [Αι.
2593 334 2649 389 in
2677 333 2894 404 Israel},
2927 336 3124 395 relicto
3146 338 3474 409 gentilitatis
3504 340 3605 397 titu
3628 382 3645 409 ,
3674 345 3833 402 credi—

553 425 630 481 ihi
657 434 1110 489 commorantem,
1142 434 1198 478 et
1226 423 1353 479 inde
1378 423 1484 478 huc
1521 433 1914 489 revertentem,
1957 432 2014 478 et
2043 437 2152 478 non

557 519 808 589 permisit
848 533 934 573 me
983 517 1246 572 Dominus
1288 516 1542 571 ancillam
1590 529 1742 570 suam
1779 515 2147 586 coinquinari,

553 609 651 665 sed
682 611 800 663 sine
824 607 1125 678 pollutione
1153 607 1362 678 peccati
1394 607 1673 662 revocavit
1714 621 1804 664 me
1831 607 1988 662 vobis
2015 623 2151 675 gau-

550 700 768 756 dentem
797 701 850 754 in
885 699 1112 754 victoria
1142 713 1263 762 sua,
1291 698 1345 752 in
1370 699 1627 754 evasione
1669 713 1815 763 mea,
1843 707 1900 753 et
1929 699 1984 752 in
2007 697 2149 753 libe-

547 795 764 850 ratione
812 803 1014 849 vestra.
1050 802 1077 830 ι
1108 791 1460 848 Confitemini
1507 792 1582 846 illi
1628 806 1845 858 omnes,
1892 791 2149 862 quoniam

547 887 746 952 bonus,
779 888 1038 958 quoniam
1072 885 1125 940 in
1155 885 1414 940 szecuium
1447 884 1826 939 misericordia
1852 884 1993 954 ejus.

620 977 870 1035 Universi
902 988 1086 1033 autem
1114 978 1409 1034 adorantes
1441 977 1764 1042 Dominum,
1795 976 2058 1032 dixerunt
2079 975 2150 1032 ad

549 1087 672 1128 eam
702 1091 713 1124 :
748 1071 1034 1127 Benedixit
1066 1080 1120 1128 te
1151 1071 1414 1128 Dominus
1439 1072 1496 1126 in
1521 1071 1724 1127 virtute
1751 1085 1874 1137 sua,
1904 1071 2028 1142 quia
2052 1085 2150 1141 per

545 1175 601 1221 te
627 1166 694 1220 ad
724 1165 948 1219 nihilum
980 1164 1192 1236 redegit
1222 1163 1473 1219 inimicos
1493 1172 1734 1218 nostros.
1759 1162 1934 1218 Porro
1961 1162 2143 1230 Ozias,

542 1259 801 1329 princeps
829 1256 1012 1328 populi
1045 1256 1232 1322 Israel,
1264 1256 1402 1310 dixit
1443 1255 1511 1310 ad
1551 1269 1672 1310 eam
1703 1272 1718 1309 :
1761 1255 2054 1310 Benedicta
2086 1269 2147 1310 es

546 1358 604 1404 tu
624 1350 731 1404 filia
759 1362 788 1401 a
833 1348 1065 1403 Domino
1105 1348 1220 1402 Deo
1247 1346 1489 1416 excelso,
1521 1361 1635 1417 prae
1661 1345 1918 1401 omnibus
1945 1345 2144 1401 mulie-

542 1443 696 1498 ribus
723 1456 889 1512 super
914 1451 1138 1497 terram.
1165 1441 1496 1496 Benedictus
1529 1439 1835 1506 Dominus,
1866 1440 1958 1509 qui
1984 1453 2145 1496 crea-

540 1535 622 1592 vit
647 1536 845 1592 caelum
878 1543 933 1589 ct
965 1544 1192 1598 terram,
1219 1532 1316 1604 qui
1346 1540 1400 1588 te
1427 1532 1634 1588 direxit
1660 1532 1714 1586 in
1741 1532 1974 1587 vulnera
1997 1535 2147 1604 capi-

547 1630 618 1684 tis
645 1627 907 1698 principis
938 1627 1285 1683 inimicorum
1317 1635 1631 1680 nostrorum
1659 1624 1820 1695 :quia
1855 1623 2016 1680 hodie
2047 1639 2144 1681 no-

2259 425 2340 479 dit
2372 425 2505 490 Deo,
2533 435 2588 482 et
2607 426 2950 483 circumcidit
2984 445 3209 488 amem
3237 434 3491 504 praputii
3520 434 3629 504 sui,
3660 445 3716 491 et
3743 451 3826 507 ap-

2257 515 2467 587 positus
2504 528 2588 572 est
2619 519 2687 573 ad
2715 522 2976 591 populum
3001 533 3024 561 ε
3049 521 3238 591 Israel,
3280 534 3336 580 et
3363 527 3546 582 omnis
3574 530 3831 585 successio

2255 610 2476 679 generis
2496 611 2616 681 ejus
2638 627 2812 683 usque
2840 615 2894 668 in
2925 613 3250 672 hodiernum
3281 617 3450 674 diem.

2327 703 2450 759 )on
2472 716 2656 761 autem
2679 716 2741 762 ut
2767 719 2922 764 ortus
2946 721 3034 765 est
3052 710 3172 767 dies
3193 753 3210 777 ,
3236 713 3647 784 suspenderunt
3682 732 3830 790 super

2254 813 2443 855 muros
2465 809 2632 880 caput
2657 800 2992 869 Ilolofernis,
3020 806 3340 878 accepitque
3363 812 3733 884 unusquisque
3761 817 3830 871 vir

2255 907 2407 947 arma
2428 909 2550 957 sua,
2580 903 2639 948 et
2661 895 2867 964 egressi
2887 907 3160 953 suntcum
3175 899 3373 969 grandi
3399 904 3630 973 strepitu
3648 915 3702 960 et
3721 906 3828 961 ulu-

2255 983 2388 1039 latu.
2414 984 2570 1052 Quod
2597 985 2847 1041 videntes
2873 989 3251 1058 exploratores
3271 1032 3288 1057 ,
3313 990 3384 1046 ad
3435 991 3826 1052 tabernaculum

2253 1075 2567 1132 Ilolofernis
2589 1089 2971 1135 cucurrerunt.
2998 1083 3171 1137 Porro
3196 1083 3252 1137 bi
3277 1084 3370 1154 qui
3401 1085 3454 1139 in
3496 1087 3827 1146 tabernaculo

2253 1179 2434 1236 erant,
2461 1172 2768 1238 venientes,
2791 1181 2847 1228 et
2873 1183 3002 1230 aute
3016 1175 3320 1246 ingressum
3351 1178 3588 1236 cubiculi
3609 1191 3826 1252 perstre-

2252 1269 2473 1332 pentes,
2504 1263 2784 1320 excitandi
2809 1267 3006 1336 gratia,
3040 1267 3470 1338 inquietudinem
3493 1282 3610 1328 arte
3647 1275 3826 1331 molie-

2250 1353 2472 1421 bantur,
2507 1366 2566 1410 ut
2597 1371 2705 1411 non
2750 1357 2822 1412 ab
2846 1359 3262 1428 excitantibus,
3306 1363 3403 1418 sed
3441 1379 3475 1419 a
3523 1369 3827 1424 sonantibus

2250 1445 2577 1502 Ilolofernes
2603 1448 2912 1518 evigilaret.
2941 1449 3142 1506 Nullus
3168 1452 3314 1507 enim
3363 1453 3596 1511 audebat
3624 1458 3829 1515 cubicu-

2250 1538 2364 1594 lum
2388 1539 2612 1594 virtutis
2636 1539 2992 1611 Assyriorum
3019 1542 3290 1614 pulsando
3310 1555 3407 1600 aut
3432 1547 3687 1603 intrando
3712 1564 3828 1621 ape-

2249 1630 2386 1688 rire.
2409 1632 2516 1689 Sed
2539 1648 2664 1690 cum
2683 1636 2962 1691 venissent
2977 1636 3100 1706 ejus
3118 1637 3285 1694 duces
3307 1653 3373 1694 ac
3401 1640 3624 1706 tribuni.
3648 1651 3703 1698 et
3721 1643 3827 1699 uni-

547 1740 673 1780 men
702 1732 851 1778 tuum
881 1723 953 1776 ita
985 1720 1372 1793 tttagnificavit,
1404 1729 1465 1774 ut
1494 1733 1603 1774 non
1634 1718 1859 1774 recedat
1904 1719 2022 1775 laus
2053 1727 2142 1775 tua
2173 1725 2224 1786 Β
2250 1725 2399 1781 versi
2430 1725 2669 1794 majores
2689 1727 2966 1783 exercitus
2987 1725 3016 1766 δ
3036 1728 3181 1799 regis
3197 1729 3568 1802 Assyriorum,
3585 1733 3828 1790 dixerunt

543 1815 719 1871 deore
739 1814 1042 1879 hominum,
1059 1813 1149 1882 qui
1170 1825 1443 1867 memores
1469 1810 1674 1865 fuerint
1697 1810 1917 1867 virtutis
1933 1811 2146 1867 Domini

543 1909 598 1964 in
630 1916 919 1972 aeternum,
960 1921 1057 1976 pro
1100 1906 1298 1976 quibus
1325 1921 1434 1960 non
1461 1904 1755 1974 pepercisti
1785 1903 1983 1960 anima:
2011 1912 2143 1972 tuae,

543 2009 776 2070 propter
802 1999 1083 2070 angustias
1107 2008 1163 2054 et
1189 1998 1595 2054 tribulationem
1626 1998 1848 2068 generis
1890 1998 2002 2064 tui,
2048 1998 2144 2054 sed

545 2094 850 2150 subvenisti
891 2093 1066 2148 ruina:
1108 2101 1236 2148 ante
1275 2101 1631 2162 conspectum
1680 2092 1780 2149 Dei
1821 2093 2024 2149 nostri.
2079 2094 2146 2149 Et

545 2185 686 2243 dixit
711 2187 891 2242 omnis
920 2187 1153 2257 populus
1182 2203 1198 2240 :
1230 2186 1375 2250 Fiat,
1404 2185 1521 2241 fiat.

617 2279 791 2335 Porro
833 2280 1039 2335 Acbior
1071 2287 1302 2334 vocatus
1344 2278 1512 2345 venit,
1540 2285 1597 2334 et
1622 2278 1762 2334 dixit
1807 2278 1858 2334 ei
1904 2277 2144 2335 Iudith:

543 2371 690 2426 Deus
738 2369 930 2437 Israel,
962 2370 1046 2426 cui
1100 2379 1157 2425 tu
1185 2370 1555 2426 testimonium
1584 2369 1782 2426 dedisti
1812 2371 1956 2442 quod
1984 2372 2146 2426 ulcis-

543 2472 700 2519 catur
731 2477 793 2519 se
819 2463 888 2519 de
919 2463 1152 2518 inimicis
1181 2463 1318 2532 suis,
1348 2463 1466 2534 ipse
1485 2471 1649 2534 caput
1679 2465 1923 2521 omnium
1961 2465 2143 2522 increo

540 2553 800 2611 dulorum
829 2555 1019 2611 incidit
1047 2554 1149 2612 hac
1178 2563 1338 2611 nocte
1368 2556 1420 2610 in
1451 2571 1616 2611 manu
1662 2571 1804 2612 mea.
1833 2557 1904 2613 Et
1929 2566 1988 2613 ut
2015 2573 2145 2630 pro-

543 2646 641 2702 bes
670 2647 798 2717 quia
844 2646 914 2700 ita
951 2655 1060 2713 est,
1085 2660 1214 2702 ecce
1245 2655 1404 2716 caput
1437 2646 1772 2710 Ilolofernis.
1803 2649 1897 2719 qui
1928 2648 1986 2704 in
2005 2663 2140 2705 con-

541 2744 752 2806 temptu
774 2737 1046 2807 superbia:
1067 2750 1181 2792 sua:
1207 2737 1374 2792 Deum
1400 2735 1567 2792 Israel
1589 2739 1939 2808 contempsit,
1963 2748 2021 2796 et
2045 2740 2144 2797 tibi

541 2829 821 2886 interitum
875 2828 1184 2886 minabatur
1209 2871 1227 2896 ,
1269 2830 1460 2887 dicens
1501 2847 1516 2888 :
1557 2828 1691 2885 Cum
1741 2840 1933 2903 captus
1980 2833 2145 2890 fuerit

542 2923 776 2994 populus
813 2919 1014 2988 Israel,
1062 2922 1244 2993 gladio
1293 2922 1558 2994 perforari
1605 2925 1918 2995 praecipiam
1967 2925 2141 2983 latera

540 3021 653 3072 tua.
713 3013 918 3071 Videtis
945 3021 1126 3070 autem
1147 3013 1352 3072 Acltior
1377 3025 1541 3086 caput
1565 3015 1906 3085 Ilolofernis,
1939 3033 2142 3091 angus-

2251 1815 2647 1873 cubiculariis:
2697 1817 2935 1887 Intrate,
2965 1828 3023 1875 et
3067 1825 3305 1878 excitate
3347 1823 3537 1891 illum,
3586 1827 3826 1897 quoniam

2250 1910 2462 1980 egressi
2489 1925 2672 1967 mures
2700 1910 2773 1968 de
2804 1914 3057 1969 cavernis
3080 1915 3216 1982 suis,
3250 1915 3370 1972 ausi
3397 1925 3526 1972 sunt
3545 1931 3826 1988 provocare

2250 2015 2353 2057 nos
2380 2001 2449 2057 ad
2477 2002 2753 2074 prtelium.

2320 2093 2477 2149 'I‘unc
2503 2094 2785 2165 ingressus
2813 2095 3001 2166 Vagae
3024 2096 3338 2154 cubiculum
3364 2100 3506 2170 ejus,
3540 2101 3694 2159 stetit
3715 2110 3825 2159 ante

2178 2230 2188 2236 .
2248 2185 2541 2254 cortinam,
2571 2195 2628 2242 et
2649 2187 2901 2257 plausum
2921 2189 3050 2245 fecit
3070 2191 3322 2247 manibus
3342 2192 3458 2249 suis
3491 2210 3507 2248 :
3534 2194 3826 2266 suspicaba-

2248 2284 2337 2333 tur
2363 2279 2509 2334 enim
2538 2279 2692 2334 illum
2716 2295 2838 2336 cum
2861 2281 3043 2338 Iudith
3068 2284 3329 2341 dormire.
3355 2287 3463 2343 Sed
3484 2303 3612 2344 cum
3636 2289 3824 2346 nullum

2247 2380 2455 2427 motum
2479 2373 2716 2442 jacentis
2740 2389 2904 2430 sensu
2931 2377 3153 2434 aurium
3196 2389 3442 2451 caperet,
3462 2383 3698 2439 accessit
3719 2397 3829 2454 pro-

2248 2464 2463 2519 ximans
2488 2465 2555 2520 ad
2586 2467 2854 2522 cortinam
2877 2509 2896 2535 ,
2925 2478 2982 2524 et
3036 2470 3258 2527 elevans
3312 2487 3434 2528 eam
3470 2513 3488 2541 ,
3547 2475 3829 2546 vidensque

2246 2557 2481 2614 cadaver
2535 2559 2740 2629 alisque
2779 2562 2961 2632 capite
3017 2561 3331 2620 Ilolofernis
3411 2566 3467 2620 in
3545 2581 3649 2622 suo
3711 2581 3827 2622 san-

2245 2649 2415 2720 guine
2448 2651 2778 2708 labefactum
2823 2653 3009 2722 jacere
3044 2669 3212 2724 super
3249 2663 3486 2722 terram,
3514 2655 3830 2713 exclamavit

2251 2759 2389 2802 voce
2419 2761 2616 2818 magna
2664 2762 2789 2803 cum
2821 2749 2977 2816 fietu,
3006 2759 3061 2805 et
3084 2749 3249 2805 scidit
3273 2751 3604 2807 vestimenta
3631 2766 3741 2807 sua.
3770 2749 3829 2806 Et

2247 2837 2528 2908 ingressus
2559 2837 2971 2894 tabernaculum
2998 2838 3211 2906 Iudith,
3240 2856 3351 2896 non
3385 2841 3592 2899 invenit
3619 2857 3758 2908 eam,
3781 2849 3831 2896 et

2245 2927 2451 2983 exsiliit
2477 2926 2625 2985 foras
2644 2929 2715 2984 ad
2743 2929 3028 3000 populum,
3053 2940 3111 2986 et
3129 2930 3269 2986 dixit
3299 2949 3316 2988 :
3347 2931 3464 2988 Una
3492 2932 3692 2989 mulier
3734 2933 3829 2987 lle-

2244 3019 2392 3077 braaa
2424 3021 2555 3079 fecit
2574 3023 2951 3080 confusionem
2979 3024 3032 3079 in
3053 3024 3217 3080 domo
3242 3026 3388 3097 regis
3416 3025 3832 3082 Nabuchodono-

537 3105 704 3160 tiatus
728 3119 842 3174 pra:
869 3119 1096 3174 pavore,
1122 3105 1320 3161 cecidit
1350 3107 1405 3161 in
1434 3107 1628 3164 faciem
1652 3123 1807 3164 suam
1833 3125 2001 3180 super
2022 3120 2133 3168 ter-
2163 3106 2209 3169 C
2242 3131 2374 3172 sor:
2405 3130 2538 3173 ecce
2563 3117 2710 3174 enim
2740 3116 3064 3174 Ilolofernes
3086 3117 3237 3189 jacet
3263 3118 3318 3176 in
3345 3127 3486 3176 terra
3510 3159 3528 3187 ,
3574 3130 3633 3177 et
3677 3127 3832 3190 caput

538 3209 684 3259 ram,
735 3203 791 3248 et
838 3195 1090 3249 aestuavit
1110 3197 1291 3252 anima
1329 3196 1493 3266 ejus;
1537 3207 1728 3268 postea
1771 3215 1904 3257 vero
1951 3217 2135 3274 quam,

540 3291 828 3355 resumpto
873 3283 1090 3354 spiritu,
1139 3296 1416 3342 recreatus
1447 3296 1553 3355 est,
1597 3289 1830 3360 procidit
1874 3293 1942 3349 ad
1970 3295 2139 3364 pedes

541 3379 683 3448 ejus,
706 3386 762 3434 et
783 3377 1033 3434 adoravit
1053 3393 1199 3448 eam,
1247 3388 1304 3436 et
1333 3380 1469 3437 dixit
1499 3399 1514 3438 :
1547 3382 1842 3440 Benedicta
1872 3395 1932 3442 tu
1972 3402 2002 3441 a
2029 3387 2142 3444 Deo

543 3477 640 3524 tuo
688 3469 740 3524 in
788 3469 938 3524 omni
983 3469 1336 3527 tabernaculo
1355 3470 1551 3539 Iacob,
1598 3476 1853 3546 quoniam
1909 3477 1963 3534 in
1990 3479 2142 3535 omni

542 3569 727 3630 gente,
756 3574 880 3630 qua:
909 3561 1144 3618 audierit
1165 3576 1364 3621 nomen
1389 3572 1564 3634 tuum,
1591 3568 2025 3641 magnificabitur
2046 3587 2140 3629 su-

543 3665 642 3720 per
668 3659 722 3706 te
752 3650 896 3706 Deus
920 3652 1110 3709 Israel.

617 3741 769 3814 [Cap.
789 3741 956 3817 XIV.]
979 3744 1312 3806 Dixitautem
1331 3748 1515 3807 Iudith
1537 3751 1607 3809 ad
1627 3766 1843 3812 omnem
1857 3759 2139 3830 populum:

544 3834 742 3892 Audite
771 3853 877 3902 nte,
905 3839 1122 3908 fratres,
1150 3844 1468 3914 suspendite
1495 3856 1662 3918 caput
1684 3848 1790 3906 hoc
1816 3866 1981 3924 super
2024 3870 2141 3911 mu-

545 3942 638 3983 ros
665 3937 928 3989 nostros:
959 3939 1015 3988 et
1042 3933 1170 4002 erit,
1201 3951 1325 3994 cum
1349 3940 1548 3996 exierit
1573 3941 1656 3998 sol
1696 3946 1928 4017 accipiat
1965 3963 2130 4006 unus-
2187 3961 2206 3974 '

541 4021 772 4091 quisque
801 4037 952 4078 arma
981 4038 1100 4092 sua,
1133 4037 1190 4084 et
1208 4029 1354 4087 exite
1378 4046 1502 4087 cum
1533 4033 1763 4105 impetu,
1794 4051 1902 4092 non
1950 4049 2010 4095 ut
2043 4043 2141 4098 de-

545 4113 822 4170 sccndatis
864 4115 1120 4174 deorsum
1148 4161 1164 4187 ,
1215 4123 1312 4176 sed
1361 4125 1518 4194 quasi
1558 4124 1821 4197 impetum
1855 4129 2136 4193 facientes.

545 4207 698 4262 Tunc
726 4209 1104 4278 exploratores
1137 4227 1359 4273 necesse
1385 4216 1490 4272 erit
1521 4227 1579 4272 ut
1610 4219 1816 4292 fugiant
1837 4223 1904 4279 ad
1937 4227 2139 4297 princi-

539 4312 663 4367 pem
695 4313 852 4356 suum
882 4301 908 4339 b
935 4304 1286 4362 excitandum
1316 4308 1383 4363 ad
1416 4324 1670 4380 pugnam.
1701 4312 1944 4386 Cumque
1972 4317 2139 4379 duces

541 4405 730 4447 eorum
762 4394 1103 4450 cucurrerint
1130 4396 1196 4453 ad
1238 4399 1646 4459 tabernaculum
1675 4404 1986 4468 Ilolofernis
2013 4453 2029 4480 ,
2080 4424 2136 4470 et

2247 3207 2367 3278 ejus
2397 3222 2506 3262 non
2529 3217 2615 3264 est
2643 3209 2697 3263 in
2725 3209 2846 3266 illo.

2316 3297 2471 3366 Quod
2487 3312 2611 3354 cum
2639 3299 2923 3356 audissent
2941 3301 3215 3373 principes
3235 3302 3454 3359 virtutis
3470 3302 3828 3376 Assyriorum,

2247 3387 2528 3445 sciderunt
2551 3404 2744 3447 omnes
2771 3392 3101 3449 vestimenta
3129 3408 3249 3462 sua,
3277 3403 3335 3452 et
3362 3393 3730 3452 intolerabilis
3765 3395 3827 3450 ti-

2249 3495 2371 3537 mor
2392 3489 2450 3539 et
2477 3491 2684 3540 tremor
2709 3485 2908 3542 cecidit
2931 3501 3097 3560 super
3123 3503 3242 3556 eos,
3273 3498 3328 3545 et
3350 3489 3552 3546 turbati
3579 3500 3707 3548 sunt
3727 3490 3832 3546 ani-

2249 3572 2323 3628 mi
2353 3587 2546 3632 eorum
2572 3576 2750 3634 valde.
2785 3577 2855 3634 Et
2881 3577 3056 3636 factus
3080 3590 3164 3636 est
3186 3579 3394 3639 clamor
3440 3582 3832 3657 incomparabi-

2245 3663 2313 3720 lis
2339 3664 2392 3720 in
2421 3675 2445 3704 ο
2477 3667 2658 3723 medio
2683 3678 2986 3728 castrorum
3008 3685 3224 3729 eorum.

2319 3756 2468 3832 [ϐαρ.
2503 3759 3135 3836 XV.]Cumque~omnis
3182 3766 3467 3827 exercitus
3508 3768 3829 3829 decollatum

2244 3861 2595 3920 Ilolofernem
2614 3865 2880 3936 audisset,
2913 3869 3048 3939 fugit
3070 3885 3224 3927 mens
3248 3879 3306 3928 et
3324 3873 3617 3931 consilium
3640 3874 3708 3932 ab
3735 3872 3829 3942 eis,

2243 3972 2297 4020 et
2321 3963 2440 4020 solo
2464 3975 2704 4023 tremore
2732 3975 2789 4022 et
2811 3975 2960 4024 metu
2981 3969 3197 4040 agitati,
3225 3970 3374 4042 fuga:
3402 3973 3719 4044 pmsidium
3747 3989 3830 4028 su—

2242 4075 2434 4121 munt:
2470 4066 2540 4122 ita
2567 4075 2630 4122 ut
2650 4067 2828 4123 nullus
2862 4068 3180 4141 loqueretur
3221 4086 3347 4130 cum
3394 4073 3654 4145 proximo
3692 4091 3790 4132 suo
3812 4116 3827 4142 .

2243 4169 2337 4226 sed
2368 4167 2387 4208 ί
2423 4169 2683 4225 inclinato
2703 4171 2901 4242 capite,
2931 4171 3142 4229 relictis
3169 4175 3447 4244 omnibus,
3471 4178 3714 4235 evadere
3733 4179 3850 4242 fes-,

2242 4269 2488 4328 tinabant
2516 4270 2794 4337 Hebraeos,
2819 4288 2959 4344 quos
2978 4284 3216 4333 armatos
3243 4293 3406 4348 super
3449 4294 3516 4336 se
3571 4282 3764 4338 venire
3804 4290 3828 4328 ε

2240 4371 2554 4438 audiebant,
2587 4371 2852 4444 fugientes
2883 4387 2982 4445 per
3004 4376 3121 4432 vias
3147 4391 3464 4452 camporum
3494 4389 3553 4438 et
3606 4382 3827 4440 semitas

540 4485 851 4542 invenerint
873 4503 998 4544 eum
1033 4498 1281 4547 truncum
1307 4494 1359 4550 in
1387 4509 1486 4551 suo
1515 4498 1780 4570 sanguine
1801 4475 2130 4578 volutatum,
2162 4496 2216 4556 D
2237 4475 2478 4578 °°’_"F’_'“°

542 4574 757 4632 decidet
785 4595 952 4650 super
978 4595 1073 4637 eos
1102 4582 1282 4640 timor.
1319 4583 1426 4659 [ΑΙ.
1457 4592 1708 4666 tremor.]
1741 4594 1987 4670 Cumque
2039 4574 2132 4658 co;

536 4672 834 4762 gnoveritis
860 4673 1050 4745 fugere
1075 4689 1194 4744 eos,
1227 4676 1301 4734 ite
1329 4689 1451 4749 post
1478 4680 1605 4739 illos
1625 4687 1846 4756 securi,
1875 4690 2133 4762 quoniam

536 4759 800 4819 Dominus
831 4777 1083 4824 conteret
1111 4782 1208 4825 eos
1237 4769 1342 4827 sub
1369 4772 1598 4844 pedibus
1627 4781 1848 4838 vestris.

543 4919 575 4943 ν
607 4853 760 4911 'I‘unc
780 4857 988 4915 Acltior
1024 4859 1218 4917 videns
1243 4862 1501 4922 virtutem
1531 4907 1548 4936 ,
1594 4882 1756 4940 quam
1803 4872 1933 4932 fecit
1987 4875 2132 4936 Deus

612 5059 636 5141 ξ
661 5049 930 5141 eodem
959 5074 1086 5141 ms.,
1111 5060 1466 5141 conﬁteantur
1492 5067 1576 5125 illi
1599 5087 1794 5141 omnes,
1828 5084 1936 5136 etc.

607 5117 635 5216 ξ
663 5117 1905 5216 Pun-tntis.,nudrecitauitumveumvad'pugua‘ui:

606 5200 629 5272 ξ
663 5191 1201 5272 Interserit'f’alatin.
1229 5223 1332 5262 tns.
1364 5191 1824 5272 tiié’hsiﬁén’iiéi:

601 5259 629 5349 (ξ
789 5282 918 5349 vero
944 5285 1137 5349 nomen
1169 5259 1801 5345 regis

605 5342 629 5412 ς
669 5335 908 5412 _l_’alatin_.
935 5356 1064 5406 ms.,
1095 5345 1148 5397 in
1175 5335 1342 5402 mcdt'u
1371 5335 1540 5406 castra

605 5400 623 5438 ί
654 5405 827 5498 ιὶξιῐεΐ
853 5409 1073 5498 Graecus
1116 5413 1296 5498 liabet,
1323 5424 1412 5475 sed
1441 5424 1591 5498 emisi
1616 5400 1949 5498 unanimiter,
1995 5433 2117 5491 ἀλλά

529 5471 828 5557 ἔκχυοενιςες
892 5471 1248 5553 ὁμοθυμαδὸνέ
1282 5471 2111 5574 ’[ηῐῖῗιῖ

529 5557 826 5629 ttut‘verttt,
860 5554 982 5629 sed“
1013 5554 1263 5609 inclinato
1311 5563 1480 5628 capite
1511 5607 1526 5629 ,
1586 5583 1692 5625 non
1743 5588 1810 5627 ex
1855 5519 2111 5629 Cialdmo

527 5550 826 5633 flﬂlI-I‘Xcrlli:
860 5554 982 5633 sed“
1013 5550 1263 5609 inclinato
1311 5550 1480 5628 capite
1511 5607 1526 5632 ,
1577 5550 1815 5627 siin}?

527 5619 702 5674 tcxttt,
732 5618 824 5668 sed
851 5633 916 5672 ex
943 5619 1132 5677 Graeco

527 5678 745 5740 Grotius
772 5685 989 5747 legisse.
1018 5640 1188 5747 ἐκκλιᾶ

520 5678 745 5740 Grotius
772 5685 989 5756 legisse,
1018 5692 1146 5749 ἐκκλι

1188 5698 1198 5714 ο

1179 5700 1336 5759 ἐντις.
1362 5700 1475 5771 Ego
1503 5715 1566 5760 ut
1584 5708 1704 5778 ejus
1735 5700 2109 5783 conjecturam

2311 4575 2574 4632 Videntes
2606 4575 2791 4650 itaque
2820 4576 2916 4635 filii
2947 4577 3113 4636 Israel
3166 4580 3455 4654 fugientes,
3487 4588 3664 4643 secuti
3705 4594 3828 4644 sunt

2237 4677 2380 4734 illos.
2410 4677 2926 4752 Descenderuntque
2955 4680 3272 4754 clangentes
3297 4682 3473 4754 tubis,
3500 4695 3559 4744 et
3608 4689 3824 4745 ululan-

2237 4789 2318 4839 tes
2345 4788 2469 4853 post
2494 4781 2665 4852 ipsos.
2695 4781 2764 4836 Et
2789 4782 3048 4852 quoniam
3076 4783 3285 4859 Assyrii
3310 4801 3416 4844 non
3455 4787 3718 4860 adunati,
3772 4791 3825 4847 in

2235 4880 2418 4953 fugam
2449 4880 2600 4938 ibant
2620 4881 2930 4954 praecipites
2963 4899 2979 4941 :
3015 4882 3112 4942 filii
3141 4895 3324 4944 autem
3372 4887 3544 4946 Israel
3590 4905 3708 4948 uno
3735 4906 3827 4964 ag-

2228 5085 2538 5169 admittam2
2588 5103 2694 5144 non
2727 5099 2904 5169 tamen
2925 5092 3323 5169 _I_I_ier_onymum
3366 5098 3584 5156 credam
3615 5101 3825 5158 Grteca‘.

2229 5157 2478 5233 lectionis
2507 5159 2791 5230 deceptum
2816 5157 3194 5233 similitudine,
3213 5182 3334 5224 cum
3353 5169 3601 5227 Graecum
3629 5157 3828 5228 exem-

2228 5228 2350 5310 plar
2381 5231 2563 5315 in_hac
2591 5228 2907 5315 adornanda
2939 5228 3452 5315 versio_ne_om‘nino
3491 5257 3600 5297 non
3629 5245 3825 5315 attige-

2229 5297 2832 5380 rit,’_sed_ve_t_ttstiorem
2858 5305 3086 5380 fortasse
3113 5309 3292 5364 Latin.
3316 5297 3681 5380 interpretem,
3698 5297 3822 5379 ,‘it‘a

2231 5377 2291 5423 ut
2309 5371 2502 5452 Grotio
2524 5373 2678 5452 libet,
2703 5375 3154 5452 legere_pottt_iss_e_
3171 5390 3394 5452 autumo
3420 5400 3431 5434 :
3464 5371 3623 5452 cujus
3649 5371 3826 5440 inter-

2229 5443 2585 5516 pretationem
2616 5443 2819 5516 absque
2847 5445 2962 5500 ullo
2989 5448 3294 5506 Cltaldaicte
3317 5443 3559 5509 veritatis
3590 5463 3648 5511 et
3685 5454 3825 5512 recti

2217 5523 2410 5584 sensus
2437 5513 2971 5584 dispendio'llieron.
3002 5520 3310 5575 retinuerit.

2290 5591 2315 5629 ε
2344 5582 2568 5668 Ileginie
2595 5600 2721 5654 ms.,
2751 5593 2977 5644 armatos
2996 5591 3166 5645 venire
3194 5605 3349 5662 super
3367 5609 3423 5650 se
3444 5595 3707 5664 videbant,
3734 5597 3819 5668 [tt-

1191 5634 1632 5724 erqt‘tamusimiii
1678 5643 1860 5724 verbo.
1906 5648 2115 5715 putavit
2215 5634 2569 5724 gient‘csfelcv.
