3960 6208
164 300 228 360 ιιι
1264 301 1469 358 Lini-2n
1508 303 1649 360 JOB.
1693 301 1968 358 ALTERA
2003 302 2273 359 vsusm.
2915 275 2918 278 ’
3295 259 3303 264 ”
3367 305 3440 366 ω

340 417 422 474 Ex
447 417 652 491 epistola
676 419 772 491 71ζ
782 417 935 491 _alias
967 417 1053 483 lt),
1089 417 1460 490 S.‘Augmtini
1485 419 1553 473 ad

744 489 1144 560 Hieronymum.

236 621 291 678 In
325 622 420 677 hac
446 632 613 695 autem
645 623 881 692 cpistola
911 624 1012 680 hoc
1038 623 1210 690 addo,
1244 625 1387 695 quod
1425 635 1612 694 postea
1653 625 1732 682 di-

169 696 394 750 dicimus
416 738 431 760 ,
474 710 535 766 ex
568 694 794 749 llebrzeo
824 695 922 751 .loe
959 710 988 748 a
1020 706 1070 748 te
1098 694 1512 766 interpretatum
1542 741 1556 761 ,
1607 711 1728 752 eum

162 766 272 836 jam
309 764 594 836 quamdam
645 766 968 821 haberemus
1016 764 1523 833 interpretationem
1582 777 1728 825 tuam

166 835 400 904 ejusdem
441 837 714 908 praphetaa
745 851 809 891 ex
843 837 1033 892 Gnaeo
1061 838 1278 908 eloquio
1308 854 1515 893 versam
1545 840 1594 891 in
1626 839 1726 894 La-

166 912 326 960 tinum
354 925 383 966 :,
405 907 489 961 ubi
518 917 696 962 tamen
725 909 997 963 asteriscis
1039 907 1238 964 notasti
1270 925 1389 976 qua:
1419 910 1470 964 in
1502 910 1729 966 llebra‘o

155 986 293 1041 sunt,
312 985 372 1048 et
394 980 444 1029 in
467 977 659 1032 Grmco
680 978 896 1044 desunt,
921 979 1092 1033 ohelis
1114 989 1294 1034 autem
1318 994 1438 1048 qua:
1463 981 1514 1034 in
1535 981 1728 1036 Graeco

151 1047 521 1114 inveniuntur,
553 1061 610 1105 et
642 1050 694 1104 in
726 1050 953 1104 llebrzeo
986 1065 1091 1104 non
1119 1059 1245 1104 sunt
1295 1069 1305 1102 :
1341 1047 1460 1106 tam
1493 1052 1725 1106 mirabili

54 1126 56 1128 '
150 1119 414 1192 diligentia
438 1164 452 1186 ,
487 1129 547 1192 ut
573 1121 891 1192 quibusdam
933 1121 992 1192 in
1023 1121 1156 1192 locis
1180 1121 1244 1175 ad
1275 1123 1439 1177 verba
1468 1122 1678 1190 singula
1702 1162 1721 1192 ,

150 1188 380 1261 singulas
396 1190 592 1244 stellas
615 1191 889 1261 videamus
913 1208 926 1244 :
952 1191 1320 1261 signiticmtes
1342 1193 1535 1247 eadem
1558 1188 1723 1249 ’vcrba

152 1275 264 1314 esse
291 1261 342 1313 in
369 1259 627 1325 llebra-o,
663 1263 713 1315 in
741 1260 930 1317 Gra‘co
962 1259 1141 1317 autem
1176 1279 1282 1318 non
1308 1279 1448 1318 esse.
1483 1265 1726 1317 Advertet

154 1331 346 1405 lector,
369 1332 466 1384 Irae
500 1331 810 1405 Hieronymi
839 1335 1074 1405 versione
1103 1350 1253 1388 statim
1285 1335 1445 1400 fuisse
1474 1333 1726 1405 Augusti-

150 1418 260 1476 imm
287 1402 420 1455 libro
447 1400 861 1476 ᾼΙηξοιᾳιὶὸηιιηι
886 1404 938 1456 iu
968 1403 1068 1458 Job
1104 1420 1123 1458 :
1161 1406 1521 1476 printermissis
1552 1400 1724 1472 tanien

148 1473 492 1538 Imiusremodi
523 1475 679 1546 signis
711 1476 1073 1529 asterisrornut
1113 1473 1472 1530 ct'obelorum.

1762 429 1812 482 Α
1915 415 1999 473 Ex
2027 418 2345 488 Prmfatione
2381 418 2680 490 Hieronymi
2711 420 2760 490 in
2793 435 2940 474 suam
2971 419 3363 478 translationem

2332 491 2453 546 libri
2478 489 2584 547 Job
2611 508 2674 546 ca:
2703 489 2942 548 llebra'o.

1915 625 2134 680 Discant
2167 625 2328 695 igitur
2359 626 2758 684 obtrectatores
2785 626 2892 682 mei
2925 627 3175 695 recipere
3207 627 3259 681 in
3294 636 3432 696 toto,

1838 697 1984 768 quod
2015 696 2068 751 in
2101 697 2341 766 partibus
2363 708 2720 768 susceperunt
2751 715 2764 752 :
2797 709 2890 752 aut
2921 698 3437 768 interpretationem

1839 783 2016 824 metam
2044 782 2169 824 cum
2198 768 2481 825 asteriscis
2506 769 2624 824 suis
2662 769 2880 826 radere.
2913 769 3100 840 Neque
3127 770 3274 826 enim
3314 771 3436 826 lieri

1837 848 2034 908 potest,
2072 850 2127 891 ιιι
2149 854 2288 907 quos
2313 841 2469 908 plura
2499 840 2866 896 intermisisse
2892 841 3290 908 perSpexerint,
3324 858 3437 900 rion

1835 910 2056 992 eosdem
2083 910 2248 992 etiam
2283 909 2335 963 in
2368 909 2690 992 quibusdam
2721 925 2938 992 errasse
2967 912 3234 992 fateantur
3261 930 3272 964 :
3295 928 3434 992 μεως

1835 981 1992 1048 cipue
2037 983 2089 1034 in
2119 979 2262 1045 Job,
2310 979 2399 1035 cui
2439 981 2485 1036 si
2529 996 2591 1035 ea
2624 998 2744 1050 qua:
2781 980 2882 1036 sub
2926 981 3203 1036 asteriscis
3246 981 3435 1036 addita

1835 1059 1982 1119 sunt,
2011 1051 2373 1116 subtraxeris,
2409 1067 2536 1120 pars
2562 1052 2796 1106 maxime
2818 1050 3114 1106 voluminis
3141 1051 3434 1112 detrunce-

1833 1123 1976 1176 liillll’
2003 1140 2017 1177 :
2047 1134 2100 1176 et
2133 1125 2235 1175 hoc
2257 1121 2538 1178 dumtaxat
2563 1121 2702 1190 apud
2725 1123 2968 1178 Cruleos.
2994 1124 3266 1177 Cmterum
3287 1123 3432 1193 apud

1833 1193 2054 1248 Latinos
2086 1206 2211 1246 ante
2235 1207 2355 1247 eam
2387 1193 2796 1248 translationem
2829 1209 2990 1262 quam
3023 1193 3127 1247 sub
3153 1193 3430 1250 asteriscis

1829 1274 1880 1316 et
1915 1265 2089 1318 obelis
2118 1278 2292 1330 nuper
2323 1264 2614 1330 edidimus,
2650 1264 2982 1333 septingenti
3008 1262 3182 1317 ferme
3210 1273 3304 1318 aut
3333 1280 3428 1320 oc-

1830 1337 2057 1402 tingenti
2087 1349 2278 1388 versus
2309 1334 2505 1388 desunt
2550 1351 2564 1388 :
2609 1346 2666 1389 ut
2709 1339 3024 1390 decurtatus
3052 1343 3108 1388 et
3155 1334 3429 1391 laceratus

1827 1419 2196 1530 enrrlosulsque
2225 1403 2396 1470 liber,
2433 1405 2731 1464 fteditatem
2760 1407 2843 1464 sui
2872 1405 3088 1476 publice
3119 1405 3430 1476 legentibus

1833 1494 1944 1530 lira:
1988 1492 2049 1530 (‘3
2085 1517 2096 1529 .

1833 1485 2096 1547 prmbeat.

556 1670 1167 1754 PREFATIO
1243 1673 1446 1756 HIE
1459 1674 1727 1762 RON‘.

1838 1672 1923 1754 Π
1998 1673 2120 1754 ΙΝ
2196 1674 2655 1758 LIBRUM
2727 1676 2979 1760 JOB.

213 1895 264 1952 Si
302 1905 386 1949 aut
425 1895 697 1952 ﬁscellam
741 1897 907 1967 iunco
945 1905 1186 1953 tererem
1213 1940 1229 1966 ,
1256 1864 1369 1953 'aut
1415 1898 1718 1968 palmarum
1751 1899 1799 1961 Β
1827 1895 1967 1950 tinos
1990 1895 2206 1966 jacebat
2236 1895 2290 1950 in
2319 1902 2566 1951 stercore
2592 1939 2608 1965 ,
2648 1904 2707 1950 et
2734 1896 3007 1953 vermibus
3049 1897 3293 1956 scatebat
3335 1915 3426 1957 er-

147 1987 263 2042 lolia
291 1989 681 2057 complicarem
709 2030 723 2054 ,
775 1998 833 2044 ut
871 1987 924 2044 in
965 1989 1165 2045 sudore
1195 1991 1375 2045 vultus
1406 1991 1513 2047 mei
1540 2003 1724 2046 come-

147 2079 314 2134 derem
344 2094 544 2148 panem
572 2124 586 2146 ,
623 2088 680 2134 ct
709 2081 916 2137 ventris
945 2097 1080 2151 opus
1112 2081 1344 2137 sollicita
1372 2093 1554 2138 mente
1584 2092 1723 2139 trac-

145 2183 296 2230 tarem
319 2193 331 2227 :
357 2174 550 2230 nullus
573 2175 870 2242 morderet,
906 2190 1064 2232 nemo
1091 2176 1538 2246 reprehenderet.
1567 2176 1723 2234 Nunc

144 2275 300 2320 actem
330 2268 456 2336 quia
486 2267 651 2336 juxta
679 2269 1002 2322 sententiam
1025 2268 1328 2323 Salvatoris
1359 2268 1480 2324 volo
1511 2271 1726 2337 Operari

144 2361 300 2416 rime
329 2404 341 2422 ,
375 2361 464 2431 qui
501 2378 618 2416 non
665 2361 802 2428 perit
832 2402 847 2429 ,
889 2368 945 2417 et
973 2364 1252 2432 antiquam
1278 2361 1590 2418 divinorum
1625 2363 1729 2417 Vo-

144 2453 379 2507 luminum
410 2454 590 2520 viam,
622 2453 871 2509 sentibus
893 2453 1249 2526 virgultisque
1282 2469 1547 2524 purgare,
1583 2455 1718 2510 mihi

145 2551 165 2580 δ
191 2543 444 2613 genuinus
479 2543 745 2614 inﬁgit-ir
793 2560 808 2598 ε
857 2553 1136 2600 corrector
1177 2545 1434 2600 vitiorum
1476 2545 1728 2601 falsarios

149 2651 328 2698 vocor,
380 2648 435 2692 et
481 2651 714 2693 errores
760 2651 866 2690 non
898 2637 1133 2706 auferre,
1168 2635 1265 2692 sed
1311 2651 1522 2694 serere.
1555 2637 1728 2694 Tanta

142 2739 212 2782 est
254 2729 390 2784 enim
420 2729 723 2785 vetustatis
751 2730 1087 2785 consuetudo
1115 2771 1130 2796 ,
1180 2742 1237 2784 ut
1279 2731 1442 2786 etiam
1479 2729 1728 2787 confessa

150 2821 400 2892 plerisque
424 2822 571 2878 vitia
597 2821 868 2891 placeant,
900 2823 1024 2877 dum
1053 2823 1223 2894 magis
1249 2823 1502 2894 pulchros
1527 2819 1731 2882 habere

156 2913 330 2969 malum
364 2917 629 2990 codices,
674 2930 835 2986 quam
863 2916 1202 2972 emendatos.
1233 2917 1606 2987 Quapmpter,
1638 2915 1665 2955 ιι
1698 2933 1731 2974 o

149 3006 297 3062 l’aula
324 3021 374 3063 et
400 3008 774 3063 Eustochium
798 3049 812 3073 ,
852 3010 1068 3064 unicum
1097 3009 1400 3066 nobilitatis
1429 3019 1486 3066 et
1511 3009 1729 3066 humili-

147 3100 256 3156 tatis
282 3103 592 3172 exemplar,
626 3116 724 3170 pro
757 3101 998 3168 ﬂabello,
1034 3102 1285 3170 calathis,
1319 3103 1728 3172 sportellisqnc,

146 3195 444 3248 munusculo
472 3193 904 3260 monachorum,
936 3193 1237 3264 spiritu-alia
1269 3195 1381 3250 harc
1405 3206 1454 3250 el
1479 3211 1729 3251 mansura

143 3287 271 3342 dona
309 3289 569 3360 suscipite
597 3305 611 3344 :
643 3303 708 3344 ac
749 3289 966 3344 beatum
995 3287 1096 3344 Job
1121 3289 1211 3359 qui
1252 3289 1427 3344 adhuc
1453 3289 1596 3359 apud
1630 3287 1731 3344 La-

1831 2001 2015 2041 rorum
2043 2029 2055 2050 ,
2087 1985 2358 2056 integrum
2387 2026 2402 2050 ,
2443 1971 2964 2058 immaculatu‘mque
3005 1988 3255 2058 gaudete.
3289 1990 3436 2056 Quo-

1835 2081 1995 2135 modo
2044 2080 2189 2135 enim
2261 2079 2581 2148 probatione
2632 2088 2799 2150 atque
2847 2080 3074 2136 victoria
3142 2081 3435 2152 dupliciter

1832 2176 2077 2230 universa
2109 2173 2162 2230 ei
2193 2183 2318 2229 sunt
2349 2174 2554 2229 reddita
2609 2193 2620 2228 :
2677 2175 2749 2230 ita
2791 2190 2893 2246 ego
2937 2176 2990 2232 in
3035 2177 3214 2249 lingua
3248 2188 3431 2234 nostra

1831 2272 1897 2343 (ε
1927 2270 2186 2328 audacter
2215 2269 2575 2340 loquor),l‘eci
2601 2285 2724 2326 eum
2759 2270 2961 2326 habere
2997 2286 3117 2341 quae
3155 2272 3430 2328 amiserat.

1835 2365 2002 2434 Igitur
2028 2371 2080 2418 et
2109 2377 2230 2428 vos,
2264 2371 2314 2419 et
2349 2377 2787 2432 unumquemque
2812 2362 3070 2418 lectorem
3103 2365 3260 2419 solita
3286 2364 3434 2420 Ρτωο

1834 2455 2038 2511 l‘atione
2065 2469 2389 2511 commoneo
2409 2499 2422 2523 ,
2453 2463 2508 2508 et
2538 2454 2593 2508 in
2627 2453 2909 2524 principiis
2940 2454 3204 2510 librorum
3236 2456 3431 2513 eadem

1832 2561 2051 2619 semper
2081 2557 2399 2610 annectens,
2426 2561 2582 2616 rogo,
2631 2554 2690 2600 ut
2717 2545 3042 2617 ubicumque
3065 2546 3436 2616 pricccdentcs

1834 2639 2078 2710 virgulas
2107 2655 2166 2696 -:-
2201 2639 2451 2695 videritis
2476 2683 2490 2708 ,
2536 2636 2726 2693 sciatis
2765 2652 2826 2692 ea
2876 2653 2996 2706 qua:
3039 2637 3279 2707 subjecta
3308 2648 3437 2696 sunt

1835 2735 1886 2791 iu
1915 2735 2159 2790 Hebraeis
2183 2732 2551 2789 voluminibus
2579 2746 2688 2786 non
2712 2729 2922 2787 haberi.
2949 2730 3123 2786 Porro
3143 2730 3234 2786 ubi
3257 2731 3437 2787 stella

1834 2827 2010 2898 imago
2044 2827 2262 2882 fulserit
2395 2839 2461 2879 ex
2493 2823 2725 2879 Hebrmo
2754 2823 2806 2877 in
2837 2831 3024 2878 nostro
3049 2837 3303 2878 sermonis
3331 2822 3434 2878 ad-

1833 2921 1963 2976 dita.
1999 2921 2108 2977 Nec
2137 2935 2242 2975 non
2271 2928 2328 2974 et
2357 2918 2446 2973 illa
2479 2933 2598 2987 qua:
2641 2912 2669 2952 ά
2718 2914 2922 2970 habere
2967 2915 3287 2970 videbamur
3313 2956 3330 2982 ,
3377 2922 3438 2972 et

1838 3014 1907 3067 ita
1939 3022 2193 3083 corrupta
2224 3019 2411 3077 erant,
2461 3019 2520 3064 ut
2548 3023 2766 3062 sensum
2800 3007 3103 3072 legentibus
3135 3006 3435 3073 tollerent,

1837 3104 2123 3159 orantibus
2150 3103 2325 3166 vobis,
2356 3114 2551 3170 magno
2574 3099 2759 3154 labore
2780 3098 2993 3153 correxi
3016 3114 3032 3162 ;
3059 3107 3081 3134 ο
3106 3097 3279 3167 magis
3301 3095 3436 3154 utile

1835 3194 1963 3265 quid
1993 3207 2066 3250 ex
2101 3193 2214 3247 otio
2245 3207 2366 3246 inet»
2392 3190 2596 3246 Christi
2629 3189 2888 3246 Ecclesiis
2919 3199 3206 3243 venturum
3237 3196 3388 3244 ratus
3419 3230 3437 3270 ρ

1838 3302 1999 3357 quam
2031 3301 2098 3343 ex
2131 3285 2362 3341 aliorum
2393 3284 2634 3354 negotio.

204 3437 225 3464 ι
254 3427 446 3484 Errore
473 3428 833 3484 librariorum
859 3436 1068 3494 septem
1102 3439 1230 3480 mss.
1255 3425 1337 3480 vel
1369 3425 1600 3494 amplius
1647 3425 1726 3478 le-
1754 3422 1799 3485 C
1834 3433 2058 3494 apparet
2107 3425 2160 3478 in
2211 3421 2528 3492 prmfatione
2567 3419 2848 3494 ad__l_ibros
2893 3419 3222 3494 Salomonis,
3269 3433 3432 3494 quam

140 3507 256 3563 gum
283 3501 381 3555 hoc
411 3500 610 3560 modo,
645 3499 771 3550 mihi
801 3499 1032 3566 geminus
1061 3496 1311 3565 inﬁgitur.
1345 3495 1401 3550 In
1427 3512 1638 3550 canone
1663 3497 1724 3552 ὃ.

141 3568 373 3624 Germani
401 3587 430 3624 a
461 3571 652 3624 [‘ratis
681 3587 696 3623 :
725 3569 970 3635 additum
989 3579 1074 3622 est
1096 3567 1322 3621 verbum
1344 3582 1511 3634 error,
1539 3566 1593 3621 id
1621 3576 1725 3635 est,

140 3657 268 3694 error
285 3642 411 3694 mihi
442 3642 721 3711 genuinus
749 3639 989 3708 inﬁgitur
1011 3655 1044 3711 :4
1061 3638 1192 3711 editi
1225 3638 1729 3711 retinentgmnium

139 3726 256 3766 mss.
287 3708 748 3780 depravationes,
783 3711 834 3763 in
869 3712 931 3762 iis
958 3709 1104 3764 enim
1137 3709 1206 3762 ita
1242 3708 1426 3774 legunt
1468 3708 1730 3780 Erasmus

139 3798 192 3835 ac
227 3777 494 3839 Marianus
523 3824 539 3847 ,
595 3799 743 3836 error
779 3782 907 3834 mihi
944 3781 1176 3849 guminus
1219 3781 1470 3847 iii/igitur.
1511 3777 1728 3834 l'hrasis

143 3868 256 3907 vero
283 3855 492 3919 isthmc,
525 3854 828 3924 genuinum
859 3850 1412 3924 ἱιιβθιννεηίέιιιιιὶιίςιτὶξ
1443 3862 1574 3924 erat
1599 3852 1728 3904 llic-

141 3939 368 3994 t‘onymo,
399 3927 476 3981 uti
515 3920 693 3994 liquet
720 3939 788 3994 ea
819 3922 925 3994 hoc
950 3920 1072 3994 loco
1105 3923 1226 3994 libri
1253 3920 1411 3994 primi
1444 3922 1730 3989 Apologia:

141 3991 372 4051 adversus
396 3991 663 4050 liulinuiu
694 4011 708 4047 :
739 3992 823 4046 Me
842 3993 1100 4045 hominem
1123 3991 1435 4046 maledicum
1469 3995 1730 4056 ,onmium

144 4064 458 4121 detrectarent
493 4068 650 4133 (esse
688 4064 866 4133 dicit),
902 4065 954 4114 in
993 4078 1333 4134 pi'wcessorcs
1371 4080 1512 4117 meos
1539 4064 1730 4134 genui-

140 4153 249 4188 num
279 4157 478 4204 semper
521 4137 768 4206 inﬁgere,
808 4150 872 4188 ex
905 4135 1091 4206 Satyr.
1131 4135 1150 4187 1
1185 4134 1380 4206 Persii,
1417 4144 1466 4189 ct
1565 4135 1728 4188 ,111ιό-

140 4208 258 4332 ﬁalis
282 4211 496 4266 similes
543 4204 856 4264 lticutioncs
885 4205 1222 4276 deprompta:
1264 4204 1423 4260 nobis
1453 4205 1726 4262 videntur.

140 4319 158 4329 ..
181 4295 297 4332 sar.

138 4295 297 4334 MART.

195 4351 416 4422 -Μιιιθ
444 4351 679 4422 quidam
712 4364 870 4422 mss.,
903 4349 1160 4422 geminus.
1187 4346 1396 4422 Passim
1425 4389 1440 4411 ,
1488 4346 1638 4422 quod
1666 4357 1731 4422 et

144 4416 567 4504 Martiantmo'tat
597 4463 611 4504 ε
657 4421 758 4475 hac
790 4416 955 4477 utitur
977 4418 1164 4504 pbr'asi
1195 4418 1583 4504 ξίἰρΐριιχιηυε..
1615 4417 1728 4472 Ali-

139 4493 238 4546 cubi
269 4493 425 4547 addit
473 4503 532 4546 et
575 4493 820 4556 dentem,
871 4501 929 4545 ut
976 4487 1030 4544 in
1077 4490 1238 4544 Prml‘.
1279 4489 1345 4542 ad
1374 4487 1726 4543 Chronieum.

145 4561 233 4635 ξεί
259 4566 442 4635 ignoro
474 4564 676 4617 multos
705 4563 818 4632 fore
845 4605 858 4626 ,
900 4563 987 4630 qui
1015 4562 1136 4615 huic
1166 4560 1419 4616 volumini
1450 4561 1733 4634 genuinum

142 4630 317 4706 dentem
346 4636 609 4706 inﬁgunt.

195 4703 219 4742 ⁸³
243 4701 528 4773 διιιςιέιιὶιει
557 4704 646 4758 hic
672 4705 909 4758 occurrit
933 4713 1170 4759 veterum
1197 4701 1538 4757 librariorum
1565 4712 1730 4756 teme-

147 4773 274 4840 ritas,
298 4792 402 4845 qua
438 4776 566 4830 ausi
593 4783 722 4828 sunt
759 4774 810 4827 in
841 4789 968 4830 mss.
1009 4776 1286 4845 codicibus
1331 4774 1442 4845 fere
1479 4774 1731 4829 on'milius

1835 3490 1977 3562 tjpis
2005 3490 2320 3550 meliori—bus
2347 3495 2398 3547 in
2434 3495 2593 3546 linem
2624 3490 2977 3546 Bibliotheca:
3017 3491 3293 3562 edendam
3319 3492 3438 3557 pol-

1836 3554 1966 3621 liciti
2006 3580 2196 3624 sumus
2223 3580 2407 3634 supra,
2439 3579 2558 3618 cum
2585 3563 2651 3617 de
2683 3562 2827 3634 hisco
2851 3554 3438 3634 voluminibusdispu-i

1834 3641 1967 3691 talio
1995 3637 2238 3691 instituta
2268 3633 2370 3689 est.
2403 3634 2669 3688 Caeli-rum
2693 3633 2968 3688 ﬂabellqu
2995 3634 3190 3704 dequo
3216 3633 3301 3685 hic:
3331 3633 3435 3704 loci

1837 3709 2074 3776 lnquitur
2106 3707 2484 3776 Hieronymus,
2521 3706 2660 3776 inter
2692 3703 3432 3776 numachoruminunuscula

1835 3773 2008 3848 ipsum
2046 3773 2393 3846 computans,
2439 3784 2558 3848 erat
2604 3775 3016 3848 instrumentum
3060 3776 3333 3846 praecipue
3362 3773 3434 3830 ad

1834 3845 2184 3904 excitandum
2211 3849 2410 3916 ignem,
2446 3847 2528 3899 vel
2557 3845 2622 3898 ad
2655 3845 2947 3912 abigendos
2978 3845 3191 3901 muscas
3225 3866 3238 3901 :
3265 3854 3431 3916 atque

1836 3921 1886 3974 id
1911 3935 2082 3989 genus
2110 3915 2306 3974 ﬂabelli
2337 3920 2749 3989 tenebatgmanu
2771 3932 2863 3970 sua
2897 3917 3274 3989 Eustmzhium,
3300 3915 3431 3989 dum

1835 3986 2014 4045 Paula:
2044 3989 2202 4044 matri
2229 3991 2280 4042 in
2311 3989 2507 4041 lectulo
2543 3986 2906 4058 dccutnbeuti,
2932 3987 3043 4055 jam
3063 3989 3284 4058 jamque
3317 3987 3437 4040 obi-

1837 4073 1968 4116 turm
1995 4064 2292 4116 assisteret.
2330 4058 2462 4113 Vide
2486 4057 2829 4128 Epitaphium
2861 4057 3210 4130 l’attlazapud
3240 4059 3435 4114 Hiero-

1834 4148 2077 4204 nymum.
2109 4132 2284 4204 Mam.

1835 4202 1886 4330 M—
1910 4216 1929 4241 ν
1961 4203 2327 4274 Quamplures
2347 4217 2477 4258 mss.
2507 4217 2630 4258 cum
2662 4202 2842 4269 editis,
2869 4209 2921 4257 ut
2942 4203 3194 4257 audacter
3217 4203 3427 4273 loquar.

1889 4290 2016 4330 nar.

1865 4276 2016 4330 lan'r.

1905 4345 1932 4384 ά
1960 4345 2018 4402 In
2061 4347 2303 4418 pluribus
2349 4359 2481 4403 mss.
2516 4359 2581 4400 ac
2622 4345 2674 4399 in
2713 4344 2892 4418 editis,
2939 4361 3054 4416 qua:
3082 4345 3256 4418 haberi
3293 4344 3436 4398 vide-

1834 4416 2484 4489 bantur.'Consequeuter
2519 4429 2618 4488 pro
2651 4432 2715 4470 ea:
2751 4417 2855 4471 otio
2901 4433 3034 4484 meo,
3075 4417 3264 4472 decem
3297 4430 3434 4472 mss.

1837 4488 2043 4559 legunt,
2077 4506 2140 4544 ea:
2163 4488 2286 4545 odio
2311 4507 2442 4545 meo.
2471 4489 2649 4542 Mam.

1915 4570 1940 4596 θ
1984 4560 2211 4630 Accepit
2239 4578 2306 4616 ex
2341 4562 2434 4616 illo
2461 4558 2706 4614 Sallustii
2734 4557 2896 4614 eﬂ’ato
2927 4559 2978 4613 in
3013 4556 3284 4630 Jugurtha
3307 4569 3433 4623 cap.

1834 4634 1868 4688 4
1895 4648 1908 4684 :
1944 4626 2484 4706 quusveommodum
2513 4647 2576 4684 ea:
2605 4630 2712 4684 otio
2743 4645 2854 4682 meo
2879 4671 2894 4696 ,
2922 4645 3092 4706 quam
3121 4642 3190 4706 cx.
3212 4626 3442 4706 oliorum

1836 4697 2055 4774 negotiis
2084 4702 2410 4769 Ileipublica:
2439 4712 2734 4774 venturum,
2765 4711 2871 4754 etc.
2905 4697 3082 4769 Atque
3117 4697 3286 4751 otium
3309 4697 3438 4774 qui-

1837 4768 1962 4829 dc'm
1996 4768 2378 4848 _llieronymus
2414 4773 2590 4848 studia
2623 4772 2926 4848 litterarum
2967 4768 3166 4832 vocat,
3213 4781 3333 4835 qua:
3366 4768 3437 4820 ita

145 4837 399 4902 lollcr—e'dc
431 4847 632 4901 medio
664 4844 828 4899 verba
852 4846 986 4912 lucc,
1016 4863 1045 4899 ο
1077 4844 1248 4898 Paula
1273 4855 1320 4898 et
1352 4844 1733 4900 Eustochium:
1765 4837 1814 4898 Ι)
1839 4856 1895 4899 et
1920 4845 2082 4914 vulgo
2111 4837 2342 4900 audiunt
2377 4865 2389 4900 ς
2427 4845 2567 4914 quod
2601 4857 2702 4914 ego
2734 4857 2793 4909 ep
2824 4839 2897 4914 de
2923 4853 3082 4914 causa
3112 4852 3446 4914 moneo,_ne

144 4927 191 4966 at:
213 4933 393 4972 eorum
429 4921 563 4973 loco
594 4917 696 4969 iSIa
735 4915 1088 4978 substituere,
1118 4934 1145 4968 ο
1177 4917 1367 4986 fratres
1395 4915 1688 4970 charissimi
1715 4935 1728 4971 ε

145 4987 273 5060 quasi
325 4989 562 5060 indigne
585 4988 863 5060 “terentes
891 4988 1032 5060 quod
1075 4987 1462 5060 Hieronymus,
1479 4987 1732 5060 lucubra-

144 5058 292 5114 tiones
319 5055 814 5116 suas'mulieribus
837 5055 1156 5115 dedicasset.
1184 5055 1332 5114 Idem
1361 5059 1574 5114 invidia:
1601 5058 1736 5114 livor

1842 4917 1980 4971 forte
2007 4906 2074 4970 Ex
2105 4915 2427 4972 rceentioris
2447 4906 2934 4969 'critici'sen'tentia
2968 4906 3248 4963 existimes
3276 4949 3290 4974 ,
3345 4906 3438 4963 hic

1839 4989 2024 5043 luxata
2053 4988 2402 5044 librariorum
2434 4984 2563 5039 vitio
2595 4997 2729 5059 esse
2739 4981 2998 5059 nomina,
3017 4977 3433 5059 legendumque,

1842 5074 1907 5114 ea:
1931 5059 2137 5130 negotio
2166 5077 2276 5117 meo
2296 5098 2311 5113 .
2334 5095 2349 5114 .
2369 5097 2382 5112 .
2413 5072 2571 5128 quam
2595 5068 2656 5108 ex
2678 5053 2900 5105 aliorum
2926 5053 3034 5102 alio
3055 5089 3071 5116 ,
3105 5058 3210 5102 etc.

154 5165 3420 5198 ww...—

1543 5256 1987 5342 INCIPIT

1229 5409 2330 5636 LIWQB.

207 5718 423 5795 [Cap.l.j
455 5723 641 5778 llomo
669 5718 890 5791 quidam
933 5736 1046 5781 erat
1093 5727 1146 5782 in
1178 5724 1399 5797 regione
1437 5722 1724 5789 Ausitide,
1755 5725 1802 5784 Α
1829 5720 2008 5790 justus
2064 5715 2160 5771 Dei
2212 5715 2407 5777 cultor,
2469 5709 2751 5797 abstinens
2795 5723 2854 5766 se
2892 5706 2960 5762 ab
2989 5706 3136 5761 omni
3161 5719 3219 5760 re
3248 5701 3418 5757 mala.

149 5815 344 5871 nomine
385 5815 519 5873 Job.
562 5813 694 5871 Erat
741 5813 898 5874 homo
926 5818 1016 5878 ille
1049 5835 1213 5878 verax
1240 5861 1253 5884 ,
1305 5819 1422 5874 sine
1470 5818 1723 5882 crimine,

1839 5811 2034 5869 Habuit
2060 5819 2237 5866 autem
2286 5815 2490 5877 septem
2541 5795 2676 5860 [ilics
2723 5811 2780 5875 et
2812 5812 2921 5859 tres
2951 5801 3113 5857 ﬁlias.
3146 5797 3212 5852 Et
3263 5801 3424 5848 erant
