3960 6208
522 209 596 271 65

1521 211 1582 272 S.
1626 211 2005 272 lllERONYMl
2046 213 2284 272 DIVINA
2324 213 2806 276 BlBLlOTllECA.
3749 229 3812 291 6|

524 335 726 394 pecora
782 322 902 395 ejus
929 332 956 362 ει
986 324 1180 398 [multa
1235 323 1455 398 nimis];
1490 340 1620 384 oves
1638 371 1654 398 ,
1680 338 1888 400 septem
1919 327 2118 392 millia;
2150 328 2201 392 Λ
2227 328 2358 386 colit
2376 328 2478 388 Job
2503 329 2832 389 Dominum?
2860 345 2968 389 non
3000 341 3057 390 tu
3081 335 3511 410 circumsepsisti
3541 353 3664 413 qute
3693 353 3812 402 sunt

525 415 752 484 cameli,
794 415 895 472 tria
946 417 1147 484 millia;
1192 418 1322 488 juga
1377 418 1576 487 boum,
1607 420 2123 492 quinquagintazet

527 506 700 564 asinae
739 509 990 580 gregales
1028 510 1342 581 quingenta:
1366 551 1383 579 ,
1412 507 1440 549 δ
1468 526 1529 567 -:—
1554 520 1610 568 et
1643 512 2008 570 ministerium
2031 528 2125 570 co-

523 599 739 669 pinsum
780 598 974 669 nimis,
1026 601 1048 671 ζ
1098 611 1154 659 et
1206 617 1371 674 opera
1423 618 1618 676 magna
1670 614 1828 662 erant
1870 605 1920 662 ei
1959 619 2125 678 super

521 699 748 749 terram.
796 691 866 748 Et
913 702 1033 750 erat
1080 694 1244 751 homo
1273 697 1367 753 ille
1393 697 1601 754 nobilis
1624 739 1639 763 ,
1667 699 1738 756 de
1783 699 1906 755 filiis
1935 701 2122 756 orien-

523 785 616 842 tis.
662 783 1064 844 Convenientes
1115 798 1302 845 autem
1359 788 1453 845 lilii
1495 790 1614 861 ejus
1652 791 1720 846 ad
1746 791 2014 858 invicem,
2041 791 2126 847 fa-

525 879 751 938 ciebant
791 879 1101 936 convivium
1141 881 1420 954 quotidie:
1451 883 1766 942 convocatis
1816 899 2001 942 secum
2037 900 2127 941 so-

528 973 744 1030 r0ribus
773 974 923 1041 suis,
956 983 1015 1030 ut
1041 990 1229 1032 secum
1274 987 1630 1035 vescerentur
1657 989 1712 1035 et
1752 979 2038 1036 biberent:
2075 988 2131 1036 et

527 1079 654 1122 cum
683 1065 822 1122 ﬁniti
853 1077 1038 1125 essent
1057 1068 1178 1126 dies
1198 1071 1465 1142 convivii,
1490 1073 1744 1128 mittebat
1767 1073 1870 1128 Job
1891 1117 1907 1143 ,
1944 1081 2001 1129 et
2024 1090 2127 1144 pi;-

532 1158 778 1215 ritlcabat
827 1177 923 1217 eos
976 1177 1314 1236 consurgens
1366 1180 1562 1231 mane,
1604 1175 1658 1221 et
1723 1166 1984 1222 offerebat
2029 1180 2130 1237 pro

530 1250 613 1306 eis
643 1251 890 1307 victimas
918 1255 1217 1311 secundum
1248 1271 1534 1312 numerum
1565 1272 1778 1328 eorum,
1813 1268 1836 1297 ο
1867 1273 1930 1314 σι-
1963 1266 2018 1314 et
2044 1258 2129 1314 vi-

529 1341 698 1399 tulum
748 1358 912 1400 unum
957 1361 1057 1418 pro
1085 1356 1314 1416 peccato
1353 1347 1654 1403 animarum
1701 1348 1944 1418 ipsorum
1981 1349 2003 1417 ζ
2041 1348 2131 1404 Di-

526 1434 684 1490 cebat
711 1435 866 1504 enim
911 1436 1015 1492 Job
1058 1456 1073 1494 :
1117 1438 1196 1496 Ne
1244 1438 1386 1496 forte
1414 1441 1762 1509 peccaverint
1785 1440 1879 1496 ﬁlii
1901 1441 2006 1497 mei
2035 1481 2052 1508 ,
2077 1450 2132 1497 et

533 1528 917 1586 maledixerint
946 1531 1177 1588 Domino
1223 1533 1281 1588 in
1311 1533 1568 1590 cordibus
1596 1534 1732 1589 suis.
1765 1534 1859 1590 Sic
1894 1535 2132 1590 iaciebat

535 1617 640 1674 Job
669 1620 922 1676 omnibus
952 1621 1169 1678 diebus.
1198 1623 1426 1680 Factum
1452 1633 1568 1691 est,
1602 1625 1656 1681 in
1688 1625 1775 1680 his
1803 1627 2027 1683 diebus:
2078 1634 2132 1682 et

2227 430 2382 478 extra
2411 422 2631 479 domum
2662 425 2800 495 ejus,
2825 433 2881 480 et
2906 426 3046 481 intra
3073 426 3293 484 domum
3311 430 3454 500 ejus,
3471 438 3528 486 et
3549 448 3668 503 qua:
3682 433 3811 492 foris

2227 524 2354 572 sunt
2377 516 2559 573 omnia
2591 517 2644 572 in
2683 518 2914 575 circuitu
2935 519 3094 590 ejus?
3121 521 3388 592 Operihus
3418 540 3677 583 manuum
3702 528 3811 601 ejus

2229 609 2579 679 benedixisti,
2601 619 2657 667 et
2672 627 2866 682 pecora
2895 611 3014 682 ejus
3036 614 3205 670 multa
3222 615 3396 671 iecisti
3419 632 3585 688 super
3597 628 3810 677 terram.

2229 705 2338 762 Sed
2366 706 2520 762 mitte
2549 721 2769 762 manum
2791 714 2961 776 tuam,
2993 717 3049 763 et
3080 718 3238 780 tange
3268 710 3450 766 omnia
3479 725 3603 784 quae
3633 712 3810 782 habet,

2229 797 2334 853 nisi
2368 798 2421 853 in
2445 796 2582 854 iacie
2605 806 2694 854 tua
2718 798 3053 856 benedixerit
3075 801 3192 857 tibi.
3217 801 3370 859 Tunc
3399 803 3538 861 dixit
3561 805 3813 865 Dominus

2231 887 2485 946 diabolo:
2517 889 2658 947 Ecce
2687 892 2870 946 omnia
2896 906 3254 964 quaecumque
3284 893 3553 963 habet,do
3572 897 3626 952 in
3658 913 3812 956 manu

2233 991 2353 1050 tua;
2376 983 2471 1038 sed
2500 971 2684 1054 ipsum'
2704 983 2816 1039 noli
2857 993 3099 1054 tangere.
3135 985 3200 1040 Et
3226 985 3481 1043 discessit
3509 989 3762 1047 diabolus
3787 1007 3812 1046 a

2231 1076 2369 1131 facie
2395 1075 2630 1131 Domini.
2673 1077 2732 1132 in
2756 1091 2822 1132 eo
2853 1077 2942 1133 die
2972 1077 3070 1133 ﬁlii
3097 1077 3223 1148 Job,
3250 1089 3305 1136 et
3332 1079 3458 1136 illia:
3487 1082 3607 1152 ejus
3635 1087 3700 1154 >κ
3728 1099 3814 1140 co-

2231 1168 2524 1225 medebant
2545 1211 2559 1236 ,
2599 1167 2700 1238 et:
2733 1169 2992 1226 bibebant
3023 1171 3210 1226 vinum
3243 1172 3295 1227 in
3336 1173 3501 1228 domo
3531 1174 3713 1232 fratris
3740 1179 3816 1233 sui

2231 1258 2484 1315 senioris.
2531 1259 2598 1315 Et
2625 1274 2755 1316 ecce
2795 1261 3024 1317 nuntius
3049 1262 3203 1318 venit
3225 1262 3294 1319 ad
3321 1262 3426 1320 Job
3454 1274 3510 1321 et
3559 1263 3698 1322 dixit
3721 1268 3768 1324 ei
3799 1284 3812 1326 :

2231 1349 2365 1420 Juga
2398 1350 2560 1408 boum
2618 1351 2880 1421 arahant,
2930 1361 2987 1410 et
3033 1353 3201 1410 asina:
3251 1355 3617 1424 pascebantur
3667 1356 3812 1428 juxta

2233 1455 2329 1497 eos
2347 1482 2363 1507 ,
2398 1452 2452 1498 et
2480 1452 2752 1498 venerunt
2778 1443 2995 1511 hostes,
3021 1453 3078 1500 et
3105 1455 3367 1516 ceperunt
3393 1463 3490 1504 eas
3508 1490 3524 1516 ,
3555 1455 3614 1504 et
3637 1463 3818 1505 servos

2233 1531 2551 1588 occiderunt
2577 1533 2803 1606 gladiis,
2829 1543 2885 1589 ct
2932 1533 3191 1590 liberatus
3219 1551 3324 1608 ego
3355 1537 3508 1593 solus
3556 1539 3708 1607 veni,
3766 1547 3821 1594 ut

2234 1625 2604 1682 renuntiarem
2638 1626 2754 1681 tibi.
2777 1626 2971 1683 Adhuc
3018 1643 3087 1684 eo
3115 1628 3397 1700 loquente,
3429 1632 3576 1687 venit
3605 1640 3662 1688 et
3685 1632 3820 1688 alius

537 1725 668 1768 ecce
692 1723 960 1768 venerunt
989 1716 1204 1786 angeli,
1246 1713 1274 1753 τι
1304 1727 1364 1772 ιιι
1391 1725 1637 1774 astarent
1664 1732 1848 1774 coram
1877 1718 2128 1775 Domino.
2162 1715 2209 1776 B
2235 1720 2491 1785 nuntius,
2514 1729 2568 1775 et
2592 1719 2738 1775 dixit
2766 1719 2832 1775 ad
2857 1720 2980 1777 Job.
3007 1718 3033 1759 ι·
3065 1720 3209 1792 ignis
3242 1728 3309 1792 χ(
3352 1724 3452 1780 Dei
3477 1723 3500 1793 ζ
3532 1724 3728 1780 cecidit
3752 1725 3821 1782 de

540 1808 564 1838 ο
589 1799 657 1856 Ει
685 1802 834 1858 venit
863 1806 930 1872 >ε<
956 1805 1206 1875 equidem
1234 1806 1528 1875 :diabolus
1558 1823 1680 1865 cum
1713 1812 1813 1866 eis.
1844 1808 1863 1848 ί
1895 1810 1964 1866 Ει
1994 1811 2131 1867 dixit

533 1890 800 1948 Dominus
829 1896 1082 1951 diabolo:
1112 1897 1266 1954 Unde
1295 1899 1466 1955 ades?
1488 1901 1555 1954 Et
1580 1902 1914 1971 respondens
1940 1902 2130 1959 diabo-

535 1980 621 2037 lus
643 1981 878 2040 Domino
898 1984 1062 2040 dixit:
1089 1997 1115 2036 8
1137 1986 1478 2046 Clrcumiens
1500 2002 1700 2047 terram
1720 2037 1735 2062 ,
1761 2003 1817 2049 et
1838 2009 2128 2065 peragrans

531 2089 656 2144 qua:
683 2075 788 2132 sub
832 2077 975 2134 coelo
1003 2088 1171 2147 sunt,
1219 2081 1431 2139 adsum.
1483 2084 1552 2138 Et
1579 2084 1717 2140 dixit
1747 2087 1797 2140 ei
1843 2085 2125 2142 Dominus.

533 2167 984 2228 Animadvertisti
1016 2174 1070 2228 in
1103 2188 1330 2244 puerum
1377 2191 1558 2232 meum
1584 2178 1722 2245 Job,
1753 2179 1876 2248 quia
1909 2194 2015 2235 non
2046 2187 2131 2236 est

531 2260 822 2333 quisquam
853 2263 1051 2320 similis
1083 2265 1161 2320 illi
1193 2283 1360 2338 super
1390 2269 1628 2324 terram?
1656 2270 1834 2325 llomo
1873 2270 1992 2326 sine
2021 2270 2131 2326 cri-

531 2353 699 2422 mine,
729 2368 894 2410 verax
925 2355 1021 2412 Dei
1051 2357 1249 2426 cultor,
1283 2360 1567 2417 abstinens
1592 2376 1654 2418 sc
1682 2363 1752 2419 ab
1781 2365 1930 2419 omni
1961 2365 2125 2420 malo.

527 2441 887 2516 Respondens
915 2447 1165 2506 diabolus
1191 2437 1424 2508 Domino
1451 2453 1590 2510 dixit
1615 2473 1626 2509 :
1652 2455 1927 2527 Numquid
1954 2458 2125 2529 gratis

599 2581 782 2662 0.
808 2586 1020 2662 uncinis
1045 2581 1505 2662 inclusimuspost
1527 2592 1893 2649 Martianmum
1925 2596 2114 2662 verba,

529 2653 697 2734 multa
727 2655 906 2734 nimis,
934 2673 1106 2734 neque
1123 2659 1185 2734 _in
1219 2653 1396 2734 llebrf
1422 2672 1568 2727 sunt,
1599 2679 1772 2734 neque
1803 2666 1858 2720 in
1898 2653 2110 2733 ϐιαιοοξ

525 2737 628 2803 nec
654 2731 830 2803 tamen
856 2727 1016 2803 obelo
1043 2728 1100 2803 in
1122 2728 1314 2803 Latino
1336 2746 1436 2786 ms.
1457 2727 1850 2803 praenotantur,
1878 2743 1937 2791 ut
1959 2727 2115 2792 facile

527 2793 698 2849 videri
731 2797 934 2871 possint
963 2798 1188 2871 studiosi
1229 2793 1754 2871 alicujus-glossema
1804 2793 1858 2860 in
1908 2816 2114 2862 textum

526 2871 732 2944 temere
750 2865 1036 2944 introsum.
1069 2869 1343 2944 Ejusmodi
1369 2865 1834 2944 interpolationes,
1861 2892 1994 2944 quas
2022 2893 2116 2934 ne-

524 2933 752 3016 dumab
777 2937 968 3016 H_ebr_.,
996 2941 1090 2996 sed
1111 2933 1172 2997 'ei
1198 2943 1266 2996 ab
1291 2933 1545 3016 erigeni's
1571 2933 1857 3016 llcxaplari
1879 2933 2119 3004 editione

520 3003 796 3086 abfuisse,
813 3003 967 3086 bonis
1001 3014 1334 3086 argumentis
1383 3003 1689 3086 colligimus
1707 3003 1737 3083 ,’
1755 3018 1948 3074 iisdem
1981 3003 2116 3075 infra
2145 3005 2191 3068 C

521 3077 666 3158 notis
683 3077 1092 3158 designabimus
1110 3101 1122 3138 :
1155 3084 1495 3142 Martianteus
1512 3077 1720 3145 ‘t'ninori'
1733 3090 1998 3147 asterisco
2018 3093 2114 3148 dc-

521 3155 747 3200 n0tavit.

594 3214 624 3254 ι)
648 3214 1068 3291 Chrysostomus
1097 3222 1242 3282 hunc
1266 3226 1442 3281 locum
1476 3226 1790 3286 edisserens
1827 3231 1884 3285 in
1909 3232 2113 3288 Catena

528 3283 840 3368 Grtecort'im
892 3291 1110 3347 Patrum
1158 3296 1382 3368 inJob,
1442 3296 1513 3351 ita
1564 3283 2116 3368 ntonetsbufoniam

522 3371 647 3431 vero
696 3359 920 3414 obelisco
968 3373 1180 3420 notatur
1230 3359 1408 3431 illud,
1465 3369 1824 3424 ministerium
1856 3359 2112 3428 wmultum

522 3426 704 3524 :aIde,
735 3431 1140 3524 sciendum-est,
1183 3426 1572 3524 quatel'ielisco
1602 3441 1876 3524 signantur
1917 3443 1970 3495 in
2006 3426 2116 3524 Ile;

519 3495 696 3586 (tr-uico
722 3516 826 3554 non
853 3503 1052 3569 haberi,
1076 3495 1155 3588 5r:
1177 3495 1596 3588 dactﬁtes'ltarat,
1622 3495 1674 3588 ἐξ
1686 3520 1758 3583 τῷ
1784 3511 2031 3588 Ἐϐραίκῷ
2053 3517 2111 3569 οὐ

520 3576 702 3654 utsicut,
731 3585 906 3654 verum
935 3579 1325 3654 perspicuitatis
1362 3596 1521 3633 causa
1558 3576 1590 3633 a
1610 3576 1984 3654 Septuaginta
2004 3576 2113 3652 ’ρο-

519 3640 626 3692 sita
654 3655 781 3721 esse.
811 3640 1156 3721 [Necesse'est
1187 3651 1274 3703 hic
1295 3663 1536 3705 errorem
1569 3640 1802 3721 alicu'jus
1828 3640 2111 3720 scriptoris

520 3715 978 3792 secutttttt_ittissc
1003 3714 1485 3792 Glirysoswmum;
1532 3737 1652 3777 nam
1691 3714 1846 3791 illud,
1881 3714 2113 3780 ministe-

520 3785 659 3862 rium
687 3785 907 3838 multum
951 3785 1133 3851 valde:
1166 3795 1401 3862 positum
1456 3785 1658 3862 legitur
1705 3796 1756 3849 in
1815 3785 1962 3849 fonte
2006 3797 2110 3852 He-

520 3847 875 3938 ltrajco,jnn
893 3867 1010 3938 τιτι-ι
1030 3847 1220 3938 mitti}.
1243 3847 1688 3938 uaavAuddafrahba
1706 3847 1902 3933 intend
1918 3847 1973 3920 id
1999 3847 2105 3938 est,

519 3937 582 4007 ac
602 3922 807 4007 familia
827 3931 989 3982 multa
1016 3922 1188 4007 nimis,
1212 3922 1327 4007 sive
1350 3933 1668 4004 famulitium
1690 3922 1910 3992 multum
1930 3922 2104 3995 ualde:

523 3990 736 4074 [Eadem
757 4013 974 4074 quoque
1015 3990 1212 4074 Aquila
1253 3990 1640 4074 interpretatus
1674 3990 2108 4072 est,vattestante

523 4060 912 4145 Olympiodoro
945 4070 998 4124 in
1020 4060 1130 4140 jant
1153 4074 1294 4129 dicta
1324 4060 1549 4130 Catetta.
1577 4060 2103 4145 Ministerium‘divcit:

519 4136 660 4216 quod
688 4136 1085 4216 prtestabatur’a
1124 4145 1305 4199 servis.
1349 4144 1560 4216 Aquila,
1593 4151 1856 4203 servitium
1885 4136 2106 4205 multum

517 4205 671 4260 ualde
703 4222 722 4261 :
751 4209 1274 4286 Symmachusvero,
1309 4205 1593 4286 familiam,
1626 4220 1908 4274 dilucidius
1946 4223 2105 4275 inter-

522 4286 752 4359 pretatus
793 4289 888 4359 est.
936 4281 1012 4359 ita
1061 4281 1480 4359 Olympiodorus
1522 4281 1711 4346 :unde
1761 4292 2102 4359 exploratum

523 4349 784 4434 trahemus
805 4349 1155 4434 allucinatutn
1175 4349 1347 4434 uisse
1363 4357 1812 4429 Cbrysostomum
1835 4349 2102 4434 imperitia

521 4415 751 4503 !jhf§!(ii,
813 4423 906 4491 Qui
951 4426 1355 4503 malc__obelutn
1413 4415 2105 4503 apposueratijam‘dictis

517 4491 816 4560 Scriptura:
848 4495 1053 4552 verbis.
1087 4497 1269 4555 ΜΑιιτ.

563 4628 576 4640 ⁸
598 4589 662 4644 -τ
680 4562 1140 4645 Prteiixitnus_his
1155 4571 1371 4645 ‘verbis,
1400 4582 1445 4627 et
1473 4573 1812 4631 ministerium
1840 4577 2108 4645 capiosum

520 4634 696 4720 nimis,
716 4635 944 4720 obelum
975 4638 1042 4694 ad
1071 4639 1274 4720 codicis
1313 4634 1485 4700 Graeci
1517 4645 1699 4720 tidem,
1732 4649 1866 4720 ipsa
1888 4634 2108 4720 insuper

519 4716 598 4785 ret
619 4714 859 4785 veritate
879 4721 1128 4785 cogente.
1159 4715 1292 4780 Qum
1332 4730 1525 4785 nempe
1555 4719 1713 4774 unica
1741 4714 1793 4773 in
1827 4718 1995 4775 Hebr.
2014 4714 2108 4775 'est

519 4781 669 4860 textu
708 4780 1029 4860 sententia,
1060 4792 1349 4860 summa
1387 4780 1577 4853 mm,
1629 4797 1675 4844 et
1705 4790 1908 4860 familia
1944 4792 2106 4847 multa

519 4850 694 4932 nimis,
722 4855 933 4932 gemina
979 4856 1068 4912 hic
1095 4856 1378 4932 exAGrteco
1408 4850 1852 4930 interpretatione
1880 4864 2108 4932 exponi-

518 4926 630 4986 tur,
659 4937 722 4976 ea
745 4925 954 4982 scilicet
980 4943 1140 4998 quam
1163 4928 1472 4998 jugulamus
1492 4973 1507 4997 ,
1551 4925 1664 4986 ium
1699 4932 1799 4987 hac
1827 4925 1994 4987 altera
2013 4977 2027 5000 ,
2059 4942 2107 4988 et

519 5005 678 5073 opera
697 5009 883 5073 magna
903 5000 1108 5073 eruntei
1129 5016 1284 5072 super
1306 5011 1516 5068 terram,
1539 5017 1765 5073 quarum
1788 5003 2102 5059 alterutram

521 5061 851 5141 redundare,
879 5061 1221 5140 perspicuum
1251 5083 1354 5128 est.
1387 5061 1707 5141 Quod'vero
1745 5073 2101 5140 haereteuta,

2234 1813 2376 1869 coelo
2403 1820 2460 1868 et
2484 1812 2854 1869 concremavit
2883 1828 3046 1884 oves,
3098 1822 3157 1870 et
3189 1823 3440 1886 pastores
3490 1817 3822 1888 consumpsit

2233 1903 2507 1970 similiter,
2558 1913 2613 1959 et
2669 1902 2937 1960 liberatus
2966 1919 3084 1960 sum
3115 1921 3217 1976 ego
3242 1907 3424 1974 solus,
3471 1916 3528 1964 et
3556 1909 3717 1979 veni,
3768 1919 3822 1966 ut

2236 1998 2545 2051 nuntiarem
2575 1995 2692 2051 tibi.
2719 1996 2912 2053 Adhuc
2937 2011 3005 2054 eo
3035 1997 3324 2070 loquente,
3345 2001 3496 2056 venit
3523 2001 3665 2058 alius
3690 2017 3822 2058 nun-

2237 2093 2344 2148 tius
2366 2132 2382 2157 ,
2405 2100 2461 2146 et
2489 2090 2628 2147 dixit
2657 2090 2722 2146 ad
2743 2091 2882 2148 Job:
2910 2092 3133 2164 Equites
3157 2093 3405 2150 fecerunt
3425 2094 3586 2151 nobis
3612 2105 3721 2152 tres
3742 2112 3822 2153 or-

2237 2181 2432 2249 dines,
2482 2191 2537 2238 et
2564 2183 2854 2239 cinxerunt
2905 2184 3176 2252 camelos,
3225 2195 3283 2241 et
3310 2194 3576 2257 ceperunt
3610 2202 3744 2255 eos,
3771 2195 3823 2244 et

2234 2288 2426 2331 servos
2453 2273 2771 2330 occiderunt
2798 2273 3032 2344 gladiis:
3077 2284 3132 2331 et
3163 2275 3428 2332 liberatus
3454 2292 3557 2348 ego
3582 2278 3733 2334 solus
3761 2293 3819 2335 -ιο

2234 2375 2289 2422 et
2314 2366 2437 2422 veni
2460 2366 2482 2434 ζ
2511 2375 2566 2422 ιιι
2589 2366 2901 2422 nuntiarem
2927 2367 3048 2424 tibi.
3071 2367 3262 2424 Adhuc
3283 2384 3350 2426 eo
3374 2370 3662 2441 loquente,
3683 2371 3822 2428 alius

2234 2458 2460 2515 nuntius
2487 2459 2668 2528 venit,
2691 2457 2880 2515 dicens
2906 2476 2919 2513 :
2975 2458 3121 2534 [Job]
3159 2457 3279 2516 ililii
3310 2460 3387 2516 tui
3416 2469 3475 2518 et
3515 2461 3645 2519 tilia:
3676 2473 3782 2520 tunc
3803 2508 3816 2534 ,

2218 2596 2415 2664 inquit,
2442 2594 2785 2664 exploratum
2815 2595 3100 2658 habemus,
3126 2595 3483 2655 allucinatum
3515 2600 3689 2658 fuisse
3719 2603 3819 2658 itn-

2219 2666 2427 2740 periti:t_
2467 2665 2706 2740 librarii,
2753 2667 2858 2740 qui
2889 2668 3029 2740 male
3070 2668 3289 2723 obelum
3333 2676 3815 2740 apposuerat‘jam

2219 2736 2378 2815 dictis
2396 2736 2687 2815 Scriptura:
2709 2737 2912 2792 verbis.
2937 2739 3108 2815 Immo
3129 2753 3260 2815 vero
3276 2736 3391 2815 ipse
3407 2736 3614 2799 fallitur
3633 2736 3786 2815 splen
3799 2774 3817 2788 ο

2219 2807 2368 2872 dide,
2393 2808 2482 2876 qui
2508 2813 2566 2862 S.
2601 2806 2889 2863 Ductorem
2914 2824 3020 2865 non
3053 2806 3338 2867 intellexit.

2295 2889 2317 2916 η
2347 2879 2570 2958 _Signum
2605 2878 2748 2958 istud
2771 2879 3209 2958 ab_e_xscriptore
3236 2885 3659 2958 printerrnissum
3693 2902 3818 2958 sup-

2222 2949 2491 3022 plevimus
2518 2949 2708 3022 moniti
2737 2949 2809 3022 ab
2825 2949 3063 3019 Origene
3089 2953 3143 3007 in
3173 2949 3333 3022 epist.
3375 2955 3445 3010 ad
3478 2949 3814 3014 Africanum.

2227 3020 2360 3077 Vide
2394 3034 2558 3089 supra
2597 3019 2845 3090 Otigenis
2873 3019 3266 3078 testimonium.
3298 3025 3476 3080 ΜΑιιτ.

2289 3090 2590 3165 —Obeltttn
2613 3091 2700 3165 hic
2723 3093 2988 3165 prmponit
3007 3104 3060 3148 et
3086 3094 3326 3160 Graecus,
3360 3098 3451 3165 qui
3475 3106 3654 3152 tamen
3675 3099 3820 3156 intc-

2213 3162 2552 3247 griustl‘tttbet
2571 3163 2892 3247 pica-xossare
2907 3168 3032 3247 step}
3052 3165 3310 3246 ῥιμαρτίας
3327 3162 3458 3247 ἑήἐρ
3472 3176 3571 3247 iraira
3593 3167 3668 3240 diu
3676 3180 3814 3243 χῶν,

2214 3232 2320 3288 etc.
2371 3232 2629 3302 Origenes
2660 3232 2821 3301 epist.
2857 3233 2924 3287 ad
2954 3232 3192 3290 A'irican'.
3242 3251 3297 3290 ιι.
3331 3240 3364 3291 5
3385 3279 3401 3303 ,
3429 3232 3617 3293 'alterd
3643 3232 3815 3297 etiam

2213 3303 2366 3370 loco,
2395 3308 2516 3380 πτερί
2540 3303 2675 3380 ἰςξὶιὲ
2697 3318 2798 3373 pro
2819 3304 2980 3380 ῥπὲρ.
3001 3304 3229 3380 Quoquo
3257 3317 3437 3362 autem
3461 3309 3626 3364 modo
3655 3313 3816 3378 velis,

2214 3373 2538 3452 vertendum
2566 3373 2752 3428 Latine
2783 3373 3017 3443 videtur,
3046 3377 3266 3432 vitulum
3288 3395 3446 3432 unum
3469 3397 3566 3452 pro
3597 3373 3814 3451 peccato

2212 3461 2309 3516 pro
2343 3445 2613 3516 animabus
2643 3460 2838 3516 eorum.

2282 3511 2312 3552 ἀ
2344 3515 2478 3568 Puto
2531 3513 3037 3585 supplendumﬁltic
3083 3516 3180 3571 Dei
3221 3533 3417 3574 nomen
3463 3535 3625 3585 esse.
3692 3541 3815 3581 nam

2212 3593 2269 3640 et
2297 3585 2520 3640 Grmcus
2562 3585 2758 3651 habet,
2805 3587 2851 3640 οἱ
2895 3584 3098 3661 ἄγγελοι
3134 3596 3227 3644 τοῦ
3261 3599 3421 3659 Θεοῦ,
3472 3601 3532 3648 et
3561 3584 3697 3651 "ob.
3733 3605 3818 3656 9:3

2211 3662 2454 3754 ειηινκπ.
2483 3676 2622 3744 Quin
2665 3678 2848 3754 potius
2873 3678 3017 3754 quod
3048 3680 3305 3754 praecedit
3334 3698 3446 3738 ecce
3469 3683 3815 3754 adverbium,

2211 3752 2383 3804 omitti
2411 3755 2627 3817 poterat
2655 3759 2748 3802 aut
2773 3750 2933 3804 obelo
2963 3753 3160 3805 notari.

2287 3829 2310 3894 ξ
2342 3818 2613 3894 Obscurus
2638 3829 2722 3874 est
2745 3819 3018 3894 istelocus
3043 3821 3527 3894 apttd_0rigenem.
3554 3825 3819 3884 Consulat

2207 3890 2590 3965 quivplucrit,
2626 3889 3097 3965 uotasyllodolplti
3137 3889 3380 3949 Westc'ni
3424 3897 3474 3948 iu
3517 3899 3818 3965 epistolam

2208 3961 2276 4038 ad
2300 3961 3068 4038 Africantttn._Nos_tidetnuis.
3100 3965 3303 4020 codicis
3318 3967 3513 4030 secuti,
3545 3961 3638 4038 qui
3673 3983 3817 4027 aste-

2208 4034 2409 4108 riscum
2455 4041 2607 4108 notat
2643 4031 2755 4108 Itoc_
2775 4033 2898 4087 loco
2929 4076 2943 4101 ,
2989 4034 3098 4108 duo
3147 4047 3343 4101 puncta
3391 4047 3516 4105 post
3558 4031 3812 4108 verbum,

2207 4103 2464 4173 equidem,
2508 4103 2926 4179 impressi‘tnus;
2956 4103 3092 4179 certi
3122 4120 3191 4160 ex
3230 4103 3561 4179 Augustino,
3616 4103 3812 4168 llierol

2207 4188 2428 4252 nymum
2454 4189 2601 4252 stupe
2629 4174 2696 4228 ad
2726 4173 2940 4245 singula
2979 4175 3176 4244 verba,
3215 4173 3459 4248 singulas
3485 4173 3816 4252 apposuisse

2206 4244 2415 4300 stellas.
2450 4244 2630 4300 MART.

2283 4313 2455 4388 (Non
2481 4316 2645 4388 aliam
2687 4315 2906 4388 videtur
2937 4316 3199 4388 Drigenes
3241 4316 3308 4373 ad
3357 4317 3501 4376 hunc
3541 4321 3726 4380 locum
3758 4326 3815 4382 io

2134 4388 2184 4449 1)
2211 4385 2421 4464 laudata
2446 4385 2613 4464 modo
2641 4387 2803 4456 epist.
2835 4387 2901 4442 ad
2928 4385 3242 4464 Africanum
3272 4390 3566 4464 verborum
3599 4397 3820 4464 perico-

2211 4473 2313 4528 pen
2359 4458 2597 4534 sentes.»
2623 4498 2638 4523 ,
2670 4473 2847 4534 quam
2898 4474 3017 4527 quae
3059 4461 3114 4534 in
3147 4458 3366 4534 rGrazcis
3407 4458 3819 4534 exemplaribus

2212 4543 2492 4615 perperam
2517 4529 2607 4615 hic
2619 4527 2942 4615 addebatur,
2960 4533 3234 4615 περωλρών
3259 4538 3350 4593 τήν
3373 4542 3467 4607 γῆν
3487 4527 3821 4615 καί-εμπερι-

2206 4605 2450 4662 πατήσας
2473 4605 2564 4660 τὴν
2583 4599 2673 4656 ὑπ’
2698 4599 3068 4677 ορρανόνᾼιυὼ
3083 4599 3484 4677 adsequenkm
3507 4599 3670 4664 unice
3691 4599 3821 4664 γὲν-

2206 4685 2327 4725 sum
2355 4681 2620 4742 spectant,
2651 4682 2704 4726 et
2730 4673 2791 4742 in,
2816 4687 3019 4742 nupera
3052 4673 3258 4728 codicis
3299 4674 3654 4732 Alexandrini
3686 4680 3818 4735 edi-

2209 4741 2361 4815 tione
2381 4741 2717 4815 jugulantur.
2747 4740 2864 4815 Non
2896 4740 2914 4807 ,
2941 4743 3370 4815 tt_thartian:eus
3395 4754 3548 4815 putat
3573 4788 3589 4814 ,
3618 4764 3684 4805 ea
3717 4767 3821 4806 vo-

2207 4811 2306 4883 luit
2336 4812 2690 4867 Adamantius
2714 4813 2901 4883 verba,
2931 4813 3024 4869 ubi
3053 4824 3200 4870 recte
3233 4816 3371 4872 intra
3397 4811 3503 4873 suo
3544 4811 3668 4876 loco
3701 4821 3809 4878 Ita-

2209 4882 2426 4955 bentttr,
2459 4885 2719 4955 expungi.

2281 4963 2307 5003 ις
2336 4954 2442 5010 Ista
2479 4954 2729 5023 leguntur
2763 4955 3089 5028 inillebrzeo
3134 4965 3335 5028 praeter
3380 4957 3535 5023 illud.
3565 4962 3765 5018 adsum
3795 4980 3817 5020 :

2205 5035 2706 5104 quarecorrnptns
2755 5027 2972 5104 videtur
3019 5027 3197 5084 textus
3245 5029 3489 5099 epistolae
3516 5030 3813 5104 Origenis;

2207 5097 2295 5175 ubi
2341 5097 2560 5175 dicitur,
2619 5099 2929 5175 circumiens
2981 5107 3176 5175 terram
3223 5097 3598 5173 ct'peragrans
3617 5097 3811 5175 ⁷ειωιξ

523 5133 784 5213 priorem,
825 5133 945 5208 qua:
975 5133 1166 5213 tamen
1215 5144 1347 5199 lleb.
1397 5133 1638 5213 pressius
1684 5133 1898 5210 haeret,
1944 5133 2104 5201 obelo

523 5207 936 5284 transiodimus,
973 5211 1025 5266 in
1057 5228 1219 5269 causa
1247 5224 1333 5269 est
1372 5207 1614 5270 veterum
1653 5207 1979 5284 scriptorum
2010 5233 2106 5272 au-

518 5279 766 5356 ctoritas,
789 5292 993 5356 etcum
1025 5285 1434 5356 primisChrys.
1469 5287 1520 5339 in
1551 5279 1958 5342 Catena‘Grmc.
1997 5287 2102 5342 Pa-

519 5358 663 5405 trum
693 5351 748 5406 in
783 5351 887 5405 Job
919 5351 1280 5420 admonentis,
1321 5351 1400 5413 (εἱ-ι
1433 5357 1706 5413 ὠϐἐλισται
1735 5359 1816 5419 τὸ,
1847 5361 1938 5413 Καὶ
1963 5358 2101 5418 ὑπη-

520 5427 668 5496 ριᾳία
691 5424 846 5496 πολλή
867 5421 1065 5496 σφόδρα
1092 5440 1106 5476 :
1137 5425 1376 5492 quoniam
1401 5429 1544 5482 obelo
1567 5436 1839 5483 denotatur
1856 5428 2016 5482 illud:
2037 5430 2104 5485 Et

521 5493 878 5570 ininisterium
903 5493 1129 5570 multum
1161 5496 1337 5570 valde.
1357 5497 1694 5553 Martianreus
1716 5500 1807 5569 qui
1831 5502 2100 5570 geminant

520 5561 749 5628 hancce,
772 5579 932 5638 quam
950 5565 1208 5638 diximus,
1229 5568 1388 5621 unius
1406 5570 1689 5624 sententiae
1706 5561 1769 5626 e'x
1779 5561 2099 5638 povsitiouent

522 5646 666 5712 esse,
696 5648 801 5712 non
822 5635 1228 5712 animadvertit,
1249 5645 1534 5712 utramque
1554 5655 1658 5693 una
1680 5635 1945 5712 probavit,
1973 5644 2100 5712 quitt

519 5703 685 5760 etiam
723 5702 921 5775 Chrys.
950 5705 1151 5761 erroris
1176 5705 1352 5762 dicam
1384 5702 1696 5779 impingere
1709 5711 1888 5780 audet,
1917 5702 2098 5786 quem,

2204 5167 2484 5240 abundare
2507 5166 2647 5236 apud
2673 5169 3042 5240 Septuaginta.
3077 5171 3258 5226 ΜΑιιτ.

2280 5235 2316 5318 ιι.
2339 5238 2481 5318 Dcite
2506 5249 2691 5318 monet
2709 5235 3134 5318 Chrysostomus
3161 5241 3630 5318 adhuncjocum,
3663 5247 3816 5318 ignis

2205 5307 2396 5380 decidit
2425 5309 2489 5364 de
2512 5310 2663 5375 calo,
2694 5307 2848 5380 apud
2865 5310 3116 5379 Aquilam
3145 5319 3202 5366 et
3238 5307 3669 5380 Theodotionern
3682 5307 3813 5373 'ad-

2205 5379 2561 5504 dit;tmhll‘uisse
2587 5377 2784 5436 nomen
2812 5377 2940 5449 Dei,
2975 5380 3030 5436 id
3065 5390 3170 5447 est,
3196 5381 3331 5454 ignis
3369 5379 3470 5437 Dei
3497 5385 3698 5442 decidit
3741 5389 3815 5444 de

2205 5466 2278 5503 ca:
2301 5467 2348 5502 ο.
2431 5466 2558 5504 Αιιτ.

2203 5466 2348 5503 εωιο.
2377 5466 2558 5506 MART.

2284 5521 2299 5557 ί
2331 5520 2571 5576 Positum
2601 5522 2687 5577 hic
2715 5519 2819 5576 loci
2871 5521 2940 5577 ab
2987 5522 3322 5587 exscriptore
3351 5523 3568 5580 obelum
3611 5538 3813 5587 sustu-

2208 5591 2368 5662 limus
2401 5607 2415 5645 :
2447 5608 2556 5647 non
2597 5593 2741 5648 enim
2786 5600 2916 5647 ante
2946 5607 3132 5647 vocem
3166 5591 3304 5647 hanc
3343 5595 3503 5662 alius,
3538 5599 3633 5652 sed
3667 5608 3814 5659 ante

2207 5661 2456 5742 verbum,
2472 5662 2984 5742 _Job,_apponendus
3010 5672 3146 5728 erat,
3172 5663 3294 5733 quia
3321 5661 3422 5719 Job
3452 5681 3564 5723 non
3600 5670 3814 5742 legitur

2207 5731 2262 5790 in
2288 5730 2577 5792 llebraico.
2606 5730 2784 5792 ΜᾸιιτ.
