3960 6208
199 259 255 318 65
1304 244 1510 312 LIBER
1548 244 1691 313 JOB.
1732 244 2009 311 ALTERA
2050 244 2322 312 VERSIO.
3397 250 3466 312 66

196 375 295 432 dum
324 370 622 431 comedunt
666 377 721 428 et
746 368 941 444 bibunt
966 368 1159 425 vinum
1190 369 1332 441 apud
1359 368 1582 425 fratrem
1612 384 1766 425 suum
1794 373 1844 431 Δ
1873 383 1971 438 per
2002 377 2199 425 terram
2218 411 2233 436 ,
2260 369 2425 425 homo
2474 366 2737 425 innocens
2756 409 2773 437 ,
2799 378 2967 425 verax
2994 366 3091 425 Dei
3118 366 3321 436 cultor,
3349 369 3479 425 abs-

195 468 443 525 seniorem
470 502 491 535 ,
516 463 699 521 subito
730 464 954 535 spiritus
980 463 1247 533 malignus
1280 462 1439 517 irruit
1475 478 1503 515 a
1528 460 1768 529 deserto,
1879 463 2059 518 tinens
2086 478 2147 519 se
2175 463 2243 517 ab
2274 464 2423 518 omni
2455 462 2600 519 malo
2625 504 2639 530 ,
2672 472 2726 519 et
2754 463 2933 519 adhuc
2961 471 3278 534 perseverat
3308 462 3362 518 in
3395 463 3477 519 in-

198 570 247 617 et
270 561 432 631 tetigit
459 566 691 628 quatuor
715 556 945 626 angulos
974 555 1205 623 domusf,
1238 564 1291 609 et
1320 555 1459 621 ruit,
1492 553 1519 582 “
1544 564 1599 610 et
1630 554 1769 609 libe-
1877 556 2122 612 nocentia
2148 574 2159 608 :
2188 566 2244 611 tu
2268 572 2398 612 vero
2417 556 2603 612 dixisti
2628 600 2644 625 ,
2667 566 2726 612 ut
2750 557 3113 613 substantiam
3135 558 3253 629 ejus
3274 556 3477 614 frustra

199 661 329 709 ratus
346 666 455 707 sum
478 664 578 721 ego
599 648 752 705 solus
776 691 792 717 ,
819 656 875 703 et
894 646 1048 715 veni,
1075 655 1134 703 ut
1155 645 1457 702 nuntiarem
1483 645 1599 702 tibi.
1622 646 1775 703 Tunc
1876 650 2187 720 perderem.
2202 650 2566 721 Respondens
2585 659 2766 707 autem
2780 650 3032 707 diabolus
3046 652 3297 717 Domino,
3317 652 3475 708 dixit:

199 743 411 801 surrexit
434 742 651 809 Job,et
678 740 947 798 conscidit
972 740 1296 796 vestimenta
1328 754 1463 809 sua,
1509 747 1562 795 et
1597 748 1773 795 toton-
1876 742 2095 798 Corium
2152 755 2251 812 pro
2304 742 2491 809 corio,
2542 752 2598 798 et
2643 742 2827 797 omnia
2874 758 3236 814 quazcumque
3272 741 3477 799 habue-

197 839 269 893 dit
293 852 489 893 comam
516 835 717 905 capitis
749 834 832 889 sui
859 850 873 889 :
906 841 957 889 et
988 832 1283 904 procidens
1314 832 1369 888 in
1416 842 1615 887 terram
1646 845 1771 887 ora-
1877 837 1951 891 rit
1981 837 2146 891 homo
2171 835 2317 891 dabit
2348 851 2447 906 pro
2475 836 2654 891 anima
2682 850 2802 891 sua.
2856 836 2964 894 Sed
2996 837 3229 895 extende
3257 853 3475 894 manum

192 932 295 999 vit,
323 940 373 986 et
400 930 534 986 dixit
561 946 576 984 :
607 928 796 984 Nudus
825 928 934 984 exii
963 926 1031 982 de
1062 935 1219 982 utero
1267 926 1457 981 matris
1498 940 1667 991 meae,
1719 934 1776 981 et
1877 935 2021 982 tuam
2043 970 2059 996 ,
2084 936 2139 983 et
2171 936 2330 999 tange
2358 942 2481 983 ossa
2513 939 2569 984 et
2597 942 2793 985 carnes
2817 928 2937 998 ejus
2962 973 2978 998 ,
3004 930 3109 986 nisi
3139 931 3192 986 in
3223 930 3359 987 facie
3389 940 3481 986 tua

186 1024 347 1083 nudus
374 1023 567 1078 vadam
600 1020 757 1078 illuc.
788 1020 1049 1075 Dominus
1072 1019 1255 1087 dedit,
1288 1020 1552 1075 Dominus
1580 1020 1774 1074 abstu-
1878 1021 2221 1077 benedixerit
2246 1021 2370 1077 tibi.
2392 1020 2538 1077 Dixit
2564 1029 2746 1079 autem
2774 1022 3035 1080 Dominus
3057 1024 3315 1080 diabolo:
3340 1025 3483 1083 Ecce

184 1116 276 1172 lit:
302 1131 361 1171 σιν
394 1116 540 1171 sicut
572 1115 809 1171 Domino
840 1115 1040 1185 placuit
1070 1114 1145 1169 ita
1177 1114 1376 1169 factum
1406 1123 1489 1168 est
1518 1114 1541 1181 1
1571 1113 1644 1168 sit
1674 1128 1773 1168 no-
1879 1114 2033 1170 trado
2063 1114 2217 1170 illum
2251 1114 2344 1171 tibi
2374 1132 2387 1170 :
2422 1124 2629 1170 tantum
2689 1116 2926 1171 animam
2978 1116 3097 1188 ejus
3126 1118 3365 1173 custodi.
3413 1118 3483 1175 Et

186 1226 304 1266 men
330 1208 549 1265 Domini
580 1208 950 1264 benedictum.
988 1208 1046 1263 ln
1076 1207 1337 1262 omnibus
1382 1206 1468 1261 his
1518 1220 1609 1271 ὴ,
1654 1221 1775 1273 qua:
1879 1221 2135 1278 egressus
2161 1207 2419 1262 diabolus
2542 1224 2570 1262 a
2605 1208 2742 1264 facie
2783 1209 2995 1264 Domini
3029 1209 3051 1277 1
3084 1210 3357 1280 percussit
3380 1211 3485 1267 Job

184 1300 521 1372 contigerunt
543 1300 593 1355 ei
622 1299 646 1367 1
674 1315 779 1355 non
806 1298 1051 1369 peccavit
1072 1298 1177 1355 Job
1202 1313 1258 1353 -ξ
1286 1312 1472 1354 coram
1495 1297 1724 1353 Domino
1749 1297 1772 1365 1
1879 1302 2105 1357 vulnere
2137 1302 2376 1371 pessimo
2396 1343 2412 1369 ,
2436 1317 2466 1355 a
2498 1301 2730 1372 pedibus
2759 1317 2932 1373 usque
2961 1302 3027 1357 ad
3060 1315 3241 1374 caput.
3268 1304 3334 1359 Et
3363 1305 3484 1361 tulit

182 1404 235 1449 et
256 1408 359 1449 non
384 1392 542 1449 dedit
571 1391 943 1463 insipientiam
974 1391 1108 1447 Deo.
1885 1397 1949 1459 )s<
1980 1393 2081 1449 sibi
2110 1393 2133 1460 1
2166 1403 2359 1449 testam
2390 1438 2403 1461 ,
2428 1403 2488 1448 ut
2518 1394 2736 1448 raderet
2763 1394 2991 1451 saniem.
3020 1394 3087 1449 Et
3112 1399 3176 1463 γε(
3206 1397 3323 1466 ipse
3349 1397 3370 1465 1
3398 1412 3485 1453 se-

250 1485 407 1559 [Cap.
439 1484 533 1557 ιι]
572 1485 642 1540 Et
680 1483 881 1540 factum
913 1495 995 1541 est
1046 1486 1099 1540 in
1149 1484 1256 1540 illis
1286 1484 1481 1540 diebus
1508 1494 1779 1540 venerunt
1879 1485 2042 1540 debat
2073 1486 2125 1539 in
2181 1484 2475 1541 stercoreb
2501 1484 2674 1556 [extra
2705 1486 3006 1541 civitatem.
3038 1487 3309 1560 Tempore
3352 1505 3484 1545 vero

182 1578 271 1633 ﬁlii
306 1578 439 1644 Dei,
465 1587 527 1632 ιιι
554 1585 794 1632 astarent
819 1586 947 1632 ante
978 1576 1266 1631 Dominum
1294 1620 1309 1643 ,
1336 1586 1390 1631 et
1416 1577 1558 1632 venit
1588 1576 1778 1631 diabo-
1881 1578 2055 1632 multo
2087 1562 2344 1648 injectoz]
2376 1582 2439 1643 >κ
2473 1577 2541 1631 Ει
2569 1577 2709 1632 dixit
2740 1579 2815 1632 illi
2849 1593 2991 1633 uxor
3017 1594 3151 1634 sua:
3180 1578 3479 1652 Quousque

183 1673 261 1729 lus
288 1674 342 1728 in
372 1672 558 1728 medio
584 1686 772 1727 eorum
800 1676 869 1740 }s(
898 1682 958 1727 ut
984 1680 1156 1727 staret
1186 1687 1367 1726 coram
1403 1671 1634 1726 Domino
1662 1670 1683 1739 1
1711 1670 1778 1725 Et
1880 1669 2175 1725 sustinebis
2202 1685 2259 1724 +
2287 1669 2477 1724 dicens
2502 1681 2525 1709 ο
2556 1670 2577 1737 1
2610 1670 2751 1725 Ecce
2778 1679 3039 1741 exSpecto
3071 1687 3237 1742 parvo
3262 1688 3322 1728 +
3353 1687 3478 1730 sus-

182 1767 311 1822 dixit
341 1765 610 1821 Dominus
640 1765 865 1821 diabolo
892 1782 906 1821 :
934 1766 1091 1822 Unde
1124 1774 1179 1820 tu
1206 1752 1411 1821 venis?
1439 1766 1505 1820 Et
1550 1780 1775 1835 reSpon-
1806 1771 1853 1830 Β
1882 1762 2057 1817 tinens
2088 1778 2239 1832 spem
2272 1762 2500 1816 salutis?
2550 1776 2611 1817 +
2646 1762 2785 1818 Ecce
2818 1762 2965 1817 enim
2992 1766 3354 1820 exterminata
3396 1776 3483 1822 est

182 1861 260 1916 dit
284 1860 528 1915 diabolus
577 1859 812 1915 Domino
844 1863 911 1928 )s(
956 1868 1010 1915 et
1040 1860 1175 1914 dixit
1210 1860 1232 1927 1
1264 1859 1496 1915 Circuivi
1528 1875 1648 1928 qua:
1677 1860 1779 1915 sub
1886 1855 2144 1909 memoria
2179 1860 2268 1907 tua
2302 1867 2329 1906 a
2360 1862 2502 1908 terra
2526 1849 2553 1889 ά
2605 1867 2665 1907 +
2701 1853 2795 1907 lilii
2827 1863 2883 1909 et
2933 1854 3087 1925 lilizc,
3139 1856 3245 1912 mei
3279 1857 3485 1913 ventris

181 1952 329 2008 ctelo
354 1963 503 2017 sunt;
534 1961 590 2008 et
626 1959 922 2022 peragrato
956 1961 1068 2006 toto
1092 1951 1261 2014 orbe,
1308 1951 1518 2005 adsum.
1546 1950 1618 2005 Et
1645 1950 1781 2005 dixit
1883 1946 2105 2002 dolores
2130 1955 2187 2001 et
2216 1946 2449 2015 gemitus
2482 1960 2534 1999 επ
2576 1960 2713 2015 quos
2744 1945 2945 2001 frustra
2979 1948 3188 2017 portavi
3219 1964 3341 2005 cum
3400 1950 3483 2005 la-

183 2046 440 2101 Dominus
487 2044 556 2100 ad
603 2044 885 2101 diabolum
919 2062 931 2098 :
960 2044 1407 2099 Animadvertisti
1439 2059 1569 2114 ergo
1599 2043 1776 2099 famu-
1883 2039 2015 2094 bore
2050 2053 2107 2093 +
2138 2037 2331 2107 Tuque
2358 2037 2411 2092 in
2452 2037 2741 2108 putredine
2772 2038 3039 2093 vermium
3072 2039 3231 2096 sedes
3267 2055 3329 2096 αξ-
3360 2056 3486 2111 per-

182 2138 293 2193 lum
309 2153 487 2194 meum
503 2135 902 2208 Job,quia’non
933 2146 1016 2193 est
1044 2137 1327 2207 quisquam
1357 2134 1547 2192 similis
1586 2135 1662 2192 illi
1689 2151 1781 2192 su-
1882 2144 2113 2191 noctans
2141 2132 2242 2188 sub
2269 2132 2401 2188 divo
2428 2142 2451 2171 ε
2479 2148 2539 2188 -ι-
2574 2142 2630 2189 et
2657 2148 2756 2204 ego
2784 2132 3082 2203 oberrans,
3100 2143 3157 2191 et
3182 2134 3484 2206 deprecans

248 2388 319 2399 —
350 2356 649 2435 Scripserit
685 2355 951 2435 Origenes
991 2353 1205 2435 ἔρχεται
1234 2371 1290 2435 τιν
1323 2355 1456 2435 api;
1490 2354 1601 2411 ἰὠϐ
1618 2357 1666 2435 Δζ
1697 2357 1781 2412 λὶς

182 2439 437 2503 νωκειᾳ
459 2428 530 2484 ad
556 2428 716 2503 cujus
738 2427 951 2503 videtur
972 2427 1393 2503 normarulocu's
1419 2431 1521 2503 iste
1547 2428 1782 2503 religet):

183 2497 305 2565 dus,
327 2502 461 2555 venit
483 2514 541 2553 -ι-
576 2500 647 2552 ad
676 2498 776 2551 Job
795 2499 816 2564 1
835 2498 1027 2561 dicens,
1058 2510 1162 2552 etc.
1192 2497 1354 2552 Certe
1383 2498 1434 2550 in
1466 2498 1629 2553 llebr.
1658 2498 1779 2553 Jobi

187 2586 407 2637 nomen,
439 2572 584 2639 quod
617 2570 755 2625 adeo
784 2569 1001 2623 uncinis
1031 2569 1372 2628 inclusimus,
1408 2576 1571 2623 tacet.

261 2652 287 2679 ⁸
316 2642 521 2698 Desunt
542 2641 596 2695 in
630 2656 733 2695 ms.
760 2650 1211 2711 quacrsequuntur
1244 2656 1257 2693 :
1298 2639 1585 2709 ceciditque
1623 2656 1781 2711 super

188 2729 394 2785 pueros,
420 2723 468 2767 et
496 2712 689 2785 mortui
716 2720 855 2785 sunt.
890 2710 1065 2785 bitur.

259 2783 529 2854 —Supple
544 2799 609 2839 ex
624 2781 818 2854 Grtcco
840 2781 1049 2854 isthtec:
1070 2782 1251 2854 domus
1273 2797 1427 2854 super
1443 2798 1625 2851 pueros
1646 2792 1778 2852 tuos,

196 2864 246 2908 et
267 2852 457 2908 mortui
476 2864 619 2916 sunt,
652 2869 771 2921 quae
802 2852 1011 2907 librarii
1041 2852 1327 2908 oscitantia
1360 2855 1415 2907 in
1448 2856 1636 2907 Latino
1676 2870 1781 2908 ms.

197 2926 477 2991 excidisse,
507 2926 638 2979 nihil
669 2934 753 2979 est
776 2923 1025 2978 dubium.

271 2994 439 3061 hQuae
476 2996 616 3051 intra
657 2998 885 3050 uncinos
914 2994 1312 3063 comprehensa
1343 3004 1490 3057 sunt,
1523 3009 1628 3049 non
1658 3003 1784 3048 sunt

202 3076 385 3121 notata
418 3068 653 3122 obelisco
686 3067 740 3119 in
776 3081 881 3121 ms.
924 3066 1147 3130 codice;
1189 3066 1288 3119 etsi
1339 3066 1560 3120 minimc
1600 3066 1785 3133 lcgan—

206 3149 315 3201 tur,
345 3138 470 3207 apud
503 3138 783 3198 Hebraeos,
816 3134 1223 3206 redundentque
1269 3136 1320 3188 in
1354 3134 1555 3207 Graecis
1603 3151 1786 3191 exem-

210 3179 450 3276 plaribus
472 3179 633 3263 ωυῑῐ
665 3180 804 3275 Quid
852 3222 980 3262 vero
1006 3179 1197 3261 doce‘at
1228 3220 1327 3260 nos
1357 3206 1669 3261 immediate
1698 3223 1785 3260 se-
1813 3179 1860 3241 (ἶ

210 3293 387 3346 quens
412 3282 713 3345 asteriscns,
748 3278 889 3333 scire
921 3294 1028 3332 non
1070 3291 1309 3347 possum.
1348 3276 1472 3330 Ideo
1506 3285 1780 3347 nunquam

215 3348 415 3403 inutilis
444 3360 491 3404 et
519 3365 707 3404 errore
738 3346 1085 3404 librariorum
1120 3349 1326 3419 positus
1357 3346 1645 3403 habendus
1666 3362 1787 3403 esse

1888 2370 2124 2412 morere.
2156 2354 2298 2411 Nihil
2331 2355 2435 2411 hoc
2461 2356 2788 2415 luculentius
2821 2362 3155 2420 testimonio.

1960 2426 1984 2463 ι¹
2023 2431 2095 2481 Et:
2128 2427 2479 2502 distinctione
2508 2430 2924 2502 versiculorum,
2954 2449 3116 2502 quam
3146 2435 3342 2492 retinet
3375 2453 3475 2495 ms.

1891 2499 2306 2572 Alexandrinus
2340 2497 2394 2572 in
2442 2500 2643 2553 Catena
2691 2497 3003 2556 Grmcorutii
3046 2505 3297 2572 Patrum,
3340 2508 3484 2565 hunc

1888 2570 2108 2646 obelum
2148 2570 2543 2646 supplevitnus
2571 2581 2697 2646 :_tot
2742 2588 2976 2646 namque
3016 2570 3311 2646 Scriptura:
3356 2594 3484 2646 pars

1891 2640 2082 2712 isthme
2111 2638 2302 2712 obelos
2331 2639 2493 2694 debet
2533 2642 2755 2707 habere,
2786 2638 2919 2712 quot
2942 2643 3104 2700 habet
3140 2638 3436 2705 versiculos
3466 2669 3481 2707 ;

1888 2710 2127 2777 alioquin
2176 2710 2777 2789 inii_iitne_perspertum
2795 2710 2968 2789 foret
2993 2717 3245 2783 intuenti,
3277 2729 3478 2789 quanta

1886 2796 2138 2861 versuum
2159 2781 2308 2861 c0pia
2336 2781 2603 2861 redundet
2626 2785 2764 2861 apud
2790 2784 2934 2861 LXX
2957 2781 3310 2857 interpretes,
3330 2790 3483 2861 cujus

1887 2855 2093 2907 nullum
2117 2860 2297 2907 exstat
2323 2854 2607 2921 vestigium
2632 2855 2683 2908 in
2707 2855 3057 2910 Hebmorum
3084 2854 3470 2915 voluminibus.

1889 2924 2059 2977 Porro
2085 2923 2205 2976 vice
2235 2937 2391 2977 versa
2435 2924 2682 2992 nonnihil
2703 2926 2895 2992 juvant
2917 2926 3060 2980 obeli
3094 2928 3181 2982 hic
3214 2932 3380 2984 notati
3411 2932 3479 2986 ad

1889 2993 2283 3049 restituendam
2332 2991 2625 3058 perfectam
2673 2991 2929 3049 versuum
2970 2995 3378 3054 distinctionem
3429 3002 3484 3056 in

1890 3081 1992 3119 ms.
2024 3062 2416 3125 Alexandrino,
2443 3066 2567 3132 quia
2596 3080 2999 3132 nonnumquam
3023 3067 3130 3122 duo
3162 3084 3354 3126 versus
3380 3072 3484 3126 sub

1895 3152 1996 3191 una
2027 3133 2299 3188 divisione
2328 3132 2400 3186 ibi
2432 3134 2705 3202 leguntur.
2735 3135 2910 3190 ΜΑιιτ.

1972 3215 1994 3243 ο
2029 3205 2213 3273 Neque
2244 3205 2395 3273 plura
2429 3205 2650 3259 (irit-cus
2680 3206 2843 3260 habet
2873 3218 3051 3263 textus
3082 3228 3094 3265 :
3139 3210 3488 3268 Martianteus

1898 3287 2079 3351 tamen
2129 3277 2179 3328 in
2235 3274 2509 3351 Adde_ndis
2540 3276 2771 3351 alterum
2807 3280 2950 3333 hunc
2988 3296 3202 3336 versum
3247 3285 3486 3351 suppleri

1894 3347 1981 3420 hic
2004 3346 2157 3420 jubet
2188 3354 2348 3420 atque
2380 3347 2658 3420 interseri;
2696 3345 2762 3400 Et
2786 3365 2872 3402 ero
2903 3367 3052 3420 vaga,
3082 3361 3131 3406 et
3172 3345 3365 3407 habitu
3394 3370 3489 3409 an-

221 3419 443 3474 vidctnr.
466 3420 646 3476 Mser.

294 3491 592 3547 —'l‘otidem
612 3500 807 3547 suntet
830 3491 881 3546 in
895 3490 1087 3547 Graeco
1109 3489 1294 3554 verba,
1310 3503 1408 3544 nec
1426 3497 1600 3544 tamen
1616 3490 1791 3545 ὠϐελι-

233 3563 542 3633 cpéaa.qu.e
568 3579 666 3617 nos
706 3563 918 3633 uncinis
956 3562 1509 3630 circumscripsimus,
1534 3563 1709 3633 quod
1736 3562 1791 3615 in

234 3631 362 3707 “ob.
386 3631 747 3707 desiderenilttr
772 3649 789 3686 :
819 3632 928 3699 ἔξω
952 3641 1043 3707 τῆς
1066 3633 1501 3707 πόλεωςηΧρόνου
1526 3631 1580 3687 δὲ
1608 3632 1792 3707 nonat?

241 3703 611 3774 προϐεϐηκότος.
636 3704 740 3772 Qui
768 3704 1116 3773 subsequitur
1141 3702 1454 3766 asteriscus,
1486 3718 1643 3774 unam
1669 3705 1791 3774 illu-

242 3788 436 3829 cescere
458 3776 598 3838 facit,
622 3774 710 3841 Et,
736 3776 1008 3837 voculam,
1034 3789 1193 3843 quam
1214 3786 1312 3827 nos
1334 3788 1365 3826 e
1392 3773 1624 3827 textibus
1655 3773 1791 3828 lleb.

247 3843 472 3899 ctGrazro
494 3846 825 3909 suﬂ'ecimus,
850 3856 906 3899 ut
924 3845 1036 3914 ipsa
1053 3844 1315 3906 asterisci,
1338 3858 1496 3912 quem
1523 3844 1793 3909 inutilem,

249 3929 303 3967 ac
326 3917 529 3982 positum
557 3917 913 3971 librariorum
945 3930 1133 3970 errore
1181 3914 1525 3969 Martianteus
1569 3918 1796 3985 putavit,

251 3988 372 4038 ratio
406 3998 682 4043 constaret.
723 4013 738 4026 -

319 4067 337 4093 ε
363 4057 623 4115 llanil‘csto
670 4055 1029 4127 exscriptoris
1072 4069 1269 4127 errore
1293 4052 1382 4109 hic
1422 4064 1639 4111 notatus
1686 4065 1802 4111 erat

256 4130 510 4199 asteriscus
539 4145 634 4199 pro
659 4130 815 4199 signo
844 4128 1013 4192 obeli,
1055 4126 1365 4199 etquidem
1398 4136 1518 4199 post
1552 4128 1800 4191 verbum,

254 4196 424 4265 dicens,
456 4196 587 4270 quod
621 4196 732 4255 non
771 4200 968 4269 legitur
1007 4199 1059 4253 in
1094 4198 1381 4253 llebraico.
1416 4197 1526 4270 Nos
1555 4198 1803 4270 Origenis

252 4269 532 4327 auctoritate
554 4270 696 4337 l'ulti,
736 4272 849 4326 suis
873 4270 1009 4325 locis
1036 4285 1099 4323 ac
1138 4270 1307 4339 signis
1348 4269 1529 4323 omnia
1560 4269 1804 4322 restitui-

247 4354 371 4393 mus.
404 4341 566 4397 MART.

309 4410 703 4468 —blartian:eus
723 4411 931 4468 hicduo
944 4411 1211 4467 crassiora
1234 4419 1430 4480 puncta
1454 4418 1804 4481 opposuerat,

247 4481 304 4554 ad
335 4482 483 4538 linem
514 4485 858 4554 ὠϐελισμένης
888 4484 1035 4536 voeis
1062 4482 1452 4549 denotundutn,
1496 4482 1718 4554 perinde
1743 4495 1807 4536 ac

1894 3416 2015 3472 cilla
2044 3416 2334 3482 ambulans,
2366 3418 2505 3485 quod
2559 3419 2674 3472 haec
2723 3422 2883 3473 verba
2932 3416 3070 3476 lecta
3116 3423 3246 3478 olim
3298 3426 3405 3478 sint
3433 3425 3485 3479 in

1895 3490 2004 3543 alio
2066 3488 2361 3557 exemplari
2408 3488 2705 3557 Jobjuxta
2754 3488 2898 3545 LXX
2942 3508 2971 3545 a
3018 3492 3173 3549 Joan.
3234 3495 3490 3549 Camera-

1902 3559 1985 3615 rio
2019 3558 2310 3627 Dalburgio
2340 3559 2596 3628 episcopo
2630 3559 2982 3630 Vangionum.
3034 3563 3320 3619 Constabit
3357 3582 3489 3621 vero

1898 3632 1966 3703 ab
1998 3630 2268 3703 hujusmet
2298 3632 2535 3703 episcopi
2570 3645 2693 3685 mox
2719 3628 3002 3687 recitando
3030 3635 3364 3703 testimonio,
3392 3637 3493 3691 mi-

1900 3702 2047 3756 nime
2092 3700 2453 3777 supplendam
2504 3716 2621 3756 eam
2670 3704 2832 3777 simul
2876 3718 3012 3777 e5se
3040 3700 3360 3777 perit-open,
3390 3707 3486 3763 sed

1899 3782 2043 3827 stare
2093 3785 2191 3840 pro
2242 3770 2329 3824 hic
2374 3773 2669 3845 impressa,
2721 3771 2807 3845 Et
2836 3790 2928 3845 ego
2966 3770 3247 3841 oberrans;
3282 3770 3353 3832 ιε’
3403 3779 3497 3831 dc-

1904 3858 2115 3915 prccans
2150 3849 2249 3915 :et
2270 3843 2411 3911 quod
2434 3841 2528 3915 ille
2562 3844 2768 3898 invenit
2794 3843 2847 3898 in
2866 3841 3197 3915 Badagiensi
3227 3858 3498 3905 monaste-

1902 3911 1986 3968 rio
2006 3911 2286 3981 exemplar
2307 3927 2413 3966 non
2432 3913 2649 3968 Hieron.
2674 3915 2963 3981 versionis,
2986 3911 3081 3972 sed
3101 3920 3238 3973 alius
3260 3918 3493 3977 fortasse

1904 3982 2229 4051 antiquioris
2256 3996 2398 4061 esse.
2426 3982 2516 4061 Sic
2542 3992 2721 4039 autem
2748 3986 2909 4039 verba
2924 3987 3059 4061 ejus
3075 3990 3273 4045 habent
3297 4008 3311 4044 :
3336 3990 3496 4061 Saepe

1905 4062 2142 4127 quaestus
2172 4068 2316 4117 sum,
2352 4053 2680 4127 scripturam
2724 4070 2867 4111 sacr.
2902 4053 3149 4127 pluribus
3197 4061 3250 4116 itt
3299 4053 3495 4118 locis'a

1908 4141 2032 4179 vera
2066 4125 2514 4196 interpretatione
2542 4140 2662 4181 esse
2690 4125 3060 4196 depravatum,
3108 4146 3220 4186 non
3269 4132 3491 4188 ilieron.

1910 4198 2011 4270 viri
2042 4195 2339 4270 doctissimi
2366 4203 2423 4249 et
2445 4195 2775 4270 sanctissimi
2806 4200 2986 4270 culpa,
3018 4202 3114 4257 sed
3154 4204 3288 4257 vitio
3326 4203 3496 4259 libra-

1908 4268 2133 4322 riorum.
2170 4266 2226 4319 ln
2258 4282 2361 4335 qua
2392 4282 2451 4321 re
2483 4268 2730 4323 nonnulli
2773 4266 3072 4327 nebulones
3105 4272 3302 4328 incolas
3329 4274 3494 4328 cella-

1909 4354 2029 4392 rum
2058 4339 2386 4413 urhanarum
2418 4339 2843 4413 mihiadversati
2873 4351 3038 4407 sunt,
3070 4358 3135 4398 ex
3162 4343 3353 4413 spiritu
3382 4344 3494 4398 vini

1911 4409 2213 4481 sententias
2263 4423 2389 4462 suns
2449 4408 2783 4477 proferentes
2813 4428 2827 4465 :
2860 4428 3086 4481 quorum
3132 4408 3494 4469 ut'inscitiam

1914 4479 2241 4553 luculentam
2274 4493 2581 4553 arguamus,
2628 4481 2785 4553 mitto
2826 4479 2946 4548 qua:
2991 4498 3162 4553 nuper
3208 4483 3261 4537 itt
3318 4482 3495 4537 Buda-

246 4552 285 4606 si
311 4569 425 4623 quae
449 4550 763 4624 sequuntur,
799 4554 930 4632 Ecce
951 4562 1188 4632 exspecto
1214 4569 1392 4632 parra,
1426 4550 1682 4632 dellehr.
1703 4566 1805 4632 Ies-
1835 4564 1885 4623 ι)
1912 4551 2090 4632 εἰοιιεί-
2113 4550 2442 4632 monasterio
2477 4552 2529 4632 in
2556 4556 2722 4632 ueteri
2755 4550 3324 4632 Biblia_repéri_ver_ba
3350 4567 3491 4632 uxo-

244 4622 354 4677 δεξιαὶ
394 4622 557 4691 textu,
611 4641 736 4680 cum
769 4624 996 4679 minime
1040 4622 1167 4688 Sint,
1214 4622 1267 4677 et
1308 4624 1545 4694 jugulari
1600 4622 1804 4691 pariter

248 4694 394 4749 obclo
419 4696 660 4751 debeant.
694 4694 748 4749 Id
781 4710 846 4751 ex
880 4696 1016 4765 ipsa,
1048 4709 1206 4763 quam
1254 4693 1411 4749 Mm.
1457 4694 1655 4759 innuit,
1688 4693 1809 4747 Ori-

245 4769 387 4833 genis
409 4772 559 4834 epist.
590 4767 657 4821 ad
690 4767 1003 4821 Africanum
1034 4772 1272 4830 constat,
1303 4767 1458 4831 cujus
1481 4780 1660 4833 Operae
1687 4780 1809 4827 pre-

248 4837 368 4890 tiuttt
398 4848 473 4891 est
504 4839 663 4892 verba
695 4837 1011 4909 describere
1041 4852 1055 4891 :
1092 4837 1298 4909 πλξὶονα
1336 4838 1383 4888 ἐν
1412 4843 1518 4897 τοῖς
1550 4836 1812 4909 ἡμετέροις

248 4910 380 4981 παρὰ
398 4911 460 4963 τὰ
484 4909 741 4982 Ἑϐραϊκὰ,
765 4905 847 4963 ὅτε
870 4903 978 4982 εἶπες
992 4914 1064 4982 έτῷ
1078 4908 1221 4982 ἰᾠϐῃ
1388 4908 1567 4982 αὐτοῦ,
1583 4903 1683 4960 ἀπὸ
1698 4903 1810 4982 ἐφῇ·

255 4964 940 5056 ιςιὲχριτίνοέκαρτερήσειςς
953 4964 1286 5056 λξθίῳιζίέοῦ,
1304 4980 1530 5056 ἀναμένω
1546 4999 1585 5047 χ
1591 4975 1818 5056 ρόνονέἕτι

244 5047 417 5135 μικρἇξ
428 5047 839 5135 πρρσδεχᾲμίνος
860 5058 950 5109 τήν
975 5047 1149 5135 arridet
1161 5057 1252 5108 τῆς
1276 5047 1641 5135 σωτῄρὶαςέίὸν
1651 5090 1663 5112 ,
1680 5065 1697 5098 ι
1724 5048 1820 5135 ἕωξ⁵

244 5118 352 5176 ξας·
364 5118 475 5175 εἷναί
484 5118 867 5192 ἁναπᾶύὸωμαι
879 5120 1199 5190 τῶνμὸχθων
1208 5141 1306 5192 μου
1320 5123 1404 5175 καὶ
1414 5118 1513 5175 ira»
1529 5118 1737 5182 ὀδυνῶν,
1762 5120 1817 5192 oti

244 5215 303 5264 με
331 5199 421 5267 νῆν
442 5195 742 5267 συνέχουσς
769 5190 788 5243 ι
820 5192 1096 5267 μένειν-’γᾴρ
1128 5190 1432 5267 τόι-ρἠαιιὊιΔ
1462 5205 1555 5267 τῆς
1579 5190 1816 5267 ’γυναικὸς

242 5259 636 5337 ἆ-ηγέ-[ραπςᾷιξ
663 5262 743 5337 τᾴ,
775 5280 795 5314 ι
817 5259 1078 5337 ἆλλίἶήόῦ
1100 5284 1151 5317 τι
1341 5262 1469 5337 rapo;
1494 5259 1692 5337 Kuptov,
1733 5264 1819 5314 καὶ

243 5329 467 5391 cru-sse.
484 5352 504 5387 ι
522 5333 689 5388 Multa
699 5334 756 5387 in
778 5334 970 5387 nostris
983 5329 1519 5403 exemplar-'ibuszultra
1545 5329 1701 5385 Hebr.
1738 5345 1819 5383 re-

242 5406 491 5465 dundant,
515 5420 630 5476 qua
646 5403 727 5457 Itis
752 5403 929 5476 uxoris
957 5403 1058 5476 Job
1081 5403 1243 5476 verbis
1270 5418 1287 5455 :
1317 5417 1600 5476 quousque
1636 5414 1819 5471 perse-

239 5476 491 5532 verabis?
527 5472 817 5539 adduntur,
850 5474 1121 5529 dicendo:
1165 5472 1392 5528 Manebo
1437 5474 1615 5528 adhuc
1652 5485 1818 5542 parvo

244 5558 482 5611 tempore
508 5553 826 5616 exspectans
853 5559 1001 5616 spem
1034 5543 1223 5616 salutis
1254 5558 1409 5616 mete,
1443 5560 1624 5616 usque,
1650 5543 1732 5616 ad
1759 5543 1820 5596 il-

241 5619 348 5681 lud,
383 5628 441 5673 ut
461 5613 797 5685 requiescam
829 5615 898 5670 ab
926 5614 1184 5670 aerumnis
1212 5614 1372 5678 meis,
1401 5624 1455 5670 et
1486 5628 1517 5667 a
1543 5613 1819 5667 doloribus

240 5689 330 5760 qni
354 5706 439 5743 me
472 5684 616 5744 nunc
643 5688 890 5760 detinent
923 5702 937 5740 :
969 5702 1088 5760 nam
1109 5686 1218 5739 lucc
1240 5694 1448 5760 tantum
1467 5687 1645 5760 uxoris
1671 5684 1822 5738 verba

242 5755 429 5832 Scripta
454 5771 574 5819 sunt
605 5776 625 5818 :
652 5758 760 5817 Sed
788 5757 879 5816 dic
917 5759 1147 5816 verbum
1183 5766 1372 5817 contra
1418 5755 1725 5823 Dominum,
1769 5763 1825 5812 et

1912 4623 1988 4675 ris
2008 4621 2130 4685 Job,
2160 4621 2211 4674 in
2236 4621 2536 4675 emendatis
2563 4623 2748 4677 Bibliis
2773 4626 2975 4679 nostris
2996 4620 3325 4679 deﬁcientia:
3354 4620 3501 4677 Dixit

1913 4700 2082 4767 autem
2098 4691 2191 4767 illi
2217 4708 2347 4745 uxor
2368 4708 2461 4747 sua
2484 4707 2502 4746 :
2528 4692 2709 4747 Adhuc
2734 4704 2786 4747 tu
2806 4711 3075 4767 prrmanes
3097 4696 3147 4748 in
3169 4693 3503 4767 simplicitate

1915 4764 2047 4816 tua?
2094 4760 2368 4832 Usquequo
2407 4773 2462 4816 tu
2506 4780 2639 4817 nunc
2676 4760 2915 4835 sustines,
2958 4775 3005 4818 et
3030 4766 3186 4819 dices.
3243 4765 3374 4818 Ecce
3404 4779 3499 4835 exe

1916 4843 2091 4907 specto
2133 4849 2355 4907 paucam
2400 4845 2618 4901 tempus,
2642 4836 2815 4889 adhuc
2853 4852 3065 4907 sperans
3104 4851 3243 4906 spem
3280 4834 3505 4907 salutis?

1920 4904 2053 4957 Ecce
2074 4905 2413 4958 exterminata
2433 4915 2529 4971 est,
2570 4915 2616 4959 et
2645 4908 2795 4975 periit
2837 4904 3083 4961 memoria
3124 4904 3213 4959 tua
3253 4906 3316 4961 de
3341 4916 3501 4960 terra.

1925 4974 2053 5028 Filii
2081 4975 2155 5027 tui
2186 4985 2229 5027 et
2256 4974 2381 5041 ﬁlia:
2410 4986 2510 5030 ture
2528 5020 2542 5042 ,
2568 4978 2757 5030 ventris
2797 4977 2895 5028 mei
2932 4976 3153 5045 gemitus
3201 4986 3248 5030 et
3276 4977 3503 5041 dolores,

1923 5061 2047 5117 quos
2074 5047 2126 5097 in
2156 5061 2370 5101 vacuum
2396 5050 2592 5116 portavi
2612 5062 2728 5099 cum
2744 5046 2917 5098 labore
2943 5061 2961 5096 :
2985 5054 3038 5095 tu
3064 5053 3236 5100 autem
3260 5049 3371 5117 ipse
3393 5065 3507 5102 ecce

1921 5116 2066 5189 sedes
2095 5117 2148 5169 in
2169 5118 2442 5187 putredine
2466 5118 2731 5189 vermium,
2767 5122 3067 5189 pernoctans
3098 5125 3145 5189 et
3170 5120 3389 5189 vigilans
3414 5121 3508 5185 sub

1923 5187 2039 5240 divo
2066 5202 2083 5240 :
2110 5182 2275 5256 ct'ego
2302 5204 2431 5257 vaga
2475 5196 2521 5240 el
2553 5186 2728 5257 habitu
2755 5182 2967 5237 ancilla
3003 5182 3274 5257 ambulans
3303 5190 3368 5243 dc
3395 5182 3510 5242 loco

1921 5258 1977 5311 in
2005 5258 2198 5324 locum,
2215 5255 2264 5311 et
2294 5255 2532 5310 de'domo
2562 5257 2615 5307 in
2637 5255 2848 5326 domum
2869 5256 3041 5321 operis
3068 5274 3245 5325 causa,
3272 5268 3509 5326 exspecto

1923 5329 2126 5397 quando
2152 5328 2229 5383 sol
2259 5327 2458 5381 occidat
2483 5367 2498 5389 ,
2540 5334 2594 5378 ut
2618 5325 2932 5399 requiescam
2960 5330 3283 5399 aqgemitibus
3311 5325 3438 5381 meis
3463 5339 3512 5382 et

1927 5395 2209 5464 laboribus,
2234 5399 2325 5467 qui
2366 5410 2445 5467 me
2483 5410 2617 5467 nunc
2644 5395 2951 5467 temporibus
2995 5395 3075 5453 liis
3119 5399 3516 5464 comprehende-

1925 5478 2082 5535 runt;
2113 5470 2201 5522 sed
2235 5464 2318 5520 dic
2349 5464 2565 5535 aliquod
2572 5465 2815 5535 Acerbum,
2845 5468 3054 5521 benedic
3089 5472 3143 5523 in
3170 5469 3418 5534 Domino,
3467 5478 3517 5522 et

1926 5533 2139 5593 morere.
2168 5536 2276 5590 Nos
2298 5549 2457 5590 unam
2477 5533 2808 5609 sull‘eeimns,
2829 5538 3076 5609 Voculam
3102 5556 3217 5609 ego,
3242 5554 3364 5608 qua:
3389 5540 3519 5593 dee-

1928 5619 2043 5675 rat,
2086 5616 2249 5675 atquc
2289 5620 2405 5660 eam
2454 5605 2671 5674 quidem
2712 5614 2824 5661 tum
2870 5605 3083 5664 Graecia
3130 5605 3336 5681 codicis
3380 5623 3516 5681 Ope,

1932 5691 2044 5737 tum
2074 5690 2224 5735 reeto
2250 5686 2481 5749 cogente
2510 5690 2695 5735 sensu.
