3960 6208
564 187 635 252 67

1567 195 1624 253 S.
1669 192 2055 254 lllERONYMl
2096 194 2335 256 DIVINA
2371 194 2858 258 BlBLlOTllECA.

3794 205 3849 268 68

571 312 641 378 χ
669 307 741 366 de
769 306 891 364 loco
918 307 973 365 in
1004 306 1221 376 locum,
1263 315 1319 364 et
1365 306 1436 365 de
1464 306 1628 366 domo
1678 308 1735 364 in
1787 308 2049 379 domum,
2108 323 2165 365 αξ
2200 309 2253 373 Α
2284 312 2351 380 >κ
2378 317 2434 367 et
2475 310 2804 368 conturbent
2847 323 2967 367 eam
2996 310 3153 383 quasi
3192 310 3586 373 amaritudines
3627 314 3851 387 diei1et

569 411 899 474 exspectans
929 400 1148 475 quando
1175 401 1258 457 sol
1290 400 1537 470 occidat,
1566 417 1619 458 -1
1654 410 1713 459 et
1743 402 1989 475 requiem
2014 417 2173 475 agam

570 495 821 554 laborum
847 512 865 553 :
892 511 955 552 +
986 504 1042 552 et
1068 496 1365 568 gemituum
1383 537 1400 565 ,
1424 498 1517 569 qui
1547 511 1637 554 me
1658 511 1804 554 nunc
1831 497 2049 568 agunt1
2077 496 2174 555 sed

571 588 664 647 die
688 589 906 662 aliquod
937 590 1166 646 verbum
1199 590 1253 645 in
1284 590 1574 647 Dominum
1594 631 1612 660 ,
1635 599 1693 649 et
1717 606 1953 648 morere.
1985 590 2057 647 At
2084 591 2176 648 ille

578 696 641 739 αι
673 682 893 740 intuens
922 681 1117 753 1dixit
1145 682 1213 739 ad
1245 698 1367 740 eam
1395 701 1407 736 :
1432 682 1731 755 Tamquam
1761 698 1871 740 una
1897 684 1966 739 de
1992 683 2176 741 stultis

570 774 893 832 mulieribus
921 775 1105 832 locuta
1135 789 1222 833 es.
1253 773 1311 832 Si
1341 775 1483 832 bona
1513 778 1860 847 suscepimus
1886 776 1955 832 de
2009 790 2175 831 manu

574 865 825 933 Domini,
857 866 997 923 mala
1025 882 1196 940 quare
1240 881 1346 924 non
1379 868 1784 924 sustineamus?
1814 865 1872 922 111
1921 866 2175 924 omnibus

578 958 669 1015 bis
696 974 757 1015 +
790 967 818 997 ιι
841 975 963 1032 quae
993 958 1311 1016 acciderunt
1342 960 1418 1015 illi
1452 959 1475 1029 1
1511 959 1646 1016 nihil
1676 959 1925 1032 peccavit
1967 957 2071 1016 Job
2101 958 2177 1014 la-

572 1050 676 1108 biis
708 1056 773 1120 >1<
804 1051 919 1108 suis
948 1067 1010 1109 σει
1042 1061 1174 1109 ante
1208 1053 1520 1111 Dominum.

649 1143 720 1202 Ut
746 1145 1042 1201 audierunt
1068 1157 1181 1203 tres
1208 1145 1376 1203 amici
1406 1148 1526 1216 ejus
1578 1149 1760 1203 omnia
1800 1147 1940 1203 mala
2000 1144 2173 1203 borch

573 1252 698 1306 qua:
738 1236 1056 1293 acciderunt
1091 1237 1206 1306 illi,
1253 1250 1628 1296 convenerunt
1681 1240 2059 1311 unusquisque
2109 1239 2180 1297 de

572 1329 797 1400 regione
827 1343 925 1384 sua
949 1329 1018 1387 ad
1044 1344 1169 1386 eum
1207 1330 1432 1401 Elipltaz
1460 1328 1814 1409 Themanitcs
1839 1341 1862 1370 ε
1894 1330 2032 1403 [rex]
2057 1330 2179 1387 Bal-

572 1419 677 1476 dad
716 1419 1008 1478 Saucbites
1051 1419 1365 1494 [tyrannus]
1396 1433 1453 1478 et
1480 1422 1698 1493 Sopbor
1842 1422 2176 1481 Namatltites

578 1527 618 1567 -1
672 1508 975 1570 Mineorutn
1006 1528 1104 1569 rex
1132 1513 1157 1581 1
1191 1513 1258 1569 Et
1285 1523 1553 1570 venerunt
1582 1514 1648 1570 ad
1676 1529 1799 1570 cum
1829 1513 1988 1570 simul
2016 1523 2073 1571 ut
2102 1515 2180 1571 vi-

570 1607 840 1673 sitareut,
894 1617 951 1663 et
1003 1607 1455 1664 consolarentur.
1508 1607 1771 1666 Videntes
1824 1617 2013 1666 autem
2056 1624 2180 1666 eum

2279 409 2495 459 noctem
2524 401 2671 457 illam
2704 406 2767 460 3a”
2795 402 3099 474 suscipiant
3126 405 3365 469 tenebrat
3393 405 3417 476 1
3447 404 3564 463 Non
3588 406 3663 464 sit
3682 406 3734 464 in
3756 410 3851 468 die-

2277 491 2381 550 bus
2407 491 2557 560 anni,
2590 508 2767 564 neque
2794 503 3110 551 numeretur
3136 500 3200 566 ζεεξ
3231 496 3285 551 in
3318 496 3511 554 diebus
3547 501 3805 557 mensium
3830 501 3847 569 1

2279 585 2377 644 sed
2411 602 2514 642 nox
2544 586 2636 641 illa
2673 587 2745 641 sit
2776 586 2956 656 dolor,
2986 603 3088 645 nec
3131 589 3321 646 veniat
3343 591 3661 661 jucunditas
3685 609 3727 650 -1
3773 608 3848 649 ne

2278 695 2386 753 que
2408 679 2661 752 gaudium
2688 680 2715 751 1
2746 680 2801 737 in
2832 696 2932 747 ea;
2976 680 3071 739 sed
3111 682 3401 739 maledicat
3427 684 3507 741 illi
3548 685 3851 769 maledicens

2280 774 2389 832 diei
2420 784 2445 822 ε
2473 773 2600 848 [illi]
2625 775 2717 846 qui
2754 790 3008 847 magnum
3037 785 3220 834 cetum
3266 786 3524 849 capturus
3563 788 3667 837 est.
3700 780 3850 841 Tene-

2278 867 2543 926 brescant
2570 868 2751 927 sidera
2774 870 2952 927 noctis
2977 870 3156 937 illius;
3179 884 3516 944 permaneat,
3544 883 3602 931 et
3622 873 3679 931 in
3703 874 3849 933 lucem

2279 977 2392 1021 non
2420 962 2621 1031 veniat,
2661 978 2841 1036 neque
2865 963 3049 1021 videat
3077 964 3386 1023 Luciferum
3426 969 3719 1036 orientem,
3751 971 3850 1040 quia

2280 1069 2393 1111 non
2426 1054 2704 1111 conclusit
2732 1067 2918 1126 portas
2938 1056 3144 1112 ventris
3167 1057 3358 1114 matris
3378 1072 3538 1128 mea),
3567 1059 3850 1119 abscondis

2280 1152 2369 1204 set
2396 1148 2544 1202 enim
2579 1147 2821 1204 laborem
2864 1148 2935 1205 ab
2964 1145 2991 1185 ¹ι
3017 1148 3193 1206 oculis
3234 1151 3392 1207 meis.
3431 1149 3613 1220 Quare
3651 1153 3786 1211 enim
3810 1156 3849 1208 in

2283 1251 2474 1299 ventre
2500 1257 2607 1296 non
2629 1242 2761 1311 obii,
2783 1257 2854 1298 ex
2881 1251 3040 1299 utero
3061 1243 3273 1312 exiens,
3303 1252 3361 1301 et
3397 1258 3504 1300 non
3538 1259 3591 1300 αθ
3632 1247 3852 1318 promtus

2288 1333 2311 1400 ξ
2349 1332 2524 1402 perii?
2547 1332 2618 1388 Et
2645 1341 2706 1388 ut
2743 1332 2873 1404 quid
2903 1335 3266 1390 constiterunt
3297 1334 3428 1391 mibi
3468 1337 3681 1408 genus?
3709 1353 3851 1408 quare

2284 1424 2451 1481 ubera
2478 1424 2640 1481 snsi?
2669 1422 2826 1483 Nunc
2860 1423 2877 1462 ῖ
2909 1426 3099 1496 utique
3122 1426 3403 1484 dormiens
3429 1428 3781 1502 quiescerem,
3810 1438 3852 1487 et

2284 1517 2463 1573 smnni
2495 1517 2788 1574 securitate
2818 1518 3027 1575 fruerer
3049 1533 3178 1576 cum
3206 1520 3422 1591 regibus
3450 1519 3726 1578 honoratis
3752 1531 3846 1579 ter-

2283 1627 2379 1680 rm,
2409 1610 2504 1682 qui
2532 1611 2906 1682 gloriabantur
2938 1613 2992 1668 in
3023 1613 3038 1663 i
3079 1612 3275 1685 gladiis
3300 1630 3314 1669 :
3344 1622 3589 1682 autcum
3619 1615 3854 1686 principi-

574 1699 798 1772 procul,
826 1715 935 1756 non
960 1709 1324 1771 agnoverunt.
1351 1699 1422 1757 Et
1442 1700 1813 1758 exclamantes
1832 1716 1966 1757 voce
1986 1717 2182 1774 magna
2210 1710 2261 1772 Β
2290 1702 2391 1759 bus
2417 1702 2615 1774 quibus
2645 1703 2916 1774 [multum
2940 1703 2959 1775 ]
2993 1704 3096 1760 fuit
3121 1720 3316 1761 aurum
3344 1707 3438 1778 qui
3465 1707 3854 1778 compleverunt

566 1797 875 1867 .lleverunt,
898 1794 1218 1852 scindentes
1258 1795 1464 1868 singuli
1496 1796 1828 1853 vestimenta
1856 1809 1953 1863 sua
1979 1836 1998 1863 ,
2026 1809 2183 1866 spar-

572 1897 769 1960 gentes
815 1887 1013 1959 singuli
1068 1888 1355 1958 pulverem
1408 1903 1576 1959 super
1605 1895 1770 1958 caput
1796 1900 1956 1944 suum
2013 1892 2078 1955 μαθέ
2124 1886 2180 1942 in

570 1979 773 2037 cmlum
806 1979 829 2048 1
865 1979 1125 2036 sederunt
1149 1993 1272 2035 cum
1306 1994 1375 2036 eo
1407 1984 1473 2047 3a:
1525 1980 1578 2035 in
1609 1988 1754 2036 terra
1777 1978 1801 2047 1
1825 1987 2035 2050 septem
2064 1979 2182 2036 die-

570 2071 709 2139 bus,
740 2079 799 2128 et
847 2079 1059 2143 septem
1109 2071 1361 2128 noctibus
1392 2088 1407 2127 :
1440 2079 1498 2127 et
1527 2086 1691 2127 nemo
1743 2086 1937 2128 eorum
1967 2071 2179 2128 loeutus

571 2173 660 2220 est
715 2167 782 2232 >κ
813 2163 880 2219 ad
912 2178 1038 2218 cum
1092 2162 1319 2219 verbum
1356 2163 1379 2231 1
1412 2162 1689 2219 Videbunt
1719 2163 1867 2219 enim
1897 2160 1923 2199 ἀ
1955 2163 2178 2219 vulnera

570 2256 690 2326 ejus
719 2256 959 2323 atrocia,
986 2264 1042 2311 et
1068 2270 1327 2327 magnum
1354 2254 1601 2312 dolorem
1634 2256 1811 2312 valde.

642 2344 792 2419 [Cap.
824 2343 941 2418 lll.]
971 2344 1103 2402 Post
1132 2343 1249 2403 haec
1272 2344 1377 2402 Job
1403 2347 1620 2417 aperuit
1660 2361 1722 2401 os
1751 2359 1933 2410 suum.
1968 2356 2020 2407 et
2058 2362 2176 2403 ma-

565 2437 756 2496 ledixit
784 2438 890 2494 diei
914 2454 1049 2496 suae.
1088 2439 1152 2493 Et
1182 2440 1247 2507 >5»:
1277 2438 1621 2511 respondens
1655 2437 1759 2495 Job
1788 2437 1811 2507 1
1849 2438 1991 2494 dixit
2021 2454 2035 2493 :
2070 2439 2172 2495 Pe-

561 2538 682 2589 reat
715 2529 833 2589 dies
860 2531 956 2588 ille
980 2532 1034 2587 iu
1065 2546 1175 2604 quo
1201 2540 1365 2589 natus
1392 2546 1514 2588 sum
1540 2535 1607 2601 βε(
1636 2531 1688 2586 in
1735 2544 1804 2589 eo
1835 2531 1858 2600 1
1892 2541 1947 2587 et
1974 2547 2081 2587 nox
2117 2532 2170 2587 in

563 2636 673 2694 qua
705 2631 730 2661 ο
757 2621 963 2678 dictum
1000 2631 1107 2690 est,
1141 2632 1441 2694 conceptus
1480 2631 1567 2679 est
1602 2623 1766 2678 homo
1817 2621 1933 2677 Nos
1977 2622 2069 2676 illa
2099 2622 2172 2678 sit

567 2712 677 2786 |At.
703 2712 839 2786 sint]
867 2714 1106 2772 tenebrm
1136 2733 1150 2770 :
1186 2729 1286 2772 nec
1311 2717 1556 2787 requirat
1578 2713 1844 2772 Dominus
1864 2728 1983 2771 eam
2008 2715 2168 2772 desu-

566 2820 684 2877 per,
716 2822 818 2865 nec
853 2805 872 2844 ί
902 2807 1146 2865 inveniat
1174 2822 1299 2865 eam
1328 2807 1548 2874 lumen;
1589 2807 1688 2864 sed
1728 2807 2008 2877 excipiant
2046 2822 2167 2863 eam

562 2900 807 2959 tenebrat
827 2910 882 2959 et
912 2901 1103 2960 umbra
1132 2902 1348 2960 mortis.
1374 2901 1571 2959 Veniat
1598 2916 1765 2975 super
1802 2901 1947 2957 illam
1968 2901 2166 2974 caligo,

2283 1793 2477 1851 donms
2505 1807 2634 1849 suas
2661 1792 2889 1864 argento
2923 1812 2938 1851 :
2979 1804 3074 1851 aut
3112 1803 3387 1865 tamquam
3418 1797 3718 1855 abortivum
3746 1814 3852 1869 pro-

2283 1886 2496 1955 lapsum
2528 1901 2569 1942 υὲ
2632 1886 2705 1954 de
2730 1885 2887 1944 vulva
2921 1887 3110 1943 matris
3140 1887 3165 1957 1
3193 1898 3291 1944 aut
3328 1898 3597 1963 tamquam
3639 1890 3853 1948 infantes

2282 1978 2375 2047 qui
2403 1993 2512 2034 non
2542 1978 2796 2035 viderunt
2824 1978 3028 2036 lucem.
3055 1978 3133 2036 ibi
3164 1980 3315 2052 impii
3336 1981 3705 2053 deposuerunt
3730 1984 3853 2040 furo-

2280 2085 2396 2126 rem
2427 2084 2608 2126 suum.
2646 2069 2725 2126 Ibi
2752 2071 3143 2140 requieverunt
3165 2070 3371 2143 fatigati
3402 2086 3657 2145 corpore,
3678 2074 3847 2130 simul-

2278 2175 2386 2231 que
2437 2161 2491 2215 in
2534 2168 2799 2217 αξιοι-1111111
2838 2166 2900 2228 ges:
2932 2161 3401 2231 abundaverunt1
3451 2178 3550 2220 nec
3592 2165 3853 2221 audierunt

2273 2266 2464 2309 vocem
2490 2256 2787 2309 cxactoris.
2822 2254 3059 2309 Pusillus
3087 2265 3143 2310 et
3166 2270 3394 2326 magnus
3422 2255 3496 2312 ibi
3526 2267 3612 2314 est
3632 2298 3650 2327 ,
3679 2268 3733 2314 et
3758 2271 3853 2314 ser-

2275 2357 2377 2399 vus
2404 2341 2432 2382 ιε
2466 2357 2577 2399 111111
2611 2345 2813 2400 timens
2834 2343 3113 2403 dominum
3136 2356 3317 2403 suum.
3350 2345 3423 2406 Ut
3450 2346 3580 2420 quid
3610 2348 3749 2406 enim
3777 2347 3855 2405 da-

2275 2444 2367 2494 tur
2401 2437 2484 2494 eis
2522 2436 2614 2508 qui
2647 2439 2702 2493 in
2742 2438 3112 2497 amaritudine
3132 2448 3263 2497 sunt
3289 2440 3378 2497 lus
3410 2449 3467 2498 et
3499 2443 3638 2512 vita,
3664 2444 3856 2500 anima-

2274 2527 2375 2583 bus
2401 2543 2525 2600 quze
2556 2537 2687 2585 sunt
2718 2532 2769 2586 in
2792 2530 3099 2598 doloribus,
3123 2548 3249 2604 quas
3272 2531 3588 2591 desiderant
3613 2545 3849 2601 mortem,

2276 2628 2333 2677 et
2362 2637 2472 2679 non
2504 2623 2773 2694 contingit
2800 2622 2936 2690 illis,
2964 2634 3273 2696 quaerentes
3301 2634 3423 2683 eam
3452 2634 3723 2701 tamquam
3753 2628 3855 2685 tlte-

2278 2728 2525 2781 saurum,
2557 2723 2615 2771 et
2655 2714 2852 2786 gaudio
2879 2715 3193 2774 afﬁciuntur
3220 2715 3267 2772 ι.
3309 2718 3458 2775 Mors
3482 2719 3601 2775 viro
3637 2719 3852 2791 requies,

2275 2807 2430 2878 cujus
2460 2808 2549 2863 via
2575 2808 2893 2865 abscondita
2917 2818 3020 2867 est.
3049 2810 3330 2868 Conclusit
3349 2812 3494 2868 enim
3516 2811 3661 2868 Deus
3679 2812 3855 2868 adver-

2276 2913 2370 2955 sus
2390 2913 2548 2989 leum.
2579 2901 2720 2957 Ante
2747 2914 2903 2957 escas
2933 2902 3136 2974 quippe
3160 2915 3307 2959 meas
3336 2901 3571 2975 gemitus
3590 2910 3631 2942 ι·
3650 2902 3737 2978 [ad
3761 2901 3853 2958 Do-

643 3146 670 3175 κ
695 3136 776 3216 De
796 3133 880 3216 bis
905 3132 1290 3216 additamentis
1315 3132 1392 3216 ita
1418 3142 1603 3216 monet
1623 3132 1683 3190 S.
1710 3132 2165 3216 plLrysnstomus:
2195 3136 2240 3200 C
2272 3144 2376 3216 ms:
2409 3130 2598 3216 codice
2624 3150 2652 3216 _:
2688 3144 2984 3216 nqsuverq
3011 3130 3163 3216 illum
3214 3129 3604 3216 expunximus,
3630 3122 3772 3216 quia
3809 3129 3856 3216 in

565 3206 625 3265 '0
649 3207 906 3283 ξῐεῖϐροιζρς⁸
920 3205 1043 3260 αὖτό
1070 3202 1325 3283 adtexta,
1350 3205 1641 3283 ἀρκούντως
1772 3202 1961 3261 (vvoth
1980 3225 2163 3282 προεκ-

565 3273 784 3355 φράσοίι.
863 3276 1054 3355 ειη-111111
1066 3273 1248 3355 "eodem
1263 3274 1369 3355 ‘Itoc
1386 3273 1510 3355 ’111111
1540 3273 1715 3355 habet,
1750 3273 2159 3355 contentusfen-

567 3343 681 3404 tam
705 3343 1035 3417 explicuisse.
1064 3343 1365 3417 Sicatttrm
1396 3344 1847 3417 Cltrysostomum
1890 3344 2150 3415 intelligi),

568 3417 712 3490 ‘quod
747 3412 1138 3490 llebruruslton
1169 3412 1365 3468 habeat
1396 3428 1483 3480 ea,
1513 3412 1637 3485 qum
1668 3415 1843 3471 obelis
1886 3412 2161 3473 notata'ac

563 3485 809 3599 jitq‘ulata
838 3493 986 3540 sunt.
1011 3485 1189 3540 Msn'r.

702 3557 872 3599 ninam
902 3554 1039 3599 falgn
1072 3555 1184 3599 Mar

702 3557 872 3625 Quem
902 3554 1039 3611 falso
1072 3555 1420 3611 Ilartiauazus
1448 3565 1820 3626 prmposuerat
1842 3554 1926 3612 his
1955 3555 2157 3622 verbis,

565 3644 683 3703 qua:
703 3627 1000 3682 acciderunt
1025 3627 1124 3694 illi,
1156 3626 1377 3683 obclum
1404 3629 1744 3703 sustulimus,
1772 3643 1892 3682 cum
1922 3638 1977 3684 et
2008 3627 2161 3684 lucu-

561 3701 864 3780 lctttissimc
887 3718 946 3774 in
978 3719 1114 3776 lleb.
1148 3717 1239 3792 hic
1267 3719 1373 3775 loci
1398 3721 1536 3792 sint,
1562 3701 1681 3792 VS?
1707 3729 1887 3785 anan,
1912 3736 2029 3792 qua
2050 3736 2160 3776 eae-

567 3801 756 3847 nerunt
778 3807 931 3859 super
952 3807 1088 3857 cum,
1119 3796 1175 3846 et
1195 3790 1460 3861 deceptus
1490 3789 1735 3845 videatur
1776 3793 1877 3846 loci
1909 3789 2159 3847 similitu-

564 3863 697 3918 dine
735 3861 999 3930 superiori
1032 3861 1276 3929 proxime
1305 3876 1467 3918 versu
1514 3861 1740 3917 Latinus
1785 3863 2155 3923 amanuensis.

567 3941 629 3991 ut
652 3932 897 3990 eamdem
928 3932 1121 3990 iisdem
1152 3932 1334 3989 verbis
1356 3931 1736 4004 prtefigendam
1770 3934 1977 4005 putarit
2011 3934 2155 3990 obeli

646 4085 670 4114 ο
709 4073 886 4131 Verba
926 4074 1138 4129 uncinis
1178 4073 1466 4130 terminata
1503 4074 1702 4130 absunt
1751 4076 1804 4130 in
1853 4074 2152 4143 llebraico;

569 4144 687 4203 hac
716 4154 894 4201 tamen
925 4160 1115 4201 errore
1140 4145 1227 4201 vel
1261 4146 1471 4199 incuria
1513 4144 1859 4203 librariorum
1892 4160 1996 4202 non
2029 4158 2157 4203 sunt

569 4217 744 4274 obelis
768 4225 948 4273 n0tata
981 4216 1033 4270 in
1061 4230 1163 4271 ms.
1192 4216 1402 4271 codice.
1435 4216 1616 4271 Mser.

639 4286 668 4327 ιι
692 4286 1042 4358 Redundant,
1074 4288 1120 4341 si
1150 4286 1380 4342 llebrmo
1417 4295 1812 4356 componantur
1832 4331 1848 4356 ,
1880 4290 2005 4358 [haec
2031 4304 2153 4358 pro-

568 4359 689 4431 prie
713 4360 901 4427 verba,
932 4356 1162 4431 Vulnera
1194 4358 1309 4431 ejus
1349 4358 1545 4431 atrocia
1565 4397 1581 4423 ,
1609 4372 1744 4431 qua:
1788 4357 1971 4431 malim
2016 4356 2153 4418 adeo

567 4426 697 4488 veru
721 4426 944 4502 prmliso
963 4426 1239 4502 deuotari'.
1260 4427 1315 4502 In
1333 4426 1527 4502 βιαίου
1548 4426 1710 4502 e_ti:im
1732 4428 1855 4484 cod.
1883 4430 2147 4487 Alexand.

564 4494 770 4591 ’κδιεοῖν
810 4504 921 4591 γάρ
948 4494 2151 4591 weiml§6m3§mﬂ£LMr
2179 4530 2228 4591 n

565 4570 795 4659 σφόδραε
810 4570 970 4630 vei-ha
992 4588 1113 4644 qua:
1132 4570 1442 4641 parenthesi
1459 4570 1775 4654 clausimus,
1790 4570 2147 4629 obeloconfo-

565 4650 806 4701 ttmutur.
832 4644 984 4701 Adeo
1007 4656 1169 4701 uuam
1198 4644 1360 4701 nlane
1386 4651 1714 4696 contrariam
1742 4642 1802 4698 S.
1829 4642 2144 4701 lntcrnretis

564 4657 806 4703 utuntur.
832 4657 984 4701 A000
1007 4657 1169 4703 uuam
1198 4657 1360 4703 plane
1386 4657 1714 4696 contrariam
1742 4657 1802 4698 δ.
1829 4657 2144 4703 llllCI‘Dl’ellS

565 4657 806 4703 utuntur.
832 4657 984 4701 Adeo
1007 4657 1169 4714 quam
1198 4657 1360 4713 plane
1386 4657 1714 4696 contrariam
1742 4657 1802 4698 δ.
1829 4657 2144 4713 Interpretts

565 4720 732 4774 menti
750 4716 996 4774 asterisci
1020 4722 1203 4771 notam
1228 4712 1577 4769 Martianreus
1594 4713 1884 4783 prtcposuit
1900 4715 2079 4770 verbis
2096 4725 2145 4770 et

564 4805 815 4860 magnum
844 4787 1079 4860 dolerent
1100 4786 1272 4851 valde,
1306 4784 1559 4839 mendum
1576 4784 1761 4860 _Lat_ini
1786 4789 2141 4860 amanuensis

564 4854 963 4930 apertissimum
991 4858 1118 4915 inde
1144 4869 1400 4912 amovere
1422 4870 1528 4909 non
1557 4854 1945 4912 dubitavimus.

639 4940 662 4966 ε
688 4930 844 4984 Leuit
869 4933 926 4984 S.
969 4930 1307 4984 Auuustinus
1344 4926 1398 4983 in
1436 4924 1861 4981 Annotationum
1892 4927 2051 4984 libro.
2084 4929 2105 4984 i

639 4940 662 4966 ε
688 4930 844 5001 Legit
869 4933 926 4988 S.
969 4930 1307 5002 Augustinus
1344 4930 1398 4983 in
1436 4930 1861 4981 Annotationum
1892 4930 2051 4998 libro,
2084 4930 2139 4984 in

561 5015 666 5073 quo
690 5002 931 5073 dixerant
961 5018 979 5056 :
1010 5002 1237 5073 Grzecus
1265 5012 1481 5073 quoque
1505 4999 1559 5053 ἐν
1582 4992 1791 5073 irim.
1950 5071 1957 5073 _

642 5068 661 5108 ί
694 5069 879 5144 Denuo
907 5073 968 5128 S.
995 5067 1348 5144 Augustinus,
1381 5067 1493 5144 Nec
1512 5067 1760 5144 veniatin
1793 5085 1906 5125 eant
1938 5071 2132 5139 lumen,

562 5141 805 5215 press_ius
823 5140 1034 5215 (ἴε-1111111,
1054 5140 1193 5205 inde
1215 5141 1349 5200 ἔλθοι
1373 5142 1446 5203 εἰς
1654 5142 1856 5215 pinos.

639 5221 666 5259 κ
690 5210 932 5267 Tametsi
957 5213 1088 5268 nihil
1119 5216 1379 5279 immuto,
1403 5222 1459 5268 et
1503 5210 1767 5268 inclusam
1800 5212 2011 5267 uncinis
2040 5227 2134 5267 vo-

558 5297 680 5339 cem
710 5283 944 5348 retineo,
970 5298 1034 5338 ac
1054 5285 1170 5339 scin
1196 5285 1269 5341 ita
1300 5284 1471 5342 ferme
1496 5282 1697 5338 lectum
1736 5284 1902 5339 etiam
1926 5282 1998 5339 ab
2025 5287 2135 5339 Au-

555 5356 795 5435 gustino,
829 5353 1013 5408 malim
1039 5361 1220 5411 tamen
1250 5372 1347 5425 pro
1365 5354 1479 5435 illi,
1497 5353 1642 5435 quod
1664 5361 1724 5408 ut
1750 5352 1923 5435 vides,
1951 5353 2133 5435 inille-

555 5423 706 5481 brteo
748 5438 1049 5493 pronomen
1093 5440 1200 5479 non
1237 5423 1343 5491 est,
1374 5425 1482 5493 legi
1510 5423 1636 5492 illo,
1666 5439 1731 5479 ac
1762 5424 1913 5494 iungi
1946 5426 2134 5480 subse-

551 5497 740 5565 quenti
765 5495 1073 5561 sententiae,
1099 5493 1192 5550 ille
1214 5496 1306 5565 qui
1331 5510 1575 5561 magnum
1618 5493 1805 5560 cetum,
1845 5506 1955 5552 etc.
1982 5496 2135 5551 Grac-

552 5576 674 5640 cus,
702 5564 1106 5640 fomlam
1126 5573 1279 5640 uiroc
1307 5566 1691 5639 χειρώσασθαι.
1723 5566 1951 5624 Leviora
1982 5582 2131 5638 qum-

552 5632 676 5688 dam
701 5632 843 5690 infra
872 5632 1018 5688 taciti
1038 5632 1413 5691 emendamusl

567 5740 575 5748 ι
622 5698 655 5742 δ
677 5703 820 5761 Ante
847 5703 1068 5760 verbum
1099 5704 1204 5761 hoc
1241 5704 1368 5759 meis
1407 5704 1686 5772 appositus
1728 5714 1811 5762 est
1846 5707 2035 5765 obclus
2079 5707 2135 5765 in

2274 3202 2518 3275 llebrzeis
2556 3203 2922 3275 voluminibus
2972 3203 3203 3274 legimus
3251 3218 3375 3260 cum
3425 3201 3769 3275 pronomine,
3800 3201 3853 3258 ab

2267 3274 2432 3329 oculis
2463 3276 2611 3329 meis.
2644 3273 2820 3330 Man'r.

2346 3343 2361 3382 ί
2397 3344 2608 3417 Vitiosa
2640 3344 2840 3417 lectum
2870 3360 2901 3400 a
2927 3342 3240 3401 Martiaan
3284 3345 3459 3417 itaque
3499 3359 3598 3417 pro
3644 3344 3853 3417 utique:

2267 3424 2378 3470 tum
2404 3416 2638 3487 alterum
2667 3416 3074 3487 additumnunc
3115 3415 3432 3474 adverbium
3461 3434 3473 3471 :
3504 3415 3851 3487 Numitor/ue

2264 3500 2410 3559 nunc
2428 3486 2690 3559 dormiens
2706 3526 2723 3555 ,
2744 3494 2854 3559 etc.
2880 3484 3189 3559 Noslocum
3212 3486 3361 3559 ess.
3390 3485 3678 3559 Augustini
3706 3484 3853 3544 testi-

2264 3556 2449 3611 monio
2500 3565 2557 3614 et
2610 3556 2786 3613 Graeci
2833 3557 3043 3616 codicis
3086 3558 3412 3615 auctoritate
3451 3556 3847 3615 einendamus:

2265 3634 2366 3702 Νῦν
2470 3629 2727 3702 κοιμηθεὶς
2753 3652 2801 3685 κ.
2817 3652 2867 3686 τ.
2891 3629 2940 3685 λ.

2339 3700 2354 3749 t
2388 3699 2586 3773 lterum
2610 3714 2679 3755 ex
2694 3703 2888 3773 [vitiato
2910 3700 3107 3773 [codice
3130 3715 3420 3773 perperam
3439 3699 3643 3773 lectum
3666 3714 3695 3757 a
3717 3699 3852 3757 Mar-

2264 3769 2464 3845 t_ia_n_:co
2486 3771 2546 3845 in
2575 3772 2747 3839 malis,
2773 3771 2953 3845 proin
2977 3769 3187 3845 gladiis,
3211 3769 3356 3843 quod
3378 3771 3709 3845 substituere
3739 3787 3843 3828 non

2261 3839 2627 3912 dubitavimus
2674 3839 2799 3912 post
2846 3839 3133 3899 Hebrmum
3174 3839 3378 3900 lcitum
3423 3848 3611 3909 main,
3657 3842 3847 3900 Grmco

2264 3911 2383 3989 ipso
2410 3921 2465 3989 ct
2496 3911 3143 3989 ivgipsowpragferente.
3162 3913 3268 3989 sed
3299 3925 3354 3970 et
3395 3914 3456 3989 δ.
3492 3915 3845 3989 Augustinus,

2259 3984 2348 4057 qui
2377 3983 2741 4057 gloriabantur
2766 3985 3054 4057 in_gladiis.
3089 3984 3247 4057 Unde
3286 3995 3382 4054 est,
3415 3983 3614 4055 inquit,
3662 3994 3711 4042 et
3736 3989 3849 4057 gla-

2260 4053 2664 4127 dium_spiritus_,
2694 4053 2933 4124 quodest
2964 4057 3173 4127 verbum
3205 4056 3321 4112 Dei.

2337 4122 2363 4163 ι
2391 4122 2575 4182 Tertio
2600 4122 2796 4182 vitiose
2833 4133 2892 4179 et
2924 4127 3059 4182 falso
3103 4124 3302 4182 factum
3333 4142 3360 4181 a
3399 4125 3712 4183 Martianmo
3738 4144 3847 4181 ser-

2258 4211 2350 4255 tms
2374 4206 2623 4263 metuens,
2666 4213 2763 4267 pro
2800 4212 2975 4252 servus
3011 4215 3112 4253 non
3155 4198 3361 4264 timens,
3391 4198 3843 4267 quemadmodum

2257 4268 2603 4324 emendatum
2629 4283 2659 4322 a
2692 4268 2849 4323 nobis
2890 4278 2999 4332 est,
3031 4276 3144 4324 tum
3191 4269 3257 4323 ad
3294 4269 3427 4324 recti
3457 4282 3672 4335 sensus,
3718 4284 3843 4324 cum

2258 4339 2420 4417 etiam
2443 4341 2510 4417 ad
2540 4353 2794 4417 normam
2811 4337 3015 4417 codicis
3031 4339 3213 4417 _Gr:eci
3240 4340 3471 4417 θεράπων
3494 4341 3552 4417 of:
3580 4338 3840 4417 δεδοικώς.

2256 4406 2429 4477 Quam
2462 4410 2748 4465 lectionem
2783 4407 3217 4466 luculentissimo
3258 4406 3566 4466 testimonio
3612 4410 3849 4466 firmavit

2261 4479 2317 4552 ξ,
2348 4480 2680 4552 Augustinus
2709 4496 2725 4536 :
2754 4477 2819 4533 Et
2852 4496 3031 4552 seruus
3055 4498 3160 4537 non
3180 4481 3361 4537 timens
3388 4481 3652 4535 dominum
3666 4498 3847 4537 suum.

2254 4549 2378 4606 Sive
2402 4549 2687 4606 secundum
2714 4551 2846 4606 illud
2871 4566 2890 4606 :
2925 4550 3018 4608 Vis
3060 4569 3163 4621 non
3205 4553 3382 4621 timere
3403 4560 3722 4621 potestatem,
3754 4552 3851 4607 bo-

2250 4637 2373 4695 num
2405 4622 2507 4694 fac.
2549 4623 2671 4678 Sive
2710 4623 2994 4677 secundum
3029 4620 3190 4695 illud,
3219 4620 3588 4680 Consummata
3633 4622 3850 4679 dilectio

2249 4693 2393 4763 fores
2408 4693 2575 4749 mittit
2607 4695 2862 4748 timorem.

2330 4762 2343 4802 ι
2366 4764 2699 4839 omittuntur
2719 4764 2835 4820 lucc
2863 4766 2920 4839 in,
2938 4780 3070 4839 ms,
3089 4782 3207 4839 cum
3221 4765 3506 4839 invenerint
3526 4762 3847 4839 sepulcrum,

2250 4836 2330 4906 vel
2361 4837 2405 4890 si
2436 4837 2627 4906 [uerint
2663 4837 2943 4906 consecuti.
2974 4836 3352 4893 Consuleudus
3387 4847 3471 4893 est
3511 4836 3694 4894 tostus
3733 4836 3847 4891 lle-

2244 4904 2446 5033 IInsanit;
2481 4921 2546 4964 ac
2567 4922 2670 4962 ms.
2703 4905 3110 4964 Alexandrinus
3136 4907 3205 4964 ad
3235 4907 3644 4981 intelligentiam
3678 4908 3850 4978 hujus

2266 4994 2372 5033 ()CI.
2452 4994 2578 5033 sur.

2266 4994 2372 5035 ()Cl.
2398 4994 2578 5034 MART.

2315 5079 2387 5089 —
2408 5048 2696 5121 Subjungit
2733 5048 2955 5121 Gratcus
2997 5047 3347 5106 Alexandrini
3380 5046 3584 5106 codicis
3614 5056 3799 5121 textus
3831 5068 3844 5105 :

2240 5118 2719 5206 ὲάγλιατατῦχῶσι,
2755 5118 2821 5206 id‘
2837 5128 2952 5206 est,
2994 5121 3040 5176 si
3068 5122 3262 5206 {derint
3290 5121 3550 5206 consecuti
3547 5133 3590 5206 ’ί
3620 5121 3676 5205 in
3718 5120 3850 5206 aliis.

2243 5190 2459 5261 additur
2487 5190 2771 5259 prieterea,
2793 5192 3042 5256 θανάτου.
3068 5190 3119 5247 id
3146 5200 3251 5261 est,
3278 5199 3516 5247 mortem.
3547 5192 3713 5252 Paria
3744 5191 3849 5248 Ita-

2244 5258 2334 5318 bet
2364 5262 2624 5320 Hebraeus
2651 5277 2868 5333 quoque
2899 5270 3098 5319 textus.

2314 5354 2560 5427 mrFaeile
2578 5371 2677 5426 pro
2699 5356 2769 5411 ad
2795 5354 3099 5425 Dominum,
3121 5370 3257 5427 quas
3280 5356 3497 5412 voculas
3519 5357 3736 5413 uncinis
3756 5357 3851 5413 in-

2238 5426 2523 5498 clusimus,
2546 5428 2834 5498 legendum
2860 5442 2969 5481 uno
2990 5435 3075 5484 est
3096 5426 3263 5484 verbo
3284 5427 3476 5498 adest:
3509 5427 3666 5485 facile
3686 5430 3845 5484 enim

2238 5495 2492 5570 librarius
2522 5495 2835 5570 scriptionis
2852 5499 3038 5570 nescio
3056 5513 3163 5569 qua
3182 5496 3541 5570 similitudine
3564 5499 3847 5570 deceptus

2242 5576 2344 5623 est.
2370 5568 2463 5624 Sic
2487 5567 2771 5639 certe’ipse
2792 5567 3269 5641 olimAugustinus
3297 5567 3465 5641 legit:
3489 5567 3846 5641 gemitus—ad-

2239 5646 2358 5711 e_st:
2401 5649 2446 5694 et
2489 5641 2623 5711 ﬂeo,
2653 5638 2944 5711 etcalllud
2992 5653 3122 5711 vero
3164 5639 3241 5711 ad,
3286 5638 3611 5707 Dominum,
3659 5656 3848 5711 neque

2239 5706 2465 5768 Graecus
2480 5706 2645 5769 codex
2655 5753 2672 5781 ,
2686 5718 2748 5769 ut
2763 5710 2831 5768 de
2846 5709 3077 5767 Hebraeo
3087 5708 3304 5766 interim
3319 5717 3549 5781 taceam,
3564 5706 3849 5783 agnoscit.
