3960 6208
511 204 576 264 Ἱί
1212 204 1215 205 ⁷
1515 204 1573 262 S.
1618 201 1999 262 lilERONYMI
2035 198 2266 260 DlVlNA
2304 199 2781 260 BIBLIOTHECA.
3735 205 3800 264 ἠ

509 321 604 378 tibi
632 320 655 389 ζ
685 329 712 359 ι
740 318 945 376 Deinde
967 319 1110 376 scies
1149 319 1294 391 quod
1337 318 1390 375 in
1431 333 1564 390 pace
1594 319 1700 376 erit
1731 319 1928 375 domus
1969 325 2108 374 tua:
2139 319 2191 380 Α
2220 317 2311 374 nix
2348 329 2443 373 aut
2481 318 2681 390 glacies
2715 314 3010 375 constricta
3047 329 3173 375 cum
3214 316 3455 376 tabuerit
3495 317 3552 375 in
3599 318 3797 392 calore,

509 421 567 468 et
622 413 963 468 tabernaculi
1010 412 1088 466 tui
1147 412 1492 467 conversatio
1551 427 1662 467 non
1713 411 1982 481 peccabit.
2042 412 2108 466 Et

510 505 654 562 scies
673 504 820 576 quod
845 505 1071 560 multum
1096 505 1205 561 erit
1226 519 1414 562 semen
1438 513 1588 561 tuum
1612 523 1625 558 :
1651 513 1707 562 et
1729 505 1823 560 lilii
1852 505 1926 561 tui
1949 513 2112 562 erunt

510 604 784 668 tamquam
808 595 976 652 herba
1006 598 1187 652 omnis
1211 598 1264 652 in
1291 610 1509 668 campo.
1539 597 1608 652 Et
1636 597 1822 654 venies
1845 598 1899 652 in
1930 595 2114 667 sepul-

509 701 669 755 crum
696 697 966 759 tamquam
992 687 1326 746 frumentum
1352 699 1623 744 maturum
1649 688 1699 762 [b
1721 688 1868 760 quod
1896 689 1950 745 in
1975 695 2112 745 tem-

508 793 645 853 pore
665 794 766 836 suo
787 781 1046 852 metetur]
1067 791 1162 837 aut
1185 790 1462 853 tamquam
1477 796 1709 838 acervus
1731 795 1874 837 area:
1899 783 1956 836 in
1981 792 2114 838 tem-

510 889 644 944 pore
673 889 774 930 suo
801 882 1192 948 congregatus.
1238 875 1379 931 Ecce
1421 874 1540 932 haec
1581 875 1657 931 ita
1698 874 2112 946 exquisivimus.

510 968 639 1025 llaec
661 978 789 1025 sunt
819 985 946 1042 qua
972 971 1314 1038 audivimus,
1347 979 1403 1026 tu
1433 985 1564 1028 vero
1595 969 1734 1028 scito
1766 972 2112 1042 temetipsum

511 1057 662 1133 [quid
687 1060 915 1133 egeris].

828 1169 1172 1211 BBSPONDENS
1211 1170 1398 1213 AUTEI
1435 1170 1548 1224 JOB,
1601 1171 1791 1213 Dle'l':

584 1243 742 1318 [Cap.
771 1244 886 1316 VL]
911 1246 968 1302 Si
988 1247 1113 1316 quis
1133 1246 1452 1316 appendens
1469 1246 1730 1318 ponderct
1750 1248 1886 1303 iram
1910 1262 2110 1316 meam,

510 1348 564 1393 et
597 1348 619 1376 ε
653 1351 941 1394 sermones
969 1353 1123 1394 meos
1151 1349 1325 1409 ponat
1375 1339 1428 1394 in
1470 1348 1673 1395 statera
1715 1340 1916 1396 simul:
1945 1355 2114 1396 arena

513 1431 756 1487 littorum
797 1430 1040 1488 inveniet
1065 1433 1387 1502 graviores.
1427 1430 1532 1487 Sed
1577 1440 1637 1488 ut
1677 1433 1911 1498 videtur,
1944 1432 2116 1489 verba

511 1520 539 1561 ἀ
581 1538 700 1580 mea
737 1534 862 1579 sunt
893 1523 1054 1578 mala.
1086 1523 1310 1593 Sagitta:
1336 1522 1482 1578 enim
1516 1523 1610 1578 Dci
1645 1522 1754 1596 [ΑΙ.
1790 1521 2029 1593 Domini]
2059 1523 2114 1578 in

514 1631 750 1688 corpore
781 1631 902 1673 meo
950 1624 1118 1672 sunt:
1164 1631 1397 1687 quarum
1429 1617 1586 1672 furor
1614 1617 1752 1673 bibit
1793 1618 2114 1688 sanguinem

2214 425 2322 468 non
2345 420 2568 482 apparet
2591 409 2720 483 quid
2744 410 2938 467 fuerit:
2966 410 3046 467 sic
3069 419 3128 468 et
3145 425 3247 482 ego
3270 411 3569 468 derelictus
3595 426 3713 470 sum
3736 416 3800 473 ab

2214 505 2488 562 omnibus.
2522 505 2690 572 Perii,
2733 513 2792 561 et
2817 505 2973 562 exsul
3008 505 3077 562 de
3102 505 3266 563 domo
3294 522 3414 563 mea
3455 506 3634 563 factus
3661 524 3798 568 sum.

2217 595 2412 652 Videte
2445 595 2565 652 vias
2591 595 3024 662 Thcmanorum,
3052 597 3276 653 semitas
3302 596 3643 654 Sabcorum.
3672 608 3698 648 8
3724 599 3802 656 lu-

2215 689 2464 757 tuemini,
2492 691 2616 761 quia
2649 689 3028 745 confusionem
3057 697 3460 762 consequentur
3488 691 3585 763 qui
3632 692 3689 748 in
3727 693 3800 749 ci-

2215 779 2498 847 vitalibus,
2529 791 2586 837 et
2617 781 2673 837 in
2702 780 2909 838 divitiis
2939 781 3236 838 conﬁdunt.
3275 779 3303 819 ιι
3344 781 3501 838 Νιιηε
3529 791 3712 840 autem
3755 794 3802 842 et

2214 889 2312 931 vos
2340 873 2715 931 insurrexistis
2759 876 2814 930 in
2856 889 2944 931 me
2970 875 3092 932 sine
3123 874 3543 932 misericordia:
3586 877 3684 933 sed
3728 879 3804 935 vi-

2214 965 2407 1022 dentes
2446 966 2641 1022 vulnus
2666 981 2868 1034 meum,
2901 966 3113 1023 timete.
3152 966 3293 1035 Quid
3329 967 3514 1023 enim?
3541 967 3802 1042 Numquid

2216 1056 2420 1128 aliquid
2451 1072 2548 1114 vos
2579 1058 2734 1129 petii,
2770 1067 2864 1114 aut
2903 1057 3224 1115 fortitudine
3256 1070 3434 1114 vestra
3476 1058 3715 1134 indigeo,
3753 1069 3804 1116 ut

2217 1165 2306 1206 me
2331 1150 2553 1207 salvetis
2582 1151 2650 1206 ab
2674 1150 2932 1218 inimicis,
2959 1159 3054 1206 aut
3077 1151 3144 1207 de
3186 1165 3349 1206 manu
3372 1153 3678 1222 potentium
3707 1155 3804 1210 eri-

2217 1247 2378 1319 piatis
2405 1248 2532 1304 me?
2563 1247 2764 1304 Docetc
2793 1262 2903 1314 me,
2947 1256 3000 1304 et
3025 1261 3127 1318 ego
3167 1246 3567 1305 obmutescam.
3603 1248 3660 1305 Si
3685 1249 3803 1322 quid

2220 1340 2428 1408 erravi,
2458 1340 2624 1396 dicite
2652 1338 2809 1395 mihi.
2842 1338 2951 1395 Sed
2982 1348 3038 1394 ut
3070 1337 3252 1406 video,
3302 1337 3318 1376 ί
3355 1352 3520 1410 prava
3552 1340 3667 1395 veri
3711 1339 3803 1394 bo-

2217 1432 2382 1488 minis
2411 1447 2532 1490 esse
2561 1433 2764 1489 dicitis.
2797 1430 2916 1487 Non
2944 1431 3091 1487 enim
3123 1445 3151 1483 a
3183 1428 3341 1486 vobis
3367 1429 3631 1486 auxilium
3663 1439 3803 1502 peto,

2221 1540 2399 1597 neque
2461 1525 2766 1595 increpatio
2818 1531 2998 1578 vestra
3053 1522 3333 1578 silentium
3385 1523 3613 1593 imponit
3659 1522 3803 1579 mihi.

2217 1617 2404 1689 Neque
2436 1617 2580 1672 enim
2609 1615 2976 1672 elocutionem
3009 1614 3279 1671 sermonis
3305 1614 3475 1670 vestri
3503 1615 3804 1672 sustinebo.

510 1722 716 1765 meum.
774 1709 914 1764 Cum
965 1709 1111 1764 enim
1173 1709 1380 1778 incipio
1435 1708 1607 1779 loqui,
1665 1709 1954 1764 stimulant
2005 1725 2112 1766 me.
2147 1716 2193 1777 Β
2223 1710 2608 1766 Verumtamen
2639 1722 2807 1779 super
2827 1707 3090 1778 pupillum
3114 1705 3222 1778 [ΑΙ.
3248 1704 3530 1778 pusillum]
3553 1707 3804 1776 irruistis,

514 1798 655 1866 Quid
684 1799 868 1856 enim?
909 1798 1185 1870 Numquid
1211 1799 1413 1854 frustra
1451 1815 1658 1871 onager
1705 1801 1964 1856 clamabit
2011 1802 2115 1856 nisi

514 1907 698 1949 escam
723 1906 977 1964 quazrens
996 1891 1106 1964 [Αι.
1141 1889 1491 1962 requirens]?
1519 1901 1615 1946 aut
1643 1892 1740 1948 bos
1766 1894 1972 1964 mugiet
1991 1909 2112 1949 cum

516 1984 720 2041 habeat
759 1985 815 2041 in
855 1986 1084 2058 przesepi
1115 1985 1306 2041 cibos?
1333 1985 1610 2057 Numquid
1638 1995 1818 2057 potest
1851 1988 1972 2042 sine
2004 1988 2118 2044 sale

515 2078 606 2135 edi
653 2077 842 2149 panis:
887 2087 984 2132 aut
1010 2085 1097 2134 est
1133 2093 1298 2149 sapor
1335 2077 1389 2133 in
1430 2079 1780 2134 sermonibus
1809 2079 1998 2134 vanis?
2027 2079 2118 2135 Sic

516 2183 618 2225 nec
649 2170 830 2224 anima
862 2184 984 2225 mea
1013 2178 1198 2240 potest
1240 2184 1482 2226 cessare.
1531 2169 1752 2226 Fetidas
1781 2170 1928 2226 enim
1959 2170 2116 2227 video

514 2275 674 2317 escas
724 2274 894 2326 meas,
934 2261 1076 2316 sicut
1112 2270 1200 2317 est
1245 2260 1386 2318 odor
1421 2259 1616 2317 leonis.
1663 2261 1819 2330 Quod
1855 2263 1903 2318 si
1945 2262 2039 2320 det
2064 2271 2120 2320 et

516 2356 699 2413 veniat
724 2354 1017 2425 postulatio
1047 2369 1189 2421 mea,
1222 2362 1279 2411 et
1305 2369 1459 2425 spem
1489 2368 1664 2410 meam
1695 2355 1788 2411 det
1818 2355 2114 2412 Dominus:

517 2447 786 2518 incipiens
827 2447 1095 2503 Dominus
1125 2446 1382 2502 vulneret
1423 2462 1531 2515 me,
1567 2446 1664 2503 sed
1697 2462 1806 2503 non
1835 2448 1888 2503 in
1927 2463 2121 2519 perpe-

520 2550 673 2598 tuum
720 2555 809 2598 me
862 2540 1172 2597 interﬁciat.
1219 2541 1305 2596 Sit
1346 2539 1479 2596 milii
1533 2541 1731 2597 civitas
1778 2541 2116 2612 sepulcrum,

513 2648 682 2704 super
731 2632 889 2702 cujus
949 2647 1141 2688 muros
1183 2632 1469 2688 saliebam.
1524 2631 1642 2686 Non
1703 2647 1944 2703 parcam.
2001 2633 2120 2688 Non

515 2727 662 2783 enim
690 2726 953 2782 mentitus
981 2741 1102 2780 sum
1136 2735 1160 2763 ε
1183 2725 1350 2780 verba
1380 2725 1554 2780 sancti
1587 2725 1681 2781 Dei
1713 2727 1839 2781 mei.
1877 2727 2009 2794 Qua:
2038 2737 2123 2783 est

517 2819 664 2874 enim
719 2816 894 2874 virtus
938 2832 1080 2883 mea,
1137 2827 1193 2873 ut
1241 2815 1533 2873 sufferam?
1582 2818 1860 2889 autquod
1910 2828 2123 2890 tempus

516 2926 697 2968 meum
721 2955 737 2982 ,
755 2919 808 2966 ut
823 2910 1088 2966 sustineat
1107 2910 1288 2966 anima
1316 2911 1478 2968 mea?
1499 2910 1768 2983 Numquid
1794 2913 1968 2968 virtus
1989 2912 2123 2984 lapi-

514 2990 664 3074 dum,
683 3006 857 3061 virtus
877 3018 1018 3068 mea,
1032 3012 1478 3059 autcaruesmeze
1499 3004 2041 3062 suntmretehutnon
2065 3006 2120 3061 in

2219 1811 2274 1859 et
2305 1802 2553 1858 insilistis
2603 1801 2657 1856 in
2690 1801 2927 1856 amicum
2958 1811 3224 1855 vestrum.
3269 1798 3425 1855 Nunc
3449 1809 3631 1856 autem
3661 1800 3676 1851 i
3724 1815 3808 1856 as-

2229 1895 2496 1968 picientes
2558 1900 2624 1964 >ε<
2680 1904 2872 1952 vacatc
2936 1893 3090 1950 mihi.
3152 1894 3208 1950 in
3273 1894 3413 1952 facie
3466 1902 3649 1951 vestra
3705 1910 3806 1951 non

2221 1988 2476 2046 mentiar.
2504 1988 2724 2057 Sedete,
2756 1996 2812 2043 ct
2832 2002 2938 2042 non
2961 1988 3034 2042 sit
3061 1986 3319 2058 iniquitas
3339 2002 3354 2042 :
3376 1996 3432 2043 et
3451 2001 3670 2043 rursum
3693 1987 3801 2064 jus-

2225 2080 2362 2138 titize
2408 2082 2677 2138 adestote.
2718 2079 2836 2136 Non
2864 2089 2950 2136 est
2981 2079 3129 2136 enim
3163 2078 3218 2134 in
3245 2093 3342 2136 ore
3377 2094 3502 2134 meo
3535 2079 3804 2150 iniquitas.

2294 2175 2444 2248 [Cap.
2469 2175 2607 2247 νη]
2626 2173 2692 2229 Ει
2718 2172 2899 2229 fauces
2929 2187 3065 2228 mea:
3097 2187 3277 2229 nonne
3299 2169 3623 2243 sapientiam
3649 2171 3810 2227 medi-

2222 2277 2408 2324 tantur
2451 2267 2560 2341 [ΑΙ.
2609 2263 3068 2338 meditabantur]?
3111 2263 3382 2336 Numquid
3431 2278 3540 2320 non
3594 2263 3810 2321 tentatio

2221 2368 2308 2418 est
2342 2361 2451 2416 vita
2495 2359 2731 2414 humana
2776 2371 2941 2428 super
2979 2364 3207 2424 terram,
3253 2365 3308 2411 et
3346 2356 3490 2412 sicut
3518 2355 3812 2427 quotidiani

2221 2453 2547 2511 mercenarii
2578 2453 2691 2508 vita
2719 2451 2871 2523 ejus?
2901 2458 2995 2506 aut
3025 2460 3299 2522 tamquam
3330 2463 3524 2506 servus
3569 2458 3810 2506 metuens

2221 2546 2503 2603 dominum
2555 2560 2739 2611 suum,
2780 2552 2837 2600 et
2865 2551 3190 2600 consecutus
3221 2542 3506 2598 umbram:
3555 2552 3649 2598 aut
3680 2551 3812 2597 tam-

2222 2654 2384 2711 quam
2417 2637 2794 2693 mercenarius
2832 2639 2923 2707 qul
2971 2643 3252 2708 exspectat
3289 2634 3599 2692 mercedem
3637 2635 3814 2705 operis

2223 2733 2341 2789 sui?
2372 2733 2451 2787 sic
2490 2740 2546 2786 ct
2573 2746 2675 2800 ego
2718 2731 3031 2802 exspectavi
3067 2743 3287 2786 menses
3313 2743 3501 2796 vanos,
3547 2737 3605 2784 et
3632 2738 3816 2783 nocte;

2223 2823 2474 2881 dolorum
2502 2823 2645 2880 data:
2661 2832 2788 2879 sunt
2805 2822 2960 2879 mihi.
2986 2823 3042 2880 Si
3065 2821 3378 2878 dormiero:
3408 2821 3564 2877 dico:
3589 2819 3815 2890 Quando

2224 2915 2377 2975 dies?
2433 2916 2502 2972 Et
2553 2917 2598 2973 si
2652 2931 2964 2982 surrexero,
3016 2929 3278 2973 rursum:
3321 2912 3551 2982 Quando
3593 2927 3817 2983 vespera

2225 3010 2334 3085 [AL
2369 3008 2618 3082 vesper]?
2651 3008 2678 3048 ι
2729 3009 2966 3081 Repleor
2991 3017 3174 3063 autem
3205 3005 3488 3062 doloribus
3517 3020 3547 3061 a
3593 3019 3819 3077 vespera

479 3174 481 3176 η
516 3097 637 3167 ipso
649 3094 989 3152 confidebam
1010 3094 1166 3154 ‘?sed
1181 3095 1510 3166 adjutorium
1529 3111 1559 3151 a
1573 3111 1662 3153 me
1681 3100 1928 3154 recessit.
1946 3100 2111 3156 Aver-

2228 3120 2400 3177 usque
2429 3104 2497 3162 ad
2526 3119 2724 3160 mane:
2759 3110 2814 3158 et
2839 3100 3147 3161 concrescit
3177 3112 3379 3171 corpus
3408 3113 3592 3154 meum
3637 3107 3822 3168 putre-

516 3210 576 3250 sa
595 3203 680 3249 est
705 3209 736 3250 a
759 3209 848 3250 me
877 3195 1275 3263 misericordia,
1296 3205 1350 3253 et
1371 3197 1607 3254 visitatio
1638 3200 1851 3258 Domini
1893 3217 1982 3258 me
2027 3201 2124 3259 de-

523 3289 726 3358 spexit.
749 3287 1049 3359 Propinqui
1075 3290 1183 3346 mei
1204 3306 1310 3346 non
1335 3303 1693 3362 respexerunt
1712 3309 1820 3360 me,
1850 3304 2121 3368 tamquam

521 3390 733 3438 torrens
763 3381 1050 3448 deficiens,
1087 3392 1184 3439 aut
1229 3385 1370 3441 sicut
1408 3385 1607 3444 ﬂuctus
1643 3390 1980 3446 transierunt
2008 3407 2118 3448 me.

517 3471 620 3540 Qui
653 3488 741 3529 me
772 3472 1114 3545 metuebant,
1155 3490 1301 3532 nunc
1332 3477 1612 3534 irruerunt
1636 3494 1800 3552 super
1828 3496 1936 3538 me.
1966 3481 2122 3540 Sicut

519 3732 720 3798 pacata:
739 3735 888 3801 erunt
915 3725 1004 3783 tibi
1027 3743 1046 3784 :
1069 3741 1188 3799 qure
1212 3735 1390 3784 tamen
1409 3725 1574 3801 verba
1598 3727 1665 3784 ad
1692 3727 2111 3801 subsequentem

518 3813 734 3854 versum
763 3800 921 3854 unice
959 3809 1224 3868 spectant,
1259 3809 1316 3854 et
1353 3800 1493 3856 male
1523 3801 1577 3855 in
1607 3816 1674 3857 eo
1701 3800 1890 3858 codice
1919 3800 2112 3858 Graeco

519 3868 712 3925 repeti.
741 3884 810 3924 ex
842 3868 1076 3925 Hebraeo
1109 3871 1406 3925 arclictvoo
1436 3872 1630 3925 liauet.

519 3872 712 3938 repeti.
741 3884 810 3924 ex
842 3872 1076 3925 Hebraeo
1109 3872 1406 3942 archetypo
1436 3872 1630 3943 liquet.

592 3947 620 3976 ⁸
651 3939 849 4014 lterum
873 3941 993 4014 plus
1025 3941 1189 3996 habet
1212 3950 1383 3997 codex
1407 3942 1835 4014 Alexandrinus,
1864 3958 1984 4014 qua:
2010 3943 2112 4001 sub

521 4011 792 4100 asterisco
805 4012 1084 4100 continuat
1089 4029 1119 4100 ξ
1142 4017 1236 4100 ιιςεί
1257 4016 1425 4100 γνώσῃ
1447 4012 1524 4069 ὅτι
1552 4015 1602 4070 ἐν
1623 4016 1803 4100 εἰρήνῃ.
1817 4011 2112 4100 τὸῖσξτέθμα

517 4102 639 4145 σου.
664 4085 752 4138 καὶ
773 4084 1031 4162 immersti
1049 4090 1141 4162 τῆς
1162 4084 1474 4160 sun-prmia:
1498 4106 1613 4151 σου,
1646 4084 1734 4140 icti
1754 4084 1810 4140 ὀύ
1835 4091 1905 4156 μή
1934 4084 2108 4162 ἆμῖἇρ·

515 4169 654 4222 rape:
707 4167 829 4221 qua:
868 4153 938 4224 ad
981 4153 1274 4208 Hebraeum
1305 4167 1618 4224 comparata
1667 4153 1874 4211 textum
1903 4195 1920 4222 ,
1964 4153 2116 4212 ine'ra

518 4225 773 4295 videntur
798 4222 1177 4295 subsequentis
1203 4222 1491 4295 sententia:
1519 4227 1872 4295 glossemata.

589 4295 616 4334 ιι
638 4293 844 4364 Ncmpe
870 4294 1038 4366 semel
1063 4295 1226 4366 estin
1255 4294 1484 4350 Hebrrco
1512 4293 1673 4363 inn,
1705 4296 1846 4366 quod
1870 4295 1936 4350 ad
1963 4311 2116 4353 acer-

518 4380 644 4420 vum
675 4363 818 4420 arcte
844 4363 1032 4420 refert.
1061 4364 1194 4420 Vide
1213 4380 1337 4435 qua:
1365 4366 1431 4420 ad
1465 4366 1608 4421 hunc
1638 4363 1813 4422 locum
1844 4369 2114 4424 versionis

519 4436 964 4506 Hieronymiana:
984 4450 1054 4490 ex
1087 4436 1316 4491 Hebraeo
1343 4435 1596 4492 diximus.

2230 3199 2356 3256 dine
2394 3199 2686 3257 vermium.
2732 3195 2965 3252 lnfundo
3001 3194 3190 3266 glebas
3247 3203 3429 3262 terrae,
3479 3192 3681 3248 radens
3731 3207 3819 3248 sa-

2231 3294 2399 3360 niem,
2432 3302 2488 3349 et
2527 3293 2636 3348 vita
2678 3287 2699 3329 ι
2746 3305 2865 3346 mea
2911 3289 3108 3346 exilior
3135 3297 3240 3358 est,
3285 3301 3445 3359 quam
3484 3285 3728 3358 loquela,
3770 3293 3822 3342 et

2229 3387 2394 3459 periit
2437 3385 2488 3441 in
2537 3397 2768 3440 vacuum
2799 3395 2947 3453 Spes.
2977 3379 3288 3437 Recordare
3317 3379 3498 3450 itaque
3529 3376 3639 3450 [ΑΙ.
3665 3375 3819 3450 ergo]

2229 3479 2354 3552 quia
2399 3477 2628 3550 spiritus
2658 3484 2744 3534 est
2767 3477 2876 3533 vita
2908 3490 3052 3544 mea,
3080 3483 3136 3532 et
3166 3489 3276 3531 non
3305 3481 3344 3512 ω
3372 3473 3608 3546 amplius
3640 3488 3822 3532 rever-

2219 3727 2376 3786 lauda
2413 3735 2563 3794 sunt,
2591 3735 2686 3782 aut
2714 3724 2818 3782 sub
2853 3722 3133 3782 asteriscis
3165 3723 3487 3797 supplenda,
3512 3733 3571 3781 ut
3608 3726 3821 3784 causari

2217 3800 2615 3870 exemplarium
2647 3799 2994 3870 varietatem,
3039 3803 3427 3870 aut‘notarum
3473 3799 3664 3870 possis
3679 3817 3696 3853 :
3727 3799 3819 3854 sed

2213 3887 2335 3942 qua:
2385 3867 2762 3942 continenter_
2792 3882 2922 3942 cum
2960 3868 3041 3942 in_
3071 3867 3325 3942 liebrfeo,
3368 3878 3478 3942 tum
3532 3869 3586 3923 in
3612 3867 3820 3942 Graeco

2215 3936 2451 4016 maxime
2491 3948 2638 4016 textu
2656 3939 2951 4016 obtinuerit
2979 3952 2994 3990 :
3027 3938 3179 4016 ’Δτᾴθ
3212 3936 3266 4016 ᾃὶ
3312 3942 3398 3995 καὶ
3423 3940 3578 4012 ὑμεῖς
3606 3941 3822 4016 {vrgenti

2212 4012 2685 4089 potévslsnpéqu,
2701 4013 2834 4089 ὧσιςε
2861 4007 3052 4089 ideo“:
3072 4007 3274 4089 τρἳμεὸν
3299 4007 3505 4089 τραῦμα
3534 4010 3818 4089 φοϐήθητςε

2217 4081 2417 4156 quibus
2458 4081 2526 4139 de
2553 4083 2723 4156 verbo
2747 4082 2815 4136 ad
2844 4082 3070 4156 verbum
3104 4081 3520 4156 L_ati‘tta,'quam
3541 4081 3818 4156 'restitui-

2221 4149 2364 4216 inus.
2385 4152 2760 4222 interpretatio
2791 4150 3104 4222 respondet.
3136 4149 3294 4219 Vide,
3331 4149 3388 4206 si
3406 4151 3574 4220 lubet,
3612 4152 3820 4222 ipsius-

2220 4235 2332 4284 mct
2364 4229 2422 4284 S.
2457 4221 2741 4295 Augustini
2775 4221 3224 4295 Annotationcm.

2299 4296 2314 4336 ί
2355 4291 2586 4367 August.
2607 4309 2766 4367 parva
2797 4307 2896 4367 pr_o
2925 4307 3088 4362 prava
3116 4292 3315 4367 nedum
3339 4291 3629 4367 legitrsed
3651 4295 3821 4349 etiam

2221 4369 2274 4423 in
2306 4362 2982 4437 sulijunctafannotatione
3027 4363 3250 4437 exponit
3280 4380 3295 4418 :
3334 4362 3465 4437 Eum
3490 4364 3618 4437 dicit
3645 4380 3822 4420 verum

2217 4434 2500 4518 hominem,
2529 4436 2911 4518 qui‘personam
2933 4434 3193 4518 signiﬁcat
3229 4434 3821 4518 agentisptenitentiom

591 4517 613 4545 ε
639 4504 954 4575 Legendum
983 4507 1214 4571 dolores,
1249 4507 1364 4576 ipsc
1397 4508 1746 4564 Martianarus
1777 4508 2028 4565 monuit:
2058 4518 2113 4568 et
2145 4558 2189 4577 η
2217 4504 2550 4564 conversione
2568 4504 2647 4560 ad'
2662 4508 2846 4571 Deum,
2875 4504 3026 4577 cujus
3047 4519 3211 4577 parva
3240 4504 3389 4559 verba
3421 4504 3684 4577 dicebant.
3723 4508 3825 4561 At-

517 4587 600 4632 est
628 4578 845 4646 quidem
879 4579 933 4632 in
964 4577 1158 4634 Graaco
1185 4577 1393 4642 ὀδύνας.

585 4647 611 4686 ά
648 4647 815 4705 Tacet
843 4648 896 4704 in
920 4649 1324 4719 Augustinianis
1356 4650 1513 4705 libris
1540 4666 1859 4719 pronomen,
1888 4667 2022 4707 mea.

515 4723 555 4776 ιι
589 4728 616 4791 9
645 4720 800 4789 Apud
831 4719 891 4775 S.
923 4721 1282 4791 Augustinum
1309 4719 1480 4791 :_Non
1515 4722 1650 4776 enim
1676 4725 1915 4778 mentitus
1954 4740 2068 4777 sum
2092 4738 2112 4778 :

513 4790 664 4845 rerba
691 4799 810 4863 sttrtt
833 4789 1141 4863 sancta—Dei
1171 4791 1291 4845 mei.
1323 4789 1547 4848 Gnaeus
1588 4793 1866 4863 impressa:
1895 4795 2111 4851 lectioni

517 4862 910 4934 nostrmgbmret
934 4861 1182 4934 prOpius.

593 4929 613 4969 ί
655 4932 817 4986 Addit
845 4929 1107 5002 przeterea
1130 4933 1486 5004 Augustinus,
1513 4935 1774 4990 cummi/ti
1805 4935 2070 4991 beneesset
2089 4953 2108 4991 :

519 5015 643 5079 qua:
670 5010 942 5079 tamquam
965 5004 1108 5060 sacri
1140 5013 1319 5079 textus
1349 5021 1609 5079 germana
1641 5007 1806 5079 verba
1839 5009 2110 5079 interpre-

521 5078 708 5148 tatur,
723 5071 775 5123 id
809 5083 905 5136 est,
927 5089 1043 5129 cum
1067 5091 1230 5148 essem
1256 5071 1568 5130 intmortalis
1589 5075 1658 5130 ad
1678 5078 1956 5148 imaginem
1979 5071 2105 5133 Ὧεὶ.

523 5139 580 5195 Ιιι
611 5140 843 5197 Hebraeo
867 5154 1044 5200 autem
1073 5156 1168 5200 aut
1195 5147 1388 5203 Grzeco
1411 5147 1649 5204 textibus
1671 5139 1949 5203 non'sunt.

588 5221 614 5260 8
639 5211 816 5268 Aliter
851 5211 967 5268 haec
1008 5215 1150 5272 idem
1181 5218 1383 5273 nectit:
1433 5218 1648 5273 semitas
1692 5218 1996 5273 Sabworum
2023 5219 2105 5274 in-

515 5285 767 5358 tuemini;
783 5285 884 5358 sed
910 5293 966 5358 et
984 5284 1217 5358 Graecus,
1232 5297 1412 5344 textus
1431 5287 1662 5358 abludit,
1695 5297 1751 5343 et
1771 5287 1892 5358 plus
1915 5289 2102 5345 habet.

520 5422 534 5436 ο
591 5352 617 5391 ιι
648 5354 892 5436 Solidum
919 5354 1062 5436 inuno
1082 5357 1410 5436 versiculum
1434 5357 1527 5436 ει,
1560 5356 1720 5436 unc
1747 5352 1925 5436 autem
1941 5371 1986 5436 et
2015 5376 2104 5415 vos

513 5425 874 5480 insurrexistis
915 5425 971 5480 in
1012 5441 1094 5480 me
1139 5428 1249 5482 sine
1291 5430 1645 5484 misericordia
1675 5445 1695 5484 :
1742 5430 1832 5484 sed
1877 5431 2104 5486 videntes

513 5495 897 5567 vulnusmeunt
927 5497 1122 5563 timete,
1153 5498 1244 5567 qui
1291 5498 1344 5552 in
1381 5498 1676 5556 Martiaumi
1725 5501 1967 5556 editione
2003 5515 2102 5556 ve-

515 5566 646 5644 teris
680 5565 1040 5644 descriptoris
1068 5565 1280 5644 incuria
1309 5569 1523 5644 deerat,
1546 5586 1658 5644 nos
1687 5585 1752 5626 ex
1793 5572 1853 5627 S.
1887 5572 2101 5644 Augus-

516 5634 630 5688 tino
673 5634 902 5709 totidem
929 5638 1111 5709 verbis
1157 5634 1516 5694 suti'ecimus.‘
1544 5639 1728 5709 Neque
1757 5657 1886 5697 vero
1921 5634 2004 5699 εί
2032 5645 2100 5698 iis

512 5713 629 5765 erat
670 5705 786 5767 haec
829 5707 1120 5763 verborum
1153 5709 1430 5778 pericopc,
1478 5724 1598 5780 qua:
1626 5705 1720 5766 aut
1747 5712 1906 5770 obelo
1940 5714 2102 5784 jugu-

2139 4558 2191 4617 D
2819 4558 2905 4632 est
2933 4558 3005 4630 ’in
3033 4558 3254 4643 Granio,
3276 4558 3627 4651 vocabulum,

2216 4653 2334 4722 prie
2360 4645 2848 4722 deteriora,fmala,
2897 4660 3151 4717 nequam,
3181 4656 3237 4702 et
3263 4660 3392 4703 vero
3421 4645 3644 4703 nomine
3674 4645 3824 4703 indi-

2215 4719 2316 4795 gna
2353 4721 2513 4795 verba
2541 4719 2828 4795 significat.

2292 4793 2322 4872 il
2361 4785 2778 4872 Graecus'bpbet
2796 4789 2918 4872 Novi
2939 4785 2993 4844 δὲ
3010 4787 3263 4872 repairing
3284 4789 3356 4872 εἰς
3372 4787 3630 4872 πρόσίωπα
3648 4790 3823 4862 ὑμῶν,

2214 4865 2272 4919 οὐ
2293 4864 2574 4937 ψεύσομαι.
2610 4859 2768 4937 N_ttnc
2797 4871 2967 4914 autem
3003 4859 3282 4937 inspiciens
3320 4863 3374 4914 in
3405 4859 3565 4937 iacias
3597 4859 3821 4937 vesti-9s,

2213 4930 2316 4989 ιιοή
2349 4930 2592 4988 mentiar.
2643 4931 2795 4987 Facit
2821 4945 2956 4988 vero
2983 4930 3106 4984 cum
3137 4930 3414 5000 impressa
3437 4930 3674 4987 lectione
3703 4931 3821 4986 He-

2215 5005 2419 5073 braeus,
2448 5017 2610 5074 atque
2642 5003 2757 5074 ipse
2801 5000 3156 5074 Augustinus,
3188 5003 3281 5074 qui
3307 5013 3416 5057 uno
3445 5000 3616 5058 verbo
3647 5001 3826 5073 inspi-

2215 5071 2423 5147 cientes,
2450 5071 2548 5147 pro
2565 5071 2905 5147 aspicientes
2926 5071 3152 5147 abludit.

2288 5145 2312 5186 ¹ι
2353 5139 2529 5203 Minus
2564 5139 2706 5201 bene
2743 5144 2797 5199 in
2841 5139 3137 5214 martianaei
3171 5141 3410 5214 editione
3439 5140 3722 5214 Replcbor.
3752 5140 3824 5199 S.

2211 5217 2450 5287 August.
2510 5216 2564 5272 in
2619 5215 2836 5287 instanti
2895 5211 3142 5284 Repleor,
3199 5223 3258 5270 et
3307 5211 3532 5287 Grzecus
3585 5227 3821 5287 quoque

2213 5283 2407 5364 maio»;
2435 5286 2489 5344 δὲ
2515 5290 2735 5361 γίνομαι,
2769 5283 2990 5357 legunt:
3041 5297 3274 5354 quorum
3309 5290 3366 5342 et
3394 5299 3494 5340 nos
3520 5283 3824 5340 lectionem

2213 5360 2570 5414 ora-ferimus.

2251 5374 2570 5414 raetertmus.

2211 5375 2658 5486 pri'gigi‘iiien
2689 5443 2824 5496 mea,
2861 5426 3006 5499 quod
3043 5425 3264 5495 deerat,
3298 5439 3365 5482 ex
3417 5423 3732 5495 Augustino
3763 5433 3824 5483 et

2214 5499 2408 5557 Graeco
2431 5500 2765 5556 suffecimus.

2284 5581 2324 5608 ιη
2346 5573 2449 5628 Pro
2477 5570 2629 5626 hisce
2649 5570 2855 5636 verbis,
2883 5578 2931 5624 et
2951 5585 3054 5625 non
3074 5565 3297 5638 amplius
3318 5574 3602 5638 revertetur
3621 5567 3824 5622 oculus

2211 5658 2354 5697 meus
2393 5642 2565 5696 videre
2595 5641 2749 5708 bona,
2779 5655 2901 5712 qua:
2931 5637 3233 5712 totidem’et
3265 5638 3318 5692 in
3349 5637 3540 5712 (ira-co
3564 5649 3721 5712 sunt,
3755 5639 3822 5696 S.

2214 5714 2443 5787 August.
2478 5720 2685 5772 tantum
2710 5706 2896 5786 habet,
2925 5711 2992 5769 Et
3015 5727 3117 5767 non
3148 5717 3374 5768 revertar
3393 5708 3462 5763 ad
3480 5706 3744 5765 tvisibilia.
