3960 6208
135 263 197 322 73
1244 263 1448 323 LIBER
1483 265 1621 324 JOB.
1664 262 1943 323 ALTERA
1982 261 2253 324 VERSIO.
3352 271 3418 328 74

146 392 265 441 tatur
304 386 509 443 oculus
551 399 709 442 meus
753 384 941 443 videre
982 384 1123 441 bona
1149 428 1163 453 ,
1196 388 1261 452 >θ<
1303 394 1332 422 ιι
1376 400 1485 439 non
1520 399 1607 439 me
1636 397 1729 439 co-
1752 384 1807 444 A
1834 383 2055 439 vissima
2101 392 2282 439 autem
2316 388 2407 436 tua
2438 379 2667 437 inﬁnita.
2702 380 2983 453 interroga
3014 379 3160 437 enim
3191 397 3420 452 genera—

155 487 347 549 gnoscet
373 479 572 534 oculus
604 477 877 533 videntis?
910 481 975 545 Ξ(
1004 475 1149 532 oculi
1190 476 1264 531 tui
1294 475 1346 531 in
1390 491 1498 545 me,
1532 484 1588 531 et
1618 490 1725 531 non

166 570 415 630 subsistob
442 575 463 642 ζ
493 582 772 641 tamquam
803 569 976 625 nubes
1005 578 1300 640 expurgata
1329 568 1418 640 [de
1452 566 1637 638 coelo].
1668 567 1727 623 Si

160 664 287 720 enim
316 665 471 718 homo
501 661 856 717 descenderit
880 660 947 714 ad
979 659 1206 724 inferos,
1230 660 1374 714 ultra
1398 644 1727 714 non‘ascen-

161 755 261 822 det,
289 763 459 810 etnon
489 761 803 808 revertetur
830 751 1064 822 amplius
1092 750 1316 806 domum
1343 766 1521 819 suam,
1554 766 1727 821 neque

160 856 427 919 cognoscet
469 845 629 902 illum
670 846 812 901 ultra
840 845 993 900 locus
1023 858 1174 900 suus.
1216 844 1512 915 Propterea
1544 845 1727 914 itaque

156 952 206 998 et
224 956 311 1012 ego
338 955 441 995 non
476 954 700 1009 parcam
730 938 811 994 ori
852 950 1014 993 meo:
1046 937 1242 1008 loquar
1270 938 1323 991 in
1345 937 1595 1006 angustia
1625 952 1725 1007 po-

150 1038 270 1091 situs
309 1035 533 1105 spiritus
563 1034 699 1100 mei,
727 1033 965 1103 aperiam
1016 1042 1038 1070 ε
1082 1029 1499 1085 amaritudinem
1530 1031 1725 1085 anima:

151 1142 268 1182 mea:
315 1141 373 1180 -ε-
422 1132 737 1181 coarctatus
781 1124 803 1192 ζ
836 1133 1092 1179 utrumne
1136 1137 1288 1178 mare
1323 1135 1443 1176 sum
1479 1136 1601 1192 ego,
1634 1130 1729 1176 aut

149 1218 315 1286 draw,
336 1218 466 1289 quia
494 1215 523 1254 ά
558 1216 799 1272 statuisti
822 1231 989 1286 super
1020 1229 1109 1270 me
1139 1214 1482 1269 custodiam?
1512 1214 1725 1282 >.{Quia

149 1310 249 1365 dixi
281 1309 711 1377 iconsolabitur
739 1323 825 1364 me
852 1307 1083 1363 lectulus
1107 1321 1282 1372 meus,
1313 1318 1369 1361 et
1400 1307 1630 1363 referam
1657 1307 1725 1361 ad

149 1403 397 1473 meipsum
439 1401 869 1458 consolationem
903 1400 958 1455 in
986 1410 1108 1456 toro
1150 1414 1275 1456 meo
1314 1417 1328 1453 :
1362 1409 1608 1455 exterres
1637 1414 1726 1455 me

148 1510 234 1565 per
258 1494 476 1550 somnia
495 1503 550 1549 et
578 1507 675 1564 per
696 1492 962 1549 visionem
990 1488 1359 1561 obstupefacis
1384 1502 1399 1545 :
1426 1500 1450 1529 ο
1473 1490 1727 1546 absolves

145 1604 174 1644 a
197 1587 382 1659 spiritu
416 1603 539 1643 meo
563 1588 799 1642 animam
829 1600 1007 1642 meam
1034 1602 1046 1637 :
1078 1592 1132 1640 et
1155 1599 1186 1639 a
1218 1593 1395 1640 morte
1423 1598 1545 1639 ossa
1579 1598 1720 1639 mea.

150 1686 210 1748 >εδ<
232 1678 246 1718 ι
271 1678 500 1749 Ιίθριιιὶε
532 1677 645 1733 Non
668 1678 813 1733 enim
842 1678 897 1732 in
938 1675 1336 1747 sempiternum
1364 1675 1540 1731 vivam
1574 1690 1630 1730 +
1666 1685 1727 1730 ut

146 1772 398 1840 patienter
416 1770 591 1825 feram
629 1770 651 1837 ζ

1832 476 2034 532 tionem
2074 476 2333 546 priorem‘,
2371 483 2426 530 ct
2462 476 2689 545 exquire
2728 491 2901 546 genus
2938 486 3245 545 parentum.
3281 477 3294 525 i
3351 476 3423 531 Et

1829 568 2074 625 hesterni
2102 583 2310 632 sumus,
2341 576 2399 625 et
2422 568 2717 631 nescimus,
2747 577 2800 622 et
2826 568 3017 623 umbra
3049 578 3131 623 cst
3159 567 3266 621 vita
3293 582 3419 623 nos-

1829 672 1909 716 tra
1941 676 2110 733 super
2148 672 2373 716 terram.
2408 662 2515 715 Aut
2544 660 2804 730 numquid
2831 677 2935 715 non
2966 662 3017 715 hi
3040 661 3313 716 docebunt
3341 670 3416 729 te,

1828 762 1881 809 et
1907 755 2145 809 referent
2162 752 2288 806 tibi:
2309 761 2363 807 et
2390 767 2457 807 ex
2484 752 2651 807 corde
2676 768 2775 806 suo
2805 753 3080 821 proferent
3101 767 3380 808 sermones
3397 753 3423 805 ?

1826 844 2093 915 Numquid
2123 844 2346 900 virescit
2386 844 2492 915 [AL
2532 844 2693 915 viret]
2740 846 2951 915 scirpus
2977 848 3097 902 sine
3127 862 3289 917 aqua,
3329 856 3421 901 aut

1827 937 2027 992 crescit
2050 937 2249 1007 juncus
2293 934 2398 992 nisi
2430 935 2717 1005 irrigetur?
2765 936 2955 992 Adhuc
3001 940 3054 992 in
3104 953 3198 993 sua
3240 938 3423 993 radice

1828 1030 2101 1093 consistit,
2140 1037 2196 1084 et
2226 1042 2335 1084 non
2379 1036 2633 1083 metetur.
2668 1028 2974 1098 Antequam
3007 1027 3033 1065 ιε
3070 1030 3219 1085 bibat
3245 1031 3423 1086 omnis

1828 1121 2018 1191 herba,
2046 1135 2231 1177 nonne
2259 1120 2498 1178 arescit?
2516 1120 2607 1176 Sic
2625 1121 2792 1191 igitur
2816 1132 2977 1177 erunt
3006 1122 3303 1177 novissima
3324 1124 3423 1179 ho-

1828 1215 2057 1285 minum,
2080 1215 2173 1286 qui
2194 1214 2590 1270 obliviscuntur
2603 1214 2915 1269 Dominum.
2939 1214 3075 1282 Spes
3101 1217 3245 1270 enim
3272 1216 3423 1284 impii

1828 1308 2048 1380 peribit,
2096 1319 2153 1364 et
2198 1323 2305 1363 non
2356 1307 2666 1363 habitabilis
2704 1307 2811 1362 erit
2848 1306 3045 1364 domus
3073 1309 3217 1377 ejus,
3260 1318 3424 1377 atque

1829 1399 2045 1456 araneis
2074 1399 2437 1471 complebitnr
2480 1400 2889 1456 tabernaculum
2918 1400 3058 1470 ejus.
3102 1398 3259 1467 Quod
3290 1408 3347 1455 ct
3378 1399 3427 1456 si

1836 1492 2135 1549 suffulserit
2155 1492 2582 1562 domumzsuam,
2599 1507 2707 1549 non
2735 1492 2918 1559 stabit;
2948 1503 3002 1548 et
3024 1508 3146 1550 cum
3167 1494 3422 1564 coeperit,

1830 1600 1937 1641 non
1966 1586 2329 1656 permanebit.
2355 1584 2621 1641 Humidus
2645 1594 2728 1641 est
2748 1586 2893 1641 enim
2914 1595 3039 1643 ante
3064 1587 3257 1655 solem,
3283 1598 3337 1642 ct
3359 1588 3430 1643 de

1829 1678 2117 1749 putredine
2160 1675 2179 1715 1
2219 1676 2337 1747 ejus
2376 1690 2599 1747 germen
2625 1677 2745 1747 ejus
2774 1678 3058 1734 ascendet.
3091 1678 3150 1733 lu
3188 1693 3425 1749 congre-

1752 1758 1804 1820 B
1829 1771 2143 1842 gationibus
2182 1768 2421 1839 lapidum
2452 1770 2675 1838 dormit,
2709 1780 2764 1826 et
2792 1771 2846 1825 in
2888 1772 3070 1827 medio
3115 1773 3425 1842 lapillorum

218 1862 438 1919 Discede
478 1877 509 1917 a
546 1878 651 1917 me.
686 1860 839 1917 Vana
867 1872 951 1919 est
980 1862 1127 1918 enim
1153 1862 1262 1917 vita
1303 1877 1443 1917 mea.
1476 1861 1614 1929 Quid
1643 1869 1729 1916 cst
1826 1860 1996 1917 vivet.
2046 1860 2103 1916 Si
2132 1869 2173 1897 ω
2216 1858 2555 1930 deglutierit,
2589 1861 2741 1917 locus
2778 1863 3073 1918 mentietur
3108 1879 3255 1921 eum.
3306 1865 3428 1922 Non

149 1956 284 2011 enim
322 1956 478 2011 homo
503 1953 653 2026 quod
681 1954 938 2009 exaltasti
966 1954 1123 2009 eum?
1156 1962 1250 2009 aut
1274 1954 1400 2023 quia
1440 1969 1604 2009 sensu
1634 1961 1729 2011 tuo

150 2046 413 2101 intendisti
429 2047 495 2099 ad
521 2044 632 2117 [ΑΙ.
649 2042 728 2114 in]
755 2045 918 2102 eum?
948 2054 1005 2099 ut
1026 2044 1396 2101 visitationem
1426 2045 1543 2114 ejus
1560 2044 1729 2100 facies

151 2140 200 2195 in
228 2155 400 2205 mane,
432 2148 487 2195 et
516 2139 573 2194 in
605 2138 797 2210 requie
820 2138 1095 2208 judicabis
1126 2155 1274 2195 eum.
1307 2138 1602 2209 Usqueqno
1640 2153 1731 2193 me

153 2247 251 2287 non
281 2233 526 2299 dimittis,
576 2246 755 2304 neque
798 2230 1007 2288 deseris
1031 2232 1207 2288 donec
1234 2232 1460 2303 glutiam
1485 2232 1597 2305 {AL
1636 2232 1732 2289 de-

152 2324 382 2397 glutiam]
426 2327 658 2381 salivam
700 2340 878 2381 meam
911 2324 987 2396 [in
1017 2324 1271 2397 dolore]?
1311 2334 1335 2374 8
1379 2325 1439 2382 Si
1467 2341 1568 2396 ego
1606 2340 1732 2397 pec-

152 2422 279 2489 cavi,
307 2419 434 2490 quid
482 2434 704 2490 possum
758 2419 852 2475 tibi
881 2418 1095 2475 facere?
1124 2418 1205 2474 Tu
1230 2420 1321 2490 qui
1364 2420 1473 2475 scis
1512 2434 1732 2475 sensum

154 2514 455 2570 humanum.
482 2513 667 2580 Quare
698 2512 928 2583 posuisti
960 2527 1066 2577 me,
1115 2521 1174 2567 ut
1205 2511 1401 2583 loquar
1444 2511 1733 2568 adversum

154 2614 222 2673 te,
260 2616 313 2662 et
336 2620 453 2661 sum
478 2605 574 2660 tibi
603 2605 795 2660 oneri?
827 2603 894 2658 Et
923 2617 1093 2674 quare
1124 2619 1232 2658 non
1265 2617 1325 2658 es
1350 2599 1376 2638 δ
1408 2602 1612 2657 oblitus
1635 2601 1736 2657 ini-

154 2698 365 2767 quitatis
411 2713 568 2763 meae,
616 2706 673 2752 et
717 2696 957 2767 purgasti
998 2705 1283 2765 peccatum
1322 2694 1543 2750 meum?
1592 2708 1737 2750 nunc

154 2799 326 2845 autem
365 2788 418 2845 in
451 2798 653 2845 terram
685 2787 796 2843 ibo.
847 2786 864 2823 ί
908 2787 1064 2843 Mane
1092 2786 1349 2858 vigilabo,
1378 2794 1433 2843 et
1459 2786 1601 2843 ultra
1626 2802 1735 2841 non

158 2897 275 2939 CI‘O.

220 2898 275 2939 ο.
406 2970 473 3011 ΔΙ)
510 2968 628 3010 HEC
668 2967 876 3009 ωιωω
912 2966 1225 3022 ειυειιιτεε,
1266 2966 1445 3009 υιιιττ

1829 1953 1973 2009 enim
2004 1950 2291 2007 advertisti
2314 1949 2453 2017 hinc,
2476 1952 2601 2022 quia
2627 1954 2842 2009 eversio
2870 1954 3205 2024 imputabilis
3227 1965 3331 2012 est.
3350 1957 3430 2013 De

1833 2054 1978 2101 terra
2033 2052 2215 2101 autem
2279 2043 2595 2100 alterutrum
2653 2053 2681 2081 ιι
2760 2047 3108 2115 germinabit.
3166 2049 3431 2105 Dominus

1832 2141 1978 2195 enim
2000 2155 2107 2195 non
2131 2148 2156 2176 °
2178 2139 2492 2209 reprobabit
2522 2138 2892 2208 innocentem,
2919 2157 3020 2197 nec
3044 2142 3213 2197 ullum
3231 2158 3432 2199 munus

1834 2230 1986 2300 impii
2012 2231 2264 2303 accipiet.
2310 2230 2597 2288 Veracium
2631 2240 2811 2287 autem
2839 2246 2901 2288 os
2931 2234 3163 2305 replchit
3192 2234 3333 2303 risu,
3375 2244 3435 2292 ct

1834 2323 1976 2379 labia
2006 2338 2199 2381 eorum
2247 2324 2613 2381 confessione.
2646 2324 2852 2380 Inimici
2886 2335 3066 2382 autem
3114 2343 3301 2383 eorum
3349 2330 3434 2383 in-

1835 2413 2071 2471 duentur
2100 2416 2439 2479 confusione,
2472 2424 2529 2471 et
2552 2414 2966 2474 tabernaculum
2991 2420 3143 2490 impii
3176 2436 3284 2477 non
3313 2436 3430 2476 ma-

1838 2506 1994 2562 nebit
2021 2505 2129 2578 [ΑΙ.
2166 2507 2548 2579 permanebit].

2222 2616 2293 2657 ΕΤ
2333 2615 2674 2657 RESPONDBNS
2711 2617 2822 2670 JOB,
2866 2619 3051 2662 DIXIT:

1914 2692 2067 2766 [Cap.
2103 2689 2222 2763 lX.]
2254 2692 2397 2750 Vere
2426 2694 2542 2749 scio
2570 2695 2695 2765 quia
2726 2696 2801 2751 ita
2839 2705 2942 2752 est.
2975 2698 3260 2766 Quomodo
3287 2701 3435 2760 enim

1839 2788 2040 2853 poterit
2083 2785 2207 2856 quis
2250 2785 2432 2856 justus
2477 2801 2603 2843 esse
2654 2797 2782 2845 ante
2824 2788 3151 2847 Dominum?
3190 2794 3244 2850 Si
3285 2797 3437 2853 enim

1834 2879 1979 2946 .velit
2000 2876 2207 2946 judicio
2236 2877 2575 2933 contendere
2603 2892 2726 2934 cum
2768 2894 2857 2949 eo,
2892 2896 3001 2937 non
3033 2893 3060 2932 P
3082 2886 3440 2954 respondebit

1840 2972 1892 3027 ei
1920 2986 2087 3025 unum
2119 2969 2187 3025 de
2216 2970 2386 3025 mille.
2417 2970 2648 3039 Sapiens
2678 2980 2763 3027 est
2790 2974 2937 3028 enim
2971 2990 3155 3045 sensu,
3185 2986 3243 3033 et
3283 2978 3439 3035 fortis

227 3061 1103 3135 iCap.Vlll.]Quousqueloqueris
1123 3063 1273 3119 hac?
1296 3064 1532 3134 Spiritus
1565 3044 1755 3119 multi?
1781 3133 1811 3137 _
1843 3074 1899 3121 et
1948 3079 2199 3135 magnus.
2250 3065 2385 3131 Quis
2424 3065 2593 3120 durus
2641 3066 2741 3121 fuit
2769 3082 2956 3124 coram
2986 3086 3075 3137 eo,
3106 3044 3162 3128 et
3200 3074 3441 3131 mansit?

156 3133 347 3226 loqitax
370 3165 450 3212 est
477 3133 555 3213 ori
582 3166 697 3212 tuo.
725 3133 993 3228 Numquid
1010 3133 1481 3225 Dominusinjuste
1494 3156 1735 3224 agitcum
1766 3133 1815 3197 (ἶ
1846 3155 1951 3225 Qui
1982 3133 2095 3210 ina
2123 3164 2448 3212 vetustatem
2480 3156 2731 3229 perducit
2757 3170 2993 3228 montes,
3043 3133 3097 3219 et
3146 3166 3391 3222 nesciunt
3416 3185 3434 3223 :

154 3244 378 3315 iudicat,
407 3258 495 3305 aut
515 3250 609 3319 qui
631 3248 760 3303 fecit
778 3249 958 3303 omnia
972 3247 1208 3303 turbabit
1230 3248 1371 3318 quod
1389 3247 1593 3317 justum
1616 3250 1739 3304 est?

162 3338 220 3392 Si
249 3339 337 3394 lilii
366 3341 435 3395 tui
454 3348 822 3413 peccaverunt
848 3355 1032 3397 coram
1056 3355 1147 3409 eo,
1177 3340 1332 3395 misit
1362 3340 1415 3395 in
1448 3356 1607 3394 manu
1637 3341 1741 3395 ini-

164 3431 387 3500 quitates
413 3448 621 3489 eorum.
649 3433 732 3489 Tu
762 3442 942 3487 autem
964 3446 1235 3501 consurge
1262 3431 1506 3487 diluculo
1530 3432 1599 3487 ad
1628 3431 1740 3488 Do-

170 3524 363 3580 minam
410 3526 867 3598 omnipotentem,
913 3534 970 3583 et
1014 3540 1264 3596 precare.
1304 3522 1362 3581 Si
1410 3525 1641 3581 mundus
1687 3533 1745 3582 et

170 3627 323 3670 verax
350 3621 409 3685 >ε<
433 3633 489 3673 es
511 3627 589 3685 tu,
625 3618 649 3686 ζ
684 3632 902 3689 precem
930 3617 1186 3674 exaudiet
1211 3625 1383 3685 tuam,
1406 3629 1460 3674 et
1490 3620 1746 3675 restituet

173 3708 262 3764 tibi
293 3703 440 3768 vitam
462 3712 713 3785 iustitia,
744 3720 802 3769 et
829 3721 989 3768 erunt
1019 3712 1202 3784 priora
1235 3720 1326 3769 tua
1354 3712 1597 3781 minima,
1644 3728 1746 3769 no-

247 3887 271 3917 '
296 3879 485 3937 Yitiose
527 3880 661 3953 legit
696 3878 1042 3953 Martianteus
1085 3893 1193 3953 uno
1220 3876 1386 3953 verbo
1430 3892 1601 3953 nonne
1648 3892 1745 3947 pro

183 3966 277 4003 non
314 3968 400 4019 me,
432 3948 955 4022 quod'restituimus
993 3964 1060 4005 ex
1088 3948 1420 4020 Augustino,
1465 3957 1524 4022 _et
1554 3948 1745 4022 Graeco

183 4035 376 4091 quoque
399 4019 563 4078 textu.
600 4021 780 4076 Etiam
814 4036 914 4091 pro
938 4019 1232 4090 cognoscet,
1261 4030 1422 4076 antea
1462 4019 1745 4091 legebatur

189 4090 237 4145 in
252 4094 461 4161 instanti
486 4095 669 4150 minus
692 4090 835 4148 bene
857 4092 1141 4161 cognoscit.

224 4159 278 4287 1)
312 4163 495 4221 Deerat
522 4163 833 4221 terminalis
862 4159 1191 4233 punctorum
1222 4171 1375 4228 nota,
1404 4176 1566 4231 quam
1608 4176 1739 4231 sup-

240 4249 391 4287 emus.

240 4249 391 4288 cuius.

226 4246 391 4288 lenius.

187 4246 224 4302 Ρ
257 4315 276 4342 ⁸
302 4304 506 4363 Griecus
529 4307 652 4377 plus
677 4304 844 4361 habet
866 4307 1065 4371 Ἀνοίξω
1080 4306 1137 4360 τὸ
1160 4304 1332 4377 στόμᾳ
1346 4325 1443 4376 μου
1466 4304 1515 4357 ἐν
1537 4304 1739 4377 πικρίᾳ,

193 4396 297 4448 ξιοτ.
324 4378 368 4432 λ.
414 4374 659 4448 Aperiunt
690 4393 746 4432 os
771 4392 949 4435 meum,
988 4377 1037 4448 in
1070 4374 1438 4448 amaritudine,
1476 4382 1584 4448 etc.
1630 4374 1746 4427 lle-

194 4445 350 4501 brazus
376 4444 507 4504 haud
532 4450 687 4504 item.
719 4448 825 4502 Pro
845 4463 911 4503 eo
938 4446 1027 4517 qui
1059 4446 1410 4515 subsequitur
1437 4444 1617 4517 obelo,
1647 4459 1744 4497 an-

196 4524 263 4594 tea
309 4530 414 4594 erat
441 4522 757 4594 asteriscus,
787 4515 1159 4588 quem‘tamen
1209 4517 1444 4587 ipsemet
1490 4515 1740 4570 Martian.

193 4592 505 4646 improbavit.

248 4610 251 4639 π
292 4605 380 4643 Γυῐ)
490 4631 505 4646 ο

248 4605 701 4717 ἕεωέἷιιιῖθνίπιιιε
726 4661 977 4726 statuisti,
1000 4661 1151 4729 juxta
1173 4658 1423 4729 Grrecum
1443 4658 1748 4729 κατ-ἔταξας,

194 4739 237 4803 tt
260 4733 528 4803 Augustini
556 4732 887 4788 lectionem:
924 4727 1084 4788 antea
1115 4730 1259 4786 baud
1296 4728 1438 4784 bene
1462 4727 1751 4797 legebatur

193 4801 236 4856 in
262 4801 422 4875 prima
454 4817 684 4875 persona
710 4804 888 4875 statui.

252 4868 277 4911 ί
288 4868 901 4930 Iterumemendavimus
926 4873 1177 4937 absolves,
1198 4871 1349 4942 juxta
1365 4868 1748 4942 Augustinum,

189 4942 519 5016 Quacumque
548 4945 773 4999 verbum
798 4940 1221 5006 ’Δπαλλάσσειςὶ
1255 4958 1355 5013 pro
1402 4956 1508 5012 quo
1547 4940 1754 5010 legerat

185 5012 739 5074 Martianfabsoluens.

254 5086 271 5123 τ
314 5086 475 5144 Aliter
518 5088 690 5143 nectit
717 5085 779 5142 S.
827 5086 1185 5156 Augustinus,
1227 5102 1261 5138 a
1286 5091 1453 5138 morte
1478 5098 1595 5156 ossa
1643 5096 1755 5134 mea

183 5159 359 5229 γεραιέ.
384 5160 441 5216 in
470 5158 662 5215 Graeco
692 5164 870 5212 autem
897 5153 1087 5229 codice
1124 5162 1460 5229 postremum
1489 5153 1593 5208 hoc
1633 5167 1758 5208 ver-

182 5228 325 5301 bum.
356 5246 527 5301 neque
556 5230 659 5284 sub
690 5228 1284 5301 asteriscoginvenitur.

248 5310 274 5349 ε
302 5292 618 5357 Suﬂe'cimus
639 5297 1063 5354 conditionalem
1091 5299 1136 5353 si
1164 5296 1433 5361 voculam,
1465 5309 1588 5366 qua:
1630 5292 1760 5349 dee-

178 5382 278 5440 rat,
297 5388 406 5448 _ope
434 5371 605 5448 Graeci
623 5370 987 5448 exemplaris,
1017 5371 1074 5425 Εἰ
1104 5370 1201 5443 ἐγὼ
1227 5370 1454 5448 ἥμαρτον
1474 5365 1498 5448 :1
1516 5375 1626 5448 tum
1649 5365 1759 5419 Au-

178 5443 489 5514 gustinianae
509 5442 784 5514 lectionis,
808 5455 972 5514 quam
997 5448 1055 5495 et
1093 5442 1312 5514 propria
1335 5442 1618 5514 annotatio
1629 5450 1759 5490 cono

180 5510 373 5570 firmat.
414 5514 473 5569 Si
512 5513 743 5585 peccavi,
784 5512 917 5585 nihil
954 5527 1164 5583 possunt
1203 5510 1294 5563 tibi
1331 5512 1602 5585 Ῑαεςινιε.ζ
1646 5516 1757 5560 tum

180 5586 361 5655 paucis
390 5578 735 5655 interjectisi
782 5580 843 5636 Si
890 5578 1061 5635 autem
1101 5578 1368 5653 peccatum
1408 5578 1629 5633 hominis
1670 5592 1762 5630 nec

180 5654 336 5731 faeta,
365 5670 459 5731 nec
490 5656 628 5731 dicto
651 5654 741 5708 tibi
769 5660 936 5731 nocet,
967 5663 1074 5731 etc.

248 5726 277 5768 δ
314 5718 466 5801 Lugii
493 5726 553 5786 S.
600 5723 936 5794 Augustinus
982 5725 1037 5777 in
1090 5724 1250 5781 tertia
1279 5723 1529 5798 fpersona
1578 5718 1765 5778 oblitus

581 5824 859 5887 Pnaon.
906 5817 1147 5885 XXIX.
1242 5908 1252 5919 .

1848 3250 1938 3323 qui
1965 3248 2128 3305 vertit
2150 3262 2247 3305 eos
2276 3248 2329 3304 in
2364 3249 2468 3315 ira,
2496 3250 2586 3320 qui
2616 3263 2925 3309 commovet
2952 3256 3142 3313 orbem
3176 3273 3207 3313 a
3236 3258 3441 3317 funda-

1848 3342 2074 3411 mentis,
2105 3349 2162 3397 et
2190 3341 2457 3397 columna:
2488 3340 2605 3412 ejus
2632 3344 3015 3402 movebuntur.
3048 3348 3150 3415 Qui
3181 3356 3444 3425 praecepit

1847 3436 1952 3493 soli
1981 3444 2036 3491 et
2064 3450 2171 3490 non
2218 3434 2412 3501 oritur,
2444 3443 2500 3490 et
2525 3446 2725 3492 cetera
2754 3436 2932 3493 sidera
2980 3439 3179 3511 signat.
3208 3442 3310 3511 Qui
3338 3458 3439 3501 ex-

1851 3527 2023 3584 tendit
2067 3527 2267 3583 cmlum
2316 3526 2497 3593 solus,
2553 3536 2609 3583 et
2655 3528 2899 3585 ambulat
2952 3540 3226 3603 tamquam
3277 3552 3446 3606 super

1850 3629 2077 3687 terram,
2104 3632 2268 3686 super
2294 3633 2467 3674 mare.
2498 3618 2600 3685 Qui
2634 3620 2763 3674 facit
2783 3623 3098 3688 Arcturum,
3122 3637 3177 3680 et
3206 3626 3446 3697 Vesper-

1850 3713 2045 3779 tinum,
2094 3718 2150 3767 et
2195 3708 2465 3780 Pleiadas,
2517 3721 2573 3765 et
2617 3712 2878 3769 interiora
2911 3714 3122 3775 Austri.
3164 3718 3268 3786 Qui
3311 3720 3447 3778 facit

1852 3886 1926 3930 est
1946 3892 1963 3929 .'
1986 3883 2041 3931 et
2069 3874 2290 3931 Grmcus
2310 3873 2460 3933 λήθην
2482 3873 2728 3932 ἐποιήσω.

1930 3946 1942 3983 ί
1978 3947 2079 4022 Pro
2104 3960 2253 4022 mane
2274 3943 2525 4022 vigilabo,
2544 3944 2687 4011 quod
2710 3952 2761 4022 et
2784 3943 3006 4022 Graecus
3030 3954 3207 4022 textus
3238 3962 3397 4009 sonat
3422 3997 3438 4022 ,

1850 4019 2123 4096 apoptgav;
2151 4016 2346 4096 vitiose
2386 4014 2685 4096 praiferunt
2707 4017 3086 4096 Atigustiniani
3115 4019 3260 4091 libri,
3300 4014 3445 4081 Ναηὶ

1850 4084 2124 4156 εὶνὶρἰαὺο.
2156 4084 2384 4156 Leviora
2417 4084 2556 4138 infra
2580 4086 2950 4141 emendamus.

1925 4154 2034 4237 i’_ln
2077 4172 2199 4237 ms.
2228 4154 2414 4237 codice
2455 4156 2761 4237 error-diis
2795 4167 2877 4212 est
2918 4159 3296 4237 exscriptoris.
3343 4169 3438 4237 qui

1850 4229 2006 4357 lﬁgit,
2037 4236 2084 4283 et
2114 4226 2315 4281 externi
2356 4242 2552 4294 sumus,
2594 4227 2642 4281 id
2684 4236 2789 4293 est,
2832 4232 3027 4285 externi
3059 4226 3155 4301 pro
3194 4226 3437 4293 hesterni.

1905 4315 2030 4354 sar.

1905 4315 2030 4354 ΛΒΤ.

1924 4370 1949 4409 ¹ι
1995 4369 2214 4442 Supino_
2229 4382 2441 4435 errore,
2476 4368 2569 4442 qui
2598 4377 2777 4442 tamen
2813 4370 2864 4423 in
2898 4372 3131 4442 antiquis
3158 4390 3291 4429 mss.
3326 4376 3443 4433 fere

1851 4441 2051 4515 obvius
2066 4449 2168 4504 est,
2201 4439 2401 4515 lectan
2428 4455 2457 4493 a
2486 4440 2801 4495 Martianazo
2826 4442 2958 4495 vivat
2991 4439 3087 4511 pro
3118 4444 3273 4509 bibat,
3297 4450 3441 4515 quod

1853 4528 1972 4588 nos,
2012 4510 2206 4588 Grieco
2258 4510 2588 4588 suffragante
2620 4520 2790 4578 textu,
2810 4514 2935 4588 ’πρὸ
2966 4510 3058 4588 rei)
3086 4522 3257 4588 maia,
3281 4510 3441 4571 resti-

1853 4585 2092 4655 tuimus._
2123 4582 2540 4655 Elegantissime
2566 4591 2767 4655 autem
2796 4582 3148 4652 Augustinus,
3184 4584 3325 4655 Nisi,
3356 4588 3442 4644 in-

1854 4655 1992 4725 quit,
2016 4652 2197 4725 bibat:
2222 4668 2325 4705 non
2356 4652 2492 4705 enim
2522 4653 2801 4725 aliquando
2828 4655 2982 4725 viruit
3010 4656 3218 4725 impius.

1933 4724 1959 4796 1‘
1994 4724 2300 4796 Pronomcn
2332 4726 2464 4793 eius,
2499 4724 2641 4790 quod
2669 4724 2756 4778 hic
2788 4724 2912 4792 legit
2935 4734 2989 4778 et
3008 4724 3361 4796 Augustinus,
3389 4739 3446 4785 et

1856 4797 1911 4852 in
1933 4794 2125 4851 Graeco
2156 4794 2274 4863 ipso
2299 4801 2451 4848 textu
2484 4804 2721 4857 resonat,
2754 4797 2936 4856 αὐτοῦ,
2970 4808 3067 4848 nos
3097 4794 3440 4864 supplcm‘us.

1930 4875 1969 4903 ω
2000 4870 2170 4920 Antea
2200 4871 2315 4918 erat
2343 4863 2404 4919 Si
2432 4865 2777 4934 dcgfutietur,
2804 4880 2901 4932 pro
2931 4879 3036 4931 quo
3065 4878 3162 4917 nos
3188 4863 3441 4933 Augusti-

1858 4937 2076 5009 niauam
2110 4935 2400 5009 lectionem
2444 4936 2649 5001 secuti,
2704 4934 3086 5002 rescripsimus
3123 4935 3441 5009 deglntierit,

1859 5018 1914 5065 et
1934 5007 2179 5072 Griecus,
2209 5005 2324 5060 Ἐὰν
2352 5011 2601 5075 καταπίῃ.

1929 5087 1957 5115 ³³
2001 5079 2096 5133 llic
2116 5092 2334 5146 quoque
2358 5072 2741 5143 rescripsimus
2763 5072 3095 5146 germinabit,
3123 5075 3277 5145 juxta
3304 5083 3451 5139 Cm.

1860 5165 1981 5207 cum
2010 5143 2408 5223 ἀναςᾎασξήσει,
2435 5155 2498 5223 ,ει
2543 5143 2826 5223 Apgustini
2861 5143 3266 5223 testimonium:
3307 5156 3449 5210 male

1860 5230 2042 5281 antea,
2074 5218 2309 5274 solemni
2338 5212 2765 5285 antiquariorum
2797 5212 2973 5283 lapsu,
3006 5216 3305 5288 legebatur,
3331 5240 3450 5291 θεν,

1860 5292 2094 5346 minavit.

1935 5372 1959 5398 ο
2001 5362 2077 5416 Ita
2116 5366 2172 5415 et
2197 5357 2433 5431 Graecus
2464 5352 2632 5431 habet
2654 5352 3029 5431 ἀποποιήσεται
3054 5374 3067 5410 :
3097 5358 3223 5428 legit
3266 5368 3449 5431 tamen

1866 5423 2488 5501 Augustinusprobabit;
2514 5420 2830 5501 additi/ero,
2847 5427 2948 5489 An,
2974 5445 3082 5481 non
3110 5420 3455 5496 rEprobabit?

1876 5490 2131 5557 Vei'illud
2154 5514 2172 5551 :
2202 5490 2427 5562 impium
2457 5490 2705 5562 probabit
2735 5490 3103 5552 innocentem.

1945 5584 1970 5621 ρ
1998 5568 2239 5624 Plurium
2271 5561 2499 5636 numero
2529 5561 2860 5627 Augustinus
2890 5584 2987 5620 non
3019 5567 3415 5636 respondebunt.

1944 5652 1971 5691 τι
2005 5637 2346 5691 Martianaeus
2395 5635 2450 5689 in
2482 5640 2731 5689 vetustate
2764 5636 3011 5705 perducet
3055 5652 3072 5693 :
3106 5635 3288 5694 minus
3320 5639 3458 5700 bene

1873 5712 2048 5773 Graec.
2081 5707 2107 5769 ὁ
2134 5705 2380 5767 πᾳλαιῶν.
2889 5798 2929 5867 3
