3960 6208
449 137 563 244 “79‘
1434 179 1507 245 ‘s.
1549 184 1930 244 manusua
1967 183 2204 246 omns
2243 182 2718 247 etumornaca.
3669 189 3742 251 so

440 303 698 356 evertens
717 304 941 353 terram.
963 295 1120 366 Apud
1151 295 1329 368 ipsum
1355 298 1639 370 imperium
1669 309 1724 357 ct
1750 301 2038 369 fortitudo,
2067 305 2124 366 Α
2145 301 2410 359 inveniar.
2437 304 2570 374 Quis
2595 313 2679 361 est
2707 304 2799 376 qui
2824 303 3154 375 dijudicetur
3178 319 3391 363 meeum
3419 307 3486 376 x
3508 314 3570 363 ut
3597 321 3740 363 nunc

447 400 506 447 et
534 389 818 461 disciplina
839 435 853 458 ,
896 399 952 446 et
991 389 1367 461 intelligentia.
1395 391 1496 460 Qui
1521 392 1669 450 ducit
1697 397 2040 452 consiliarios

453 482 474 555 [
505 482 590 538 ΑΙ.
624 480 1060 554 eonsultatores]
1093 482 1370 552 captivos,
1401 483 1625 542 Judices
1666 497 1846 544 autem
1880 499 2044 544 terrm

449 576 509 632 in
553 591 810 646 pavorem
858 577 1009 631 misit
1053 574 1180 648 [ΑΙ.
1207 577 1372 632 mittit
1402 576 1442 650 ].
1478 579 1580 647 Qui
1611 580 1846 636 collocat
1885 597 2042 654 reges

449 683 616 739 super
660 667 820 737 sedes
863 672 928 736 >4
967 675 1024 723 et
1075 667 1438 725 circumdedit
1487 671 1668 727 balteo
1709 688 1870 730 renes
1908 673 2040 746 [ΑΙ.

449 759 665 816 lumbos
692 758 712 830 'J
743 775 934 816 eorum
966 761 988 828 1
1023 761 1126 830 Qui
1157 763 1361 818 emittit
1405 765 1718 822 sacerdotes
1755 767 1998 838 captivos
2023 809 2040 836 ,

447 861 506 910 et
539 863 790 923 potentes
837 862 998 908 terrae
1029 855 1247 910 evertit.
1281 855 1385 923 Qui
1435 866 1704 927 permutat
1732 859 1873 914 labia
1907 859 2041 915 tide-

445 944 611 1009 lium,
639 951 696 1001 et
740 943 1162 1016 intelligentiam
1199 960 1390 1002 senum
1420 949 1675 1018 cognovit
1706 965 1721 1003 :
1753 949 2041 1006 eﬂ'undens

444 1036 846 1108 ignobilitatem
889 1051 1060 1106 super
1102 1037 1406 1107 principes,
1458 1049 1514 1096 et
1559 1041 1791 1097 humiles
1819 1057 2039 1098 sanans.

348 1199 350 1201 1
445 1127 550 1195 Qui
591 1128 796 1184 revelat
822 1127 1088 1198 profunda
1119 1129 1188 1185 de
1219 1131 1465 1186 tenebris
1498 1149 1511 1184 :
1542 1140 1597 1188 et
1621 1141 1648 1170 ε
1676 1134 1935 1204 produxit
1984 1135 2040 1190 in

445 1218 626 1274 lucem
655 1220 904 1274 umbram
929 1219 1143 1284 mortis,
1174 1224 1240 1288 >:<
1271 1219 1554 1291 decipiens
1582 1235 1794 1292 gentes,
1827 1233 1883 1281 et
1911 1240 2040 1296 per-

446 1310 584 1366 dens
610 1325 725 1378 eas,
767 1309 788 1378 1
817 1319 1072 1366 sternens
1100 1321 1292 1382 gentes
1332 1322 1385 1368 et
1409 1312 1463 1368 in
1491 1315 1576 1369 via
1606 1314 1879 1371 deducens
1904 1315 1924 1389 [
1948 1316 2036 1372 ΑΙ.

441 1407 498 1462 in
525 1407 667 1462 viam
699 1407 906 1463 ducens
931 1405 950 1477 ]
981 1421 1094 1463 eas.
1120 1408 1504 1464 Reeoncilians
1532 1409 1698 1464 corda
1730 1410 2038 1480 principum

447 1500 514 1565 Ἀ(
547 1497 736 1567 populi
769 1497 792 1564 1
819 1504 981 1552 terra!
1017 1515 1030 1551 :
1064 1497 1287 1551 seduxit
1311 1507 1492 1552 autem
1525 1498 1648 1555 illos
1677 1501 1728 1554 in
1779 1501 1869 1555 via
1908 1501 2034 1574 [ΑΙ.

438 1587 622 1656 viam]
645 1603 805 1658 quam
829 1602 936 1643 non
968 1599 1252 1644 noverant.
1277 1589 1556 1647 Tractabit
1578 1591 1832 1648 tenebras
1856 1602 1908 1648 et
1931 1609 2039 1648 non

2150 398 2523 454 obmutescam
2548 407 2604 454 et
2625 397 2891 454 desinam.
2921 399 2944 467 1
2974 399 3087 454 Duo
3108 398 3348 455 concede
3370 397 3505 454 mihi
3532 404 3594 467 ὶεκ
3616 409 3740 456 tunc

2144 506 2174 546 a
2193 491 2328 547 facie
2344 504 2433 547 tua
2448 506 2554 547 non
2573 491 2914 560 abscondar1
2934 507 3152 548 manum
3169 492 3325 549 aufer
3337 508 3367 548 a
3384 507 3493 561 me,
3507 502 3562 549 et
3579 493 3743 549 timor

2144 593 2271 640 tuus
2296 599 2404 639 non
2431 598 2519 639 me
2548 591 2772 640 terreat.
2789 572 3257 652 Deinde°vocabis,
3288 593 3344 640 et
3363 599 3465 656 ego
3481 583 3738 640 audiam:

2143 673 2403 745 loqueris,
2420 684 2474 729 et
2493 687 2596 744 ego
2617 674 2966 744 respondebo
2993 674 3114 730 tibi.
3129 675 3274 744 Quot
3287 685 3413 730 sunt
3428 676 3741 746 iniquitates

2144 781 2310 829 mere,
2339 773 2396 822 et
2425 775 2643 836 peccata
2671 782 2792 824 mea
2815 783 2938 839 quae
2967 776 3128 835 sunt,
3175 767 3312 825 doce
3337 781 3443 825 me.
3483 768 3667 838 Quare
3708 787 3740 825 a

2143 873 2233 915 me
2271 858 2598 915 abscondis?
2625 860 2735 915 Aut
2765 869 2921 932 putas
2952 876 3042 917 me
3084 875 3208 917 esse
3237 859 3574 916 contrarium
3607 862 3700 918 tibi
3721 905 3738 932 ,

2145 959 2201 1007 et
2228 951 2386 1023 quasi
2411 951 2598 1007 folium
2623 953 2768 1024 quod
2793 968 2822 1007 a
2853 963 3015 1009 vento
3054 959 3328 1018 movetur,
3372 953 3630 1010 vereris?
3671 969 3740 1011 an

2144 1051 2422 1114 tamquam
2470 1042 2596 1100 feno
2638 1045 2784 1116 quod
2833 1046 3074 1117 rapitur,
3125 1045 3435 1102 contrarius
3480 1044 3584 1102 es?
3613 1046 3741 1117 quia

2143 1136 2518 1206 conscripsiin
2543 1136 2838 1194 adversum
2871 1153 2958 1194 me
2983 1137 3124 1194 mala
3144 1181 3160 1208 ,
3189 1146 3247 1195 et
3276 1138 3586 1210 imposuisti
3609 1140 3741 1197 mihi

2144 1237 2368 1300 peccata
2391 1228 2728 1299 juventutis,
2774 1241 2828 1286 et
2858 1229 3168 1302 imposuisti
3215 1232 3267 1286 in
3317 1230 3737 1304 compede[Al.

2144 1319 2476 1392 compedes]
2498 1321 2693 1392 pedem
2719 1337 2932 1394 meum,
2958 1331 3014 1378 et
3033 1321 3342 1379 observasti
3363 1323 3550 1378 omnia
3571 1338 3740 1394 opera

2144 1426 2288 1468 mea.
2318 1411 2550 1468 Radices
2587 1412 2791 1484 pedum
2817 1429 3066 1470 meorum
3085 1414 3493 1484 contemplatus
3523 1429 3616 1482 es,
3647 1415 3738 1485 qui

2143 1514 2431 1561 veteraseo
2455 1507 2596 1561 sicut
2641 1489 2814 1574 uter;
2837 1517 2931 1563 aut
2969 1507 3120 1564 velut
3141 1509 3523 1564 vestimentum
3545 1550 3562 1576 ,
3593 1508 3740 1577 quod

2144 1610 2176 1650 a
2228 1596 2388 1652 tineis
2443 1605 2746 1654 comestum
2785 1610 2890 1655 est.
2939 1599 3115 1673 [Cap.
3145 1599 3332 1673 XlV.]
3384 1600 3555 1656 llomo
3591 1603 3738 1658 enim

439 1679 646 1743 lucem,
681 1686 736 1734 et
762 1678 1024 1734 errabunt
1063 1678 1200 1734 sicut
1241 1680 1445 1736 ebrius.
1478 1681 1647 1753 [Cap.
1673 1682 1812 1737 Xlll.
1839 1682 1858 1756 ]
1901 1685 2038 1742 Ecce
2071 1697 2115 1758 Β
2145 1696 2306 1744 natus
2331 1688 2401 1745 de
2431 1690 2662 1746 muliere
2692 1692 2873 1747 brevis
2899 1693 3022 1747 vita:
3042 1733 3060 1762 ,
3089 1700 3147 1749 et
3174 1693 3368 1764 plenus
3390 1693 3685 1749 iracundia:
3711 1709 3728 1748 :

439 1770 561 1826 hanc
581 1769 763 1825 omnia
793 1769 928 1825 vidit
955 1771 1142 1826 oculus
1175 1787 1360 1840 incus,
1384 1783 1439 1828 et
1468 1774 1680 1829 audivit
1707 1775 1858 1830 auris
1883 1791 2024 1843 mea,

442 1875 500 1920 et
543 1864 667 1918 novi
693 1879 816 1935 qua:
851 1873 909 1919 et
935 1879 1036 1920 vos
1063 1866 1261 1921 nostis.
1292 1867 1359 1920 Et
1388 1871 1452 1935 )K
1485 1868 1705 1938 quidem
1741 1871 1762 1939 1
1797 1885 1897 1940 ego
1927 1885 2036 1927 non

441 1973 564 2014 sum
593 1957 752 2014 vobis
776 1957 1122 2030 insipientior
1147 1977 1161 2014 :
1194 1961 1362 2016 immo
1385 1977 1522 2017 vero
1544 1973 1599 2018 et
1626 1979 1726 2034 ego
1749 1963 1818 2020 ad
1850 1965 2038 2020 Domi-

441 2065 573 2105 num
603 2050 824 2122 loquar,
855 2059 912 2107 et
938 2066 1162 2122 arguam
1194 2053 1247 2106 in
1275 2063 1574 2125 conspectu
1602 2055 1746 2124 ejus,
1772 2057 1818 2112 si
1848 2058 2039 2115 volue—
2079 2061 2082 2064 ’

437 2141 533 2198 rit.
567 2141 676 2198 Vos
704 2151 887 2199 autem
919 2145 1053 2200 estis
1084 2145 1287 2201 medici
1316 2147 1517 2219 iniqui,
1546 2156 1602 2204 et
1619 2157 1901 2206 curatores
1923 2166 2040 2206 ma-

437 2235 616 2292 lorum
646 2251 836 2293 omnes
863 2253 983 2294 vos.
1014 2232 1234 2296 Utinam
1259 2242 1536 2309 contingat
1565 2242 1721 2297 vobis
1748 2243 2031 2300 obmutes-

434 2331 601 2384 cere!
644 2336 701 2384 et
748 2330 1086 2399 reputabitur
1130 2332 1286 2387 vobis
1347 2333 1400 2388 in
1448 2334 1792 2405 sapientiam.
1837 2335 2038 2394 Audite

433 2433 568 2491 ergo
597 2421 1030 2492 objurgationem
1059 2422 1176 2481 oris
1195 2423 1302 2480 mei
1335 2425 1356 2493 1
1390 2425 1606 2483 Judicio
1654 2438 1834 2484 autem
1865 2430 2037 2486 labio-

433 2526 558 2566 rum
605 2527 854 2570 meorum
905 2513 1197 2572 intendite.
1249 2517 1443 2573 Nonne
1505 2529 1635 2575 ante
1679 2533 2034 2592 conspectum

433 2601 652 2658 Domini
680 2604 1000 2675 loquimini,
1030 2615 1085 2660 et
1109 2614 1236 2662 ante
1259 2618 1611 2678 conspectum
1630 2611 1748 2681 ejus
1776 2612 2036 2682 profertis

435 2692 624 2748 dolum
648 2694 673 2747 Ὶ
710 2709 780 2749 an
811 2695 1139 2751 subtrahitis
1168 2711 1266 2752 vos
1293 2697 1442 2766 ipsos
1463 2698 1675 2768 judiccs
1703 2700 1857 2756 ﬁeri?
1883 2701 2036 2772 Opti-

434 2803 586 2844 mum
617 2787 759 2858 erit,
790 2788 836 2844 si
864 2788 1185 2846 discusserit
1210 2805 1332 2846 vos.
1365 2790 1423 2846 Si
1446 2791 1589 2847 enim
1622 2795 1803 2849 omnia
1834 2795 2036 2852 facien-

431 2887 519 2936 tes
559 2879 893 2951 adjiciemini
939 2881 1026 2949 ei,
1083 2881 1170 2937 hic
1214 2881 1571 2939 nihilominus
1609 2883 1637 2923 ἲ·
1682 2897 1870 2958 arguet
1910 2902 2030 2944 vos.

424 2971 582 3042 Quod
607 2973 654 3030 si
692 2982 748 3030 et
773 2973 989 3030 occulte
1021 2989 1288 3044 personas
1330 2976 1514 3031 mirati
1558 2976 1809 3046 fueritis,
1848 2996 2032 3037 nonne

2141 1790 2198 1838 et
2235 1783 2382 1838 sicut
2429 1783 2532 1839 ﬂos
2583 1799 2705 1840 cum
2753 1785 3037 1855 floruerit,
3085 1786 3346 1854 decidet,
3389 1786 3633 1858 fugitque
3681 1796 3745 1844 ut

2141 1875 2364 1940 umbra,
2393 1885 2449 1932 et
2468 1891 2576 1931 non
2602 1889 2906 1948 permanet.
2935 1877 3126 1934 Nonne
3155 1880 3320 1936 etiam
3352 1879 3514 1947 hujus
3544 1893 3732 1935 curam

2141 1967 2420 2036 habuisti,
2452 1977 2509 2025 et
2553 1970 2698 2025 hunc
2723 1969 2911 2026 venire
2961 1971 3136 2048 fecisti
3179 1971 3231 2026 in
3255 1969 3521 2040 judicium
3554 1987 3741 2028 coram

2144 2059 2230 2116 te?
2260 2059 2396 2127 Quis
2426 2061 2578 2118 enim
2609 2063 2717 2118 erit
2742 2061 2979 2117 mundus
3008 2064 3218 2134 absque
3241 2063 3440 2120 sorde?
3473 2079 3576 2120 nec
3606 2081 3745 2121 unus

2143 2153 2407 2225 quidem,
2440 2153 2657 2209 etiamsi
2695 2155 2858 2210 unius
2902 2153 3014 2210 diei
3052 2155 3214 2211 fuerit
3263 2156 3374 2211 vita
3427 2165 3451 2193 ε
3499 2156 3622 2227 ejus
3679 2160 3744 2224 γ

2143 2261 2309 2316 super
2365 2256 2591 2302 terram.
2653 2247 2677 2316 1
2745 2247 3078 2304 Dinumerati
3136 2248 3282 2304 enim
3350 2256 3474 2304 sunt
3525 2264 3745 2306 menses

2148 2337 2268 2407 ejus
2303 2334 2322 2374 ί
2355 2336 2501 2408 apud
2547 2347 2622 2394 te.
2653 2337 2894 2409 Tempus
2929 2339 3169 2396 deﬁnisti
3194 2385 3209 2408 ,
3239 2349 3316 2410 ,et
3340 2341 3469 2412 jnon
3527 2342 3744 2398 transit.

2143 2439 2170 2478 ϐ
2195 2429 2422 2486 Discede
2445 2429 2516 2484 ab
2543 2445 2610 2484 eo
2640 2447 2652 2483 :
2681 2431 2800 2486 sine
2827 2431 3161 2503 requiescat,
3187 2440 3243 2487 et
3267 2433 3480 2503 placeat
3509 2433 3561 2491 ei
3602 2443 3744 2488 tam-

2141 2537 2308 2592 quam
2339 2521 2680 2578 mereenario
2729 2521 2848 2577 dies
2890 2536 3009 2577 sua.
3052 2520 3154 2577 Est
3196 2522 3346 2578 enim
3387 2522 3576 2578 arbori
3603 2522 3624 2595 [
3653 2522 3740 2578 ΑΙ.

2142 2613 2358 2669 arboris
2383 2612 2407 2686 ]
2439 2629 2589 2685 spes.
2619 2613 2758 2682 Quia
2786 2614 2832 2669 si
2863 2614 3179 2683 excidatur,
3226 2615 3425 2671 iterum
3463 2616 3621 2671 ﬂoret
3642 2657 3660 2686 ,
3689 2625 3748 2672 et

2135 2720 2365 2776 germen
2387 2706 2507 2776 ejus
2531 2721 2639 2760 non
2665 2705 2905 2764 deﬁciet.
2937 2705 3073 2762 Nam
3101 2709 3149 2762 si
3180 2710 3425 2765 senuerit
3449 2710 3604 2765 radix
3624 2710 3747 2780 ejus

2141 2799 2198 2854 in
2221 2794 2432 2865 terra,h
2458 2799 2689 2869 atquein
2713 2809 2866 2868 petra
2891 2799 3054 2857 fuerit
3076 2813 3322 2859 mortuus
3347 2813 3574 2863 truncus
3595 2804 3748 2875 ejus,

2139 2889 2210 2946 ab
2257 2891 2429 2944 odore
2472 2903 2629 2961 aquae
2683 2889 2903 2948 ﬂorebit
2931 2933 2946 2958 ,
3004 2901 3060 2948 et
3100 2891 3266 2949 faciet
3315 2894 3548 2952 fructum
3595 2896 3750 2954 sicut

2139 2985 2376 3041 novella.
2428 2981 2528 3039 Vir
2577 2999 2714 3040 vero
2764 2999 2888 3042 cum
2927 2995 3177 3042 mortuus
3219 2985 3418 3056 fuerit,
3469 2987 3641 3056 abiit;
3692 2999 3753 3046 et

433 3077 666 3120 censura
709 3065 831 3134 ejus
860 3064 1090 3120 terrebit
1120 3080 1252 3134 vos,
1287 3076 1343 3122 et
1390 3069 1556 3124 timor
1584 3069 1702 3140 ejus
1731 3071 1950 3129 decidet
1975 3073 2031 3130 in
2058 3078 2106 3142 C
2138 3093 2262 3135 eum
2293 3079 2554 3136 ceciderit
2604 3080 2772 3136 homo
2796 3122 2812 3147 ,
2841 3083 2954 3152 jam
2986 3096 3091 3138 non
3135 3083 3242 3139 erit
3275 3100 3288 3136 :
3324 3091 3569 3154 tempore
3597 3084 3750 3140 enim

431 3156 571 3211 vos?
615 3155 681 3210 Et
725 3157 833 3211 erit
878 3156 1138 3226 gaudium
1187 3167 1428 3214 vestrum
1477 3159 1533 3214 in
1571 3161 1760 3218 cinere
1789 3181 1800 3217 :
1832 3180 2032 3236 corpus

435 3257 620 3304 autem
649 3247 880 3302 luteum.
909 3247 1280 3305 Obmutescite
1299 3290 1315 3316 ,
1354 3259 1412 3306 ut
1461 3251 1655 3321 loquar
1680 3258 1748 3323 )K
1777 3272 1880 3328 ego
1909 3257 1932 3326 1
1977 3265 2034 3314 et

435 3338 784 3412 requiescam
814 3339 885 3396 ab
903 3339 984 3394 ira
1002 3383 1018 3410 ,
1051 3341 1476 3410 apprehendens
1502 3359 1698 3401 carnes
1722 3363 1876 3404 meas
1903 3349 2038 3406 den-

437 3433 586 3489 tibus
617 3431 792 3497 meis,
840 3439 896 3486 et
941 3432 1178 3486 animam
1222 3447 1398 3488 meam
1441 3449 1637 3504 ponam
1685 3437 1742 3494 in
1773 3454 1938 3496 manu
1990 3453 2037 3497 ε.

361 3526 363 3528 ’
436 3521 594 3580 Licet
620 3520 835 3577 occidat
863 3536 950 3577 me
970 3520 1084 3590 ille,
1110 3523 1205 3593 qui
1228 3532 1423 3593 potens
1452 3537 1538 3582 est
1562 3568 1579 3595 ,
1609 3529 1737 3600 quia
1766 3531 1888 3604 [ΑΙ.
1913 3531 2038 3605 qui]

439 3622 500 3670 et
537 3613 705 3684 cmpit
728 3653 744 3680 ,
780 3622 959 3668 tamen
991 3613 1218 3684 loquar,
1253 3623 1311 3671 et
1333 3631 1522 3674 coram
1552 3635 1618 3675 eo
1647 3636 1868 3693 arguam
1900 3630 1958 3691 d,
1984 3633 2042 3682 et

438 3703 546 3761 hoc
585 3705 718 3758 mihi
758 3705 976 3761 eveniet
1004 3706 1060 3762 in
1091 3706 1343 3763 salutem.
1393 3709 1510 3765 Non
1543 3713 1690 3768 cnim
1736 3725 1864 3771 ante
1904 3733 2036 3772 con-

439 3804 688 3868 spectum
712 3797 832 3867 ejus
858 3797 1018 3855 dolus
1042 3801 1310 3857 introibit.
1345 3804 1577 3870 Audite,
1609 3807 1793 3864 audite
1824 3823 2036 3867 sermo-

440 3901 542 3943 nes
590 3902 741 3943 meos
765 3933 779 3957 ,
829 3904 966 3959 quos
1021 3891 1254 3948 referam
1293 3895 1451 3950 vobis
1487 3897 1857 3956 audientibus.
1890 3901 2035 3961 Ecce

437 3991 542 4050 ego
583 3978 962 4050 appropinquo
1007 3983 1213 4052 judicio
1244 4000 1387 4041 meo.
1421 3986 1547 4045 Scio
1577 4005 1680 4062 ego
1711 3993 1833 4064 quia
1851 3993 2036 4065 justus

514 4193 540 4222 η
571 4181 1126 4264 ManiMani-duxit,
1160 4185 1339 4264 minus
1385 4188 1522 4264 bene
1577 4207 1606 4264 :4
1645 4193 1735 4260 qui
1768 4202 1821 4247 et
1865 4197 2028 4264 paulo

439 4264 591 4328 post,
619 4253 1078 4335 quemadmodum
1131 4259 1336 4335 saepius
1381 4260 1545 4335 alibi,
1581 4253 1762 4317 finalia
1790 4253 2025 4333 puncta,

439 4342 563 4399 quae
581 4329 834 4400 asterisci
865 4329 1260 4400 continentiam
1293 4331 1615 4394 terminant,
1651 4329 2023 4400 prmtérntisit.

519 4400 543 4436 δ
573 4393 887 4469 Superhuus
915 4394 1019 4469 hoc
1059 4397 1177 4452 loco
1208 4401 1427 4469 ponitur
1452 4393 1742 4458 asteriscus
1782 4423 1902 4461 cinn
1943 4424 2032 4464 se-

442 4469 629 4539 quenti
651 4466 910 4541 dictione.
941 4466 1338 4541 S_ensusenim,
1364 4482 1570 4526 remoto
1593 4477 1735 4541 quia,
1761 4479 2031 4541 perfectus

2141 3171 2425 3226 minuetur
2460 3187 2644 3237 mare,
2678 3179 2736 3227 et
2776 3171 2982 3228 ﬂumen
3029 3171 3331 3239 deseritur,
3377 3180 3434 3228 et
3478 3173 3745 3230 siccatur.

2143 3259 2320 3316 Homo
2349 3273 2532 3318 autem
2557 3276 2684 3317 eum
2709 3262 3026 3330 dormierit,
3059 3279 3167 3319 non
3197 3272 3478 3335 exsurget.
3523 3263 3746 3337 Usque-

2145 3369 2253 3425 quo
2279 3354 2480 3411 coelum
2511 3365 2633 3424 est,
2681 3371 2790 3411 non
2835 3364 3173 3426 consuetur,
3231 3359 3298 3426 )t(
3347 3363 3402 3413 et
3431 3371 3538 3413 non
3569 3360 3755 3414 susci-

2147 3445 2348 3502 tabitur
2375 3446 2444 3502 de
2469 3461 2661 3503 somno
2692 3463 2812 3504 suo.
2841 3448 2864 3518 1
2893 3453 3070 3520 Atque
3099 3449 3307 3505 utinam
3337 3449 3484 3522 apud
3529 3451 3747 3509 inferos

2147 3551 2238 3592 me
2259 3539 2632 3605 custodisses,
2667 3549 2724 3597 et
2770 3541 3152 3599 abscondisses
3174 3558 3293 3610 me,
3322 3543 3501 3601 donec
3528 3547 3754 3618 requie-

2148 3637 2330 3684 sceret
2361 3633 2440 3684 ira
2475 3639 2584 3698 tua,
2616 3642 2670 3687 et
2691 3633 2980 3690 statuisses
3001 3634 3134 3690 mihi
3167 3645 3381 3706 tempus
3413 3639 3466 3691 in
3494 3652 3605 3710 quo
3633 3654 3756 3696 me-

2146 3722 2376 3777 moriam
2407 3723 2514 3779 mei
2544 3725 2787 3782 faceres!
2824 3727 2881 3782 Si
2911 3728 3057 3783 enim
3081 3737 3328 3784 mortuus
3353 3727 3523 3785 fuerit
3545 3729 3754 3788 homo:

2143 3815 2294 3870 vivet
2322 3818 2720 3873 consummatis
2752 3818 2949 3876 diebus
2975 3822 3101 3876 vita;
3128 3821 3284 3877 suae?
3313 3822 3609 3879 Sustineho
3653 3841 3754 3880 us-

2141 3922 2364 3978 quequo
2405 3908 2585 3965 denuo
2615 3911 2808 3968 faciam
2844 3930 2858 3968 :
2892 3913 3092 3971 deinde
3134 3916 3391 3983 vocabis,
3435 3925 3493 3972 et
3531 3934 3634 3989 ego
3669 3936 3755 3976 rc-

2145 4003 2425 4072 spondebo
2457 4005 2575 4061 tibi.
2603 4005 2782 4077 Opera
2809 4017 2990 4066 autem
3015 4026 3275 4068 manuum
3308 4022 3521 4070 tuarum
3550 4031 3620 4070 ne
3648 4016 3756 4072 im-

2141 4202 2476 4282 mutationes
2517 4206 2691 4282 facile
2709 4209 2866 4282 nobis
2908 4215 3311 4282 permittimus;
3349 4215 3440 4271 ubi
3473 4219 3750 4282 esplora-

2141 4280 2255 4357 tum
2291 4274 2573 4357 habemus,
2604 4279 2736 4357 quid
2772 4282 2842 4334 ab
2876 4274 3228 4357 Hieronymo,
3267 4274 3395 4353 quid
3427 4304 3455 4341 a
3503 4274 3753 4347 librariis

2140 4344 2563 4419 dormitantihus
2606 4344 2912 4407 derivatum
2961 4344 3130 4413 fuerit
3179 4344 3233 4412 in
3283 4344 3416 4414 mss.
3462 4344 3752 4419 codicibus

2139 4413 2368 4471 Latinis.
2394 4417 2570 4472 MART.

2220 4485 2256 4577 [Α
2271 4487 2602 4577 {Aug-apud
2629 4507 2772 4577 eum,
2803 4499 2918 4577 sive
2949 4499 3125 4577 ab__eo,
3153 4500 3279 4577 παρ’
3296 4493 3464 4556 ἀὐτοῦ
3482 4518 3514 4577 _:
3543 4511 3599 4557 at
3620 4519 3753 4577 Διιὶβτ

447 4520 684 4574 τ--ρ-νί.ς
712 4537 766 4590 .ll
814 4535 846 4590 d
869 4520 879 4522 ἡ
913 4552 925 4567 δ
959 4520 972 4548 ;
1180 4520 1338 4551 ’νγ-’τ’
1364 4520 1566 4551 ῖ’“’⁷”’⁷”
1593 4520 1735 4557 τῖ’-ἰ
1762 4520 2031 4562 υνυνξυυσ
2066 4520 2120 4581 D
2177 4557 2188 4568 ,
2221 4520 2233 4523 -
2271 4520 2436 4569 ιέιιιι,
2461 4520 2600 4559 "tum
2629 4520 2772 4561 τιιηι,
2803 4520 2918 4555 Slve
2949 4520 3012 4553 av
3043 4520 3125 4567 eo,
3153 4522 3261 4577 παρ
3303 4520 3514 4584 αυτ-ουρ
3543 4520 3599 4557 at
3630 4520 3750 4561 me-

443 4549 565 4654 (ἓξέ
569 4556 686 4654 1am,
713 4554 724 4590 ι
774 4550 808 4589 ιι
867 4549 1128 4607 scriptum
1153 4540 1420 4610 legiturtn
1445 4544 1716 4603 volnnnne
1746 4547 2031 4608 llebratco.
2503 4565 2772 4654 apud}?
2795 4570 2961 4654 juxia
3003 4571 3290 4626 Hebreum
3319 4580 3444 4654 -μ-ικ
3475 4575 3666 4643 much,
3692 4575 3750 4632 id

443 4609 621 4666 MART.

514 4681 842 4741 __1tmﬁxo
888 4681 1154 4740 asterisco
1205 4681 1355 4762 addit
1392 4682 1650 4762 _li-la_rtian.
1679 4691 1831 4758 quia,
1873 4707 2034 4762 quam

441 4751 671 4822 ipsemet
701 4766 917 4821 notam,
949 4770 1012 4809 ac
1039 4767 1228 4809 vocem
1257 4754 1582 4823 adscititias,
1615 4751 1913 4818 ac'temeré
1950 4766 2037 4820 in-

442 4833 624 4877 trusas
648 4825 700 4899 in
737 4840 837 4882 suo
869 4842 970 4881 ms.
998 4825 1220 4899 fatetur.
1251 4823 1414 4899 Forte
1442 4827 1548 4894 ria,
1588 4829 1872 4899 legendum
1914 4845 2035 4892 erat

441 4908 542 4973 pro
570 4895 721 4973 quia,
755 4911 927 4973 eaque
948 4898 1165 4973 varians
1196 4895 1359 4973 lectio
1386 4908 1503 4952 erat
1528 4895 1754 4971 margini
1784 4906 2030 4973 apposita

440 4964 524 5042 via
552 4967 663 5042 ejus
685 4980 780 5033 pro
805 4964 855 5042 ei
869 5010 884 5028 .
920 4977 978 5022 ut
1005 4965 1434 5023 Alexandrinum
1478 4964 1758 5042 exemplar
1786 4964 1883 5030 Gr.
1927 4977 2030 5042 ὁδῷ

442 5035 608 5111 aure}?
637 5048 734 5111 pro
759 5039 917 5111 αὐτῷ.
1016 5107 1028 5111 _
1053 5109 1062 5111 _
1641 5035 1657 5042 ’
2001 5037 2012 5053 ’

517 5105 937 5186 fSupplendutn
980 5107 1193 5164 videtur
1222 5123 1526 5178 pronomen
1571 5127 1725 5180 mea,
1775 5116 1918 5186 quod
1975 5117 2033 5174 in

445 5174 611 5246 Hebr.
646 5187 698 5229 et
727 5175 824 5231 Gr.
859 5180 974 5246 ipso
1007 5190 1154 5234 textu
1188 5174 1425 5235 resonat.

509 5243 535 5282 ιι
564 5242 623 5300 S.
655 5242 989 5325 Augustinus
1028 5251 1178 5325 addit
1206 5251 1460 5325 nos,_Gr.
1490 5253 1679 5325 apag,
1707 5269 1796 5308 vos
1820 5296 1834 5320 ,
1887 5256 2028 5316 Heb.

438 5326 690 5372 neutrum
724 5319 904 5392 habet.
937 5319 1160 5392 Leviora
1195 5323 1440 5392 quaedam
1486 5319 1622 5377 infra
1654 5319 2029 5389 emcndamus.

513 5389 1042 5466 vAsteriseunnhic
1093 5389 1227 5453 loci,
1270 5409 1366 5466 pro
1407 5395 1698 5466 +_oybcln,
1753 5398 2022 5466 imperitia

435 5459 716 5530 scriptoris
762 5459 1065 5513 invenimus
1097 5462 1422 5528 appositum.
1458 5464 1590 5530 Quis
1633 5459 1774 5518 enim
1816 5459 2020 5526 nescia:

434 5527 629 5607 obelis,
669 5531 1087 5611 iiclrnvastcri‘scis
1129 5533 1322 5611 fuisse.
1347 5527 1532 5611 notata
1573 5538 1639 5588 ab
1686 5537 2019 5611 liieronytno

434 5612 556 5667 quae
584 5597 634 5648 in
678 5596 820 5652 LXX
849 5600 1183 5667 legebantur,
1221 5614 1274 5654 et
1311 5601 1360 5654 in
1407 5607 1749 5660 Hebraeorum
1787 5596 2016 5667 Voltitlli;

431 5666 594 5728 uibus
635 5682 743 5725 non
778 5666 966 5726 erant?
1008 5671 1194 5744 Itaque
1246 5673 1452 5732 suniles
1499 5677 1908 5741 cmendationes
1949 5666 2018 5746 ac

2150 4637 2256 4694 est,
2275 4635 2586 4706 jecumdel
2617 4635 2758 4706 apud
2789 4635 2856 4694 te.
2891 4642 3064 4697 an'r.

2179 4767 2192 4780 υ
2221 4699 2889 4782 8_Notat_9lympiodortis
2917 4713 2970 4768 in
2992 4710 3313 4781 quibusdam
3341 4714 3752 4781 exemplaribus

2147 4771 2226 4823 sic
2255 4771 2356 4853 legi
2392 4789 2406 4824 :
2448 4771 2650 4853 Recede
2690 4794 2738 4853 ag
2759 4798 2861 4847 me,
2895 4792 2952 4836 ut
2994 4771 3343 4853 requiescam,
3387 4793 3435 4837 et
3479 4771 3616 4840 victu
3651 4771 3752 4844 sets

2146 4841 2380 4917 mercede
2406 4851 2671 4917 contentus
2693 4849 2822 4917 sim,
2848 4841 2985 4908 sicut
3010 4841 3376 4908 mercenarius.
3407 4854 3594 4910 ΜΑιιτ.

2218 4909 2246 4948 ιι
2264 4910 2557 4997 ,ξσὶεῃάιηῃ
2575 4927 2670 4987 est,
2688 4909 2863 4997 inquit
2883 4925 3296 4997 Polychronius,
3324 4926 3464 4997 quod
3483 4925 3752 4986 Hebrum;

2144 4997 2239 5052 pro
2258 4982 2373 5066 illo,2
2399 4984 2453 5037 in
2476 4982 2858 5066 petra,'_ha_11et,
2883 4995 2937 5050 in
2969 4982 3174 5060 cinere,
3205 4982 3395 5064 prioris
3418 5013 3593 5052 versus
3618 4982 3755 5056 ea};

2141 5058 2428 5140 sequentia,
2457 5058 2618 5140 (ξι-νεὶ
2657 5058 3053 5140 ipsiusmature
3089 5058 3182 5140 ἱια⁸
3202 5058 3512 5140 postulante.
3548 5069 3754 5140 Aquila

2141 5133 2334 5206 nictent,
2359 5126 2422 5206 in
2448 5126 2690 5199 pulvere,
2724 5144 2769 5206 et
2794 5133 3142 5199 Theodotion.
3168 5126 3224 5189 in
3257 5136 3443 5204 humo,
3471 5126 3754 5196 cum'lleé

2141 5192 2490 5276 braicojgnie
2509 5192 2900 5276 consentientes,
2925 5192 3298 5271 reddiderunt;
3321 5208 3408 5276 qui
3431 5192 3607 5261 etiam
3645 5192 3752 5276 pro

2138 5281 2279 5355 uoce,
2305 5266 2572 5344 ῥάδαμνος,
2594 5266 2925 5355 interpretati
2950 5287 3091 5355 sunt,
3122 5266 3410 5355 zepgéa,'id
3452 5289 3549 5343 est,
3583 5266 3753 5338 tritu;

2139 5350 2256 5420 cum
2296 5339 2389 5420 pro
2411 5339 2661 5420 surculo.
2711 5339 2911 5400 Rursus
2942 5339 3366 5420 eréus,'i‘aciet
3393 5339 3630 5405 messem
3651 5394 3667 5420 ,
3709 5371 3750 5408 α

2138 5407 2263 5491 ﬁne,
2309 5408 2442 5491 dixit
2483 5425 2504 5490 ς
2541 5409 2801 5491 "alimus
2839 5429 3008 5472 autent
3057 5407 3172 5491 rem,
3206 5417 3374 5485 ipsam
3426 5407 3747 5491 respicieits,

2131 5477 2370 5556 fructum
2403 5477 2583 5536 faciet.
2619 5483 2900 5556 Ulrobique
2930 5505 3049 5542 vero
3090 5477 3238 5542 idem
3265 5503 3445 5540 sensus
3476 5477 3750 5550 serratim:

2130 5545 2226 5638 ‘Ms.
2253 5549 2442 5638 ‘codex
2475 5555 2770 5638 concordat
2800 5545 2923 5613 cum
2956 5557 3225 5615 llcbraico
3255 5558 3310 5612 in
3349 5558 3537 5615 ultima
3574 5545 3749 5638 voce,

2126 5621 2770 5698 [ructumfacichbium
2851 5696 2853 5698 η
2948 5697 3000 5702 __
