  <div class='ocr_page' id='page_1' title='image "/cluster/home/n/w/nwhite01/storage/ocr_20150623/29/uva.x000826564/048.png"; bbox 0 0 3960 6208; ppageno 0'>
   <div class='ocr_carea' id='block_1_1' title="bbox 249 296 1828 368">
    <p class='ocr_par' dir='ltr' id='par_1_1' title="bbox 249 296 1826 357">
     <span class='ocr_line' id='line_1_1' title="bbox 249 296 1826 357; baseline 0.002 -3"><span class='ocrx_word' id='word_1_1' title='bbox 249 296 293 354; x_wconf 89' lang='lat'><strong>8|</strong></span> <span class='ocrx_word' id='word_1_2' title='bbox 580 326 585 331; x_wconf 58' lang='grc' dir='ltr'>ν</span> <span class='ocrx_word' id='word_1_3' title='bbox 1248 350 1253 353; x_wconf 21' lang='grc' dir='ltr'><strong>Α</strong></span> <span class='ocrx_word' id='word_1_4' title='bbox 1378 298 1581 356; x_wconf 78' lang='lat' dir='ltr'><strong>LIBER</strong></span> <span class='ocrx_word' id='word_1_5' title='bbox 1611 300 1752 357; x_wconf 86' lang='lat' dir='ltr'><strong>JOB.</strong></span> <span class='ocrx_word' id='word_1_6' title='bbox 1785 300 1826 357; x_wconf 83' lang='lat' dir='ltr'><strong>A</strong></span> 
     </span>
    </p>
   </div>
   <div class='ocr_carea' id='block_1_2' title="bbox 1947 296 3525 368">
    <p class='ocr_par' dir='ltr' id='par_1_2' title="bbox 1947 299 3525 368">
     <span class='ocr_line' id='line_1_2' title="bbox 1947 299 3525 368; baseline 0.006 -12"><span class='ocrx_word' id='word_1_7' title='bbox 1947 299 2064 356; x_wconf 66' lang='lat' dir='ltr'><strong>EBA</strong></span> <span class='ocrx_word' id='word_1_8' title='bbox 2097 299 2368 359; x_wconf 71' lang='lat' dir='ltr'><strong>VEliSIO.</strong></span> <span class='ocrx_word' id='word_1_9' title='bbox 3383 312 3391 325; x_wconf 80' lang='lat'><em>&#39;</em></span> <span class='ocrx_word' id='word_1_10' title='bbox 3453 312 3525 368; x_wconf 74' lang='lat'><strong>82</strong></span> 
     </span>
    </p>
   </div>
   <div class='ocr_carea' id='block_1_3' title="bbox 252 413 3533 493">
    <p class='ocr_par' dir='ltr' id='par_1_3' title="bbox 252 413 3533 493">
     <span class='ocr_line' id='line_1_3' title="bbox 252 413 3533 493; baseline 0.003 -24"><span class='ocrx_word' id='word_1_11' title='bbox 252 414 454 488; x_wconf 82' lang='lat' dir='ltr'><strong>probes.</strong></span> <span class='ocrx_word' id='word_1_12' title='bbox 475 413 859 485; x_wconf 69' lang='lat' dir='ltr'><strong>Cogitationes</strong></span> <span class='ocrx_word' id='word_1_13' title='bbox 886 427 1035 469; x_wconf 87' lang='lat' dir='ltr'><strong>meas</strong></span> <span class='ocrx_word' id='word_1_14' title='bbox 1071 413 1426 469; x_wconf 88' lang='lat' dir='ltr'><strong>dinumerasti</strong></span> <span class='ocrx_word' id='word_1_15' title='bbox 1446 456 1460 480; x_wconf 91' lang='lat'><strong>,</strong></span> <span class='ocrx_word' id='word_1_16' title='bbox 1490 424 1544 470; x_wconf 91' lang='lat' dir='ltr'><strong>et</strong></span> <span class='ocrx_word' id='word_1_17' title='bbox 1590 415 1725 470; x_wconf 82' lang='lat' dir='ltr'><strong>nihil</strong></span> <span class='ocrx_word' id='word_1_18' title='bbox 1772 424 1824 471; x_wconf 89' lang='lat' dir='ltr'><strong>te</strong></span> <span class='ocrx_word' id='word_1_19' title='bbox 1851 419 1905 477; x_wconf 80' lang='grc' dir='ltr'>Α</span> <span class='ocrx_word' id='word_1_20' title='bbox 1927 414 2068 487; x_wconf 86' lang='lat' dir='ltr'><strong>ejus.</strong></span> <span class='ocrx_word' id='word_1_21' title='bbox 2101 416 2234 470; x_wconf 91' lang='lat' dir='ltr'><strong>Cum</strong></span> <span class='ocrx_word' id='word_1_22' title='bbox 2268 418 2541 488; x_wconf 92' lang='lat' dir='ltr'><strong>putaverit</strong></span> <span class='ocrx_word' id='word_1_23' title='bbox 2572 433 2631 475; x_wconf 91' lang='lat' dir='ltr'><strong>se</strong></span> <span class='ocrx_word' id='word_1_24' title='bbox 2661 432 2783 475; x_wconf 87' lang='lat' dir='ltr'><strong>esse</strong></span> <span class='ocrx_word' id='word_1_25' title='bbox 2804 418 2915 489; x_wconf 87' lang='lat' dir='ltr'><strong>jam</strong></span> <span class='ocrx_word' id='word_1_26' title='bbox 2944 422 2998 477; x_wconf 93' lang='lat' dir='ltr'><strong>in</strong></span> <span class='ocrx_word' id='word_1_27' title='bbox 3028 436 3192 493; x_wconf 89' lang='lat' dir='ltr'><strong>pace,</strong></span> <span class='ocrx_word' id='word_1_28' title='bbox 3228 430 3355 479; x_wconf 68' lang='grc' dir='ltr'><strong>ιιιοε</strong></span> <span class='ocrx_word' id='word_1_29' title='bbox 3376 439 3533 482; x_wconf 87' lang='lat' dir='ltr'><strong>ever-</strong></span> 
     </span>
    </p>
   </div>
   <div class='ocr_carea' id='block_1_4' title="bbox 259 506 1825 577">
    <p class='ocr_par' dir='ltr' id='par_1_4' title="bbox 259 506 1825 577">
     <span class='ocr_line' id='line_1_4' title="bbox 259 506 1825 577; baseline -0.001 -15"><span class='ocrx_word' id='word_1_30' title='bbox 259 508 389 562; x_wconf 77' lang='lat' dir='ltr'><strong>laiuit</strong></span> <span class='ocrx_word' id='word_1_31' title='bbox 420 516 776 577; x_wconf 77' lang='lat' dir='ltr'><strong>peccatorum</strong></span> <span class='ocrx_word' id='word_1_32' title='bbox 809 522 1075 562; x_wconf 87' lang='lat' dir='ltr'><strong>meorum.</strong></span> <span class='ocrx_word' id='word_1_33' title='bbox 1108 506 1348 577; x_wconf 87' lang='lat' dir='ltr'><strong>Signasti</strong></span> <span class='ocrx_word' id='word_1_34' title='bbox 1385 509 1438 562; x_wconf 92' lang='lat' dir='ltr'><strong>in</strong></span> <span class='ocrx_word' id='word_1_35' title='bbox 1469 507 1687 561; x_wconf 89' lang='lat' dir='ltr'><strong>sacculo</strong></span> <span class='ocrx_word' id='word_1_36' title='bbox 1720 506 1825 561; x_wconf 86' lang='lat' dir='ltr'><strong>ini-</strong></span> 
     </span>
    </p>
   </div>
   <div class='ocr_carea' id='block_1_5' title="bbox 265 600 1827 672">
    <p class='ocr_par' dir='ltr' id='par_1_5' title="bbox 265 600 1827 672">
     <span class='ocr_line' id='line_1_5' title="bbox 265 600 1827 672; baseline 0.001 -19"><span class='ocrx_word' id='word_1_37' title='bbox 265 602 464 672; x_wconf 85' lang='lat' dir='ltr'><strong>quitates</strong></span> <span class='ocrx_word' id='word_1_38' title='bbox 494 615 648 656; x_wconf 88' lang='lat' dir='ltr'><strong>meas</strong></span> <span class='ocrx_word' id='word_1_39' title='bbox 676 619 691 655; x_wconf 88' lang='lat'><strong>:</strong></span> <span class='ocrx_word' id='word_1_40' title='bbox 722 603 995 654; x_wconf 78' lang='lat' dir='ltr'><strong>annotasti</strong></span> <span class='ocrx_word' id='word_1_41' title='bbox 1042 600 1085 654; x_wconf 90' lang='lat' dir='ltr'><strong>si</strong></span> <span class='ocrx_word' id='word_1_42' title='bbox 1118 601 1245 671; x_wconf 87' lang='lat' dir='ltr'><strong>quid</strong></span> <span class='ocrx_word' id='word_1_43' title='bbox 1287 600 1488 655; x_wconf 90' lang='lat' dir='ltr'><strong>invitus</strong></span> <span class='ocrx_word' id='word_1_44' title='bbox 1529 601 1731 655; x_wconf 78' lang='lat' dir='ltr'><strong>erravi.</strong></span> <span class='ocrx_word' id='word_1_45' title='bbox 1760 604 1827 669; x_wconf 53' lang='lat' dir='ltr'><strong>3K</strong></span> 
     </span>
    </p>
   </div>
   <div class='ocr_carea' id='block_1_6' title="bbox 264 680 1825 765">
    <p class='ocr_par' dir='ltr' id='par_1_6' title="bbox 264 680 1825 765">
     <span class='ocr_line' id='line_1_6' title="bbox 264 680 1825 765; baseline -0.001 -16"><span class='ocrx_word' id='word_1_46' title='bbox 264 695 316 750; x_wconf 79' lang='lat' dir='ltr'><strong>Et</strong></span> <span class='ocrx_word' id='word_1_47' title='bbox 333 693 538 764; x_wconf 90' lang='lat' dir='ltr'><strong>quidem</strong></span> <span class='ocrx_word' id='word_1_48' title='bbox 567 693 587 765; x_wconf 92' lang='lat'>[</span> <span class='ocrx_word' id='word_1_49' title='bbox 616 696 703 747; x_wconf 81' lang='lat' dir='ltr'><strong>At.</strong></span> <span class='ocrx_word' id='word_1_50' title='bbox 737 693 990 764; x_wconf 90' lang='lat' dir='ltr'><strong>equidem</strong></span> <span class='ocrx_word' id='word_1_51' title='bbox 1020 692 1038 765; x_wconf 87' lang='lat'><strong>]</strong></span> <span class='ocrx_word' id='word_1_52' title='bbox 1071 709 1227 749; x_wconf 92' lang='lat' dir='ltr'><strong>mons</strong></span> <span class='ocrx_word' id='word_1_53' title='bbox 1278 680 1481 749; x_wconf 82' lang='lat' dir='ltr'><strong>cadens</strong></span> <span class='ocrx_word' id='word_1_54' title='bbox 1525 693 1712 748; x_wconf 87' lang='lat' dir='ltr'><strong>deﬂuit</strong></span> <span class='ocrx_word' id='word_1_55' title='bbox 1762 698 1825 761; x_wconf 72' lang='grc' dir='ltr'><strong>&gt;δ&lt;</strong></span> 
     </span>
    </p>
   </div>
   <div class='ocr_carea' id='block_1_7' title="bbox 264 786 1826 856">
    <p class='ocr_par' dir='ltr' id='par_1_7' title="bbox 264 786 1826 856">
     <span class='ocr_line' id='line_1_7' title="bbox 264 786 1826 856; baseline -0.001 -14"><span class='ocrx_word' id='word_1_56' title='bbox 264 795 307 842; x_wconf 88' lang='lat' dir='ltr'><strong>et</strong></span> <span class='ocrx_word' id='word_1_57' title='bbox 332 795 469 856; x_wconf 91' lang='lat' dir='ltr'><strong>petra</strong></span> <span class='ocrx_word' id='word_1_58' title='bbox 491 788 789 841; x_wconf 86' lang='lat' dir='ltr'><strong>veterascit</strong></span> <span class='ocrx_word' id='word_1_59' title='bbox 823 786 874 839; x_wconf 92' lang='lat' dir='ltr'><strong>in</strong></span> <span class='ocrx_word' id='word_1_60' title='bbox 900 788 1019 841; x_wconf 92' lang='lat' dir='ltr'><strong>loco</strong></span> <span class='ocrx_word' id='word_1_61' title='bbox 1046 794 1202 840; x_wconf 68' lang='lat' dir='ltr'><strong>suo.a</strong></span> <span class='ocrx_word' id='word_1_62' title='bbox 1234 786 1466 856; x_wconf 84' lang='lat' dir='ltr'><strong>Lapides</strong></span> <span class='ocrx_word' id='word_1_63' title='bbox 1490 801 1826 841; x_wconf 90' lang='lat' dir='ltr'><strong>consumun-</strong></span> 
     </span>
    </p>
   </div>
   <div class='ocr_carea' id='block_1_8' title="bbox 263 876 1828 949">
    <p class='ocr_par' dir='ltr' id='par_1_8' title="bbox 263 876 1828 949">
     <span class='ocr_line' id='line_1_8' title="bbox 263 876 1828 949; baseline 0.001 -18"><span class='ocrx_word' id='word_1_64' title='bbox 263 888 332 931; x_wconf 87' lang='lat' dir='ltr'><strong>tur</strong></span> <span class='ocrx_word' id='word_1_65' title='bbox 370 877 557 948; x_wconf 80' lang='lat' dir='ltr'><strong>aquis,</strong></span> <span class='ocrx_word' id='word_1_66' title='bbox 595 881 663 946; x_wconf 57' lang='lat' dir='ltr'><strong>j-si</strong></span> <span class='ocrx_word' id='word_1_67' title='bbox 714 886 771 932; x_wconf 91' lang='lat' dir='ltr'><strong>et</strong></span> <span class='ocrx_word' id='word_1_68' title='bbox 810 877 1090 932; x_wconf 90' lang='lat' dir='ltr'><strong>alluvione</strong></span> <span class='ocrx_word' id='word_1_69' title='bbox 1132 876 1502 948; x_wconf 90' lang='lat' dir='ltr'><strong>frequentium</strong></span> <span class='ocrx_word' id='word_1_70' title='bbox 1552 880 1828 949; x_wconf 82' lang='lat' dir='ltr'><strong>gurgitum</strong></span> 
     </span>
    </p>
   </div>
   <div class='ocr_carea' id='block_1_9' title="bbox 257 970 1831 1040">
    <p class='ocr_par' dir='ltr' id='par_1_9' title="bbox 257 970 1831 1040">
     <span class='ocr_line' id='line_1_9' title="bbox 257 970 1831 1040; baseline 0.001 -15"><span class='ocrx_word' id='word_1_71' title='bbox 257 970 495 1026; x_wconf 81' lang='lat' dir='ltr'><strong>minuitur</strong></span> <span class='ocrx_word' id='word_1_72' title='bbox 520 984 691 1024; x_wconf 83' lang='lat' dir='ltr'><strong>arena</strong></span> <span class='ocrx_word' id='word_1_73' title='bbox 736 980 926 1035; x_wconf 78' lang='lat' dir='ltr'><strong>terrae,</strong></span> <span class='ocrx_word' id='word_1_74' title='bbox 966 970 987 1037; x_wconf 95' lang='lat'><strong>1</strong></span> <span class='ocrx_word' id='word_1_75' title='bbox 1021 984 1176 1040; x_wconf 84' lang='lat' dir='ltr'><strong>spem</strong></span> <span class='ocrx_word' id='word_1_76' title='bbox 1214 985 1348 1026; x_wconf 91' lang='lat' dir='ltr'><strong>vero</strong></span> <span class='ocrx_word' id='word_1_77' title='bbox 1381 970 1616 1026; x_wconf 89' lang='lat' dir='ltr'><strong>hominis</strong></span> <span class='ocrx_word' id='word_1_78' title='bbox 1646 971 1831 1039; x_wconf 89' lang='lat' dir='ltr'><strong>perdi-</strong></span> 
     </span>
    </p>
   </div>
   <div class='ocr_carea' id='block_1_10' title="bbox 251 1060 1829 1133">
    <p class='ocr_par' dir='ltr' id='par_1_10' title="bbox 251 1060 1829 1133">
     <span class='ocr_line' id='line_1_10' title="bbox 251 1060 1829 1133; baseline -0.001 -17"><span class='ocrx_word' id='word_1_79' title='bbox 251 1061 377 1116; x_wconf 90' lang='lat' dir='ltr'><strong>disti.</strong></span> <span class='ocrx_word' id='word_1_80' title='bbox 404 1062 682 1133; x_wconf 82' lang='lat' dir='ltr'><strong>Impulisti</strong></span> <span class='ocrx_word' id='word_1_81' title='bbox 715 1062 863 1117; x_wconf 89' lang='lat' dir='ltr'><strong>enim</strong></span> <span class='ocrx_word' id='word_1_82' title='bbox 896 1060 951 1115; x_wconf 88' lang='lat' dir='ltr'><strong>in</strong></span> <span class='ocrx_word' id='word_1_83' title='bbox 983 1060 1150 1117; x_wconf 81' lang='lat' dir='ltr'><strong>finem</strong></span> <span class='ocrx_word' id='word_1_84' title='bbox 1173 1105 1188 1129; x_wconf 96' lang='lat'><strong>,</strong></span> <span class='ocrx_word' id='word_1_85' title='bbox 1220 1070 1275 1117; x_wconf 89' lang='lat' dir='ltr'><strong>et</strong></span> <span class='ocrx_word' id='word_1_86' title='bbox 1300 1061 1473 1121; x_wconf 70' lang='lat' dir='ltr'><strong>abiit“.</strong></span> <span class='ocrx_word' id='word_1_87' title='bbox 1505 1062 1726 1117; x_wconf 82' lang='lat' dir='ltr'><strong>mutasti</strong></span> <span class='ocrx_word' id='word_1_88' title='bbox 1750 1061 1829 1116; x_wconf 89' lang='lat' dir='ltr'><strong>fa-</strong></span> 
     </span>
    </p>
   </div>
   <div class='ocr_carea' id='block_1_11' title="bbox 247 1153 1829 1227">
    <p class='ocr_par' dir='ltr' id='par_1_11' title="bbox 247 1153 1829 1227">
     <span class='ocr_line' id='line_1_11' title="bbox 247 1153 1829 1227; baseline -0.002 -16"><span class='ocrx_word' id='word_1_89' title='bbox 247 1156 367 1212; x_wconf 85' lang='lat' dir='ltr'><strong>ciem</strong></span> <span class='ocrx_word' id='word_1_90' title='bbox 392 1155 547 1227; x_wconf 87' lang='lat' dir='ltr'><strong>ejus,</strong></span> <span class='ocrx_word' id='word_1_91' title='bbox 578 1156 835 1211; x_wconf 89' lang='lat' dir='ltr'><strong>dimisisti</strong></span> <span class='ocrx_word' id='word_1_92' title='bbox 860 1171 1005 1211; x_wconf 91' lang='lat' dir='ltr'><strong>eum.</strong></span> <span class='ocrx_word' id='word_1_93' title='bbox 1034 1157 1247 1211; x_wconf 88' lang='lat' dir='ltr'><strong>Etcum</strong></span> <span class='ocrx_word' id='word_1_94' title='bbox 1279 1156 1436 1210; x_wconf 84' lang='lat' dir='ltr'><strong>multi</strong></span> <span class='ocrx_word' id='word_1_95' title='bbox 1470 1153 1677 1211; x_wconf 89' lang='lat' dir='ltr'><strong>fuerint</strong></span> <span class='ocrx_word' id='word_1_96' title='bbox 1699 1154 1719 1226; x_wconf 95' lang='lat'>[</span> <span class='ocrx_word' id='word_1_97' title='bbox 1740 1154 1829 1209; x_wconf 79' lang='lat' dir='ltr'><strong>Al.</strong></span> 
     </span>
    </p>
   </div>
   <div class='ocr_carea' id='block_1_12' title="bbox 248 1246 1827 1320">
    <p class='ocr_par' dir='ltr' id='par_1_12' title="bbox 248 1246 1827 1320">
     <span class='ocr_line' id='line_1_12' title="bbox 248 1246 1827 1320; baseline 0 -18"><span class='ocrx_word' id='word_1_98' title='bbox 248 1246 539 1320; x_wconf 85' lang='lat' dir='ltr'><strong>fuerunt],</strong></span> <span class='ocrx_word' id='word_1_99' title='bbox 575 1246 673 1301; x_wconf 84' lang='lat' dir='ltr'><strong>lilii</strong></span> <span class='ocrx_word' id='word_1_100' title='bbox 714 1247 861 1316; x_wconf 85' lang='lat' dir='ltr'><strong>ejus,</strong></span> <span class='ocrx_word' id='word_1_101' title='bbox 911 1248 1087 1301; x_wconf 85' lang='lat' dir='ltr'><strong>nescit</strong></span> <span class='ocrx_word' id='word_1_102' title='bbox 1139 1266 1151 1301; x_wconf 96' lang='lat'>:</span> <span class='ocrx_word' id='word_1_103' title='bbox 1201 1248 1249 1302; x_wconf 84' lang='lat' dir='ltr'><strong>si</strong></span> <span class='ocrx_word' id='word_1_104' title='bbox 1299 1257 1481 1303; x_wconf 90' lang='lat' dir='ltr'><strong>autem</strong></span> <span class='ocrx_word' id='word_1_105' title='bbox 1526 1255 1582 1302; x_wconf 88' lang='lat' dir='ltr'><strong>et</strong></span> <span class='ocrx_word' id='word_1_106' title='bbox 1632 1247 1827 1317; x_wconf 86' lang='lat' dir='ltr'><strong>pauci,</strong></span> 
     </span>
    </p>
   </div>
   <div class='ocr_carea' id='block_1_13' title="bbox 248 1339 1831 1411">
    <p class='ocr_par' dir='ltr' id='par_1_13' title="bbox 248 1339 1831 1411">
     <span class='ocr_line' id='line_1_13' title="bbox 248 1339 1831 1411; baseline -0.001 -15"><span class='ocrx_word' id='word_1_107' title='bbox 248 1342 445 1411; x_wconf 83' lang='lat' dir='ltr'><strong>ignorat</strong></span> <span class='ocrx_word' id='word_1_108' title='bbox 468 1344 535 1408; x_wconf 63' lang='lat' dir='ltr'><strong>)af</strong></span> <span class='ocrx_word' id='word_1_109' title='bbox 566 1340 637 1396; x_wconf 92' lang='lat' dir='ltr'><strong>de</strong></span> <span class='ocrx_word' id='word_1_110' title='bbox 662 1340 743 1395; x_wconf 89' lang='lat' dir='ltr'><strong>eis</strong></span> <span class='ocrx_word' id='word_1_111' title='bbox 773 1340 795 1408; x_wconf 92' lang='lat'><strong>1</strong></span> <span class='ocrx_word' id='word_1_112' title='bbox 828 1339 924 1395; x_wconf 90' lang='lat' dir='ltr'><strong>sed</strong></span> <span class='ocrx_word' id='word_1_113' title='bbox 954 1354 1147 1395; x_wconf 87' lang='lat' dir='ltr'><strong>carnes</strong></span> <span class='ocrx_word' id='word_1_114' title='bbox 1168 1339 1197 1379; x_wconf 69' lang='grc' dir='ltr'><strong>ιτ</strong></span> <span class='ocrx_word' id='word_1_115' title='bbox 1220 1340 1340 1406; x_wconf 80' lang='lat' dir='ltr'><strong>eius</strong></span> <span class='ocrx_word' id='word_1_116' title='bbox 1368 1344 1431 1407; x_wconf 73' lang='grc' dir='ltr'>&gt;ε&lt;</span> <span class='ocrx_word' id='word_1_117' title='bbox 1467 1355 1636 1410; x_wconf 87' lang='lat' dir='ltr'><strong>super</strong></span> <span class='ocrx_word' id='word_1_118' title='bbox 1662 1355 1786 1395; x_wconf 92' lang='lat' dir='ltr'><strong>eum</strong></span> <span class='ocrx_word' id='word_1_119' title='bbox 1809 1352 1831 1380; x_wconf 77' lang='grc' dir='ltr'><strong>ο</strong></span> 
     </span>
    </p>
   </div>
   <div class='ocr_carea' id='block_1_14' title="bbox 244 1429 1743 1505">
    <p class='ocr_par' dir='ltr' id='par_1_14' title="bbox 244 1429 1743 1505">
     <span class='ocr_line' id='line_1_14' title="bbox 244 1429 1743 1505; baseline 0 -20"><span class='ocrx_word' id='word_1_120' title='bbox 244 1431 527 1486; x_wconf 86' lang='lat' dir='ltr'><strong>doluerunt</strong></span> <span class='ocrx_word' id='word_1_121' title='bbox 561 1448 573 1483; x_wconf 88' lang='lat'>:</span> <span class='ocrx_word' id='word_1_122' title='bbox 606 1440 660 1484; x_wconf 92' lang='lat' dir='ltr'><strong>et</strong></span> <span class='ocrx_word' id='word_1_123' title='bbox 686 1431 867 1485; x_wconf 83' lang='lat' dir='ltr'><strong>anima</strong></span> <span class='ocrx_word' id='word_1_124' title='bbox 897 1430 1017 1499; x_wconf 90' lang='lat' dir='ltr'><strong>ejus</strong></span> <span class='ocrx_word' id='word_1_125' title='bbox 1048 1444 1219 1500; x_wconf 89' lang='lat' dir='ltr'><strong>super</strong></span> <span class='ocrx_word' id='word_1_126' title='bbox 1246 1444 1374 1485; x_wconf 91' lang='lat' dir='ltr'><strong>eum</strong></span> <span class='ocrx_word' id='word_1_127' title='bbox 1409 1429 1573 1485; x_wconf 85' lang='lat' dir='ltr'><strong>luxit.</strong></span> <span class='ocrx_word' id='word_1_128' title='bbox 1736 1500 1743 1505; x_wconf 84' lang='lat'>_</span> 
     </span>
    </p>
   </div>
   <div class='ocr_carea' id='block_1_15' title="bbox 303 1539 1761 1591">
    <p class='ocr_par' dir='ltr' id='par_1_15' title="bbox 303 1539 1761 1591">
     <span class='ocr_line' id='line_1_15' title="bbox 303 1539 1761 1591; baseline 0.001 -12"><span class='ocrx_word' id='word_1_129' title='bbox 303 1539 643 1579; x_wconf 69' lang='lat' dir='ltr'><strong>RESPONDENS</strong></span> <span class='ocrx_word' id='word_1_130' title='bbox 676 1539 855 1579; x_wconf 73' lang='grc' dir='ltr'><strong>Αυτειι</strong></span> <span class='ocrx_word' id='word_1_131' title='bbox 893 1539 1117 1578; x_wconf 69' lang='grc' dir='ltr'><strong>ΕΙΛΡΗᾹΖ</strong></span> <span class='ocrx_word' id='word_1_132' title='bbox 1160 1539 1524 1591; x_wconf 69' lang='lat' dir='ltr'><strong>THEIANITBS,</strong></span> <span class='ocrx_word' id='word_1_133' title='bbox 1567 1540 1761 1581; x_wconf 66' lang='lat' dir='ltr'><strong>DIXIT:</strong></span> 
     </span>
    </p>
   </div>
   <div class='ocr_carea' id='block_1_16' title="bbox 301 1614 1838 1689">
    <p class='ocr_par' dir='ltr' id='par_1_16' title="bbox 301 1614 1838 1689">
     <span class='ocr_line' id='line_1_16' title="bbox 301 1614 1838 1689; baseline 0.002 -19"><span class='ocrx_word' id='word_1_134' title='bbox 301 1615 453 1689; x_wconf 60' lang='lat' dir='ltr'><strong>(Cap.</strong></span> <span class='ocrx_word' id='word_1_135' title='bbox 473 1614 612 1687; x_wconf 62' lang='lat' dir='ltr'><strong>XV]</strong></span> <span class='ocrx_word' id='word_1_136' title='bbox 638 1614 904 1686; x_wconf 84' lang='lat' dir='ltr'><strong>Numquid</strong></span> <span class='ocrx_word' id='word_1_137' title='bbox 929 1618 1149 1685; x_wconf 85' lang='lat' dir='ltr'><strong>sapiens</strong></span> <span class='ocrx_word' id='word_1_138' title='bbox 1176 1616 1528 1686; x_wconf 80' lang='lat' dir='ltr'><strong>respondebit</strong></span> <span class='ocrx_word' id='word_1_139' title='bbox 1558 1616 1612 1671; x_wconf 90' lang='lat' dir='ltr'><strong>in</strong></span> <span class='ocrx_word' id='word_1_140' title='bbox 1642 1615 1838 1685; x_wconf 86' lang='lat' dir='ltr'><strong>spiritu</strong></span> 
     </span>
    </p>
   </div>
   <div class='ocr_carea' id='block_1_17' title="bbox 246 1692 1885 1780">
    <p class='ocr_par' dir='ltr' id='par_1_17' title="bbox 246 1692 1885 1780">
     <span class='ocr_line' id='line_1_17' title="bbox 246 1692 1885 1780; baseline 0 -18"><span class='ocrx_word' id='word_1_141' title='bbox 246 1708 500 1772; x_wconf 82' lang='lat' dir='ltr'><strong>scientiae,</strong></span> <span class='ocrx_word' id='word_1_142' title='bbox 533 1716 589 1761; x_wconf 90' lang='lat' dir='ltr'><strong>et</strong></span> <span class='ocrx_word' id='word_1_143' title='bbox 624 1704 872 1776; x_wconf 86' lang='lat' dir='ltr'><strong>implebit</strong></span> <span class='ocrx_word' id='word_1_144' title='bbox 908 1706 1017 1780; x_wconf 81' lang='grc' dir='ltr'><strong>[ΑΙ.</strong></span> <span class='ocrx_word' id='word_1_145' title='bbox 1052 1704 1321 1777; x_wconf 82' lang='lat' dir='ltr'><strong>implevit]</strong></span> <span class='ocrx_word' id='word_1_146' title='bbox 1348 1706 1541 1763; x_wconf 89' lang='lat' dir='ltr'><strong>dolore</strong></span> <span class='ocrx_word' id='word_1_147' title='bbox 1568 1716 1836 1774; x_wconf 81' lang='lat' dir='ltr'><strong>ventrem,</strong></span> <span class='ocrx_word' id='word_1_148' title='bbox 1881 1692 1885 1698; x_wconf 67' lang='grc'><strong>’</strong></span> 
     </span>
    </p>
   </div>
   <div class='ocr_carea' id='block_1_18' title="bbox 1930 508 3527 587">
    <p class='ocr_par' dir='ltr' id='par_1_18' title="bbox 1930 508 3527 587">
     <span class='ocr_line' id='line_1_18' title="bbox 1930 508 3527 587; baseline 0.009 -25"><span class='ocrx_word' id='word_1_149' title='bbox 1930 509 2012 562; x_wconf 91' lang='lat' dir='ltr'><strong>sio</strong></span> <span class='ocrx_word' id='word_1_150' title='bbox 2039 508 2219 564; x_wconf 89' lang='lat' dir='ltr'><strong>veniet</strong></span> <span class='ocrx_word' id='word_1_151' title='bbox 2270 512 2342 565; x_wconf 91' lang='lat' dir='ltr'><strong>ei.</strong></span> <span class='ocrx_word' id='word_1_152' title='bbox 2391 510 2510 566; x_wconf 92' lang='lat' dir='ltr'><strong>Non</strong></span> <span class='ocrx_word' id='word_1_153' title='bbox 2565 515 2744 568; x_wconf 90' lang='lat' dir='ltr'><strong>credit</strong></span> <span class='ocrx_word' id='word_1_154' title='bbox 2787 516 2803 587; x_wconf 65' lang='grc' dir='ltr'>ί</span> <span class='ocrx_word' id='word_1_155' title='bbox 2834 516 2921 574; x_wconf 79' lang='grc' dir='ltr'><strong>ΑΙ.</strong></span> <span class='ocrx_word' id='word_1_156' title='bbox 2956 516 3184 587; x_wconf 87' lang='lat' dir='ltr'><strong>credet]</strong></span> <span class='ocrx_word' id='word_1_157' title='bbox 3216 522 3463 575; x_wconf 80' lang='lat' dir='ltr'><strong>converti</strong></span> <span class='ocrx_word' id='word_1_158' title='bbox 3495 537 3527 576; x_wconf 88' lang='lat' dir='ltr'><strong>a</strong></span> 
     </span>
    </p>
   </div>
   <div class='ocr_carea' id='block_1_19' title="bbox 1930 602 3529 678">
    <p class='ocr_par' dir='ltr' id='par_1_19' title="bbox 1930 602 3529 678">
     <span class='ocr_line' id='line_1_19' title="bbox 1930 602 3529 678; baseline 0.009 -23"><span class='ocrx_word' id='word_1_159' title='bbox 1930 602 2193 655; x_wconf 85' lang='lat' dir='ltr'><strong>tenebris.</strong></span> <span class='ocrx_word' id='word_1_160' title='bbox 2220 604 2338 658; x_wconf 89' lang='lat' dir='ltr'><strong>Jam</strong></span> <span class='ocrx_word' id='word_1_161' title='bbox 2368 604 2513 659; x_wconf 91' lang='lat' dir='ltr'><strong>enim</strong></span> <span class='ocrx_word' id='word_1_162' title='bbox 2541 608 2772 663; x_wconf 81' lang='lat' dir='ltr'><strong>traditus</strong></span> <span class='ocrx_word' id='word_1_163' title='bbox 2800 619 2885 663; x_wconf 91' lang='lat' dir='ltr'><strong>est</strong></span> <span class='ocrx_word' id='word_1_164' title='bbox 2916 610 2969 663; x_wconf 92' lang='lat' dir='ltr'><strong>in</strong></span> <span class='ocrx_word' id='word_1_165' title='bbox 2998 611 3248 665; x_wconf 86' lang='lat' dir='ltr'><strong>manibus</strong></span> <span class='ocrx_word' id='word_1_166' title='bbox 3280 613 3430 678; x_wconf 83' lang='lat' dir='ltr'><strong>ferri,</strong></span> <span class='ocrx_word' id='word_1_167' title='bbox 3474 624 3529 669; x_wconf 87' lang='lat' dir='ltr'><strong>et</strong></span> 
     </span>
    </p>
   </div>
   <div class='ocr_carea' id='block_1_20' title="bbox 1931 691 3528 773">
    <p class='ocr_par' dir='ltr' id='par_1_20' title="bbox 1931 691 3528 773">
     <span class='ocr_line' id='line_1_20' title="bbox 1931 691 3528 773; baseline 0.008 -26"><span class='ocrx_word' id='word_1_168' title='bbox 1931 691 2188 747; x_wconf 88' lang='lat' dir='ltr'><strong>decretus</strong></span> <span class='ocrx_word' id='word_1_169' title='bbox 2217 703 2303 749; x_wconf 90' lang='lat' dir='ltr'><strong>est</strong></span> <span class='ocrx_word' id='word_1_170' title='bbox 2327 696 2380 750; x_wconf 93' lang='lat' dir='ltr'><strong>in</strong></span> <span class='ocrx_word' id='word_1_171' title='bbox 2406 711 2585 751; x_wconf 89' lang='lat' dir='ltr'><strong>escam</strong></span> <span class='ocrx_word' id='word_1_172' title='bbox 2616 697 2635 769; x_wconf 92' lang='lat'>[</span> <span class='ocrx_word' id='word_1_173' title='bbox 2666 698 2754 751; x_wconf 85' lang='lat' dir='ltr'><strong>Al.</strong></span> <span class='ocrx_word' id='word_1_174' title='bbox 2787 715 2912 754; x_wconf 88' lang='lat' dir='ltr'><strong>esca</strong></span> <span class='ocrx_word' id='word_1_175' title='bbox 2945 700 2963 772; x_wconf 95' lang='lat'><strong>]</strong></span> <span class='ocrx_word' id='word_1_176' title='bbox 2993 702 3270 758; x_wconf 89' lang='lat' dir='ltr'><strong>vulturum</strong></span> <span class='ocrx_word' id='word_1_177' title='bbox 3290 748 3306 773; x_wconf 96' lang='lat'><strong>,</strong></span> <span class='ocrx_word' id='word_1_178' title='bbox 3339 713 3395 761; x_wconf 88' lang='lat' dir='ltr'><strong>et</strong></span> <span class='ocrx_word' id='word_1_179' title='bbox 3426 721 3528 760; x_wconf 88' lang='lat' dir='ltr'><strong>no-</strong></span> 
     </span>
    </p>
   </div>
   <div class='ocr_carea' id='block_1_21' title="bbox 1932 782 3529 858">
    <p class='ocr_par' dir='ltr' id='par_1_21' title="bbox 1932 782 3529 858">
     <span class='ocr_line' id='line_1_21' title="bbox 1932 782 3529 858; baseline 0.011 -23"><span class='ocrx_word' id='word_1_180' title='bbox 1932 782 2009 837; x_wconf 85' lang='lat' dir='ltr'><strong>vit</strong></span> <span class='ocrx_word' id='word_1_181' title='bbox 2037 787 2088 839; x_wconf 91' lang='lat' dir='ltr'><strong>in</strong></span> <span class='ocrx_word' id='word_1_182' title='bbox 2116 786 2414 855; x_wconf 84' lang='lat' dir='ltr'><strong>semetipso</strong></span> <span class='ocrx_word' id='word_1_183' title='bbox 2437 788 2581 858; x_wconf 91' lang='lat' dir='ltr'><strong>quod</strong></span> <span class='ocrx_word' id='word_1_184' title='bbox 2606 800 2856 845; x_wconf 85' lang='lat' dir='ltr'><strong>servatur</strong></span> <span class='ocrx_word' id='word_1_185' title='bbox 2878 792 2942 845; x_wconf 91' lang='lat' dir='ltr'><strong>ad</strong></span> <span class='ocrx_word' id='word_1_186' title='bbox 2971 794 3201 850; x_wconf 89' lang='lat' dir='ltr'><strong>ruinam.</strong></span> <span class='ocrx_word' id='word_1_187' title='bbox 3235 797 3361 852; x_wconf 85' lang='lat' dir='ltr'><strong>Dies</strong></span> <span class='ocrx_word' id='word_1_188' title='bbox 3384 799 3529 853; x_wconf 90' lang='lat' dir='ltr'><strong>enim</strong></span> 
     </span>
    </p>
   </div>
   <div class='ocr_carea' id='block_1_22' title="bbox 1933 876 3531 945">
    <p class='ocr_par' dir='ltr' id='par_1_22' title="bbox 1933 876 3531 945">
     <span class='ocr_line' id='line_1_22' title="bbox 1933 876 3531 945; baseline 0.011 -17"><span class='ocrx_word' id='word_1_189' title='bbox 1933 876 2280 931; x_wconf 85' lang='lat' dir='ltr'><strong>tenebrarum</strong></span> <span class='ocrx_word' id='word_1_190' title='bbox 2312 881 2540 934; x_wconf 89' lang='lat' dir='ltr'><strong>terrebit</strong></span> <span class='ocrx_word' id='word_1_191' title='bbox 2588 898 2733 936; x_wconf 88' lang='lat' dir='ltr'><strong>eum.</strong></span> <span class='ocrx_word' id='word_1_192' title='bbox 2780 883 3094 941; x_wconf 84' lang='lat' dir='ltr'><strong>Necessitas</strong></span> <span class='ocrx_word' id='word_1_193' title='bbox 3140 898 3194 942; x_wconf 91' lang='lat' dir='ltr'><strong>et</strong></span> <span class='ocrx_word' id='word_1_194' title='bbox 3252 890 3531 945; x_wconf 84' lang='lat' dir='ltr'><strong>tribulatio</strong></span> 
     </span>
    </p>
   </div>
   <div class='ocr_carea' id='block_1_23' title="bbox 1933 969 3534 1053">
    <p class='ocr_par' dir='ltr' id='par_1_23' title="bbox 1933 969 3534 1053">
     <span class='ocr_line' id='line_1_23' title="bbox 1933 969 3534 1053; baseline 0.011 -31"><span class='ocrx_word' id='word_1_195' title='bbox 1933 969 2139 1022; x_wconf 88' lang='lat' dir='ltr'><strong>tenebit</strong></span> <span class='ocrx_word' id='word_1_196' title='bbox 2164 985 2310 1025; x_wconf 90' lang='lat' dir='ltr'><strong>eum.</strong></span> <span class='ocrx_word' id='word_1_197' title='bbox 2339 970 2621 1027; x_wconf 90' lang='lat' dir='ltr'><strong>Sicutdux</strong></span> <span class='ocrx_word' id='word_1_198' title='bbox 2652 973 2703 1028; x_wconf 94' lang='lat' dir='ltr'><strong>in</strong></span> <span class='ocrx_word' id='word_1_199' title='bbox 2734 974 2903 1043; x_wconf 87' lang='lat' dir='ltr'><strong>prima</strong></span> <span class='ocrx_word' id='word_1_200' title='bbox 2950 978 3067 1032; x_wconf 87' lang='lat' dir='ltr'><strong>acie</strong></span> <span class='ocrx_word' id='word_1_201' title='bbox 3102 978 3349 1048; x_wconf 89' lang='lat' dir='ltr'><strong>decidet,</strong></span> <span class='ocrx_word' id='word_1_202' title='bbox 3385 993 3409 1020; x_wconf 72' lang='grc' dir='ltr'><strong>θ</strong></span> <span class='ocrx_word' id='word_1_203' title='bbox 3440 985 3534 1053; x_wconf 90' lang='lat' dir='ltr'><strong>qui</strong></span> 
     </span>
    </p>
   </div>
   <div class='ocr_carea' id='block_1_24' title="bbox 1934 1060 3535 1146">
    <p class='ocr_par' dir='ltr' id='par_1_24' title="bbox 1934 1060 3535 1146">
     <span class='ocr_line' id='line_1_24' title="bbox 1934 1060 3535 1146; baseline 0.008 -30"><span class='ocrx_word' id='word_1_204' title='bbox 1934 1060 2168 1116; x_wconf 85' lang='lat' dir='ltr'><strong>elevavit</strong></span> <span class='ocrx_word' id='word_1_205' title='bbox 2216 1078 2407 1119; x_wconf 87' lang='lat' dir='ltr'><strong>manus</strong></span> <span class='ocrx_word' id='word_1_206' title='bbox 2446 1073 2637 1119; x_wconf 88' lang='lat' dir='ltr'><strong>contra</strong></span> <span class='ocrx_word' id='word_1_207' title='bbox 2687 1065 2973 1122; x_wconf 90' lang='lat' dir='ltr'><strong>Dominum</strong></span> <span class='ocrx_word' id='word_1_208' title='bbox 3020 1069 3150 1141; x_wconf 85' lang='grc' dir='ltr'><strong>[ΑΙ.</strong></span> <span class='ocrx_word' id='word_1_209' title='bbox 3184 1071 3437 1146; x_wconf 91' lang='lat' dir='ltr'><strong>Deum],</strong></span> <span class='ocrx_word' id='word_1_210' title='bbox 3477 1084 3535 1131; x_wconf 89' lang='lat' dir='ltr'><strong>et</strong></span> 
     </span>
    </p>
   </div>
   <div class='ocr_carea' id='block_1_25' title="bbox 1935 1154 3536 1233">
    <p class='ocr_par' dir='ltr' id='par_1_25' title="bbox 1935 1154 3536 1233">
     <span class='ocr_line' id='line_1_25' title="bbox 1935 1154 3536 1233; baseline 0.007 -24"><span class='ocrx_word' id='word_1_211' title='bbox 1935 1163 2123 1209; x_wconf 90' lang='lat' dir='ltr'><strong>contra</strong></span> <span class='ocrx_word' id='word_1_212' title='bbox 2158 1154 2445 1212; x_wconf 90' lang='lat' dir='ltr'><strong>Dominum</strong></span> <span class='ocrx_word' id='word_1_213' title='bbox 2475 1158 2906 1226; x_wconf 88' lang='lat' dir='ltr'><strong>omnipotentem</strong></span> <span class='ocrx_word' id='word_1_214' title='bbox 2954 1169 3247 1217; x_wconf 83' lang='lat' dir='ltr'><strong>contumax</strong></span> <span class='ocrx_word' id='word_1_215' title='bbox 3292 1164 3430 1233; x_wconf 89' lang='lat' dir='ltr'><strong>fuit,</strong></span> <span class='ocrx_word' id='word_1_216' title='bbox 3478 1174 3536 1221; x_wconf 92' lang='lat' dir='ltr'><strong>et</strong></span> 
     </span>
    </p>
   </div>
   <div class='ocr_carea' id='block_1_26' title="bbox 1936 1246 3537 1321">
    <p class='ocr_par' dir='ltr' id='par_1_26' title="bbox 1936 1246 3537 1321">
     <span class='ocr_line' id='line_1_26' title="bbox 1936 1246 3537 1321; baseline 0.009 -21"><span class='ocrx_word' id='word_1_217' title='bbox 1936 1246 2180 1301; x_wconf 89' lang='lat' dir='ltr'><strong>cucurrit</strong></span> <span class='ocrx_word' id='word_1_218' title='bbox 2210 1259 2403 1302; x_wconf 91' lang='lat' dir='ltr'><strong>contra</strong></span> <span class='ocrx_word' id='word_1_219' title='bbox 2426 1264 2548 1303; x_wconf 90' lang='lat' dir='ltr'><strong>eum</strong></span> <span class='ocrx_word' id='word_1_220' title='bbox 2578 1252 2985 1307; x_wconf 90' lang='lat' dir='ltr'><strong>contumeliose</strong></span> <span class='ocrx_word' id='word_1_221' title='bbox 3017 1258 3085 1321; x_wconf 46' lang='grc' dir='ltr'><strong>λ(</strong></span> <span class='ocrx_word' id='word_1_222' title='bbox 3115 1254 3171 1309; x_wconf 93' lang='lat' dir='ltr'><strong>in</strong></span> <span class='ocrx_word' id='word_1_223' title='bbox 3202 1270 3392 1312; x_wconf 84' lang='lat' dir='ltr'><strong>crassa</strong></span> <span class='ocrx_word' id='word_1_224' title='bbox 3415 1272 3537 1314; x_wconf 86' lang='lat' dir='ltr'><strong>cer-</strong></span> 
     </span>
    </p>
   </div>
   <div class='ocr_carea' id='block_1_27' title="bbox 1938 1339 3538 1421">
    <p class='ocr_par' dir='ltr' id='par_1_27' title="bbox 1938 1339 3538 1421">
     <span class='ocr_line' id='line_1_27' title="bbox 1938 1339 3538 1421; baseline 0.008 -29"><span class='ocrx_word' id='word_1_225' title='bbox 1938 1339 2056 1395; x_wconf 86' lang='lat' dir='ltr'><strong>vice</strong></span> <span class='ocrx_word' id='word_1_226' title='bbox 2087 1340 2224 1394; x_wconf 89' lang='lat' dir='ltr'><strong>scuti</strong></span> <span class='ocrx_word' id='word_1_227' title='bbox 2251 1340 2364 1407; x_wconf 89' lang='lat' dir='ltr'><strong>sui,</strong></span> <span class='ocrx_word' id='word_1_228' title='bbox 2485 1342 2608 1410; x_wconf 87' lang='lat' dir='ltr'><strong>quia</strong></span> <span class='ocrx_word' id='word_1_229' title='bbox 2635 1340 2654 1379; x_wconf 67' lang='grc' dir='ltr'>τ</span> <span class='ocrx_word' id='word_1_230' title='bbox 2684 1346 2897 1413; x_wconf 91' lang='lat' dir='ltr'><strong>operuit</strong></span> <span class='ocrx_word' id='word_1_231' title='bbox 2918 1345 3111 1400; x_wconf 91' lang='lat' dir='ltr'><strong>faciem</strong></span> <span class='ocrx_word' id='word_1_232' title='bbox 3143 1345 3262 1416; x_wconf 86' lang='lat' dir='ltr'><strong>ejus</strong></span> <span class='ocrx_word' id='word_1_233' title='bbox 3289 1348 3346 1403; x_wconf 93' lang='lat' dir='ltr'><strong>in</strong></span> <span class='ocrx_word' id='word_1_234' title='bbox 3374 1349 3538 1421; x_wconf 86' lang='lat' dir='ltr'><strong>adipe</strong></span> 
     </span>
    </p>
   </div>
   <div class='ocr_carea' id='block_1_28' title="bbox 1884 1430 3536 1509">
    <p class='ocr_par' dir='ltr' id='par_1_28' title="bbox 1884 1430 3536 1509">
     <span class='ocr_line' id='line_1_28' title="bbox 1884 1430 3536 1509; baseline 0.008 -26"><span class='ocrx_word' id='word_1_235' title='bbox 1884 1504 1891 1509; x_wconf 18' lang='grc' dir='ltr'>λ</span> <span class='ocrx_word' id='word_1_236' title='bbox 1938 1445 2039 1485; x_wconf 90' lang='lat' dir='ltr'><strong>suo</strong></span> <span class='ocrx_word' id='word_1_237' title='bbox 2072 1434 2136 1497; x_wconf 73' lang='grc' dir='ltr'><strong>&gt;ε&lt;</strong></span> <span class='ocrx_word' id='word_1_238' title='bbox 2162 1440 2216 1487; x_wconf 92' lang='lat' dir='ltr'><strong>et</strong></span> <span class='ocrx_word' id='word_1_239' title='bbox 2248 1430 2377 1487; x_wconf 91' lang='lat' dir='ltr'><strong>fecit</strong></span> <span class='ocrx_word' id='word_1_240' title='bbox 2418 1434 2713 1502; x_wconf 89' lang='lat' dir='ltr'><strong>capistrum</strong></span> <span class='ocrx_word' id='word_1_241' title='bbox 2741 1450 2909 1504; x_wconf 87' lang='lat' dir='ltr'><strong>super</strong></span> <span class='ocrx_word' id='word_1_242' title='bbox 2937 1436 3163 1493; x_wconf 77' lang='lat' dir='ltr'><strong>femora.</strong></span> <span class='ocrx_word' id='word_1_243' title='bbox 3210 1438 3430 1497; x_wconf 80' lang='lat' dir='ltr'><strong>Habitat</strong></span> <span class='ocrx_word' id='word_1_244' title='bbox 3452 1442 3536 1497; x_wconf 86' lang='lat' dir='ltr'><strong>ci-</strong></span> 
     </span>
    </p>
   </div>
   <div class='ocr_carea' id='block_1_29' title="bbox 1939 1523 3540 1600">
    <p class='ocr_par' dir='ltr' id='par_1_29' title="bbox 1939 1523 3540 1600">
     <span class='ocr_line' id='line_1_29' title="bbox 1939 1523 3540 1600; baseline 0.006 -22"><span class='ocrx_word' id='word_1_245' title='bbox 1939 1525 2134 1579; x_wconf 82' lang='lat' dir='ltr'><strong>vitates</strong></span> <span class='ocrx_word' id='word_1_246' title='bbox 2162 1523 2437 1592; x_wconf 87' lang='lat' dir='ltr'><strong>desertas,</strong></span> <span class='ocrx_word' id='word_1_247' title='bbox 2469 1524 2635 1581; x_wconf 89' lang='lat' dir='ltr'><strong>intret</strong></span> <span class='ocrx_word' id='word_1_248' title='bbox 2665 1528 2717 1581; x_wconf 91' lang='lat' dir='ltr'><strong>in</strong></span> <span class='ocrx_word' id='word_1_249' title='bbox 2758 1528 2953 1583; x_wconf 91' lang='lat' dir='ltr'><strong>domos</strong></span> <span class='ocrx_word' id='word_1_250' title='bbox 2981 1545 3104 1600; x_wconf 75' lang='lat' dir='ltr'><strong>quze</strong></span> <span class='ocrx_word' id='word_1_251' title='bbox 3136 1545 3246 1587; x_wconf 92' lang='lat' dir='ltr'><strong>non</strong></span> <span class='ocrx_word' id='word_1_252' title='bbox 3286 1531 3540 1588; x_wconf 90' lang='lat' dir='ltr'><strong>habitan-</strong></span> 
     </span>
    </p>
   </div>
   <div class='ocr_carea' id='block_1_30' title="bbox 1942 1616 3543 1689">
    <p class='ocr_par' dir='ltr' id='par_1_30' title="bbox 1942 1616 3543 1689">
     <span class='ocr_line' id='line_1_30' title="bbox 1942 1616 3543 1689; baseline 0.006 -18"><span class='ocrx_word' id='word_1_253' title='bbox 1942 1626 2052 1672; x_wconf 92' lang='lat' dir='ltr'><strong>tur.</strong></span> <span class='ocrx_word' id='word_1_254' title='bbox 2085 1616 2216 1685; x_wconf 77' lang='lat' dir='ltr'><strong>Qua:</strong></span> <span class='ocrx_word' id='word_1_255' title='bbox 2253 1616 2399 1672; x_wconf 89' lang='lat' dir='ltr'><strong>enim</strong></span> <span class='ocrx_word' id='word_1_256' title='bbox 2435 1618 2527 1673; x_wconf 89' lang='lat' dir='ltr'><strong>ille</strong></span> <span class='ocrx_word' id='word_1_257' title='bbox 2559 1628 2583 1666; x_wconf 74' lang='grc' dir='ltr'><strong><em>κ</em></strong></span> <span class='ocrx_word' id='word_1_258' title='bbox 2628 1620 2868 1689; x_wconf 85' lang='lat' dir='ltr'><strong>paravit,</strong></span> <span class='ocrx_word' id='word_1_259' title='bbox 2900 1621 2993 1675; x_wconf 86' lang='lat' dir='ltr'><strong>alii</strong></span> <span class='ocrx_word' id='word_1_260' title='bbox 3027 1622 3314 1688; x_wconf 80' lang='lat' dir='ltr'><strong>auferent,</strong></span> <span class='ocrx_word' id='word_1_261' title='bbox 3348 1634 3405 1679; x_wconf 91' lang='lat' dir='ltr'><strong>et</strong></span> <span class='ocrx_word' id='word_1_262' title='bbox 3432 1639 3543 1681; x_wconf 91' lang='lat' dir='ltr'><strong>non</strong></span> 
     </span>
    </p>
   </div>
   <div class='ocr_carea' id='block_1_31' title="bbox 1941 1710 3537 1784">
    <p class='ocr_par' dir='ltr' id='par_1_31' title="bbox 1941 1710 3537 1784">
     <span class='ocr_line' id='line_1_31' title="bbox 1941 1710 3537 1784; baseline 0.006 -20"><span class='ocrx_word' id='word_1_263' title='bbox 1941 1710 2240 1779; x_wconf 84' lang='lat' dir='ltr'><strong>dilabitur,</strong></span> <span class='ocrx_word' id='word_1_264' title='bbox 2297 1728 2399 1768; x_wconf 91' lang='lat' dir='ltr'><strong>nec</strong></span> <span class='ocrx_word' id='word_1_265' title='bbox 2473 1712 2815 1784; x_wconf 87' lang='lat' dir='ltr'><strong>permanebit</strong></span> <span class='ocrx_word' id='word_1_266' title='bbox 2868 1712 3174 1769; x_wconf 84' lang='lat' dir='ltr'><strong>substantia</strong></span> <span class='ocrx_word' id='word_1_267' title='bbox 3223 1716 3366 1784; x_wconf 85' lang='lat' dir='ltr'><strong>ejus.</strong></span> <span class='ocrx_word' id='word_1_268' title='bbox 3418 1717 3537 1773; x_wconf 88' lang='lat' dir='ltr'><strong>Non</strong></span> 
     </span>
    </p>
   </div>
   <div class='ocr_carea' id='block_1_32' title="bbox 245 1796 3537 1877">
    <p class='ocr_par' dir='ltr' id='par_1_32' title="bbox 245 1796 3537 1877">
     <span class='ocr_line' id='line_1_32' title="bbox 245 1796 3537 1877; baseline 0.002 -20"><span class='ocrx_word' id='word_1_269' title='bbox 245 1815 468 1874; x_wconf 84' lang='lat' dir='ltr'><strong>arguens</strong></span> <span class='ocrx_word' id='word_1_270' title='bbox 498 1800 556 1855; x_wconf 93' lang='lat' dir='ltr'><strong>in</strong></span> <span class='ocrx_word' id='word_1_271' title='bbox 590 1799 779 1857; x_wconf 82' lang='lat' dir='ltr'><strong>verbis</strong></span> <span class='ocrx_word' id='word_1_272' title='bbox 803 1800 1003 1870; x_wconf 80' lang='lat' dir='ltr'><strong>quibus</strong></span> <span class='ocrx_word' id='word_1_273' title='bbox 1021 1816 1126 1855; x_wconf 93' lang='lat' dir='ltr'><strong>non</strong></span> <span class='ocrx_word' id='word_1_274' title='bbox 1153 1808 1390 1869; x_wconf 83' lang='lat' dir='ltr'><strong>oportet,</strong></span> <span class='ocrx_word' id='word_1_275' title='bbox 1416 1799 1470 1855; x_wconf 92' lang='lat' dir='ltr'><strong>in</strong></span> <span class='ocrx_word' id='word_1_276' title='bbox 1500 1800 1842 1855; x_wconf 81' lang='lat' dir='ltr'><strong>sermonibus</strong></span> <span class='ocrx_word' id='word_1_277' title='bbox 1868 1796 1918 1859; x_wconf 89' lang='lat' dir='ltr'><strong>B</strong></span> <span class='ocrx_word' id='word_1_278' title='bbox 1947 1804 2125 1859; x_wconf 90' lang='lat' dir='ltr'><strong>mittet</strong></span> <span class='ocrx_word' id='word_1_279' title='bbox 2155 1803 2282 1877; x_wconf 77' lang='lat' dir='ltr'><strong>[AL</strong></span> <span class='ocrx_word' id='word_1_280' title='bbox 2322 1803 2621 1875; x_wconf 88' lang='lat' dir='ltr'><strong>immittet]</strong></span> <span class='ocrx_word' id='word_1_281' title='bbox 2651 1819 2817 1875; x_wconf 90' lang='lat' dir='ltr'><strong>super</strong></span> <span class='ocrx_word' id='word_1_282' title='bbox 2861 1815 3060 1860; x_wconf 88' lang='lat' dir='ltr'><strong>terram</strong></span> <span class='ocrx_word' id='word_1_283' title='bbox 3106 1806 3387 1875; x_wconf 87' lang='lat' dir='ltr'><strong>umbram,</strong></span> <span class='ocrx_word' id='word_1_284' title='bbox 3433 1823 3537 1864; x_wconf 90' lang='lat' dir='ltr'><strong>nec</strong></span> 
     </span>
    </p>
   </div>
   <div class='ocr_carea' id='block_1_33' title="bbox 241 1890 1833 1964">
    <p class='ocr_par' dir='ltr' id='par_1_33' title="bbox 241 1890 1833 1964">
     <span class='ocr_line' id='line_1_33' title="bbox 241 1890 1833 1964; baseline -0.001 -17"><span class='ocrx_word' id='word_1_285' title='bbox 241 1896 421 1964; x_wconf 85' lang='lat' dir='ltr'><strong>quibus</strong></span> <span class='ocrx_word' id='word_1_286' title='bbox 445 1891 578 1946; x_wconf 84' lang='lat' dir='ltr'><strong>nihil</strong></span> <span class='ocrx_word' id='word_1_287' title='bbox 602 1890 847 1961; x_wconf 88' lang='lat' dir='ltr'><strong>proderit</strong></span> <span class='ocrx_word' id='word_1_288' title='bbox 865 1897 927 1957; x_wconf 61' lang='lat' dir='ltr'><strong>)ai</strong></span> <span class='ocrx_word' id='word_1_289' title='bbox 942 1891 996 1946; x_wconf 88' lang='lat' dir='ltr'><strong>in</strong></span> <span class='ocrx_word' id='word_1_290' title='bbox 1013 1892 1126 1947; x_wconf 82' lang='lat' dir='ltr'><strong>eis?</strong></span> <span class='ocrx_word' id='word_1_291' title='bbox 1150 1906 1330 1947; x_wconf 88' lang='lat' dir='ltr'><strong>nonne</strong></span> <span class='ocrx_word' id='word_1_292' title='bbox 1350 1902 1405 1945; x_wconf 92' lang='lat' dir='ltr'><strong>tu</strong></span> <span class='ocrx_word' id='word_1_293' title='bbox 1421 1892 1663 1962; x_wconf 90' lang='lat' dir='ltr'><strong>repulisti</strong></span> <span class='ocrx_word' id='word_1_294' title='bbox 1684 1892 1833 1946; x_wconf 92' lang='lat' dir='ltr'><strong>timo-</strong></span> 
     </span>
    </p>
   </div>
   <div class='ocr_carea' id='block_1_34' title="bbox 238 1983 1831 2053">
    <p class='ocr_par' dir='ltr' id='par_1_34' title="bbox 238 1983 1831 2053">
     <span class='ocr_line' id='line_1_34' title="bbox 238 1983 1831 2053; baseline -0.003 -11"><span class='ocrx_word' id='word_1_295' title='bbox 238 2002 366 2053; x_wconf 86' lang='lat' dir='ltr'><strong>rem,</strong></span> <span class='ocrx_word' id='word_1_296' title='bbox 393 1995 450 2041; x_wconf 92' lang='lat' dir='ltr'><strong>ct</strong></span> <span class='ocrx_word' id='word_1_297' title='bbox 474 1985 691 2040; x_wconf 88' lang='lat' dir='ltr'><strong>locutus</strong></span> <span class='ocrx_word' id='word_1_298' title='bbox 715 1999 776 2040; x_wconf 92' lang='lat' dir='ltr'><strong>es</strong></span> <span class='ocrx_word' id='word_1_299' title='bbox 811 1983 947 2039; x_wconf 87' lang='lat' dir='ltr'><strong>tales</strong></span> <span class='ocrx_word' id='word_1_300' title='bbox 985 1999 1269 2039; x_wconf 89' lang='lat' dir='ltr'><strong>sermones</strong></span> <span class='ocrx_word' id='word_1_301' title='bbox 1310 1992 1436 2039; x_wconf 88' lang='lat' dir='ltr'><strong>ante</strong></span> <span class='ocrx_word' id='word_1_302' title='bbox 1476 1992 1831 2053; x_wconf 89' lang='lat' dir='ltr'><strong>conspectum</strong></span> 
     </span>
    </p>
   </div>
   <div class='ocr_carea' id='block_1_35' title="bbox 240 2081 1833 2154">
    <p class='ocr_par' dir='ltr' id='par_1_35' title="bbox 240 2081 1833 2154">
     <span class='ocr_line' id='line_1_35' title="bbox 240 2081 1833 2154; baseline -0.002 -14"><span class='ocrx_word' id='word_1_303' title='bbox 240 2085 477 2140; x_wconf 87' lang='lat' dir='ltr'><strong>Domini?</strong></span> <span class='ocrx_word' id='word_1_304' title='bbox 502 2085 641 2154; x_wconf 85' lang='lat' dir='ltr'><strong>Quia</strong></span> <span class='ocrx_word' id='word_1_305' title='bbox 664 2100 792 2140; x_wconf 91' lang='lat' dir='ltr'><strong>reus</strong></span> <span class='ocrx_word' id='word_1_306' title='bbox 818 2099 879 2140; x_wconf 89' lang='lat' dir='ltr'><strong>es</strong></span> <span class='ocrx_word' id='word_1_307' title='bbox 898 2084 1244 2140; x_wconf 87' lang='lat' dir='ltr'><strong>sermonibus</strong></span> <span class='ocrx_word' id='word_1_308' title='bbox 1272 2084 1387 2139; x_wconf 90' lang='lat' dir='ltr'><strong>oris</strong></span> <span class='ocrx_word' id='word_1_309' title='bbox 1414 2081 1513 2151; x_wconf 93' lang='lat' dir='ltr'><strong>tui,</strong></span> <span class='ocrx_word' id='word_1_310' title='bbox 1538 2090 1595 2137; x_wconf 90' lang='lat' dir='ltr'><strong>et</strong></span> <span class='ocrx_word' id='word_1_311' title='bbox 1622 2081 1833 2153; x_wconf 88' lang='lat' dir='ltr'><strong>elegisti</strong></span> 
     </span>
    </p>
   </div>
   <div class='ocr_carea' id='block_1_36' title="bbox 239 2176 1828 2247">
    <p class='ocr_par' dir='ltr' id='par_1_36' title="bbox 239 2176 1828 2247">
     <span class='ocr_line' id='line_1_36' title="bbox 239 2176 1828 2247; baseline -0.003 -16"><span class='ocrx_word' id='word_1_312' title='bbox 239 2177 465 2247; x_wconf 79' lang='lat' dir='ltr'><strong>linguam</strong></span> <span class='ocrx_word' id='word_1_313' title='bbox 496 2176 766 2232; x_wconf 89' lang='lat' dir='ltr'><strong>malorum</strong></span> <span class='ocrx_word' id='word_1_314' title='bbox 787 2216 803 2241; x_wconf 94' lang='lat'><strong>,</strong></span> <span class='ocrx_word' id='word_1_315' title='bbox 832 2186 1023 2246; x_wconf 79' lang='lat' dir='ltr'><strong>arguat</strong></span> <span class='ocrx_word' id='word_1_316' title='bbox 1055 2184 1107 2231; x_wconf 90' lang='lat' dir='ltr'><strong>te</strong></span> <span class='ocrx_word' id='word_1_317' title='bbox 1134 2189 1196 2229; x_wconf 92' lang='lat' dir='ltr'><strong>os</strong></span> <span class='ocrx_word' id='word_1_318' title='bbox 1220 2185 1371 2230; x_wconf 88' lang='lat' dir='ltr'><strong>tuum</strong></span> <span class='ocrx_word' id='word_1_319' title='bbox 1396 2182 1578 2229; x_wconf 90' lang='lat' dir='ltr'><strong>etnon</strong></span> <span class='ocrx_word' id='word_1_320' title='bbox 1608 2187 1744 2242; x_wconf 84' lang='lat' dir='ltr'><strong>ego,</strong></span> <span class='ocrx_word' id='word_1_321' title='bbox 1772 2183 1828 2229; x_wconf 90' lang='lat' dir='ltr'><strong>et</strong></span> 
     </span>
    </p>
   </div>
   <div class='ocr_carea' id='block_1_37' title="bbox 239 2264 1832 2335">
    <p class='ocr_par' dir='ltr' id='par_1_37' title="bbox 239 2264 1832 2335">
     <span class='ocr_line' id='line_1_37' title="bbox 239 2264 1832 2335; baseline -0.002 -13"><span class='ocrx_word' id='word_1_322' title='bbox 239 2269 370 2323; x_wconf 88' lang='lat' dir='ltr'><strong>labia</strong></span> <span class='ocrx_word' id='word_1_323' title='bbox 399 2280 485 2325; x_wconf 87' lang='lat' dir='ltr'><strong>tua</strong></span> <span class='ocrx_word' id='word_1_324' title='bbox 515 2267 1035 2325; x_wconf 88' lang='lat' dir='ltr'><strong>contradicanttibi.</strong></span> <span class='ocrx_word' id='word_1_325' title='bbox 1064 2267 1200 2335; x_wconf 88' lang='lat' dir='ltr'><strong>Quid</strong></span> <span class='ocrx_word' id='word_1_326' title='bbox 1222 2266 1401 2322; x_wconf 82' lang='lat' dir='ltr'><strong>enim?</strong></span> <span class='ocrx_word' id='word_1_327' title='bbox 1422 2264 1691 2335; x_wconf 88' lang='lat' dir='ltr'><strong>Numquid</strong></span> <span class='ocrx_word' id='word_1_328' title='bbox 1721 2266 1832 2334; x_wconf 91' lang='lat' dir='ltr'><strong>pri-</strong></span> 
     </span>
    </p>
   </div>
   <div class='ocr_carea' id='block_1_38' title="bbox 237 2358 1829 2429">
    <p class='ocr_par' dir='ltr' id='par_1_38' title="bbox 237 2358 1829 2429">
     <span class='ocr_line' id='line_1_38' title="bbox 237 2358 1829 2429; baseline -0.001 -12"><span class='ocrx_word' id='word_1_329' title='bbox 237 2377 350 2418; x_wconf 84' lang='lat' dir='ltr'><strong>mus</strong></span> <span class='ocrx_word' id='word_1_330' title='bbox 380 2362 545 2417; x_wconf 86' lang='lat' dir='ltr'><strong>homo</strong></span> <span class='ocrx_word' id='word_1_331' title='bbox 575 2372 734 2417; x_wconf 87' lang='lat' dir='ltr'><strong>natus</strong></span> <span class='ocrx_word' id='word_1_332' title='bbox 755 2376 815 2418; x_wconf 89' lang='lat' dir='ltr'><strong>es</strong></span> <span class='ocrx_word' id='word_1_333' title='bbox 834 2402 851 2429; x_wconf 94' lang='lat'><strong>,</strong></span> <span class='ocrx_word' id='word_1_334' title='bbox 881 2372 973 2416; x_wconf 92' lang='lat' dir='ltr'><strong>aut</strong></span> <span class='ocrx_word' id='word_1_335' title='bbox 1005 2358 1030 2398; x_wconf 73' lang='grc' dir='ltr'><em>δ</em></span> <span class='ocrx_word' id='word_1_336' title='bbox 1064 2371 1193 2416; x_wconf 89' lang='lat' dir='ltr'><strong>ante</strong></span> <span class='ocrx_word' id='word_1_337' title='bbox 1221 2358 1392 2415; x_wconf 90' lang='lat' dir='ltr'><strong>colles</strong></span> <span class='ocrx_word' id='word_1_338' title='bbox 1420 2367 1707 2415; x_wconf 90' lang='lat' dir='ltr'><strong>concretus</strong></span> <span class='ocrx_word' id='word_1_339' title='bbox 1733 2373 1829 2415; x_wconf 90' lang='lat' dir='ltr'><strong>es:</strong></span> 
     </span>
    </p>
   </div>
   <div class='ocr_carea' id='block_1_39' title="bbox 238 2449 1830 2521">
    <p class='ocr_par' dir='ltr' id='par_1_39' title="bbox 238 2449 1830 2521">
     <span class='ocr_line' id='line_1_39' title="bbox 238 2449 1830 2521; baseline -0.003 -13"><span class='ocrx_word' id='word_1_340' title='bbox 238 2464 325 2510; x_wconf 84' lang='lat' dir='ltr'><strong>aut</strong></span> <span class='ocrx_word' id='word_1_341' title='bbox 349 2470 547 2511; x_wconf 89' lang='lat' dir='ltr'><strong>arcana</strong></span> <span class='ocrx_word' id='word_1_342' title='bbox 579 2454 796 2509; x_wconf 89' lang='lat' dir='ltr'><strong>Domini</strong></span> <span class='ocrx_word' id='word_1_343' title='bbox 825 2453 1046 2519; x_wconf 87' lang='lat' dir='ltr'><strong>audisti,</strong></span> <span class='ocrx_word' id='word_1_344' title='bbox 1074 2462 1169 2507; x_wconf 90' lang='lat' dir='ltr'><strong>aut</strong></span> <span class='ocrx_word' id='word_1_345' title='bbox 1198 2452 1252 2507; x_wconf 90' lang='lat' dir='ltr'><strong>in</strong></span> <span class='ocrx_word' id='word_1_346' title='bbox 1280 2461 1333 2507; x_wconf 90' lang='lat' dir='ltr'><strong>te</strong></span> <span class='ocrx_word' id='word_1_347' title='bbox 1358 2451 1477 2506; x_wconf 91' lang='lat' dir='ltr'><strong>solo</strong></span> <span class='ocrx_word' id='word_1_348' title='bbox 1507 2460 1590 2507; x_wconf 89' lang='lat' dir='ltr'><strong>est</strong></span> <span class='ocrx_word' id='word_1_349' title='bbox 1618 2449 1830 2521; x_wconf 86' lang='lat' dir='ltr'><strong>sapien-</strong></span> 
     </span>
    </p>
   </div>
   <div class='ocr_carea' id='block_1_40' title="bbox 244 2542 1832 2617">
    <p class='ocr_par' dir='ltr' id='par_1_40' title="bbox 244 2542 1832 2617">
     <span class='ocr_line' id='line_1_40' title="bbox 244 2542 1832 2617; baseline -0.001 -17"><span class='ocrx_word' id='word_1_350' title='bbox 244 2546 345 2600; x_wconf 79' lang='lat' dir='ltr'><strong>tia?</strong></span> <span class='ocrx_word' id='word_1_351' title='bbox 373 2547 509 2615; x_wconf 86' lang='lat' dir='ltr'><strong>Quid</strong></span> <span class='ocrx_word' id='word_1_352' title='bbox 531 2546 677 2604; x_wconf 89' lang='lat' dir='ltr'><strong>enim</strong></span> <span class='ocrx_word' id='word_1_353' title='bbox 710 2548 855 2602; x_wconf 89' lang='lat' dir='ltr'><strong>nosti</strong></span> <span class='ocrx_word' id='word_1_354' title='bbox 883 2545 1030 2617; x_wconf 85' lang='lat' dir='ltr'><strong>quod</strong></span> <span class='ocrx_word' id='word_1_355' title='bbox 1070 2560 1179 2600; x_wconf 88' lang='lat' dir='ltr'><strong>non</strong></span> <span class='ocrx_word' id='word_1_356' title='bbox 1220 2544 1513 2610; x_wconf 85' lang='lat' dir='ltr'><strong>novimus,</strong></span> <span class='ocrx_word' id='word_1_357' title='bbox 1561 2552 1655 2598; x_wconf 90' lang='lat' dir='ltr'><strong>aut</strong></span> <span class='ocrx_word' id='word_1_358' title='bbox 1700 2542 1832 2615; x_wconf 88' lang='lat' dir='ltr'><strong>quid</strong></span> 
     </span>
    </p>
   </div>
   <div class='ocr_carea' id='block_1_41' title="bbox 240 2636 1834 2713">
    <p class='ocr_par' dir='ltr' id='par_1_41' title="bbox 240 2636 1834 2713">
     <span class='ocr_line' id='line_1_41' title="bbox 240 2636 1834 2713; baseline -0.001 -20"><span class='ocrx_word' id='word_1_359' title='bbox 240 2641 487 2712; x_wconf 85' lang='lat' dir='ltr'><strong>intelligis</strong></span> <span class='ocrx_word' id='word_1_360' title='bbox 515 2641 662 2713; x_wconf 88' lang='lat' dir='ltr'><strong>quod</strong></span> <span class='ocrx_word' id='word_1_361' title='bbox 690 2656 797 2703; x_wconf 88' lang='lat' dir='ltr'><strong>non</strong></span> <span class='ocrx_word' id='word_1_362' title='bbox 820 2640 1101 2697; x_wconf 88' lang='lat' dir='ltr'><strong>nobiscum</strong></span> <span class='ocrx_word' id='word_1_363' title='bbox 1125 2639 1247 2696; x_wconf 79' lang='lat' dir='ltr'><strong>est?</strong></span> <span class='ocrx_word' id='word_1_364' title='bbox 1276 2642 1342 2707; x_wconf 54' lang='grc' dir='ltr'><strong>λέ</strong></span> <span class='ocrx_word' id='word_1_365' title='bbox 1368 2636 1477 2694; x_wconf 87' lang='lat' dir='ltr'><strong>Sed</strong></span> <span class='ocrx_word' id='word_1_366' title='bbox 1505 2645 1561 2693; x_wconf 88' lang='lat' dir='ltr'><strong>et</strong></span> <span class='ocrx_word' id='word_1_367' title='bbox 1585 2651 1753 2694; x_wconf 89' lang='lat' dir='ltr'><strong>senex</strong></span> <span class='ocrx_word' id='word_1_368' title='bbox 1776 2645 1834 2692; x_wconf 90' lang='lat' dir='ltr'><strong>et</strong></span> 
     </span>
    </p>
   </div>
   <div class='ocr_carea' id='block_1_42' title="bbox 239 2729 1831 2803">
    <p class='ocr_par' dir='ltr' id='par_1_42' title="bbox 239 2729 1831 2803">
     <span class='ocr_line' id='line_1_42' title="bbox 239 2729 1831 2803; baseline -0.004 -12"><span class='ocrx_word' id='word_1_369' title='bbox 239 2732 534 2803; x_wconf 81' lang='lat' dir='ltr'><strong>decrepitus</strong></span> <span class='ocrx_word' id='word_1_370' title='bbox 558 2736 613 2790; x_wconf 92' lang='lat' dir='ltr'><strong>in</strong></span> <span class='ocrx_word' id='word_1_371' title='bbox 644 2734 802 2791; x_wconf 90' lang='lat' dir='ltr'><strong>nobis</strong></span> <span class='ocrx_word' id='word_1_372' title='bbox 823 2742 909 2790; x_wconf 90' lang='lat' dir='ltr'><strong>est</strong></span> <span class='ocrx_word' id='word_1_373' title='bbox 936 2750 951 2788; x_wconf 88' lang='lat'><strong>:</strong></span> <span class='ocrx_word' id='word_1_374' title='bbox 986 2738 1051 2801; x_wconf 72' lang='grc' dir='ltr'><strong>&gt;εί</strong></span> <span class='ocrx_word' id='word_1_375' title='bbox 1074 2733 1353 2803; x_wconf 90' lang='lat' dir='ltr'><strong>antiquior</strong></span> <span class='ocrx_word' id='word_1_376' title='bbox 1379 2730 1553 2801; x_wconf 85' lang='lat' dir='ltr'><strong>patris</strong></span> <span class='ocrx_word' id='word_1_377' title='bbox 1599 2730 1673 2785; x_wconf 92' lang='lat' dir='ltr'><strong>tui</strong></span> <span class='ocrx_word' id='word_1_378' title='bbox 1714 2729 1831 2786; x_wconf 86' lang='lat' dir='ltr'><strong>die-</strong></span> 
     </span>
    </p>
   </div>
   <div class='ocr_carea' id='block_1_43' title="bbox 240 2823 1831 2897">
    <p class='ocr_par' dir='ltr' id='par_1_43' title="bbox 240 2823 1831 2897">
     <span class='ocr_line' id='line_1_43' title="bbox 240 2823 1831 2897; baseline -0.002 -18"><span class='ocrx_word' id='word_1_379' title='bbox 240 2824 359 2881; x_wconf 86' lang='lat' dir='ltr'><strong>bus.</strong></span> <span class='ocrx_word' id='word_1_380' title='bbox 387 2825 653 2897; x_wconf 80' lang='lat' dir='ltr'><strong>Numquid</strong></span> <span class='ocrx_word' id='word_1_381' title='bbox 682 2840 874 2896; x_wconf 90' lang='lat' dir='ltr'><strong>parum</strong></span> <span class='ocrx_word' id='word_1_382' title='bbox 904 2824 1164 2895; x_wconf 84' lang='lat' dir='ltr'><strong>peccasti,</strong></span> <span class='ocrx_word' id='word_1_383' title='bbox 1196 2831 1253 2881; x_wconf 90' lang='lat' dir='ltr'><strong>et</strong></span> <span class='ocrx_word' id='word_1_384' title='bbox 1281 2823 1594 2878; x_wconf 88' lang='lat' dir='ltr'><strong>vulneratus</strong></span> <span class='ocrx_word' id='word_1_385' title='bbox 1622 2838 1682 2878; x_wconf 89' lang='lat' dir='ltr'><strong>es</strong></span> <span class='ocrx_word' id='word_1_386' title='bbox 1707 2836 1831 2892; x_wconf 84' lang='lat' dir='ltr'><strong>gra-</strong></span> 
     </span>
    </p>
   </div>
   <div class='ocr_carea' id='block_1_44' title="bbox 240 2914 1833 2985">
    <p class='ocr_par' dir='ltr' id='par_1_44' title="bbox 240 2914 1833 2985">
     <span class='ocr_line' id='line_1_44' title="bbox 240 2914 1833 2985; baseline 0 -17"><span class='ocrx_word' id='word_1_387' title='bbox 240 2916 419 2972; x_wconf 79' lang='lat' dir='ltr'><strong>viter?</strong></span> <span class='ocrx_word' id='word_1_388' title='bbox 452 2917 474 2985; x_wconf 92' lang='lat'><strong>1</strong></span> <span class='ocrx_word' id='word_1_389' title='bbox 507 2916 682 2973; x_wconf 88' lang='lat' dir='ltr'><strong>Nimis</strong></span> <span class='ocrx_word' id='word_1_390' title='bbox 704 2917 847 2973; x_wconf 89' lang='lat' dir='ltr'><strong>elate</strong></span> <span class='ocrx_word' id='word_1_391' title='bbox 874 2917 1089 2972; x_wconf 91' lang='lat' dir='ltr'><strong>locutus</strong></span> <span class='ocrx_word' id='word_1_392' title='bbox 1113 2930 1193 2971; x_wconf 88' lang='lat' dir='ltr'><strong>es.</strong></span> <span class='ocrx_word' id='word_1_393' title='bbox 1224 2914 1365 2983; x_wconf 89' lang='lat' dir='ltr'><strong>Quid</strong></span> <span class='ocrx_word' id='word_1_394' title='bbox 1396 2929 1592 2971; x_wconf 89' lang='lat' dir='ltr'><strong>ausum</strong></span> <span class='ocrx_word' id='word_1_395' title='bbox 1616 2914 1715 2969; x_wconf 87' lang='lat' dir='ltr'><strong>luit</strong></span> <span class='ocrx_word' id='word_1_396' title='bbox 1737 2928 1833 2969; x_wconf 91' lang='lat' dir='ltr'><strong>cor</strong></span> 
     </span>
    </p>
   </div>
   <div class='ocr_carea' id='block_1_45' title="bbox 240 3005 1831 3079">
    <p class='ocr_par' dir='ltr' id='par_1_45' title="bbox 240 3005 1831 3079">
     <span class='ocr_line' id='line_1_45' title="bbox 240 3005 1831 3079; baseline 0 -19"><span class='ocrx_word' id='word_1_397' title='bbox 240 3016 416 3073; x_wconf 88' lang='lat' dir='ltr'><strong>tuum,</strong></span> <span class='ocrx_word' id='word_1_398' title='bbox 449 3020 501 3064; x_wconf 91' lang='lat' dir='ltr'><strong>et</strong></span> <span class='ocrx_word' id='word_1_399' title='bbox 524 3008 655 3079; x_wconf 87' lang='lat' dir='ltr'><strong>quid</strong></span> <span class='ocrx_word' id='word_1_400' title='bbox 689 3010 1067 3064; x_wconf 89' lang='lat' dir='ltr'><strong>sustinuerunt</strong></span> <span class='ocrx_word' id='word_1_401' title='bbox 1089 3006 1233 3063; x_wconf 91' lang='lat' dir='ltr'><strong>oculi</strong></span> <span class='ocrx_word' id='word_1_402' title='bbox 1264 3007 1337 3062; x_wconf 93' lang='lat' dir='ltr'><strong>tui</strong></span> <span class='ocrx_word' id='word_1_403' title='bbox 1365 3023 1378 3059; x_wconf 91' lang='lat'>:</span> <span class='ocrx_word' id='word_1_404' title='bbox 1411 3006 1537 3076; x_wconf 90' lang='lat' dir='ltr'><strong>quia</strong></span> <span class='ocrx_word' id='word_1_405' title='bbox 1566 3006 1620 3061; x_wconf 93' lang='lat' dir='ltr'><strong>in</strong></span> <span class='ocrx_word' id='word_1_406' title='bbox 1649 3005 1831 3062; x_wconf 87' lang='lat' dir='ltr'><strong>furore</strong></span> 
     </span>
    </p>
   </div>
   <div class='ocr_carea' id='block_1_46' title="bbox 239 3101 1833 3173">
    <p class='ocr_par' dir='ltr' id='par_1_46' title="bbox 239 3101 1833 3173">
     <span class='ocr_line' id='line_1_46' title="bbox 239 3101 1833 3173; baseline -0.001 -17"><span class='ocrx_word' id='word_1_407' title='bbox 239 3102 464 3171; x_wconf 86' lang='lat' dir='ltr'><strong>erupisti</strong></span> <span class='ocrx_word' id='word_1_408' title='bbox 505 3112 695 3159; x_wconf 89' lang='lat' dir='ltr'><strong>contra</strong></span> <span class='ocrx_word' id='word_1_409' title='bbox 738 3101 1031 3158; x_wconf 90' lang='lat' dir='ltr'><strong>Dominum</strong></span> <span class='ocrx_word' id='word_1_410' title='bbox 1062 3118 1076 3155; x_wconf 91' lang='lat'><strong>:</strong></span> <span class='ocrx_word' id='word_1_411' title='bbox 1104 3111 1160 3158; x_wconf 92' lang='lat' dir='ltr'><strong>et</strong></span> <span class='ocrx_word' id='word_1_412' title='bbox 1190 3101 1465 3173; x_wconf 85' lang='lat' dir='ltr'><strong>protulisti</strong></span> <span class='ocrx_word' id='word_1_413' title='bbox 1496 3117 1564 3157; x_wconf 90' lang='lat' dir='ltr'><strong>ex</strong></span> <span class='ocrx_word' id='word_1_414' title='bbox 1598 3116 1695 3157; x_wconf 89' lang='lat' dir='ltr'><strong>ore</strong></span> <span class='ocrx_word' id='word_1_415' title='bbox 1738 3110 1833 3156; x_wconf 93' lang='lat' dir='ltr'><strong>tuo</strong></span> 
     </span>
    </p>
   </div>
   <div class='ocr_carea' id='block_1_47' title="bbox 1937 1894 3536 1971">
    <p class='ocr_par' dir='ltr' id='par_1_47' title="bbox 1937 1894 3536 1971">
     <span class='ocr_line' id='line_1_47' title="bbox 1937 1894 3536 1971; baseline 0.003 -19"><span class='ocrx_word' id='word_1_416' title='bbox 1937 1894 2161 1967; x_wconf 83' lang='lat' dir='ltr'><strong>eﬂ&#39;ugiet</strong></span> <span class='ocrx_word' id='word_1_417' title='bbox 2184 1898 2466 1962; x_wconf 89' lang='lat' dir='ltr'><strong>tenebras;</strong></span> <span class='ocrx_word' id='word_1_418' title='bbox 2500 1897 2593 1953; x_wconf 92' lang='lat' dir='ltr'><strong>sed</strong></span> <span class='ocrx_word' id='word_1_419' title='bbox 2628 1898 2856 1968; x_wconf 89' lang='lat' dir='ltr'><strong>stirpem</strong></span> <span class='ocrx_word' id='word_1_420' title='bbox 2883 1898 3003 1967; x_wconf 91' lang='lat' dir='ltr'><strong>ejus</strong></span> <span class='ocrx_word' id='word_1_421' title='bbox 3030 1899 3293 1955; x_wconf 85' lang='lat' dir='ltr'><strong>arefaciet</strong></span> <span class='ocrx_word' id='word_1_422' title='bbox 3316 1908 3536 1971; x_wconf 89' lang='lat' dir='ltr'><strong>ventus,</strong></span> 
     </span>
    </p>
   </div>
   <div class='ocr_carea' id='block_1_48' title="bbox 1936 1988 3538 2059">
    <p class='ocr_par' dir='ltr' id='par_1_48' title="bbox 1936 1988 3538 2059">
     <span class='ocr_line' id='line_1_48' title="bbox 1936 1988 3538 2059; baseline 0.004 -16"><span class='ocrx_word' id='word_1_423' title='bbox 1936 1998 1993 2044; x_wconf 91' lang='lat' dir='ltr'><strong>et</strong></span> <span class='ocrx_word' id='word_1_424' title='bbox 2022 1988 2233 2044; x_wconf 87' lang='lat' dir='ltr'><strong>decidet</strong></span> <span class='ocrx_word' id='word_1_425' title='bbox 2256 1990 2377 2059; x_wconf 88' lang='lat' dir='ltr'><strong>ejus</strong></span> <span class='ocrx_word' id='word_1_426' title='bbox 2396 1990 2517 2044; x_wconf 88' lang='lat' dir='ltr'><strong>ﬂos.</strong></span> <span class='ocrx_word' id='word_1_427' title='bbox 2544 1989 2662 2044; x_wconf 90' lang='lat' dir='ltr'><strong>Non</strong></span> <span class='ocrx_word' id='word_1_428' title='bbox 2696 1998 2882 2059; x_wconf 88' lang='lat' dir='ltr'><strong>speret</strong></span> <span class='ocrx_word' id='word_1_429' title='bbox 2912 2004 2973 2044; x_wconf 91' lang='lat' dir='ltr'><strong>se</strong></span> <span class='ocrx_word' id='word_1_430' title='bbox 3000 2005 3325 2059; x_wconf 88' lang='lat' dir='ltr'><strong>permanere</strong></span> <span class='ocrx_word' id='word_1_431' title='bbox 3352 2008 3366 2044; x_wconf 89' lang='lat'><strong>:</strong></span> <span class='ocrx_word' id='word_1_432' title='bbox 3398 2008 3538 2049; x_wconf 88' lang='lat' dir='ltr'><strong>vana</strong></span> 
     </span>
    </p>
   </div>
   <div class='ocr_carea' id='block_1_49' title="bbox 1937 2064 3539 2150">
    <p class='ocr_par' dir='ltr' id='par_1_49' title="bbox 1937 2064 3539 2150">
     <span class='ocr_line' id='line_1_49' title="bbox 1937 2064 3539 2150; baseline 0.002 -15"><span class='ocrx_word' id='word_1_433' title='bbox 1937 2079 2083 2135; x_wconf 87' lang='lat' dir='ltr'><strong>enim</strong></span> <span class='ocrx_word' id='word_1_434' title='bbox 2113 2080 2366 2136; x_wconf 86' lang='lat' dir='ltr'><strong>evenient</strong></span> <span class='ocrx_word' id='word_1_435' title='bbox 2390 2080 2463 2135; x_wconf 92' lang='lat' dir='ltr'><strong>ei.</strong></span> <span class='ocrx_word' id='word_1_436' title='bbox 2494 2079 2753 2136; x_wconf 69' lang='lat' dir='ltr'><strong>Prmcisio</strong></span> <span class='ocrx_word' id='word_1_437' title='bbox 2778 2081 2895 2150; x_wconf 90' lang='lat' dir='ltr'><strong>ejus</strong></span> <span class='ocrx_word' id='word_1_438' title='bbox 2920 2090 3047 2135; x_wconf 91' lang='lat' dir='ltr'><strong>ante</strong></span> <span class='ocrx_word' id='word_1_439' title='bbox 3074 2064 3264 2137; x_wconf 87' lang='lat' dir='ltr'><strong>horam</strong></span> <span class='ocrx_word' id='word_1_440' title='bbox 3290 2098 3539 2138; x_wconf 83' lang='lat' dir='ltr'><strong>corrum-</strong></span> 
     </span>
    </p>
   </div>
   <div class='ocr_carea' id='block_1_50' title="bbox 1935 2172 3529 2245">
    <p class='ocr_par' dir='ltr' id='par_1_50' title="bbox 1935 2172 3529 2245">
     <span class='ocr_line' id='line_1_50' title="bbox 1935 2172 3529 2245; baseline 0.001 -17"><span class='ocrx_word' id='word_1_441' title='bbox 1935 2181 2124 2244; x_wconf 90' lang='lat' dir='ltr'><strong>petur,</strong></span> <span class='ocrx_word' id='word_1_442' title='bbox 2154 2181 2211 2229; x_wconf 92' lang='lat' dir='ltr'><strong>et</strong></span> <span class='ocrx_word' id='word_1_443' title='bbox 2237 2188 2459 2243; x_wconf 89' lang='lat' dir='ltr'><strong>germen</strong></span> <span class='ocrx_word' id='word_1_444' title='bbox 2484 2174 2601 2245; x_wconf 89' lang='lat' dir='ltr'><strong>ejus</strong></span> <span class='ocrx_word' id='word_1_445' title='bbox 2650 2189 2759 2229; x_wconf 91' lang='lat' dir='ltr'><strong>non</strong></span> <span class='ocrx_word' id='word_1_446' title='bbox 2802 2172 3096 2229; x_wconf 87' lang='lat' dir='ltr'><strong>videbitur.</strong></span> <span class='ocrx_word' id='word_1_447' title='bbox 3147 2173 3529 2231; x_wconf 83' lang='lat' dir='ltr'><strong>Vindemietur</strong></span> 
     </span>
    </p>
   </div>
   <div class='ocr_carea' id='block_1_51' title="bbox 1936 2266 3537 2340">
    <p class='ocr_par' dir='ltr' id='par_1_51' title="bbox 1936 2266 3537 2340">
     <span class='ocr_line' id='line_1_51' title="bbox 1936 2266 3537 2340; baseline 0.004 -21"><span class='ocrx_word' id='word_1_448' title='bbox 1936 2274 2212 2336; x_wconf 87' lang='lat' dir='ltr'><strong>tamquam</strong></span> <span class='ocrx_word' id='word_1_449' title='bbox 2238 2280 2341 2320; x_wconf 89' lang='lat' dir='ltr'><strong>uva</strong></span> <span class='ocrx_word' id='word_1_450' title='bbox 2368 2266 2562 2321; x_wconf 87' lang='lat' dir='ltr'><strong>acerba</strong></span> <span class='ocrx_word' id='word_1_451' title='bbox 2592 2276 2719 2323; x_wconf 90' lang='lat' dir='ltr'><strong>ante</strong></span> <span class='ocrx_word' id='word_1_452' title='bbox 2742 2277 2977 2337; x_wconf 90' lang='lat' dir='ltr'><strong>tempus.</strong></span> <span class='ocrx_word' id='word_1_453' title='bbox 3006 2266 3235 2321; x_wconf 89' lang='lat' dir='ltr'><strong>Decidat</strong></span> <span class='ocrx_word' id='word_1_454' title='bbox 3262 2278 3537 2340; x_wconf 90' lang='lat' dir='ltr'><strong>tamquam</strong></span> 
     </span>
    </p>
   </div>
   <div class='ocr_carea' id='block_1_52' title="bbox 1934 2355 3537 2431">
    <p class='ocr_par' dir='ltr' id='par_1_52' title="bbox 1934 2355 3537 2431">
     <span class='ocr_line' id='line_1_52' title="bbox 1934 2355 3537 2431; baseline 0.004 -21"><span class='ocrx_word' id='word_1_455' title='bbox 1934 2355 2034 2411; x_wconf 89' lang='lat' dir='ltr'><strong>ﬂos</strong></span> <span class='ocrx_word' id='word_1_456' title='bbox 2064 2356 2244 2411; x_wconf 73' lang='lat' dir='ltr'><strong>olim.</strong></span> <span class='ocrx_word' id='word_1_457' title='bbox 2275 2356 2672 2413; x_wconf 84' lang='lat' dir='ltr'><strong>Testimonium</strong></span> <span class='ocrx_word' id='word_1_458' title='bbox 2704 2358 2849 2413; x_wconf 93' lang='lat' dir='ltr'><strong>enim</strong></span> <span class='ocrx_word' id='word_1_459' title='bbox 2896 2358 3047 2428; x_wconf 90' lang='lat' dir='ltr'><strong>impii</strong></span> <span class='ocrx_word' id='word_1_460' title='bbox 3074 2374 3225 2414; x_wconf 91' lang='lat' dir='ltr'><strong>mors</strong></span> <span class='ocrx_word' id='word_1_461' title='bbox 3250 2400 3266 2425; x_wconf 92' lang='lat'><strong>,</strong></span> <span class='ocrx_word' id='word_1_462' title='bbox 3294 2369 3350 2415; x_wconf 84' lang='lat' dir='ltr'><strong>et</strong></span> <span class='ocrx_word' id='word_1_463' title='bbox 3394 2362 3537 2431; x_wconf 86' lang='lat' dir='ltr'><strong>ignis</strong></span> 
     </span>
    </p>
   </div>
   <div class='ocr_carea' id='block_1_53' title="bbox 1933 2449 3537 2521">
    <p class='ocr_par' dir='ltr' id='par_1_53' title="bbox 1933 2449 3537 2521">
     <span class='ocr_line' id='line_1_53' title="bbox 1933 2449 3537 2521; baseline 0.001 -16"><span class='ocrx_word' id='word_1_464' title='bbox 1933 2449 2222 2505; x_wconf 90' lang='lat' dir='ltr'><strong>eomburet</strong></span> <span class='ocrx_word' id='word_1_465' title='bbox 2248 2449 2443 2504; x_wconf 91' lang='lat' dir='ltr'><strong>domos</strong></span> <span class='ocrx_word' id='word_1_466' title='bbox 2472 2464 2664 2504; x_wconf 91' lang='lat' dir='ltr'><strong>eorum</strong></span> <span class='ocrx_word' id='word_1_467' title='bbox 2692 2450 2786 2519; x_wconf 90' lang='lat' dir='ltr'><strong>qui</strong></span> <span class='ocrx_word' id='word_1_468' title='bbox 2815 2465 3042 2505; x_wconf 90' lang='lat' dir='ltr'><strong>munera</strong></span> <span class='ocrx_word' id='word_1_469' title='bbox 3069 2452 3367 2521; x_wconf 88' lang='lat' dir='ltr'><strong>accipiunt.</strong></span> <span class='ocrx_word' id='word_1_470' title='bbox 3392 2449 3537 2507; x_wconf 89' lang='lat' dir='ltr'><strong>Cou-</strong></span> 
     </span>
    </p>
   </div>
   <div class='ocr_carea' id='block_1_54' title="bbox 1934 2538 3537 2612">
    <p class='ocr_par' dir='ltr' id='par_1_54' title="bbox 1934 2538 3537 2612">
     <span class='ocr_line' id='line_1_54' title="bbox 1934 2538 3537 2612; baseline 0.002 -18"><span class='ocrx_word' id='word_1_471' title='bbox 1934 2538 2103 2610; x_wconf 89' lang='lat' dir='ltr'><strong>cipiet</strong></span> <span class='ocrx_word' id='word_1_472' title='bbox 2138 2539 2193 2594; x_wconf 92' lang='lat' dir='ltr'><strong>in</strong></span> <span class='ocrx_word' id='word_1_473' title='bbox 2225 2550 2416 2594; x_wconf 90' lang='lat' dir='ltr'><strong>ventre</strong></span> <span class='ocrx_word' id='word_1_474' title='bbox 2445 2539 2683 2610; x_wconf 89' lang='lat' dir='ltr'><strong>gemitus</strong></span> <span class='ocrx_word' id='word_1_475' title='bbox 2708 2579 2724 2605; x_wconf 92' lang='lat'><strong>,</strong></span> <span class='ocrx_word' id='word_1_476' title='bbox 2774 2548 2830 2595; x_wconf 91' lang='lat' dir='ltr'><strong>et</strong></span> <span class='ocrx_word' id='word_1_477' title='bbox 2874 2540 3129 2596; x_wconf 87' lang='lat' dir='ltr'><strong>evenient</strong></span> <span class='ocrx_word' id='word_1_478' title='bbox 3180 2540 3231 2597; x_wconf 90' lang='lat' dir='ltr'><strong>ei</strong></span> <span class='ocrx_word' id='word_1_479' title='bbox 3280 2556 3445 2612; x_wconf 89' lang='lat' dir='ltr'><strong>vana,</strong></span> <span class='ocrx_word' id='word_1_480' title='bbox 3478 2551 3537 2598; x_wconf 89' lang='lat' dir='ltr'><strong>et</strong></span> 
     </span>
    </p>
   </div>
   <div class='ocr_carea' id='block_1_55' title="bbox 1934 2630 2778 2702">
    <p class='ocr_par' dir='ltr' id='par_1_55' title="bbox 1934 2630 2778 2702">
     <span class='ocr_line' id='line_1_55' title="bbox 1934 2630 2778 2702; baseline -0.002 -15"><span class='ocrx_word' id='word_1_481' title='bbox 1934 2640 2125 2687; x_wconf 90' lang='lat' dir='ltr'><strong>venter</strong></span> <span class='ocrx_word' id='word_1_482' title='bbox 2153 2631 2272 2702; x_wconf 91' lang='lat' dir='ltr'><strong>ejus</strong></span> <span class='ocrx_word' id='word_1_483' title='bbox 2304 2631 2544 2701; x_wconf 90' lang='lat' dir='ltr'><strong>portabit</strong></span> <span class='ocrx_word' id='word_1_484' title='bbox 2571 2630 2778 2686; x_wconf 92' lang='lat' dir='ltr'><strong>dolum.</strong></span> 
     </span>
    </p>
   </div>
   <div class='ocr_carea' id='block_1_56' title="bbox 2254 2759 3203 2835">
    <p class='ocr_par' dir='ltr' id='par_1_56' title="bbox 2254 2759 3203 2835">
     <span class='ocr_line' id='line_1_56' title="bbox 2254 2759 3203 2835; baseline 0.007 -17"><span class='ocrx_word' id='word_1_485' title='bbox 2254 2759 2283 2801; x_wconf 72' lang='grc' dir='ltr'>ιι</span> <span class='ocrx_word' id='word_1_486' title='bbox 2313 2776 2645 2820; x_wconf 74' lang='lat' dir='ltr'><strong>nasrosnsss</strong></span> <span class='ocrx_word' id='word_1_487' title='bbox 2683 2779 2866 2821; x_wconf 76' lang='grc' dir='ltr'><strong>Αυτειι</strong></span> <span class='ocrx_word' id='word_1_488' title='bbox 2902 2780 3024 2835; x_wconf 77' lang='lat' dir='ltr'><strong>sos,</strong></span> <span class='ocrx_word' id='word_1_489' title='bbox 3066 2782 3156 2825; x_wconf 76' lang='lat' dir='ltr'><strong>Ai&#39;l&#39;</strong></span> <span class='ocrx_word' id='word_1_490' title='bbox 3189 2786 3203 2825; x_wconf 90' lang='lat'><strong>:</strong></span> 
     </span>
    </p>
   </div>
   <div class='ocr_carea' id='block_1_57' title="bbox 2008 2894 3535 2971">
    <p class='ocr_par' dir='ltr' id='par_1_57' title="bbox 2008 2894 3535 2971">
     <span class='ocr_line' id='line_1_57' title="bbox 2008 2894 3535 2971; baseline 0.004 -17"><span class='ocrx_word' id='word_1_491' title='bbox 2008 2896 2137 2971; x_wconf 84' lang='lat' dir='ltr'><strong>[Cap</strong></span> <span class='ocrx_word' id='word_1_492' title='bbox 2155 2894 2323 2967; x_wconf 67' lang='lat' dir='ltr'><strong>XVI]</strong></span> <span class='ocrx_word' id='word_1_493' title='bbox 2346 2896 2541 2952; x_wconf 81' lang='lat' dir='ltr'><strong>Audivi</strong></span> <span class='ocrx_word' id='word_1_494' title='bbox 2562 2897 2688 2952; x_wconf 91' lang='lat' dir='ltr'><strong>talia</strong></span> <span class='ocrx_word' id='word_1_495' title='bbox 2704 2898 2891 2953; x_wconf 88' lang='lat' dir='ltr'><strong>multa.</strong></span> <span class='ocrx_word' id='word_1_496' title='bbox 2914 2898 3300 2959; x_wconf 89' lang='lat' dir='ltr'><strong>Consolatores</strong></span> <span class='ocrx_word' id='word_1_497' title='bbox 3326 2904 3339 2941; x_wconf 76' lang='grc' dir='ltr'><strong>ί</strong></span> <span class='ocrx_word' id='word_1_498' title='bbox 3367 2906 3535 2961; x_wconf 88' lang='lat' dir='ltr'><strong>malo-</strong></span> 
     </span>
    </p>
   </div>
   <div class='ocr_carea' id='block_1_58' title="bbox 1933 2989 3536 3060">
    <p class='ocr_par' dir='ltr' id='par_1_58' title="bbox 1933 2989 3536 3060">
     <span class='ocr_line' id='line_1_58' title="bbox 1933 2989 3536 3060; baseline 0.003 -15"><span class='ocrx_word' id='word_1_499' title='bbox 1933 3007 2054 3047; x_wconf 88' lang='lat' dir='ltr'><strong>rum</strong></span> <span class='ocrx_word' id='word_1_500' title='bbox 2079 3005 2292 3045; x_wconf 87' lang='lat' dir='ltr'><strong>omnes.</strong></span> <span class='ocrx_word' id='word_1_501' title='bbox 2314 2989 2454 3057; x_wconf 88' lang='lat' dir='ltr'><strong>Quid</strong></span> <span class='ocrx_word' id='word_1_502' title='bbox 2476 2991 2618 3044; x_wconf 91' lang='lat' dir='ltr'><strong>enim</strong></span> <span class='ocrx_word' id='word_1_503' title='bbox 2639 2990 2660 3058; x_wconf 92' lang='lat'><strong>1</strong></span> <span class='ocrx_word' id='word_1_504' title='bbox 2679 2990 2947 3060; x_wconf 87' lang='lat' dir='ltr'><strong>Numquid</strong></span> <span class='ocrx_word' id='word_1_505' title='bbox 2975 2993 3109 3047; x_wconf 89' lang='lat' dir='ltr'><strong>ordo</strong></span> <span class='ocrx_word' id='word_1_506' title='bbox 3136 3006 3219 3049; x_wconf 90' lang='lat' dir='ltr'><strong>est</strong></span> <span class='ocrx_word' id='word_1_507' title='bbox 3250 2994 3303 3049; x_wconf 92' lang='lat' dir='ltr'><strong>in</strong></span> <span class='ocrx_word' id='word_1_508' title='bbox 3322 3012 3536 3050; x_wconf 77' lang='lat' dir='ltr'><strong>sermo-</strong></span> 
     </span>
    </p>
   </div>
   <div class='ocr_carea' id='block_1_59' title="bbox 1934 3081 3530 3152">
    <p class='ocr_par' dir='ltr' id='par_1_59' title="bbox 1934 3081 3530 3152">
     <span class='ocr_line' id='line_1_59' title="bbox 1934 3081 3530 3152; baseline 0.003 -15"><span class='ocrx_word' id='word_1_509' title='bbox 1934 3082 2091 3137; x_wconf 90' lang='lat' dir='ltr'><strong>nibus</strong></span> <span class='ocrx_word' id='word_1_510' title='bbox 2103 3082 2426 3151; x_wconf 55' lang='lat' dir='ltr'><strong>spiritusbaf</strong></span> <span class='ocrx_word' id='word_1_511' title='bbox 2441 3089 2534 3134; x_wconf 90' lang='lat' dir='ltr'><strong>aut</strong></span> <span class='ocrx_word' id='word_1_512' title='bbox 2551 3081 2602 3134; x_wconf 92' lang='lat' dir='ltr'><strong>in</strong></span> <span class='ocrx_word' id='word_1_513' title='bbox 2621 3095 2727 3149; x_wconf 89' lang='lat' dir='ltr'><strong>quo</strong></span> <span class='ocrx_word' id='word_1_514' title='bbox 2742 3081 3030 3137; x_wconf 88' lang='lat' dir='ltr'><strong>molestum</strong></span> <span class='ocrx_word' id='word_1_515' title='bbox 3048 3083 3141 3138; x_wconf 89' lang='lat' dir='ltr'><strong>tibi</strong></span> <span class='ocrx_word' id='word_1_516' title='bbox 3159 3084 3283 3148; x_wconf 86' lang='lat' dir='ltr'><strong>erit,</strong></span> <span class='ocrx_word' id='word_1_517' title='bbox 3300 3086 3421 3152; x_wconf 91' lang='lat' dir='ltr'><strong>quia</strong></span> <span class='ocrx_word' id='word_1_518' title='bbox 3443 3102 3530 3142; x_wconf 91' lang='lat' dir='ltr'><strong>re-</strong></span> 
     </span>
    </p>
   </div>
   <div class='ocr_carea' id='block_1_60' title="bbox 238 3172 1828 3263">
    <p class='ocr_par' dir='ltr' id='par_1_60' title="bbox 238 3172 1828 3263">
     <span class='ocr_line' id='line_1_60' title="bbox 238 3172 1828 3263; baseline -0.002 -14"><span class='ocrx_word' id='word_1_519' title='bbox 238 3209 516 3251; x_wconf 87' lang='lat' dir='ltr'><strong>sermones</strong></span> <span class='ocrx_word' id='word_1_520' title='bbox 556 3194 726 3252; x_wconf 76' lang='lat' dir='ltr'><strong>tales?</strong></span> <span class='ocrx_word' id='word_1_521' title='bbox 765 3194 905 3263; x_wconf 88' lang='lat' dir='ltr'><strong>Quid</strong></span> <span class='ocrx_word' id='word_1_522' title='bbox 955 3194 1097 3250; x_wconf 88' lang='lat' dir='ltr'><strong>enim</strong></span> <span class='ocrx_word' id='word_1_523' title='bbox 1143 3172 1226 3250; x_wconf 87' lang='lat' dir='ltr'><strong>est</strong></span> <span class='ocrx_word' id='word_1_524' title='bbox 1261 3193 1455 3259; x_wconf 87' lang='lat' dir='ltr'><strong>homo,</strong></span> <span class='ocrx_word' id='word_1_525' title='bbox 1490 3200 1551 3248; x_wconf 87' lang='lat' dir='ltr'><strong>ut</strong></span> <span class='ocrx_word' id='word_1_526' title='bbox 1592 3194 1662 3247; x_wconf 86' lang='lat' dir='ltr'><strong>sit</strong></span> <span class='ocrx_word' id='word_1_527' title='bbox 1710 3192 1828 3247; x_wconf 87' lang='lat' dir='ltr'><strong>sine</strong></span> 
     </span>
    </p>
   </div>
   <div class='ocr_carea' id='block_1_61' title="bbox 1947 3172 3539 3263">
    <p class='ocr_par' dir='ltr' id='par_1_61' title="bbox 1947 3172 3539 3251">
     <span class='ocr_line' id='line_1_61' title="bbox 1947 3172 3539 3251; baseline 0.004 -21"><span class='ocrx_word' id='word_1_528' title='bbox 1947 3174 2228 3246; x_wconf 76' lang='lat' dir='ltr'><strong>spondebis</strong></span> <span class='ocrx_word' id='word_1_529' title='bbox 2252 3174 2271 3242; x_wconf 98' lang='lat'><strong>1</strong></span> <span class='ocrx_word' id='word_1_530' title='bbox 2300 3173 2367 3228; x_wconf 88' lang='lat' dir='ltr'><strong>Et</strong></span> <span class='ocrx_word' id='word_1_531' title='bbox 2388 3188 2488 3244; x_wconf 90' lang='lat' dir='ltr'><strong>ego</strong></span> <span class='ocrx_word' id='word_1_532' title='bbox 2509 3172 2805 3228; x_wconf 87' lang='lat' dir='ltr'><strong>secundum</strong></span> <span class='ocrx_word' id='word_1_533' title='bbox 2834 3188 2931 3230; x_wconf 86' lang='lat' dir='ltr'><strong>vos</strong></span> <span class='ocrx_word' id='word_1_534' title='bbox 2952 3175 3143 3245; x_wconf 90' lang='lat' dir='ltr'><strong>loquar</strong></span> <span class='ocrx_word' id='word_1_535' title='bbox 3170 3176 3275 3248; x_wconf 80' lang='grc' dir='ltr'><strong>[ΑΙ.</strong></span> <span class='ocrx_word' id='word_1_536' title='bbox 3298 3177 3539 3251; x_wconf 87' lang='lat' dir='ltr'><strong>loquor].</strong></span> 
     </span>
    </p>
   </div>
   <div class='ocr_carea' id='block_1_62' title="bbox 243 3285 1830 3357">
    <p class='ocr_par' dir='ltr' id='par_1_62' title="bbox 243 3285 1830 3357">
     <span class='ocr_line' id='line_1_62' title="bbox 243 3285 1830 3357; baseline 0 -15"><span class='ocrx_word' id='word_1_537' title='bbox 243 3289 500 3345; x_wconf 81' lang='lat' dir='ltr'><strong>crimine?</strong></span> <span class='ocrx_word' id='word_1_538' title='bbox 546 3298 636 3344; x_wconf 87' lang='lat' dir='ltr'><strong>aut</strong></span> <span class='ocrx_word' id='word_1_539' title='bbox 682 3290 755 3344; x_wconf 90' lang='lat' dir='ltr'><strong>sit</strong></span> <span class='ocrx_word' id='word_1_540' title='bbox 802 3297 961 3343; x_wconf 87' lang='lat' dir='ltr'><strong>natus</strong></span> <span class='ocrx_word' id='word_1_541' title='bbox 1018 3287 1196 3357; x_wconf 88' lang='lat' dir='ltr'><strong>justus</strong></span> <span class='ocrx_word' id='word_1_542' title='bbox 1246 3301 1310 3342; x_wconf 91' lang='lat' dir='ltr'><strong>ex</strong></span> <span class='ocrx_word' id='word_1_543' title='bbox 1358 3285 1619 3343; x_wconf 81' lang='lat' dir='ltr'><strong>muliere?</strong></span> <span class='ocrx_word' id='word_1_544' title='bbox 1668 3285 1724 3342; x_wconf 89' lang='lat' dir='ltr'><strong>Si</strong></span> <span class='ocrx_word' id='word_1_545' title='bbox 1773 3285 1830 3342; x_wconf 90' lang='lat' dir='ltr'><strong>in</strong></span> 
     </span>
    </p>
   </div>
   <div class='ocr_carea' id='block_1_63' title="bbox 243 3378 1833 3451">
    <p class='ocr_par' dir='ltr' id='par_1_63' title="bbox 243 3378 1833 3451">
     <span class='ocr_line' id='line_1_63' title="bbox 243 3378 1833 3451; baseline -0.001 -18"><span class='ocrx_word' id='word_1_546' title='bbox 243 3380 440 3435; x_wconf 86' lang='lat' dir='ltr'><strong>sanctis</strong></span> <span class='ocrx_word' id='word_1_547' title='bbox 466 3386 528 3449; x_wconf 45' lang='grc' dir='ltr'><em>χ</em></span> <span class='ocrx_word' id='word_1_548' title='bbox 556 3381 674 3451; x_wconf 89' lang='lat' dir='ltr'><strong>ejus</strong></span> <span class='ocrx_word' id='word_1_549' title='bbox 704 3379 727 3449; x_wconf 92' lang='lat'><strong>1</strong></span> <span class='ocrx_word' id='word_1_550' title='bbox 762 3395 869 3436; x_wconf 93' lang='lat' dir='ltr'><strong>non</strong></span> <span class='ocrx_word' id='word_1_551' title='bbox 915 3388 1000 3436; x_wconf 91' lang='lat' dir='ltr'><strong>est</strong></span> <span class='ocrx_word' id='word_1_552' title='bbox 1042 3378 1208 3444; x_wconf 84' lang='lat' dir='ltr'><strong>ﬁdes,</strong></span> <span class='ocrx_word' id='word_1_553' title='bbox 1261 3386 1317 3433; x_wconf 91' lang='lat' dir='ltr'><strong>et</strong></span> <span class='ocrx_word' id='word_1_554' title='bbox 1356 3378 1554 3434; x_wconf 63' lang='lat' dir='ltr'><strong>caelum</strong></span> <span class='ocrx_word' id='word_1_555' title='bbox 1594 3392 1703 3433; x_wconf 93' lang='lat' dir='ltr'><strong>non</strong></span> <span class='ocrx_word' id='word_1_556' title='bbox 1748 3386 1833 3433; x_wconf 85' lang='lat' dir='ltr'><strong>est</strong></span> 
     </span>
    </p>
   </div>
   <div class='ocr_carea' id='block_1_64' title="bbox 246 3468 1825 3543">
    <p class='ocr_par' dir='ltr' id='par_1_64' title="bbox 246 3468 1825 3543">
     <span class='ocr_line' id='line_1_64' title="bbox 246 3468 1825 3543; baseline 0 -20"><span class='ocrx_word' id='word_1_557' title='bbox 246 3473 492 3528; x_wconf 89' lang='lat' dir='ltr'><strong>mundum</strong></span> <span class='ocrx_word' id='word_1_558' title='bbox 520 3480 645 3529; x_wconf 89' lang='lat' dir='ltr'><strong>ante</strong></span> <span class='ocrx_word' id='word_1_559' title='bbox 673 3487 797 3527; x_wconf 91' lang='lat' dir='ltr'><strong>eum</strong></span> <span class='ocrx_word' id='word_1_560' title='bbox 828 3478 845 3526; x_wconf 66' lang='grc' dir='ltr'><strong>ξ</strong></span> <span class='ocrx_word' id='word_1_561' title='bbox 879 3479 1083 3543; x_wconf 87' lang='lat' dir='ltr'><strong>quanto</strong></span> <span class='ocrx_word' id='word_1_562' title='bbox 1110 3470 1280 3542; x_wconf 88' lang='lat' dir='ltr'><strong>magis</strong></span> <span class='ocrx_word' id='word_1_563' title='bbox 1311 3468 1692 3525; x_wconf 88' lang='lat' dir='ltr'><strong>abominabilis</strong></span> <span class='ocrx_word' id='word_1_564' title='bbox 1719 3468 1825 3535; x_wconf 89' lang='lat' dir='ltr'><strong>vir,</strong></span> 
     </span>
    </p>
   </div>
   <div class='ocr_carea' id='block_1_65' title="bbox 166 3559 1828 3635">
    <p class='ocr_par' dir='ltr' id='par_1_65' title="bbox 166 3559 1828 3635">
     <span class='ocr_line' id='line_1_65' title="bbox 166 3559 1828 3635; baseline 0.001 -19"><span class='ocrx_word' id='word_1_565' title='bbox 166 3564 187 3580; x_wconf 83' lang='lat'><strong>‘</strong></span> <span class='ocrx_word' id='word_1_566' title='bbox 244 3560 427 3619; x_wconf 79' lang='lat' dir='ltr'><strong>bibens</strong></span> <span class='ocrx_word' id='word_1_567' title='bbox 452 3564 761 3635; x_wconf 87' lang='lat' dir='ltr'><strong>iniquitates</strong></span> <span class='ocrx_word' id='word_1_568' title='bbox 783 3571 844 3619; x_wconf 91' lang='lat' dir='ltr'><strong>ut</strong></span> <span class='ocrx_word' id='word_1_569' title='bbox 868 3561 1090 3633; x_wconf 88' lang='lat' dir='ltr'><strong>potum!</strong></span> <span class='ocrx_word' id='word_1_570' title='bbox 1122 3561 1365 3618; x_wconf 91' lang='lat' dir='ltr'><strong>Narrabo</strong></span> <span class='ocrx_word' id='word_1_571' title='bbox 1393 3561 1527 3631; x_wconf 88' lang='lat' dir='ltr'><strong>tibi,</strong></span> <span class='ocrx_word' id='word_1_572' title='bbox 1554 3559 1679 3616; x_wconf 90' lang='lat' dir='ltr'><strong>audi</strong></span> <span class='ocrx_word' id='word_1_573' title='bbox 1708 3575 1828 3627; x_wconf 89' lang='lat' dir='ltr'><strong>me,</strong></span> 
     </span>
    </p>
   </div>
   <div class='ocr_carea' id='block_1_66' title="bbox 246 3652 1825 3727">
    <p class='ocr_par' dir='ltr' id='par_1_66' title="bbox 246 3652 1825 3727">
     <span class='ocr_line' id='line_1_66' title="bbox 246 3652 1825 3727; baseline 0 -18"><span class='ocrx_word' id='word_1_574' title='bbox 246 3663 305 3710; x_wconf 88' lang='lat' dir='ltr'><strong>ct</strong></span> <span class='ocrx_word' id='word_1_575' title='bbox 331 3671 443 3727; x_wconf 74' lang='lat' dir='ltr'><strong>qua:</strong></span> <span class='ocrx_word' id='word_1_576' title='bbox 468 3656 607 3725; x_wconf 89' lang='lat' dir='ltr'><strong>vidi,</strong></span> <span class='ocrx_word' id='word_1_577' title='bbox 638 3656 975 3714; x_wconf 87' lang='lat' dir='ltr'><strong>annuntiabo</strong></span> <span class='ocrx_word' id='word_1_578' title='bbox 1010 3654 1150 3722; x_wconf 92' lang='lat' dir='ltr'><strong>tibi,</strong></span> <span class='ocrx_word' id='word_1_579' title='bbox 1185 3669 1307 3726; x_wconf 63' lang='lat' dir='ltr'><strong>quas</strong></span> <span class='ocrx_word' id='word_1_580' title='bbox 1353 3653 1632 3725; x_wconf 89' lang='lat' dir='ltr'><strong>sapientes</strong></span> <span class='ocrx_word' id='word_1_581' title='bbox 1670 3652 1825 3709; x_wconf 86' lang='lat' dir='ltr'><strong>dixe-</strong></span> 
     </span>
    </p>
   </div>
   <div class='ocr_carea' id='block_1_67' title="bbox 250 3741 1829 3820">
    <p class='ocr_par' dir='ltr' id='par_1_67' title="bbox 250 3741 1829 3820">
     <span class='ocr_line' id='line_1_67' title="bbox 250 3741 1829 3820; baseline -0.004 -17"><span class='ocrx_word' id='word_1_582' title='bbox 250 3758 405 3820; x_wconf 84' lang='lat' dir='ltr'><strong>runt,</strong></span> <span class='ocrx_word' id='word_1_583' title='bbox 433 3757 485 3805; x_wconf 92' lang='lat' dir='ltr'><strong>et</strong></span> <span class='ocrx_word' id='word_1_584' title='bbox 533 3763 638 3805; x_wconf 86' lang='lat' dir='ltr'><strong>non</strong></span> <span class='ocrx_word' id='word_1_585' title='bbox 668 3746 987 3805; x_wconf 88' lang='lat' dir='ltr'><strong>celaverunt</strong></span> <span class='ocrx_word' id='word_1_586' title='bbox 1026 3756 1281 3819; x_wconf 90' lang='lat' dir='ltr'><strong>parentes</strong></span> <span class='ocrx_word' id='word_1_587' title='bbox 1324 3758 1475 3802; x_wconf 89' lang='lat' dir='ltr'><strong>suos.</strong></span> <span class='ocrx_word' id='word_1_588' title='bbox 1526 3743 1661 3812; x_wconf 90' lang='lat' dir='ltr'><strong>Ipsis</strong></span> <span class='ocrx_word' id='word_1_589' title='bbox 1694 3741 1829 3799; x_wconf 85' lang='lat' dir='ltr'><strong>solis</strong></span> 
     </span>
    </p>
   </div>
   <div class='ocr_carea' id='block_1_68' title="bbox 256 3835 1831 3909">
    <p class='ocr_par' dir='ltr' id='par_1_68' title="bbox 256 3835 1831 3909">
     <span class='ocr_line' id='line_1_68' title="bbox 256 3835 1831 3909; baseline -0.003 -16"><span class='ocrx_word' id='word_1_590' title='bbox 256 3838 375 3894; x_wconf 88' lang='lat' dir='ltr'><strong>data</strong></span> <span class='ocrx_word' id='word_1_591' title='bbox 399 3849 476 3897; x_wconf 89' lang='lat' dir='ltr'><strong>est</strong></span> <span class='ocrx_word' id='word_1_592' title='bbox 503 3848 688 3907; x_wconf 89' lang='lat' dir='ltr'><strong>terra,</strong></span> <span class='ocrx_word' id='word_1_593' title='bbox 740 3854 841 3896; x_wconf 89' lang='lat' dir='ltr'><strong>nec</strong></span> <span class='ocrx_word' id='word_1_594' title='bbox 890 3836 1209 3909; x_wconf 81' lang='lat' dir='ltr'><strong>supervenit</strong></span> <span class='ocrx_word' id='word_1_595' title='bbox 1256 3835 1363 3893; x_wconf 91' lang='lat' dir='ltr'><strong>illis</strong></span> <span class='ocrx_word' id='word_1_596' title='bbox 1405 3836 1686 3908; x_wconf 89' lang='lat' dir='ltr'><strong>quisquam</strong></span> <span class='ocrx_word' id='word_1_597' title='bbox 1734 3848 1831 3890; x_wconf 86' lang='lat' dir='ltr'><strong>ex-</strong></span> 
     </span>
    </p>
   </div>
   <div class='ocr_carea' id='block_1_69' title="bbox 256 3927 1826 4002">
    <p class='ocr_par' dir='ltr' id='par_1_69' title="bbox 256 3927 1826 4002">
     <span class='ocr_line' id='line_1_69' title="bbox 256 3927 1826 4002; baseline -0.004 -17"><span class='ocrx_word' id='word_1_598' title='bbox 256 3937 481 3988; x_wconf 81' lang='lat' dir='ltr'><strong>traneus.</strong></span> <span class='ocrx_word' id='word_1_599' title='bbox 507 3931 696 3988; x_wconf 89' lang='lat' dir='ltr'><strong>Omnis</strong></span> <span class='ocrx_word' id='word_1_600' title='bbox 722 3931 833 3987; x_wconf 89' lang='lat' dir='ltr'><strong>vita</strong></span> <span class='ocrx_word' id='word_1_601' title='bbox 865 3930 1018 4002; x_wconf 89' lang='lat' dir='ltr'><strong>impii</strong></span> <span class='ocrx_word' id='word_1_602' title='bbox 1052 3931 1103 3984; x_wconf 92' lang='lat' dir='ltr'><strong>in</strong></span> <span class='ocrx_word' id='word_1_603' title='bbox 1131 3927 1429 3984; x_wconf 89' lang='lat' dir='ltr'><strong>solitudine</strong></span> <span class='ocrx_word' id='word_1_604' title='bbox 1458 3938 1541 3983; x_wconf 90' lang='lat' dir='ltr'><strong>est</strong></span> <span class='ocrx_word' id='word_1_605' title='bbox 1577 3942 1592 3982; x_wconf 89' lang='lat'><strong>:</strong></span> <span class='ocrx_word' id='word_1_606' title='bbox 1624 3932 1679 3981; x_wconf 89' lang='lat' dir='ltr'><strong>ct</strong></span> <span class='ocrx_word' id='word_1_607' title='bbox 1722 3940 1826 3979; x_wconf 89' lang='lat' dir='ltr'><strong>nu-</strong></span> 
     </span>
    </p>
   </div>
   <div class='ocr_carea' id='block_1_70' title="bbox 260 4020 1829 4097">
    <p class='ocr_par' dir='ltr' id='par_1_70' title="bbox 260 4020 1829 4097">
     <span class='ocr_line' id='line_1_70' title="bbox 260 4020 1829 4097; baseline -0.005 -14"><span class='ocrx_word' id='word_1_608' title='bbox 260 4027 437 4083; x_wconf 72' lang='lat' dir='ltr'><strong>merati</strong></span> <span class='ocrx_word' id='word_1_609' title='bbox 475 4025 600 4084; x_wconf 85' lang='lat' dir='ltr'><strong>anni</strong></span> <span class='ocrx_word' id='word_1_610' title='bbox 645 4025 757 4082; x_wconf 91' lang='lat' dir='ltr'><strong>dati</strong></span> <span class='ocrx_word' id='word_1_611' title='bbox 805 4034 933 4081; x_wconf 86' lang='lat' dir='ltr'><strong>sunt</strong></span> <span class='ocrx_word' id='word_1_612' title='bbox 960 4024 1203 4097; x_wconf 88' lang='lat' dir='ltr'><strong>potenti,</strong></span> <span class='ocrx_word' id='word_1_613' title='bbox 1239 4033 1293 4081; x_wconf 90' lang='lat' dir='ltr'><strong>et</strong></span> <span class='ocrx_word' id='word_1_614' title='bbox 1325 4024 1484 4079; x_wconf 89' lang='lat' dir='ltr'><strong>timor</strong></span> <span class='ocrx_word' id='word_1_615' title='bbox 1529 4023 1582 4078; x_wconf 92' lang='lat' dir='ltr'><strong>in</strong></span> <span class='ocrx_word' id='word_1_616' title='bbox 1610 4020 1829 4077; x_wconf 89' lang='lat' dir='ltr'><strong>auribus</strong></span> 
     </span>
    </p>
   </div>
   <div class='ocr_carea' id='block_1_71' title="bbox 332 4159 1829 4229">
    <p class='ocr_par' dir='ltr' id='par_1_71' title="bbox 332 4159 1829 4229">
     <span class='ocr_line' id='line_1_71' title="bbox 332 4159 1829 4229; baseline -0.001 -14"><span class='ocrx_word' id='word_1_617' title='bbox 332 4166 357 4196; x_wconf 73' lang='grc' dir='ltr'>ι</span> <span class='ocrx_word' id='word_1_618' title='bbox 379 4160 762 4217; x_wconf 76' lang='lat' dir='ltr'><strong>Asteriscorum</strong></span> <span class='ocrx_word' id='word_1_619' title='bbox 806 4169 863 4216; x_wconf 92' lang='lat' dir='ltr'><strong>et</strong></span> <span class='ocrx_word' id='word_1_620' title='bbox 901 4170 1227 4229; x_wconf 89' lang='lat' dir='ltr'><strong>punctorum</strong></span> <span class='ocrx_word' id='word_1_621' title='bbox 1274 4159 1516 4215; x_wconf 88' lang='lat' dir='ltr'><strong>ﬂnalium</strong></span> <span class='ocrx_word' id='word_1_622' title='bbox 1548 4166 1737 4225; x_wconf 78' lang='lat' dir='ltr'><strong>notas,</strong></span> <span class='ocrx_word' id='word_1_623' title='bbox 1769 4166 1829 4213; x_wconf 93' lang='lat' dir='ltr'><strong>ut</strong></span> 
     </span>
    </p>
   </div>
   <div class='ocr_carea' id='block_1_72' title="bbox 266 4229 1769 4354">
    <p class='ocr_par' dir='ltr' id='par_1_72' title="bbox 266 4229 1769 4354">
     <span class='ocr_line' id='line_1_72' title="bbox 266 4229 1646 4302; baseline -0.001 -19"><span class='ocrx_word' id='word_1_624' title='bbox 266 4242 397 4296; x_wconf 62' lang='lat' dir='ltr'><strong>Sapo</strong></span> <span class='ocrx_word' id='word_1_625' title='bbox 423 4232 575 4297; x_wconf 84' lang='lat' dir='ltr'><strong>alibi,</strong></span> <span class='ocrx_word' id='word_1_626' title='bbox 606 4231 694 4286; x_wconf 84' lang='lat' dir='ltr'><strong>hic</strong></span> <span class='ocrx_word' id='word_1_627' title='bbox 714 4246 932 4302; x_wconf 89' lang='lat' dir='ltr'><strong>quoque</strong></span> <span class='ocrx_word' id='word_1_628' title='bbox 961 4247 1065 4286; x_wconf 92' lang='lat' dir='ltr'><strong>non</strong></span> <span class='ocrx_word' id='word_1_629' title='bbox 1092 4231 1265 4286; x_wconf 89' lang='lat' dir='ltr'><strong>semel</strong></span> <span class='ocrx_word' id='word_1_630' title='bbox 1290 4229 1646 4285; x_wconf 91' lang='lat' dir='ltr'><strong>restitnimus.</strong></span> 
     </span>
     <span class='ocr_line' id='line_1_73' title="bbox 335 4298 1769 4354; baseline -0.002 0"><span class='ocrx_word' id='word_1_631' title='bbox 335 4298 359 4337; x_wconf 68' lang='grc' dir='ltr'>δ</span> <span class='ocrx_word' id='word_1_632' title='bbox 385 4300 471 4354; x_wconf 86' lang='lat' dir='ltr'><strong>llic</strong></span> <span class='ocrx_word' id='word_1_633' title='bbox 496 4317 591 4354; x_wconf 82' lang='lat' dir='ltr'><strong>aro</strong></span> <span class='ocrx_word' id='word_1_634' title='bbox 615 4303 879 4354; x_wconf 85' lang='lat' dir='ltr'><strong>asterisco</strong></span> <span class='ocrx_word' id='word_1_635' title='bbox 915 4307 978 4354; x_wconf 70' lang='lat' dir='ltr'><strong>‘st(</strong></span> <span class='ocrx_word' id='word_1_636' title='bbox 1004 4318 1091 4354; x_wconf 80' lang='lat' dir='ltr'><strong>nos</strong></span> <span class='ocrx_word' id='word_1_637' title='bbox 1104 4310 1260 4354; x_wconf 85' lang='lat' dir='ltr'><strong>uerat</strong></span> <span class='ocrx_word' id='word_1_638' title='bbox 1280 4300 1585 4354; x_wconf 86' lang='lat' dir='ltr'><strong>exserintor</strong></span> <span class='ocrx_word' id='word_1_639' title='bbox 1613 4313 1666 4354; x_wconf 83' lang='lat' dir='ltr'><strong>-t-</strong></span> <span class='ocrx_word' id='word_1_640' title='bbox 1700 4298 1769 4351; x_wconf 85' lang='lat' dir='ltr'><strong>ob</strong></span> 
     </span>
    </p>
   </div>
   <div class='ocr_carea' id='block_1_73' title="bbox 427 4319 1831 4353">
    <p class='ocr_par' dir='ltr' id='par_1_73' title="bbox 427 4319 1831 4353">
     <span class='ocr_line' id='line_1_74' title="bbox 427 4319 1831 4353; baseline 0.003 -4"><span class='ocrx_word' id='word_1_641' title='bbox 427 4319 471 4353; x_wconf 84' lang='lat' dir='ltr'><strong>lC</strong></span> <span class='ocrx_word' id='word_1_642' title='bbox 496 4319 591 4353; x_wconf 84' lang='lat' dir='ltr'><strong>DI&#39;O</strong></span> <span class='ocrx_word' id='word_1_643' title='bbox 615 4319 879 4353; x_wconf 70' lang='grc' dir='ltr'><strong>ειειεῐιβρο</strong></span> <span class='ocrx_word' id='word_1_644' title='bbox 925 4319 969 4353; x_wconf 60' lang='lat' dir='ltr'><strong>JK</strong></span> <span class='ocrx_word' id='word_1_645' title='bbox 1004 4319 1091 4353; x_wconf 80' lang='lat' dir='ltr'><strong>DOS</strong></span> <span class='ocrx_word' id='word_1_646' title='bbox 1104 4319 1260 4353; x_wconf 69' lang='lat'><strong>“81&#39;1&quot;</strong></span> <span class='ocrx_word' id='word_1_647' title='bbox 1280 4319 1585 4353; x_wconf 74' lang='grc' dir='ltr'><strong>οιδεῐιυιοῐ·</strong></span> <span class='ocrx_word' id='word_1_648' title='bbox 1613 4319 1666 4353; x_wconf 73' lang='grc' dir='ltr'><strong>οἰ-</strong></span> <span class='ocrx_word' id='word_1_649' title='bbox 1700 4319 1831 4353; x_wconf 74' lang='grc'><strong>008·-</strong></span> 
     </span>
    </p>
   </div>
   <div class='ocr_carea' id='block_1_74' title="bbox 270 4307 1827 4439">
    <p class='ocr_par' dir='ltr' id='par_1_74' title="bbox 270 4307 1827 4439">
     <span class='ocr_line' id='line_1_75' title="bbox 336 4307 1827 4371; baseline -0.001 -17"><span class='ocrx_word' id='word_1_650' title='bbox 336 4307 359 4337; x_wconf 74' lang='grc' dir='ltr'><strong><em>υ</em></strong></span> <span class='ocrx_word' id='word_1_651' title='bbox 385 4307 471 4355; x_wconf 87' lang='lat' dir='ltr'><strong>llic</strong></span> <span class='ocrx_word' id='word_1_652' title='bbox 496 4317 591 4370; x_wconf 91' lang='lat' dir='ltr'><strong>pro</strong></span> <span class='ocrx_word' id='word_1_653' title='bbox 615 4307 879 4357; x_wconf 84' lang='lat' dir='ltr'><strong>asterisco</strong></span> <span class='ocrx_word' id='word_1_654' title='bbox 914 4307 978 4369; x_wconf 57' lang='grc' dir='ltr'><strong>ζέε(</strong></span> <span class='ocrx_word' id='word_1_655' title='bbox 1004 4310 1260 4371; x_wconf 82' lang='lat' dir='ltr'><strong>posuerat</strong></span> <span class='ocrx_word' id='word_1_656' title='bbox 1280 4307 1585 4369; x_wconf 88' lang='lat' dir='ltr'><strong>exscriptor</strong></span> <span class='ocrx_word' id='word_1_657' title='bbox 1613 4313 1666 4354; x_wconf 75' lang='grc' dir='ltr'><strong>-ι-</strong></span> <span class='ocrx_word' id='word_1_658' title='bbox 1700 4307 1827 4353; x_wconf 84' lang='lat' dir='ltr'><strong>ohe-</strong></span> 
     </span>
     <span class='ocr_line' id='line_1_76' title="bbox 270 4367 1827 4439; baseline 0.001 -18"><span class='ocrx_word' id='word_1_659' title='bbox 270 4367 394 4434; x_wconf 86' lang='lat' dir='ltr'><strong>Ium,</strong></span> <span class='ocrx_word' id='word_1_660' title='bbox 420 4372 505 4426; x_wconf 67' lang='lat' dir='ltr'><strong>sed</strong></span> <span class='ocrx_word' id='word_1_661' title='bbox 538 4375 823 4427; x_wconf 71' lang='lat' dir='ltr'><strong>manili-stu</strong></span> <span class='ocrx_word' id='word_1_662' title='bbox 860 4388 1072 4438; x_wconf 86' lang='lat' dir='ltr'><strong>errore,</strong></span> <span class='ocrx_word' id='word_1_663' title='bbox 1111 4389 1272 4439; x_wconf 87' lang='lat' dir='ltr'><strong>quem</strong></span> <span class='ocrx_word' id='word_1_664' title='bbox 1306 4371 1714 4427; x_wconf 85' lang='lat' dir='ltr'><strong>emendavimus</strong></span> <span class='ocrx_word' id='word_1_665' title='bbox 1758 4368 1827 4423; x_wconf 85' lang='lat' dir='ltr'><strong>ad</strong></span> 
     </span>
    </p>
   </div>
   <div class='ocr_carea' id='block_1_75' title="bbox 272 4440 1828 4510">
    <p class='ocr_par' dir='ltr' id='par_1_75' title="bbox 272 4440 1828 4510">
     <span class='ocr_line' id='line_1_77' title="bbox 272 4440 1828 4510; baseline 0.001 -19"><span class='ocrx_word' id='word_1_666' title='bbox 272 4440 415 4495; x_wconf 85' lang='lat' dir='ltr'><strong>ﬁdem</strong></span> <span class='ocrx_word' id='word_1_667' title='bbox 457 4442 659 4498; x_wconf 65' lang='lat' dir='ltr'><strong>Hebraei</strong></span> <span class='ocrx_word' id='word_1_668' title='bbox 684 4442 913 4497; x_wconf 87' lang='lat' dir='ltr'><strong>codicis.</strong></span> <span class='ocrx_word' id='word_1_669' title='bbox 943 4444 1246 4497; x_wconf 80' lang='lat' dir='ltr'><strong>Notandum</strong></span> <span class='ocrx_word' id='word_1_670' title='bbox 1288 4456 1420 4497; x_wconf 91' lang='lat' dir='ltr'><strong>vero</strong></span> <span class='ocrx_word' id='word_1_671' title='bbox 1460 4441 1514 4495; x_wconf 89' lang='lat' dir='ltr'><strong>in</strong></span> <span class='ocrx_word' id='word_1_672' title='bbox 1558 4440 1828 4510; x_wconf 87' lang='lat' dir='ltr'><strong>sequenti,</strong></span> 
     </span>
    </p>
   </div>
   <div class='ocr_carea' id='block_1_76' title="bbox 273 4513 1823 4584">
    <p class='ocr_par' dir='ltr' id='par_1_76' title="bbox 273 4513 1823 4584">
     <span class='ocr_line' id='line_1_78' title="bbox 273 4513 1823 4584; baseline 0 -22"><span class='ocrx_word' id='word_1_673' title='bbox 273 4528 407 4579; x_wconf 63' lang='grc' dir='ltr'><strong>παρετ</strong></span> <span class='ocrx_word' id='word_1_674' title='bbox 440 4530 569 4580; x_wconf 85' lang='lat' dir='ltr'><strong>eum,</strong></span> <span class='ocrx_word' id='word_1_675' title='bbox 611 4515 817 4568; x_wconf 90' lang='lat' dir='ltr'><strong>nullum</strong></span> <span class='ocrx_word' id='word_1_676' title='bbox 864 4527 987 4568; x_wconf 87' lang='lat' dir='ltr'><strong>esse</strong></span> <span class='ocrx_word' id='word_1_677' title='bbox 1032 4514 1339 4584; x_wconf 83' lang='lat' dir='ltr'><strong>appositum</strong></span> <span class='ocrx_word' id='word_1_678' title='bbox 1388 4516 1600 4580; x_wconf 89' lang='lat' dir='ltr'><strong>signum</strong></span> <span class='ocrx_word' id='word_1_679' title='bbox 1634 4513 1687 4584; x_wconf 86' lang='lat' dir='ltr'><strong>in</strong></span> <span class='ocrx_word' id='word_1_680' title='bbox 1722 4525 1823 4584; x_wconf 88' lang='lat' dir='ltr'><strong>ms.</strong></span> 
     </span>
    </p>
   </div>
   <div class='ocr_carea' id='block_1_77' title="bbox 1937 3266 3539 3341">
    <p class='ocr_par' dir='ltr' id='par_1_77' title="bbox 1937 3266 3539 3341">
     <span class='ocr_line' id='line_1_79' title="bbox 1937 3266 3539 3341; baseline 0.001 -16"><span class='ocrx_word' id='word_1_681' title='bbox 1937 3268 1997 3325; x_wconf 89' lang='lat' dir='ltr'><strong>Si</strong></span> <span class='ocrx_word' id='word_1_682' title='bbox 2041 3268 2285 3338; x_wconf 91' lang='lat' dir='ltr'><strong>subjecta</strong></span> <span class='ocrx_word' id='word_1_683' title='bbox 2328 3274 2476 3322; x_wconf 89' lang='lat' dir='ltr'><strong>esset</strong></span> <span class='ocrx_word' id='word_1_684' title='bbox 2518 3266 2696 3320; x_wconf 87' lang='lat' dir='ltr'><strong>anima</strong></span> <span class='ocrx_word' id='word_1_685' title='bbox 2734 3274 2917 3321; x_wconf 84' lang='lat' dir='ltr'><strong>vestra</strong></span> <span class='ocrx_word' id='word_1_686' title='bbox 2960 3281 3059 3338; x_wconf 90' lang='lat' dir='ltr'><strong>pro</strong></span> <span class='ocrx_word' id='word_1_687' title='bbox 3100 3283 3250 3334; x_wconf 90' lang='lat' dir='ltr'><strong>mea,</strong></span> <span class='ocrx_word' id='word_1_688' title='bbox 3281 3268 3539 3341; x_wconf 89' lang='lat' dir='ltr'><strong>loquerer</strong></span> 
     </span>
    </p>
   </div>
   <div class='ocr_carea' id='block_1_78' title="bbox 1940 3356 3545 3431">
    <p class='ocr_par' dir='ltr' id='par_1_78' title="bbox 1940 3356 3545 3431">
     <span class='ocr_line' id='line_1_80' title="bbox 1940 3356 3545 3431; baseline 0.001 -15"><span class='ocrx_word' id='word_1_689' title='bbox 1940 3360 2097 3416; x_wconf 88' lang='lat' dir='ltr'><strong>vobis</strong></span> <span class='ocrx_word' id='word_1_690' title='bbox 2146 3356 2528 3422; x_wconf 89' lang='lat' dir='ltr'><strong>sermonibus,</strong></span> <span class='ocrx_word' id='word_1_691' title='bbox 2575 3366 2629 3412; x_wconf 91' lang='lat' dir='ltr'><strong>et</strong></span> <span class='ocrx_word' id='word_1_692' title='bbox 2676 3372 2951 3414; x_wconf 84' lang='lat' dir='ltr'><strong>moverem</strong></span> <span class='ocrx_word' id='word_1_693' title='bbox 2997 3373 3158 3430; x_wconf 84' lang='lat' dir='ltr'><strong>super</strong></span> <span class='ocrx_word' id='word_1_694' title='bbox 3211 3375 3313 3416; x_wconf 91' lang='lat' dir='ltr'><strong>vos</strong></span> <span class='ocrx_word' id='word_1_695' title='bbox 3376 3372 3545 3431; x_wconf 87' lang='lat' dir='ltr'><strong>caput</strong></span> 
     </span>
    </p>
   </div>
   <div class='ocr_carea' id='block_1_79' title="bbox 1936 3448 3533 3521">
    <p class='ocr_par' dir='ltr' id='par_1_79' title="bbox 1936 3448 3533 3521">
     <span class='ocr_line' id='line_1_81' title="bbox 1936 3448 3533 3521; baseline -0.001 -12"><span class='ocrx_word' id='word_1_696' title='bbox 1936 3467 2140 3509; x_wconf 91' lang='lat' dir='ltr'><strong>meum.</strong></span> <span class='ocrx_word' id='word_1_697' title='bbox 2175 3452 2330 3506; x_wconf 77' lang='lat' dir='ltr'><strong>Esset</strong></span> <span class='ocrx_word' id='word_1_698' title='bbox 2358 3448 2530 3504; x_wconf 90' lang='lat' dir='ltr'><strong>virtus</strong></span> <span class='ocrx_word' id='word_1_699' title='bbox 2563 3448 2614 3503; x_wconf 93' lang='lat' dir='ltr'><strong>in</strong></span> <span class='ocrx_word' id='word_1_700' title='bbox 2646 3462 2741 3504; x_wconf 89' lang='lat' dir='ltr'><strong>ore</strong></span> <span class='ocrx_word' id='word_1_701' title='bbox 2773 3464 2927 3515; x_wconf 89' lang='lat' dir='ltr'><strong>meo,</strong></span> <span class='ocrx_word' id='word_1_702' title='bbox 2955 3458 3010 3505; x_wconf 92' lang='lat' dir='ltr'><strong>et</strong></span> <span class='ocrx_word' id='word_1_703' title='bbox 3040 3451 3182 3505; x_wconf 81' lang='lat' dir='ltr'><strong>labia</strong></span> <span class='ocrx_word' id='word_1_704' title='bbox 3225 3466 3533 3521; x_wconf 89' lang='lat' dir='ltr'><strong>moverem,</strong></span> 
     </span>
    </p>
   </div>
   <div class='ocr_carea' id='block_1_80' title="bbox 1936 3537 3536 3613">
    <p class='ocr_par' dir='ltr' id='par_1_80' title="bbox 1936 3537 3536 3613">
     <span class='ocr_line' id='line_1_82' title="bbox 1936 3537 3536 3613; baseline 0.001 -12"><span class='ocrx_word' id='word_1_705' title='bbox 1936 3554 1991 3602; x_wconf 87' lang='lat' dir='ltr'><strong>et</strong></span> <span class='ocrx_word' id='word_1_706' title='bbox 2019 3558 2125 3600; x_wconf 89' lang='lat' dir='ltr'><strong>non</strong></span> <span class='ocrx_word' id='word_1_707' title='bbox 2157 3554 2455 3613; x_wconf 88' lang='lat' dir='ltr'><strong>parcerem.</strong></span> <span class='ocrx_word' id='word_1_708' title='bbox 2488 3538 2547 3595; x_wconf 90' lang='lat' dir='ltr'><strong>Si</strong></span> <span class='ocrx_word' id='word_1_709' title='bbox 2570 3537 2713 3595; x_wconf 88' lang='lat' dir='ltr'><strong>enim</strong></span> <span class='ocrx_word' id='word_1_710' title='bbox 2746 3539 2971 3612; x_wconf 87' lang='lat' dir='ltr'><strong>loquar,</strong></span> <span class='ocrx_word' id='word_1_711' title='bbox 2999 3556 3107 3597; x_wconf 83' lang='lat' dir='ltr'><strong>non</strong></span> <span class='ocrx_word' id='word_1_712' title='bbox 3144 3546 3157 3594; x_wconf 81' lang='lat' dir='ltr'><strong>l</strong></span> <span class='ocrx_word' id='word_1_713' title='bbox 3196 3544 3393 3601; x_wconf 90' lang='lat' dir='ltr'><strong>dolebo</strong></span> <span class='ocrx_word' id='word_1_714' title='bbox 3416 3547 3536 3607; x_wconf 90' lang='lat' dir='ltr'><strong>vul-</strong></span> 
     </span>
    </p>
   </div>
   <div class='ocr_carea' id='block_1_81' title="bbox 1935 3631 3541 3705">
    <p class='ocr_par' dir='ltr' id='par_1_81' title="bbox 1935 3631 3541 3705">
     <span class='ocr_line' id='line_1_83' title="bbox 1935 3631 3541 3705; baseline 0.001 -11"><span class='ocrx_word' id='word_1_715' title='bbox 1935 3651 2066 3694; x_wconf 85' lang='lat' dir='ltr'><strong>nere</strong></span> <span class='ocrx_word' id='word_1_716' title='bbox 2085 3677 2099 3703; x_wconf 97' lang='lat'><strong>,</strong></span> <span class='ocrx_word' id='word_1_717' title='bbox 2129 3632 2270 3705; x_wconf 88' lang='lat' dir='ltr'><strong>quod</strong></span> <span class='ocrx_word' id='word_1_718' title='bbox 2297 3633 2341 3689; x_wconf 87' lang='lat' dir='ltr'><strong>si</strong></span> <span class='ocrx_word' id='word_1_719' title='bbox 2375 3641 2579 3689; x_wconf 82' lang='lat' dir='ltr'><strong>taceam</strong></span> <span class='ocrx_word' id='word_1_720' title='bbox 2602 3672 2617 3699; x_wconf 94' lang='lat'><strong>,</strong></span> <span class='ocrx_word' id='word_1_721' title='bbox 2642 3631 2994 3689; x_wconf 84' lang='lat' dir='ltr'><strong>nihilominus</strong></span> <span class='ocrx_word' id='word_1_722' title='bbox 3023 3634 3359 3693; x_wconf 88' lang='lat' dir='ltr'><strong>terebrabor.</strong></span> <span class='ocrx_word' id='word_1_723' title='bbox 3385 3637 3541 3695; x_wconf 89' lang='lat' dir='ltr'><strong>Nunc</strong></span> 
     </span>
    </p>
   </div>
   <div class='ocr_carea' id='block_1_82' title="bbox 1936 3722 3534 3800">
    <p class='ocr_par' dir='ltr' id='par_1_82' title="bbox 1936 3722 3534 3800">
     <span class='ocr_line' id='line_1_84' title="bbox 1936 3722 3534 3800; baseline 0 -15"><span class='ocrx_word' id='word_1_724' title='bbox 1936 3738 2115 3785; x_wconf 89' lang='lat' dir='ltr'><strong>autem</strong></span> <span class='ocrx_word' id='word_1_725' title='bbox 2157 3725 2381 3781; x_wconf 88' lang='lat' dir='ltr'><strong>lassavit</strong></span> <span class='ocrx_word' id='word_1_726' title='bbox 2424 3738 2510 3780; x_wconf 90' lang='lat' dir='ltr'><strong>me</strong></span> <span class='ocrx_word' id='word_1_727' title='bbox 2534 3722 2561 3761; x_wconf 73' lang='grc' dir='ltr'><strong><em>ιι</em></strong></span> <span class='ocrx_word' id='word_1_728' title='bbox 2589 3722 2780 3790; x_wconf 90' lang='lat' dir='ltr'><strong>dolor;</strong></span> <span class='ocrx_word' id='word_1_729' title='bbox 2812 3731 2869 3779; x_wconf 91' lang='lat' dir='ltr'><strong>et</strong></span> <span class='ocrx_word' id='word_1_730' title='bbox 2907 3722 3034 3780; x_wconf 84' lang='lat' dir='ltr'><strong>fecit</strong></span> <span class='ocrx_word' id='word_1_731' title='bbox 3059 3728 3281 3783; x_wconf 90' lang='lat' dir='ltr'><strong>stultum</strong></span> <span class='ocrx_word' id='word_1_732' title='bbox 3302 3769 3316 3795; x_wconf 94' lang='lat'><strong>,</strong></span> <span class='ocrx_word' id='word_1_733' title='bbox 3345 3739 3399 3785; x_wconf 92' lang='lat' dir='ltr'><strong>et</strong></span> <span class='ocrx_word' id='word_1_734' title='bbox 3432 3745 3534 3800; x_wconf 83' lang='lat' dir='ltr'><strong>pu-</strong></span> 
     </span>
    </p>
   </div>
   <div class='ocr_carea' id='block_1_83' title="bbox 1938 3813 3538 3887">
    <p class='ocr_par' dir='ltr' id='par_1_83' title="bbox 1938 3813 3538 3887">
     <span class='ocr_line' id='line_1_85' title="bbox 1938 3813 3538 3887; baseline 0 -11"><span class='ocrx_word' id='word_1_735' title='bbox 1938 3828 2075 3876; x_wconf 90' lang='lat' dir='ltr'><strong>trem</strong></span> <span class='ocrx_word' id='word_1_736' title='bbox 2110 3820 2175 3886; x_wconf 65' lang='grc' dir='ltr'>&gt;κ</span> <span class='ocrx_word' id='word_1_737' title='bbox 2200 3813 2606 3887; x_wconf 89' lang='lat' dir='ltr'><strong>apprehendisti</strong></span> <span class='ocrx_word' id='word_1_738' title='bbox 2639 3829 2755 3879; x_wconf 91' lang='lat' dir='ltr'><strong>me,</strong></span> <span class='ocrx_word' id='word_1_739' title='bbox 2788 3821 2844 3869; x_wconf 88' lang='lat' dir='ltr'><strong>et</strong></span> <span class='ocrx_word' id='word_1_740' title='bbox 2873 3814 2925 3870; x_wconf 92' lang='lat' dir='ltr'><strong>in</strong></span> <span class='ocrx_word' id='word_1_741' title='bbox 2957 3816 3328 3873; x_wconf 89' lang='lat' dir='ltr'><strong>testimonium</strong></span> <span class='ocrx_word' id='word_1_742' title='bbox 3362 3817 3538 3876; x_wconf 84' lang='lat' dir='ltr'><strong>factus</strong></span> 
     </span>
    </p>
   </div>
   <div class='ocr_carea' id='block_1_84' title="bbox 1936 3906 3539 3980">
    <p class='ocr_par' dir='ltr' id='par_1_84' title="bbox 1936 3906 3539 3980">
     <span class='ocr_line' id='line_1_86' title="bbox 1936 3906 3539 3980; baseline 0 -14"><span class='ocrx_word' id='word_1_743' title='bbox 1936 3924 2076 3976; x_wconf 88' lang='lat' dir='ltr'><strong>sum,</strong></span> <span class='ocrx_word' id='word_1_744' title='bbox 2097 3914 2179 3978; x_wconf 49' lang='grc' dir='ltr'><strong>’βξ</strong></span> <span class='ocrx_word' id='word_1_745' title='bbox 2206 3917 2261 3963; x_wconf 92' lang='lat' dir='ltr'><strong>et</strong></span> <span class='ocrx_word' id='word_1_746' title='bbox 2292 3906 2527 3963; x_wconf 79' lang='lat' dir='ltr'><strong>surrexit</strong></span> <span class='ocrx_word' id='word_1_747' title='bbox 2555 3919 2718 3975; x_wconf 91' lang='lat' dir='ltr'><strong>super</strong></span> <span class='ocrx_word' id='word_1_748' title='bbox 2739 3921 2824 3961; x_wconf 89' lang='lat' dir='ltr'><strong>me</strong></span> <span class='ocrx_word' id='word_1_749' title='bbox 2856 3906 3193 3965; x_wconf 89' lang='lat' dir='ltr'><strong>mendacium</strong></span> <span class='ocrx_word' id='word_1_750' title='bbox 3223 3924 3426 3976; x_wconf 88' lang='lat' dir='ltr'><strong>meum.</strong></span> <span class='ocrx_word' id='word_1_751' title='bbox 3466 3916 3539 3980; x_wconf 73' lang='grc' dir='ltr'><strong>&gt;ε&lt;</strong></span> 
     </span>
    </p>
   </div>
   <div class='ocr_carea' id='block_1_85' title="bbox 1937 3994 3537 4069">
    <p class='ocr_par' dir='ltr' id='par_1_85' title="bbox 1937 3994 3537 4069">
     <span class='ocr_line' id='line_1_87' title="bbox 1937 3994 3537 4069; baseline 0 -10"><span class='ocrx_word' id='word_1_752' title='bbox 1937 4011 2127 4059; x_wconf 88' lang='lat' dir='ltr'><strong>contra</strong></span> <span class='ocrx_word' id='word_1_753' title='bbox 2181 4000 2372 4054; x_wconf 89' lang='lat' dir='ltr'><strong>faciem</strong></span> <span class='ocrx_word' id='word_1_754' title='bbox 2443 4012 2622 4053; x_wconf 89' lang='lat' dir='ltr'><strong>meam</strong></span> <span class='ocrx_word' id='word_1_755' title='bbox 2682 3994 2700 4035; x_wconf 83' lang='lat'><strong>1</strong></span> <span class='ocrx_word' id='word_1_756' title='bbox 2760 3997 3111 4069; x_wconf 79' lang='lat' dir='ltr'><strong>respondebit</strong></span> <span class='ocrx_word' id='word_1_757' title='bbox 3167 3999 3190 4069; x_wconf 94' lang='lat'><strong>1</strong></span> <span class='ocrx_word' id='word_1_758' title='bbox 3251 4000 3537 4059; x_wconf 86' lang='lat' dir='ltr'><strong>Iracundia</strong></span> 
     </span>
    </p>
   </div>
   <div class='ocr_carea' id='block_1_86' title="bbox 2005 4139 3536 4217">
    <p class='ocr_par' dir='ltr' id='par_1_86' title="bbox 2005 4139 3536 4217">
     <span class='ocr_line' id='line_1_88' title="bbox 2005 4139 3536 4217; baseline -0.004 -14"><span class='ocrx_word' id='word_1_759' title='bbox 2005 4162 2031 4203; x_wconf 92' lang='lat' dir='ltr'><strong>s</strong></span> <span class='ocrx_word' id='word_1_760' title='bbox 2077 4149 2222 4207; x_wconf 90' lang='lat' dir='ltr'><strong>Idem</strong></span> <span class='ocrx_word' id='word_1_761' title='bbox 2277 4143 2511 4217; x_wconf 88' lang='lat' dir='ltr'><strong>plurium</strong></span> <span class='ocrx_word' id='word_1_762' title='bbox 2553 4154 2801 4208; x_wconf 90' lang='lat' dir='ltr'><strong>numero,</strong></span> <span class='ocrx_word' id='word_1_763' title='bbox 2844 4139 2972 4207; x_wconf 67' lang='lat' dir='ltr'><strong>Quae</strong></span> <span class='ocrx_word' id='word_1_764' title='bbox 3011 4140 3145 4196; x_wconf 85' lang='lat' dir='ltr'><strong>enim</strong></span> <span class='ocrx_word' id='word_1_765' title='bbox 3190 4141 3268 4198; x_wconf 88' lang='lat' dir='ltr'><strong>illi</strong></span> <span class='ocrx_word' id='word_1_766' title='bbox 3320 4158 3536 4216; x_wconf 84' lang='lat' dir='ltr'><strong>parave-</strong></span> 
     </span>
    </p>
   </div>
   <div class='ocr_carea' id='block_1_87' title="bbox 1929 4221 2489 4288">
    <p class='ocr_par' dir='ltr' id='par_1_87' title="bbox 1929 4221 2489 4288">
     <span class='ocr_line' id='line_1_89' title="bbox 1929 4221 2489 4288; baseline -0.027 -7"><span class='ocrx_word' id='word_1_767' title='bbox 1929 4235 2074 4287; x_wconf 82' lang='lat' dir='ltr'><strong>runt,</strong></span> <span class='ocrx_word' id='word_1_768' title='bbox 2103 4221 2195 4277; x_wconf 82' lang='lat' dir='ltr'><strong>alii</strong></span> <span class='ocrx_word' id='word_1_769' title='bbox 2224 4221 2489 4288; x_wconf 75' lang='lat' dir='ltr'><strong>auferunt.</strong></span> 
     </span>
    </p>
   </div>
   <div class='ocr_carea' id='block_1_88' title="bbox 2005 4282 3535 4353">
    <p class='ocr_par' dir='ltr' id='par_1_88' title="bbox 2005 4282 3535 4353">
     <span class='ocr_line' id='line_1_90' title="bbox 2005 4282 3535 4353; baseline -0.006 -6"><span class='ocrx_word' id='word_1_770' title='bbox 2005 4294 2033 4333; x_wconf 77' lang='lat' dir='ltr'><strong>h</strong></span> <span class='ocrx_word' id='word_1_771' title='bbox 2060 4282 2272 4349; x_wconf 80' lang='lat' dir='ltr'><strong>Omissa</strong></span> <span class='ocrx_word' id='word_1_772' title='bbox 2297 4282 2434 4341; x_wconf 79' lang='lat' dir='ltr'><strong>sunt</strong></span> <span class='ocrx_word' id='word_1_773' title='bbox 2464 4283 2652 4339; x_wconf 76' lang='lat' dir='ltr'><strong>istluec</strong></span> <span class='ocrx_word' id='word_1_774' title='bbox 2678 4282 2732 4337; x_wconf 91' lang='lat' dir='ltr'><strong>in</strong></span> <span class='ocrx_word' id='word_1_775' title='bbox 2761 4297 2864 4337; x_wconf 90' lang='lat' dir='ltr'><strong>ms.</strong></span> <span class='ocrx_word' id='word_1_776' title='bbox 2890 4282 3098 4348; x_wconf 85' lang='lat' dir='ltr'><strong>codice;</strong></span> <span class='ocrx_word' id='word_1_777' title='bbox 3120 4282 3209 4337; x_wconf 91' lang='lat' dir='ltr'><strong>ubi</strong></span> <span class='ocrx_word' id='word_1_778' title='bbox 3230 4284 3535 4353; x_wconf 82' lang='lat' dir='ltr'><strong>exscriptor</strong></span> 
     </span>
    </p>
   </div>
   <div class='ocr_carea' id='block_1_89' title="bbox 1934 4352 3534 4435">
    <p class='ocr_par' dir='ltr' id='par_1_89' title="bbox 1934 4352 3534 4435">
     <span class='ocr_line' id='line_1_91' title="bbox 1934 4352 3534 4435; baseline -0.01 -13"><span class='ocrx_word' id='word_1_779' title='bbox 1934 4366 2167 4435; x_wconf 90' lang='lat' dir='ltr'><strong>spatium</strong></span> <span class='ocrx_word' id='word_1_780' title='bbox 2194 4353 3048 4435; x_wconf 52' lang='lat' dir='ltr'><strong>_snlliciens_vacuumureliquit</strong></span> <span class='ocrx_word' id='word_1_781' title='bbox 3103 4353 3169 4433; x_wconf 76' lang='lat' dir='ltr'><strong>ad</strong></span> <span class='ocrx_word' id='word_1_782' title='bbox 3214 4367 3291 4435; x_wconf 36' lang='lat' dir='ltr'><strong>ea.</strong></span> <span class='ocrx_word' id='word_1_783' title='bbox 3327 4352 3534 4435; x_wconf 60' lang='lat' dir='ltr'><strong>deseri:</strong></span> 
     </span>
    </p>
   </div>
   <div class='ocr_carea' id='block_1_90' title="bbox 1932 4422 3531 4493">
    <p class='ocr_par' dir='ltr' id='par_1_90' title="bbox 1932 4422 3531 4493">
     <span class='ocr_line' id='line_1_92' title="bbox 1932 4422 3531 4493; baseline -0.01 0"><span class='ocrx_word' id='word_1_784' title='bbox 1932 4422 2106 4493; x_wconf 74' lang='lat' dir='ltr'><strong>benda</strong></span> <span class='ocrx_word' id='word_1_785' title='bbox 2138 4431 2402 4487; x_wconf 88' lang='lat' dir='ltr'><strong>miniaceo</strong></span> <span class='ocrx_word' id='word_1_786' title='bbox 2440 4427 2649 4489; x_wconf 86' lang='lat' dir='ltr'><strong>colore,</strong></span> <span class='ocrx_word' id='word_1_787' title='bbox 2687 4439 2750 4478; x_wconf 90' lang='lat' dir='ltr'><strong>ac</strong></span> <span class='ocrx_word' id='word_1_788' title='bbox 2780 4422 2975 4478; x_wconf 83' lang='lat' dir='ltr'><strong>litteris</strong></span> <span class='ocrx_word' id='word_1_789' title='bbox 3011 4422 3349 4493; x_wconf 78' lang='lat' dir='ltr'><strong>niajusculis.</strong></span> <span class='ocrx_word' id='word_1_790' title='bbox 3373 4424 3531 4487; x_wconf 86' lang='lat' dir='ltr'><strong>Quod</strong></span> 
     </span>
    </p>
   </div>
   <div class='ocr_carea' id='block_1_91' title="bbox 1939 4492 3533 4563">
    <p class='ocr_par' dir='ltr' id='par_1_91' title="bbox 1939 4492 3533 4563">
     <span class='ocr_line' id='line_1_93' title="bbox 1939 4492 3533 4563; baseline -0.006 -6"><span class='ocrx_word' id='word_1_791' title='bbox 1939 4492 1992 4563; x_wconf 83' lang='lat' dir='ltr'><strong>in</strong></span> <span class='ocrx_word' id='word_1_792' title='bbox 2022 4507 2144 4560; x_wconf 85' lang='lat' dir='ltr'><strong>aliis</strong></span> <span class='ocrx_word' id='word_1_793' title='bbox 2172 4516 2301 4556; x_wconf 89' lang='lat' dir='ltr'><strong>mss.</strong></span> <span class='ocrx_word' id='word_1_794' title='bbox 2329 4502 2526 4553; x_wconf 79' lang='lat' dir='ltr'><strong>factum</strong></span> <span class='ocrx_word' id='word_1_795' title='bbox 2556 4496 2928 4561; x_wconf 79' lang='lat' dir='ltr'><strong>conSpiciinus</strong></span> <span class='ocrx_word' id='word_1_796' title='bbox 2955 4511 2967 4546; x_wconf 91' lang='lat'><strong>:</strong></span> <span class='ocrx_word' id='word_1_797' title='bbox 2995 4508 3121 4563; x_wconf 86' lang='lat' dir='ltr'><strong>nam</strong></span> <span class='ocrx_word' id='word_1_798' title='bbox 3149 4496 3198 4545; x_wconf 85' lang='lat' dir='ltr'><strong>in</strong></span> <span class='ocrx_word' id='word_1_799' title='bbox 3224 4492 3408 4547; x_wconf 88' lang='lat' dir='ltr'><strong>multis</strong></span> <span class='ocrx_word' id='word_1_800' title='bbox 3438 4494 3533 4548; x_wconf 87' lang='lat' dir='ltr'><strong>de-</strong></span> 
     </span>
    </p>
   </div>
   <div class='ocr_carea' id='block_1_92' title="bbox 278 4562 3255 4653">
    <p class='ocr_par' dir='ltr' id='par_1_92' title="bbox 278 4562 3255 4653">
     <span class='ocr_line' id='line_1_94' title="bbox 278 4562 3255 4653; baseline -0.006 -16"><span class='ocrx_word' id='word_1_801' title='bbox 278 4562 717 4639; x_wconf 11' lang='lat' dir='ltr'><strong>Alreﬁxandritionad</strong></span> <span class='ocrx_word' id='word_1_802' title='bbox 1862 4572 1916 4632; x_wconf 89' lang='lat' dir='ltr'><strong>D</strong></span> <span class='ocrx_word' id='word_1_803' title='bbox 1940 4575 2293 4653; x_wconf 36' lang='lat' dir='ltr'><strong>sunlﬁsmpius&#39;</strong></span> <span class='ocrx_word' id='word_1_804' title='bbox 2306 4569 2449 4623; x_wconf 88' lang='lat' dir='ltr'><strong>tituli</strong></span> <span class='ocrx_word' id='word_1_805' title='bbox 2482 4562 3255 4653; x_wconf 40' lang='lat' dir='ltr'><strong>etlitlerteinitialestdlaslr.</strong></span> 
     </span>
    </p>
   </div>
   <div class='ocr_carea' id='block_1_93' title="bbox 279 4651 1793 4719">
    <p class='ocr_par' dir='ltr' id='par_1_93' title="bbox 279 4651 1793 4719">
     <span class='ocr_line' id='line_1_95' title="bbox 279 4651 1793 4719; baseline 0.001 -15"><span class='ocrx_word' id='word_1_806' title='bbox 279 4657 587 4719; x_wconf 83' lang='lat' dir='ltr'><strong>reperiantur</strong></span> <span class='ocrx_word' id='word_1_807' title='bbox 618 4658 733 4710; x_wconf 60' lang='lat' dir='ltr'><strong>haec</strong></span> <span class='ocrx_word' id='word_1_808' title='bbox 758 4656 812 4707; x_wconf 92' lang='lat' dir='ltr'><strong>in</strong></span> <span class='ocrx_word' id='word_1_809' title='bbox 844 4654 986 4709; x_wconf 84' lang='lat' dir='ltr'><strong>LXX</strong></span> <span class='ocrx_word' id='word_1_810' title='bbox 1019 4651 1275 4709; x_wconf 74' lang='lat' dir='ltr'><strong>Romamn</strong></span> <span class='ocrx_word' id='word_1_811' title='bbox 1303 4653 1580 4708; x_wconf 91' lang='lat' dir='ltr'><strong>editionis.</strong></span> <span class='ocrx_word' id='word_1_812' title='bbox 1613 4651 1793 4705; x_wconf 72' lang='lat' dir='ltr'><strong>Mser.</strong></span> 
     </span>
    </p>
   </div>
   <div class='ocr_carea' id='block_1_94' title="bbox 345 4724 1832 4794">
    <p class='ocr_par' dir='ltr' id='par_1_94' title="bbox 345 4724 1832 4794">
     <span class='ocr_line' id='line_1_96' title="bbox 345 4724 1832 4794; baseline -0.001 -16"><span class='ocrx_word' id='word_1_813' title='bbox 345 4733 365 4762; x_wconf 71' lang='grc' dir='ltr'><strong>ε</strong></span> <span class='ocrx_word' id='word_1_814' title='bbox 388 4724 543 4781; x_wconf 81' lang='lat' dir='ltr'><strong>Aliter</strong></span> <span class='ocrx_word' id='word_1_815' title='bbox 570 4725 824 4781; x_wconf 85' lang='lat' dir='ltr'><strong>Martian.</strong></span> <span class='ocrx_word' id='word_1_816' title='bbox 862 4725 977 4779; x_wconf 72' lang='lat' dir='ltr'><strong>lucc</strong></span> <span class='ocrx_word' id='word_1_817' title='bbox 1002 4726 1256 4794; x_wconf 86' lang='lat' dir='ltr'><strong>junxerat</strong></span> <span class='ocrx_word' id='word_1_818' title='bbox 1281 4724 1564 4794; x_wconf 84' lang='lat' dir='ltr'><strong>interjecto</strong></span> <span class='ocrx_word' id='word_1_819' title='bbox 1596 4733 1797 4793; x_wconf 90' lang='lat' dir='ltr'><strong>punctu</strong></span> <span class='ocrx_word' id='word_1_820' title='bbox 1816 4763 1832 4789; x_wconf 91' lang='lat'><strong>,</strong></span> 
     </span>
    </p>
   </div>
   <div class='ocr_carea' id='block_1_95' title="bbox 284 4796 1365 4860">
    <p class='ocr_par' dir='ltr' id='par_1_95' title="bbox 284 4796 1365 4860">
     <span class='ocr_line' id='line_1_97' title="bbox 284 4796 1365 4860; baseline 0.005 -17"><span class='ocrx_word' id='word_1_821' title='bbox 284 4808 415 4852; x_wconf 69' lang='lat' dir='ltr'><strong>super</strong></span> <span class='ocrx_word' id='word_1_822' title='bbox 440 4812 562 4850; x_wconf 82' lang='lat' dir='ltr'><strong>eum.</strong></span> <span class='ocrx_word' id='word_1_823' title='bbox 593 4797 889 4860; x_wconf 83' lang='lat' dir='ltr'><strong>Diluerunt,</strong></span> <span class='ocrx_word' id='word_1_824' title='bbox 913 4806 1018 4852; x_wconf 90' lang='lat' dir='ltr'><strong>etc.</strong></span> <span class='ocrx_word' id='word_1_825' title='bbox 1045 4796 1183 4849; x_wconf 86' lang='lat' dir='ltr'><strong>haud</strong></span> <span class='ocrx_word' id='word_1_826' title='bbox 1209 4797 1365 4850; x_wconf 83' lang='lat' dir='ltr'><strong>bene.</strong></span> 
     </span>
    </p>
   </div>
   <div class='ocr_carea' id='block_1_96' title="bbox 346 4863 1827 4938">
    <p class='ocr_par' dir='ltr' id='par_1_96' title="bbox 346 4863 1827 4938">
     <span class='ocr_line' id='line_1_98' title="bbox 346 4863 1827 4938; baseline -0.003 -17"><span class='ocrx_word' id='word_1_827' title='bbox 346 4863 369 4899; x_wconf 69' lang='grc' dir='ltr'><strong>ιι</strong></span> <span class='ocrx_word' id='word_1_828' title='bbox 390 4865 586 4938; x_wconf 84' lang='lat' dir='ltr'><strong>Olymp.</strong></span> <span class='ocrx_word' id='word_1_829' title='bbox 611 4866 913 4938; x_wconf 80' lang='lat' dir='ltr'><strong>etPolych.</strong></span> <span class='ocrx_word' id='word_1_830' title='bbox 940 4868 990 4919; x_wconf 87' lang='lat' dir='ltr'><strong>in</strong></span> <span class='ocrx_word' id='word_1_831' title='bbox 1015 4868 1212 4921; x_wconf 87' lang='lat' dir='ltr'><strong>Catena</strong></span> <span class='ocrx_word' id='word_1_832' title='bbox 1236 4866 1548 4938; x_wconf 72' lang='lat' dir='ltr'><strong>Grmcorum</strong></span> <span class='ocrx_word' id='word_1_833' title='bbox 1572 4864 1827 4938; x_wconf 68' lang='lat' dir='ltr'><strong>Patrum;</strong></span> 
     </span>
    </p>
   </div>
   <div class='ocr_carea' id='block_1_97' title="bbox 291 4931 1837 5006">
    <p class='ocr_par' dir='ltr' id='par_1_97' title="bbox 291 4931 1837 5006">
     <span class='ocr_line' id='line_1_99' title="bbox 291 4931 1837 5006; baseline -0.001 -17"><span class='ocrx_word' id='word_1_834' title='bbox 291 4931 572 5005; x_wconf 37' lang='lat' dir='ltr'><strong>Nequeunt—9</strong></span> <span class='ocrx_word' id='word_1_835' title='bbox 593 4936 754 4991; x_wconf 85' lang='lat' dir='ltr'><strong>calles</strong></span> <span class='ocrx_word' id='word_1_836' title='bbox 775 4931 1048 4991; x_wconf 64' lang='lat' dir='ltr'><strong>concretus</strong></span> <span class='ocrx_word' id='word_1_837' title='bbox 1071 4954 1147 4997; x_wconf 85' lang='lat' dir='ltr'><strong>es.</strong></span> <span class='ocrx_word' id='word_1_838' title='bbox 1179 4940 1255 4991; x_wconf 75' lang='lat' dir='ltr'><strong>vel</strong></span> <span class='ocrx_word' id='word_1_839' title='bbox 1279 4939 1355 5006; x_wconf 85' lang='lat' dir='ltr'><strong>(ut</strong></span> <span class='ocrx_word' id='word_1_840' title='bbox 1383 4935 1639 4990; x_wconf 77' lang='lat' dir='ltr'><strong>llebrteus</strong></span> <span class='ocrx_word' id='word_1_841' title='bbox 1662 4932 1837 5005; x_wconf 81' lang='lat' dir='ltr'><strong>liabet)</strong></span> 
     </span>
    </p>
   </div>
   <div class='ocr_carea' id='block_1_98' title="bbox 290 5007 1831 5078">
    <p class='ocr_par' dir='ltr' id='par_1_98' title="bbox 290 5007 1831 5078">
     <span class='ocr_line' id='line_1_100' title="bbox 290 5007 1831 5078; baseline 0.003 -25"><span class='ocrx_word' id='word_1_842' title='bbox 290 5017 524 5078; x_wconf 75' lang='lat' dir='ltr'><strong>conreptus</strong></span> <span class='ocrx_word' id='word_1_843' title='bbox 548 5026 669 5064; x_wconf 85' lang='lat' dir='ltr'><strong>es...</strong></span> <span class='ocrx_word' id='word_1_844' title='bbox 699 5007 884 5077; x_wconf 77' lang='lat' dir='ltr'><strong>Neque</strong></span> <span class='ocrx_word' id='word_1_845' title='bbox 913 5009 1331 5061; x_wconf 69' lang='lat' dir='ltr'><strong>constitutionem</strong></span> <span class='ocrx_word' id='word_1_846' title='bbox 1368 5007 1576 5060; x_wconf 85' lang='lat' dir='ltr'><strong>Domini</strong></span> <span class='ocrx_word' id='word_1_847' title='bbox 1612 5007 1831 5073; x_wconf 83' lang='lat' dir='ltr'><strong>audisti,</strong></span> 
     </span>
    </p>
   </div>
   <div class='ocr_carea' id='block_1_99' title="bbox 290 5078 1832 5150">
    <p class='ocr_par' dir='ltr' id='par_1_99' title="bbox 290 5078 1832 5150">
     <span class='ocr_line' id='line_1_101' title="bbox 290 5078 1832 5150; baseline 0.001 -23"><span class='ocrx_word' id='word_1_848' title='bbox 290 5092 369 5150; x_wconf 56' lang='lat' dir='ltr'><strong>pro</strong></span> <span class='ocrx_word' id='word_1_849' title='bbox 412 5096 500 5147; x_wconf 83' lang='lat' dir='ltr'><strong>quo</strong></span> <span class='ocrx_word' id='word_1_850' title='bbox 554 5080 765 5150; x_wconf 80' lang='lat' dir='ltr'><strong>Aquila,</strong></span> <span class='ocrx_word' id='word_1_851' title='bbox 820 5093 1052 5142; x_wconf 86' lang='lat' dir='ltr'><strong>arcana,</strong></span> <span class='ocrx_word' id='word_1_852' title='bbox 1109 5078 1427 5145; x_wconf 76' lang='lat' dir='ltr'><strong>Theodotio,</strong></span> <span class='ocrx_word' id='word_1_853' title='bbox 1473 5078 1832 5150; x_wconf 61' lang='lat' dir='ltr'><strong>mysterium.</strong></span> 
     </span>
    </p>
   </div>
   <div class='ocr_carea' id='block_1_100' title="bbox 293 5144 1835 5220">
    <p class='ocr_par' dir='ltr' id='par_1_100' title="bbox 293 5144 1835 5220">
     <span class='ocr_line' id='line_1_102' title="bbox 293 5144 1835 5220; baseline 0.001 -23"><span class='ocrx_word' id='word_1_854' title='bbox 293 5144 766 5219; x_wconf 42' lang='lat' dir='ltr'><strong>Symmachus-vero,</strong></span> <span class='ocrx_word' id='word_1_855' title='bbox 796 5150 1146 5220; x_wconf 87' lang='lat' dir='ltr'><strong>colloquium,</strong></span> <span class='ocrx_word' id='word_1_856' title='bbox 1173 5144 1447 5203; x_wconf 83' lang='lat' dir='ltr'><strong>reddidit:</strong></span> <span class='ocrx_word' id='word_1_857' title='bbox 1472 5144 1835 5218; x_wconf 80' lang='lat' dir='ltr'><strong>Ilieronymus</strong></span> 
     </span>
    </p>
   </div>
   <div class='ocr_carea' id='block_1_101' title="bbox 292 5219 1835 5291">
    <p class='ocr_par' dir='ltr' id='par_1_101' title="bbox 292 5219 1835 5291">
     <span class='ocr_line' id='line_1_103' title="bbox 292 5219 1835 5291; baseline 0 -20"><span class='ocrx_word' id='word_1_858' title='bbox 292 5232 393 5270; x_wconf 74' lang='lat' dir='ltr'><strong>cum</strong></span> <span class='ocrx_word' id='word_1_859' title='bbox 438 5220 616 5291; x_wconf 78' lang='lat' dir='ltr'><strong>Aquila</strong></span> <span class='ocrx_word' id='word_1_860' title='bbox 668 5220 963 5280; x_wconf 84' lang='lat' dir='ltr'><strong>consentit,</strong></span> <span class='ocrx_word' id='word_1_861' title='bbox 1011 5221 1137 5275; x_wconf 92' lang='lat' dir='ltr'><strong>dum</strong></span> <span class='ocrx_word' id='word_1_862' title='bbox 1185 5221 1375 5291; x_wconf 68' lang='lat' dir='ltr'><strong>Latine</strong></span> <span class='ocrx_word' id='word_1_863' title='bbox 1424 5219 1835 5288; x_wconf 84' lang='lat' dir='ltr'><strong>interpretatur,</strong></span> 
     </span>
    </p>
   </div>
   <div class='ocr_carea' id='block_1_102' title="bbox 292 5290 1404 5358">
    <p class='ocr_par' dir='ltr' id='par_1_102' title="bbox 292 5290 1404 5358">
     <span class='ocr_line' id='line_1_104' title="bbox 292 5290 1404 5358; baseline 0.007 -23"><span class='ocrx_word' id='word_1_864' title='bbox 292 5298 369 5337; x_wconf 84' lang='lat' dir='ltr'><strong>aut</strong></span> <span class='ocrx_word' id='word_1_865' title='bbox 388 5306 557 5345; x_wconf 84' lang='lat' dir='ltr'><strong>arcana</strong></span> <span class='ocrx_word' id='word_1_866' title='bbox 585 5291 797 5345; x_wconf 86' lang='lat' dir='ltr'><strong>Domini</strong></span> <span class='ocrx_word' id='word_1_867' title='bbox 824 5293 1040 5358; x_wconf 79' lang='lat' dir='ltr'><strong>audisti,</strong></span> <span class='ocrx_word' id='word_1_868' title='bbox 1073 5302 1180 5345; x_wconf 92' lang='lat' dir='ltr'><strong>etc.</strong></span> <span class='ocrx_word' id='word_1_869' title='bbox 1210 5290 1404 5344; x_wconf 71' lang='lat' dir='ltr'><strong>MART.‘</strong></span> 
     </span>
    </p>
   </div>
   <div class='ocr_carea' id='block_1_103' title="bbox 357 5359 1837 5445">
    <p class='ocr_par' dir='ltr' id='par_1_103' title="bbox 357 5359 1837 5445">
     <span class='ocr_line' id='line_1_105' title="bbox 357 5359 1837 5445; baseline 0.001 -33"><span class='ocrx_word' id='word_1_870' title='bbox 357 5367 376 5438; x_wconf 65' lang='grc' dir='ltr'><strong><em>ξ</em></strong></span> <span class='ocrx_word' id='word_1_871' title='bbox 402 5364 707 5445; x_wconf 56' lang='grc' dir='ltr'><strong>ιδιιςυειὶηιις</strong></span> <span class='ocrx_word' id='word_1_872' title='bbox 738 5378 842 5430; x_wconf 89' lang='lat' dir='ltr'><strong>qua</strong></span> <span class='ocrx_word' id='word_1_873' title='bbox 871 5378 887 5413; x_wconf 92' lang='lat'><strong><em>:</em></strong></span> <span class='ocrx_word' id='word_1_874' title='bbox 918 5372 1169 5417; x_wconf 89' lang='lat' dir='ltr'><strong>neutrum</strong></span> <span class='ocrx_word' id='word_1_875' title='bbox 1216 5362 1443 5417; x_wconf 73' lang='lat' dir='ltr'><strong>Gl&#39;iL&#39;CUS</strong></span> <span class='ocrx_word' id='word_1_876' title='bbox 1465 5359 1689 5430; x_wconf 88' lang='lat' dir='ltr'><strong>probat,</strong></span> <span class='ocrx_word' id='word_1_877' title='bbox 1742 5359 1837 5415; x_wconf 86' lang='lat' dir='ltr'><strong>sed</strong></span> 
     </span>
    </p>
   </div>
   <div class='ocr_carea' id='block_1_104' title="bbox 356 5446 493 5485">
    <p class='ocr_par' dir='ltr' id='par_1_104' title="bbox 356 5446 493 5485">
     <span class='ocr_line' id='line_1_106' title="bbox 356 5446 493 5485; baseline 0.029 -4"><span class='ocrx_word' id='word_1_878' title='bbox 356 5446 393 5481; x_wconf 84' lang='lat' dir='ltr'><strong>&#39;a</strong></span> <span class='ocrx_word' id='word_1_879' title='bbox 411 5453 493 5485; x_wconf 68' lang='grc' dir='ltr'><strong>ῦτῑο</strong></span> 
     </span>
    </p>
   </div>
   <div class='ocr_carea' id='block_1_105' title="bbox 291 5443 1840 5573">
    <p class='ocr_par' dir='ltr' id='par_1_105' title="bbox 291 5443 1840 5573">
     <span class='ocr_line' id='line_1_107' title="bbox 356 5443 493 5485; baseline 0.029 -4"><span class='ocrx_word' id='word_1_880' title='bbox 356 5443 493 5485; x_wconf 68' lang='lat' dir='ltr'><strong>&#39;am.</strong></span> 
     </span>
     <span class='ocr_line' id='line_1_108' title="bbox 291 5443 1840 5573; baseline 0.001 -20"><span class='ocrx_word' id='word_1_881' title='bbox 291 5443 641 5573; x_wconf 51' lang='lat' dir='ltr'><strong>Willehrmus</strong></span> <span class='ocrx_word' id='word_1_882' title='bbox 698 5501 863 5558; x_wconf 90' lang='lat' dir='ltr'><strong>habet</strong></span> <span class='ocrx_word' id='word_1_883' title='bbox 911 5520 1030 5569; x_wconf 85' lang='lat' dir='ltr'><strong>cor;</strong></span> <span class='ocrx_word' id='word_1_884' title='bbox 1090 5518 1153 5559; x_wconf 90' lang='lat' dir='ltr'><strong>ac</strong></span> <span class='ocrx_word' id='word_1_885' title='bbox 1218 5504 1262 5558; x_wconf 90' lang='lat' dir='ltr'><strong>si</strong></span> <span class='ocrx_word' id='word_1_886' title='bbox 1320 5503 1557 5569; x_wconf 86' lang='lat' dir='ltr'><strong>diceret,</strong></span> <span class='ocrx_word' id='word_1_887' title='bbox 1618 5504 1840 5573; x_wconf 80' lang='lat' dir='ltr'><strong>facultas</strong></span> 
     </span>
    </p>
   </div>
   <div class='ocr_carea' id='block_1_106' title="bbox 292 5570 1840 5643">
    <p class='ocr_par' dir='ltr' id='par_1_106' title="bbox 292 5570 1840 5643">
     <span class='ocr_line' id='line_1_109' title="bbox 292 5570 1840 5643; baseline 0.005 -24"><span class='ocrx_word' id='word_1_888' title='bbox 292 5570 453 5625; x_wconf 69' lang='lat' dir='ltr'><strong>quiusa:</strong></span> <span class='ocrx_word' id='word_1_889' title='bbox 478 5572 651 5627; x_wconf 85' lang='lat' dir='ltr'><strong>visibili</strong></span> <span class='ocrx_word' id='word_1_890' title='bbox 681 5574 810 5627; x_wconf 71' lang='lat' dir='ltr'><strong>luxu</strong></span> <span class='ocrx_word' id='word_1_891' title='bbox 848 5584 896 5629; x_wconf 86' lang='lat' dir='ltr'><strong>el</strong></span> <span class='ocrx_word' id='word_1_892' title='bbox 937 5575 1135 5630; x_wconf 68' lang='lat' dir='ltr'><strong>deliciis</strong></span> <span class='ocrx_word' id='word_1_893' title='bbox 1179 5576 1437 5629; x_wconf 75' lang='lat' dir='ltr'><strong>obcwcula</strong></span> <span class='ocrx_word' id='word_1_894' title='bbox 1481 5585 1550 5627; x_wconf 72' lang='lat' dir='ltr'><strong>est</strong></span> <span class='ocrx_word' id='word_1_895' title='bbox 1570 5591 1589 5639; x_wconf 90' lang='lat'><strong><em>;</em></strong></span> <span class='ocrx_word' id='word_1_896' title='bbox 1618 5570 1715 5643; x_wconf 82' lang='lat' dir='ltr'><strong>pro</strong></span> <span class='ocrx_word' id='word_1_897' title='bbox 1748 5576 1840 5628; x_wconf 90' lang='lat' dir='ltr'><strong>illo</strong></span> 
     </span>
    </p>
   </div>
   <div class='ocr_carea' id='block_1_107' title="bbox 293 5644 1843 5724">
    <p class='ocr_par' dir='ltr' id='par_1_107' title="bbox 293 5644 1843 5724">
     <span class='ocr_line' id='line_1_110' title="bbox 293 5644 1843 5724; baseline 0.017 -33"><span class='ocrx_word' id='word_1_898' title='bbox 293 5655 407 5724; x_wconf 63' lang='lat' dir='ltr'><strong>vero</strong></span> <span class='ocrx_word' id='word_1_899' title='bbox 431 5644 766 5724; x_wconf 40' lang='lat' dir='ltr'><strong>peristo‘rni‘um</strong></span> <span class='ocrx_word' id='word_1_900' title='bbox 796 5644 814 5717; x_wconf 93' lang='lat'>[</span> <span class='ocrx_word' id='word_1_901' title='bbox 839 5663 943 5702; x_wconf 91' lang='lat' dir='ltr'><strong>ms.</strong></span> <span class='ocrx_word' id='word_1_902' title='bbox 988 5648 1275 5724; x_wconf 61' lang='lat' dir='ltr'><strong>capistrum</strong></span> <span class='ocrx_word' id='word_1_903' title='bbox 1315 5644 1376 5724; x_wconf 45' lang='grc' dir='ltr'><strong>[ε.</strong></span> <span class='ocrx_word' id='word_1_904' title='bbox 1406 5646 1601 5724; x_wconf 41' lang='lat' dir='ltr'><strong>hab”:</strong></span> <span class='ocrx_word' id='word_1_905' title='bbox 1630 5645 1843 5724; x_wconf 67' lang='grc' dir='ltr'><strong>ρὶησηςε-</strong></span> 
     </span>
    </p>
   </div>
   <div class='ocr_carea' id='block_1_108' title="bbox 293 5711 1845 5789">
    <p class='ocr_par' dir='ltr' id='par_1_108' title="bbox 293 5711 1845 5789">
     <span class='ocr_line' id='line_1_111' title="bbox 293 5711 1845 5789; baseline 0.005 -29"><span class='ocrx_word' id='word_1_906' title='bbox 293 5711 437 5789; x_wconf 56' lang='grc' dir='ltr'><strong>έίηενέ</strong></span> <span class='ocrx_word' id='word_1_907' title='bbox 489 5724 533 5789; x_wconf 77' lang='lat' dir='ltr'><strong>e_t</strong></span> <span class='ocrx_word' id='word_1_908' title='bbox 573 5711 885 5789; x_wconf 63' lang='lat' dir='ltr'><strong>diploidein,</strong></span> <span class='ocrx_word' id='word_1_909' title='bbox 955 5711 1065 5777; x_wconf 67' lang='lat' dir='ltr'><strong>etc.</strong></span> <span class='ocrx_word' id='word_1_910' title='bbox 1120 5720 1263 5775; x_wconf 65' lang='lat' dir='ltr'><strong>Haec</strong></span> <span class='ocrx_word' id='word_1_911' title='bbox 1316 5711 1742 5789; x_wconf 76' lang='lat' dir='ltr'><strong>Olympiodorus</strong></span> <span class='ocrx_word' id='word_1_912' title='bbox 1792 5715 1845 5768; x_wconf 92' lang='lat' dir='ltr'><strong>in</strong></span> 
     </span>
    </p>
   </div>
   <div class='ocr_carea' id='block_1_109' title="bbox 290 5778 910 5845">
    <p class='ocr_par' dir='ltr' id='par_1_109' title="bbox 290 5778 910 5845">
     <span class='ocr_line' id='line_1_112' title="bbox 290 5778 910 5845; baseline 0.018 -11"><span class='ocrx_word' id='word_1_913' title='bbox 290 5778 463 5839; x_wconf 85' lang='lat' dir='ltr'><strong>Catena</strong></span> <span class='ocrx_word' id='word_1_914' title='bbox 489 5786 579 5843; x_wconf 87' lang='lat' dir='ltr'><strong>Gr.</strong></span> <span class='ocrx_word' id='word_1_915' title='bbox 607 5778 708 5842; x_wconf 71' lang='lat' dir='ltr'><strong>PP.</strong></span> <span class='ocrx_word' id='word_1_916' title='bbox 739 5778 910 5845; x_wconf 69' lang='lat' dir='ltr'><strong>Msnr.</strong></span> 
     </span>
    </p>
   </div>
   <div class='ocr_carea' id='block_1_110' title="bbox 2019 4630 3531 4701">
    <p class='ocr_par' dir='ltr' id='par_1_110' title="bbox 2019 4630 3531 4701">
     <span class='ocr_line' id='line_1_113' title="bbox 2019 4630 3531 4701; baseline -0.008 -1"><span class='ocrx_word' id='word_1_917' title='bbox 2019 4649 2029 4685; x_wconf 74' lang='grc' dir='ltr'><strong>ί</strong></span> <span class='ocrx_word' id='word_1_918' title='bbox 2066 4630 2420 4700; x_wconf 76' lang='lat' dir='ltr'><strong>Restituimus</strong></span> <span class='ocrx_word' id='word_1_919' title='bbox 2446 4640 2511 4691; x_wconf 91' lang='lat' dir='ltr'><strong>ad</strong></span> <span class='ocrx_word' id='word_1_920' title='bbox 2541 4638 2787 4692; x_wconf 65' lang='lat' dir='ltr'><strong>Griecum</strong></span> <span class='ocrx_word' id='word_1_921' title='bbox 2811 4635 3087 4701; x_wconf 79' lang='lat' dir='ltr'><strong>exemplar</strong></span> <span class='ocrx_word' id='word_1_922' title='bbox 3110 4676 3123 4699; x_wconf 95' lang='lat'><strong>,</strong></span> <span class='ocrx_word' id='word_1_923' title='bbox 3166 4640 3221 4684; x_wconf 87' lang='lat' dir='ltr'><strong>et</strong></span> <span class='ocrx_word' id='word_1_924' title='bbox 3251 4630 3531 4700; x_wconf 58' lang='lat' dir='ltr'><strong>Augustini</strong></span> 
     </span>
    </p>
   </div>
   <div class='ocr_carea' id='block_1_111' title="bbox 1938 4704 3534 4779">
    <p class='ocr_par' dir='ltr' id='par_1_111' title="bbox 1938 4704 3534 4779">
     <span class='ocr_line' id='line_1_114' title="bbox 1938 4704 3534 4779; baseline -0.011 -5"><span class='ocrx_word' id='word_1_925' title='bbox 1938 4718 2224 4774; x_wconf 88' lang='lat' dir='ltr'><strong>lectionem</strong></span> <span class='ocrx_word' id='word_1_926' title='bbox 2252 4756 2266 4779; x_wconf 90' lang='lat'><strong>,</strong></span> <span class='ocrx_word' id='word_1_927' title='bbox 2306 4710 2671 4763; x_wconf 78' lang='lat' dir='ltr'><strong>Consolatores</strong></span> <span class='ocrx_word' id='word_1_928' title='bbox 2703 4706 2959 4760; x_wconf 85' lang='lat' dir='ltr'><strong>malorum</strong></span> <span class='ocrx_word' id='word_1_929' title='bbox 2975 4719 3178 4768; x_wconf 83' lang='lat' dir='ltr'><strong>onmes,</strong></span> <span class='ocrx_word' id='word_1_930' title='bbox 3211 4717 3309 4772; x_wconf 82' lang='lat' dir='ltr'><strong>pro</strong></span> <span class='ocrx_word' id='word_1_931' title='bbox 3337 4704 3534 4772; x_wconf 88' lang='lat' dir='ltr'><strong>quibus</strong></span> 
     </span>
    </p>
   </div>
   <div class='ocr_carea' id='block_1_112' title="bbox 1938 4780 3030 4855">
    <p class='ocr_par' dir='ltr' id='par_1_112' title="bbox 1938 4780 3030 4855">
     <span class='ocr_line' id='line_1_115' title="bbox 1938 4780 3030 4855; baseline -0.019 -10"><span class='ocrx_word' id='word_1_932' title='bbox 1938 4800 2056 4845; x_wconf 84' lang='lat' dir='ltr'><strong>erat</strong></span> <span class='ocrx_word' id='word_1_933' title='bbox 2080 4830 2095 4853; x_wconf 93' lang='lat'><strong>,</strong></span> <span class='ocrx_word' id='word_1_934' title='bbox 2127 4780 2638 4855; x_wconf 8' lang='lat' dir='ltr'><strong>Consolatoresjrnali</strong></span> <span class='ocrx_word' id='word_1_935' title='bbox 2662 4794 2760 4855; x_wconf 63' lang='lat' dir='ltr'><strong>vos</strong></span> <span class='ocrx_word' id='word_1_936' title='bbox 2776 4792 2971 4855; x_wconf 70' lang='lat' dir='ltr'><strong>omnes.</strong></span> <span class='ocrx_word' id='word_1_937' title='bbox 3020 4845 3030 4855; x_wconf 40' lang='lat'><strong><em>.</em></strong></span> 
     </span>
    </p>
   </div>
   <div class='ocr_carea' id='block_1_113' title="bbox 2008 4843 3531 4923">
    <p class='ocr_par' dir='ltr' id='par_1_113' title="bbox 2008 4843 3531 4923">
     <span class='ocr_line' id='line_1_116' title="bbox 2008 4843 3531 4923; baseline -0.011 -10"><span class='ocrx_word' id='word_1_938' title='bbox 2008 4843 2213 4911; x_wconf 51' lang='grc' dir='ltr'><strong>-Ῥιηο</strong></span> <span class='ocrx_word' id='word_1_939' title='bbox 2243 4869 2350 4923; x_wconf 86' lang='lat' dir='ltr'><strong>quo</strong></span> <span class='ocrx_word' id='word_1_940' title='bbox 2373 4852 2589 4923; x_wconf 80' lang='lat' dir='ltr'><strong>Aquila,</strong></span> <span class='ocrx_word' id='word_1_941' title='bbox 2616 4848 2787 4923; x_wconf 80' lang='lat' dir='ltr'><strong>inquit</strong></span> <span class='ocrx_word' id='word_1_942' title='bbox 2817 4843 3263 4923; x_wconf 79' lang='lat' dir='ltr'><strong>0|yr_upiodorus_,</strong></span> <span class='ocrx_word' id='word_1_943' title='bbox 3292 4844 3531 4923; x_wconf 79' lang='lat' dir='ltr'><strong>consola-</strong></span> 
     </span>
    </p>
   </div>
   <div class='ocr_carea' id='block_1_114' title="bbox 1940 4914 3536 4992">
    <p class='ocr_par' dir='ltr' id='par_1_114' title="bbox 1940 4914 3536 4992">
     <span class='ocr_line' id='line_1_117' title="bbox 1940 4914 3536 4992; baseline -0.01 -9"><span class='ocrx_word' id='word_1_944' title='bbox 1940 4938 2074 4984; x_wconf 80' lang='lat' dir='ltr'><strong>tores</strong></span> <span class='ocrx_word' id='word_1_945' title='bbox 2104 4914 2377 4989; x_wconf 70' lang='lat' dir='ltr'><strong>laborum;</strong></span> <span class='ocrx_word' id='word_1_946' title='bbox 2406 4914 3119 4992; x_wconf 15' lang='lat' dir='ltr'><strong>Tlieodotio,Acons’olatores</strong></span> <span class='ocrx_word' id='word_1_947' title='bbox 3148 4916 3536 4992; x_wconf 78' lang='lat' dir='ltr'><strong>molestiarum;</strong></span> 
     </span>
    </p>
   </div>
   <div class='ocr_carea' id='block_1_115' title="bbox 1939 4984 3535 5072">
    <p class='ocr_par' dir='ltr' id='par_1_115' title="bbox 1939 4984 3535 5072">
     <span class='ocr_line' id='line_1_118' title="bbox 1939 4984 3535 5072; baseline -0.009 -18"><span class='ocrx_word' id='word_1_948' title='bbox 1939 5000 2305 5072; x_wconf 82' lang='lat' dir='ltr'><strong>Symmachus</strong></span> <span class='ocrx_word' id='word_1_949' title='bbox 2325 4984 2829 5072; x_wconf 77' lang='lat' dir='ltr'><strong>autem_dilucidius</strong></span> <span class='ocrx_word' id='word_1_950' title='bbox 2871 4984 3142 5050; x_wconf 84' lang='lat' dir='ltr'><strong>reddidit,</strong></span> <span class='ocrx_word' id='word_1_951' title='bbox 3180 4987 3535 5040; x_wconf 82' lang='lat' dir='ltr'><strong>consolatores</strong></span> 
     </span>
    </p>
   </div>
   <div class='ocr_carea' id='block_1_116' title="bbox 1940 5063 2691 5127">
    <p class='ocr_par' dir='ltr' id='par_1_116' title="bbox 1940 5063 2691 5127">
     <span class='ocr_line' id='line_1_119' title="bbox 1940 5063 2691 5127; baseline -0.023 -1"><span class='ocrx_word' id='word_1_952' title='bbox 1940 5063 2111 5127; x_wconf 68' lang='lat' dir='ltr'><strong>auritos</strong></span> <span class='ocrx_word' id='word_1_953' title='bbox 2143 5070 2307 5123; x_wconf 73' lang='lat' dir='ltr'><strong>odiosi</strong></span> <span class='ocrx_word' id='word_1_954' title='bbox 2338 5066 2479 5119; x_wconf 82' lang='lat' dir='ltr'><strong>estis.</strong></span> <span class='ocrx_word' id='word_1_955' title='bbox 2514 5063 2691 5115; x_wconf 78' lang='grc' dir='ltr'><strong>ΜΑιιτ.</strong></span> 
     </span>
    </p>
   </div>
   <div class='ocr_carea' id='block_1_117' title="bbox 2014 5125 3531 5205">
    <p class='ocr_par' dir='ltr' id='par_1_117' title="bbox 2014 5125 3531 5205">
     <span class='ocr_line' id='line_1_120' title="bbox 2014 5125 3531 5205; baseline -0.011 -10"><span class='ocrx_word' id='word_1_956' title='bbox 2014 5142 2026 5192; x_wconf 82' lang='lat' dir='ltr'><strong>i</strong></span> <span class='ocrx_word' id='word_1_957' title='bbox 2069 5141 2228 5196; x_wconf 84' lang='lat' dir='ltr'><strong>Falso</strong></span> <span class='ocrx_word' id='word_1_958' title='bbox 2263 5140 2468 5205; x_wconf 86' lang='lat' dir='ltr'><strong>legerat</strong></span> <span class='ocrx_word' id='word_1_959' title='bbox 2515 5133 2903 5205; x_wconf 46' lang='grc' dir='ltr'><strong>ιδΙιιιιίεξηειξιιεςἓ</strong></span> <span class='ocrx_word' id='word_1_960' title='bbox 2926 5142 3026 5179; x_wconf 82' lang='lat' dir='ltr'><strong>non</strong></span> <span class='ocrx_word' id='word_1_961' title='bbox 3077 5125 3252 5205; x_wconf 78' lang='lat' dir='ltr'><strong>delebo</strong></span> <span class='ocrx_word' id='word_1_962' title='bbox 3282 5128 3494 5205; x_wconf 65' lang='lat' dir='ltr'><strong>vulnera</strong></span> <span class='ocrx_word' id='word_1_963' title='bbox 3516 5167 3531 5189; x_wconf 94' lang='lat'><strong>,</strong></span> 
     </span>
    </p>
   </div>
   <div class='ocr_carea' id='block_1_118' title="bbox 1939 5197 3535 5282">
    <p class='ocr_par' dir='ltr' id='par_1_118' title="bbox 1939 5197 3535 5282">
     <span class='ocr_line' id='line_1_121' title="bbox 1939 5197 3535 5282; baseline -0.016 -13"><span class='ocrx_word' id='word_1_964' title='bbox 1939 5229 2038 5282; x_wconf 89' lang='lat' dir='ltr'><strong>pro</strong></span> <span class='ocrx_word' id='word_1_965' title='bbox 2088 5229 2187 5265; x_wconf 83' lang='lat' dir='ltr'><strong>non</strong></span> <span class='ocrx_word' id='word_1_966' title='bbox 2241 5197 2420 5262; x_wconf 63' lang='lat' dir='ltr'><strong>doEbo</strong></span> <span class='ocrx_word' id='word_1_967' title='bbox 2450 5205 2657 5257; x_wconf 75' lang='lat' dir='ltr'><strong>vulnere</strong></span> <span class='ocrx_word' id='word_1_968' title='bbox 2684 5199 2836 5282; x_wconf 71' lang='lat' dir='ltr'><strong>juxta</strong></span> <span class='ocrx_word' id='word_1_969' title='bbox 2865 5197 3113 5282; x_wconf 62' lang='lat' dir='ltr'><strong>Gnaeum</strong></span> <span class='ocrx_word' id='word_1_970' title='bbox 3142 5240 3156 5263; x_wconf 92' lang='lat'><strong>,</strong></span> <span class='ocrx_word' id='word_1_971' title='bbox 3203 5201 3289 5252; x_wconf 79' lang='grc' dir='ltr'><strong>οὐκ</strong></span> <span class='ocrx_word' id='word_1_972' title='bbox 3328 5198 3535 5282; x_wconf 42' lang='lat' dir='ltr'><strong>arma,</strong></span> 
     </span>
    </p>
   </div>
   <div class='ocr_carea' id='block_1_119' title="bbox 1939 5268 3534 5359">
    <p class='ocr_par' dir='ltr' id='par_1_119' title="bbox 1939 5268 3534 5359">
     <span class='ocr_line' id='line_1_122' title="bbox 1939 5268 3534 5359; baseline -0.021 -20"><span class='ocrx_word' id='word_1_973' title='bbox 1939 5268 2007 5359; x_wconf 36' lang='lat' dir='ltr'><strong>ad</strong></span> <span class='ocrx_word' id='word_1_974' title='bbox 2042 5285 2261 5359; x_wconf 57' lang='grc' dir='ltr'><strong><em>τραρμἀ</em></strong></span> <span class='ocrx_word' id='word_1_975' title='bbox 2294 5300 2427 5349; x_wconf 72' lang='grc' dir='ltr'>μου,</span> <span class='ocrx_word' id='word_1_976' title='bbox 2477 5268 2932 5342; x_wconf 84' lang='lat' dir='ltr'><strong>quemadmodum</strong></span> <span class='ocrx_word' id='word_1_977' title='bbox 2984 5270 3045 5323; x_wconf 83' lang='lat' dir='ltr'><strong>S.</strong></span> <span class='ocrx_word' id='word_1_978' title='bbox 3091 5281 3307 5337; x_wconf 80' lang='lat' dir='ltr'><strong>quoque</strong></span> <span class='ocrx_word' id='word_1_979' title='bbox 3353 5269 3534 5335; x_wconf 71' lang='lat' dir='ltr'><strong>Augu-</strong></span> 
     </span>
    </p>
   </div>
   <div class='ocr_carea' id='block_1_120' title="bbox 1996 5355 2293 5405">
    <p class='ocr_par' dir='ltr' id='par_1_120' title="bbox 1996 5355 2293 5405">
     <span class='ocr_line' id='line_1_123' title="bbox 1996 5355 2293 5405; baseline -0.007 0"><span class='ocrx_word' id='word_1_980' title='bbox 1996 5355 2114 5405; x_wconf 78' lang='lat' dir='ltr'><strong>imis</strong></span> <span class='ocrx_word' id='word_1_981' title='bbox 2145 5356 2293 5405; x_wconf 69' lang='lat' dir='ltr'><strong>ICEII.</strong></span> 
     </span>
    </p>
   </div>
   <div class='ocr_carea' id='block_1_121' title="bbox 1940 5367 3536 5479">
    <p class='ocr_par' dir='ltr' id='par_1_121' title="bbox 1940 5367 3536 5479">
     <span class='ocr_line' id='line_1_124' title="bbox 2102 5370 2225 5391; baseline 0 0"><span class='ocrx_word' id='word_1_982' title='bbox 2102 5372 2111 5380; x_wconf 63' lang='grc' dir='ltr'><strong>η</strong></span> <span class='ocrx_word' id='word_1_983' title='bbox 2181 5370 2225 5391; x_wconf 68' lang='grc' dir='ltr'><strong>ην</strong></span> 
     </span>
     <span class='ocr_line' id='line_1_125' title="bbox 1940 5367 3536 5479; baseline -0.004 -12"><span class='ocrx_word' id='word_1_984' title='bbox 1940 5367 2293 5476; x_wconf 48' lang='grc' dir='ltr'><strong>διιῗιὶᾷυιδῖἰζιιι.</strong></span> <span class='ocrx_word' id='word_1_985' title='bbox 2332 5416 2511 5478; x_wconf 85' lang='lat' dir='ltr'><strong>dolor,</strong></span> <span class='ocrx_word' id='word_1_986' title='bbox 2553 5410 2696 5479; x_wconf 86' lang='lat' dir='ltr'><strong>quod</strong></span> <span class='ocrx_word' id='word_1_987' title='bbox 2728 5409 2947 5477; x_wconf 87' lang='lat' dir='ltr'><strong>proprie</strong></span> <span class='ocrx_word' id='word_1_988' title='bbox 2979 5409 3033 5462; x_wconf 91' lang='lat' dir='ltr'><strong>in</strong></span> <span class='ocrx_word' id='word_1_989' title='bbox 3062 5407 3250 5462; x_wconf 59' lang='lat' dir='ltr'><strong>Graeco</strong></span> <span class='ocrx_word' id='word_1_990' title='bbox 3281 5421 3390 5461; x_wconf 86' lang='lat' dir='ltr'><strong>non</strong></span> <span class='ocrx_word' id='word_1_991' title='bbox 3420 5416 3536 5475; x_wconf 88' lang='lat' dir='ltr'><strong>est,</strong></span> 
     </span>
    </p>
   </div>
   <div class='ocr_carea' id='block_1_122' title="bbox 1946 5481 2965 5561">
    <p class='ocr_par' dir='ltr' id='par_1_122' title="bbox 1946 5481 2965 5561">
     <span class='ocr_line' id='line_1_126' title="bbox 1946 5481 2965 5561; baseline -0.018 -12"><span class='ocrx_word' id='word_1_992' title='bbox 1946 5510 2015 5549; x_wconf 86' lang='lat' dir='ltr'><strong>ne</strong></span> <span class='ocrx_word' id='word_1_993' title='bbox 2045 5495 2158 5561; x_wconf 87' lang='lat' dir='ltr'><strong>ipse</strong></span> <span class='ocrx_word' id='word_1_994' title='bbox 2184 5489 2409 5561; x_wconf 73' lang='lat' dir='ltr'><strong>quidem</strong></span> <span class='ocrx_word' id='word_1_995' title='bbox 2431 5483 2760 5561; x_wconf 68' lang='lat' dir='ltr'><strong>Augustinus</strong></span> <span class='ocrx_word' id='word_1_996' title='bbox 2792 5481 2965 5533; x_wconf 81' lang='lat' dir='ltr'><strong>novit.</strong></span> 
     </span>
    </p>
   </div>
   <div class='ocr_carea' id='block_1_123' title="bbox 2026 5548 3536 5627">
    <p class='ocr_par' dir='ltr' id='par_1_123' title="bbox 2026 5548 3536 5627">
     <span class='ocr_line' id='line_1_127' title="bbox 2026 5548 3536 5627; baseline -0.008 -13"><span class='ocrx_word' id='word_1_997' title='bbox 2026 5548 2229 5627; x_wconf 73' lang='grc' dir='ltr'><strong>ιἈρυὶι</strong></span> <span class='ocrx_word' id='word_1_998' title='bbox 2273 5558 2329 5613; x_wconf 89' lang='lat' dir='ltr'><strong>S.</strong></span> <span class='ocrx_word' id='word_1_999' title='bbox 2387 5548 2743 5622; x_wconf 75' lang='lat' dir='ltr'><strong>Anguslinum</strong></span> <span class='ocrx_word' id='word_1_1000' title='bbox 2788 5550 3059 5627; x_wconf 71' lang='lat' dir='ltr'><strong>respondi,</strong></span> <span class='ocrx_word' id='word_1_1001' title='bbox 3094 5548 3185 5616; x_wconf 89' lang='lat' dir='ltr'><strong>qui</strong></span> <span class='ocrx_word' id='word_1_1002' title='bbox 3241 5562 3367 5601; x_wconf 83' lang='lat' dir='ltr'><strong>mox</strong></span> <span class='ocrx_word' id='word_1_1003' title='bbox 3400 5549 3536 5627; x_wconf 70' lang='lat' dir='ltr'><strong>enim</strong></span> 
     </span>
    </p>
   </div>
   <div class='ocr_carea' id='block_1_124' title="bbox 1948 5619 3536 5693">
    <p class='ocr_par' dir='ltr' id='par_1_124' title="bbox 1948 5619 3536 5693">
     <span class='ocr_line' id='line_1_128' title="bbox 1948 5619 3536 5693; baseline -0.009 -8"><span class='ocrx_word' id='word_1_1004' title='bbox 1948 5619 2261 5687; x_wconf 75' lang='lat' dir='ltr'><strong>adverbium</strong></span> <span class='ocrx_word' id='word_1_1005' title='bbox 2291 5619 2493 5681; x_wconf 80' lang='lat' dir='ltr'><strong>rectius</strong></span> <span class='ocrx_word' id='word_1_1006' title='bbox 2527 5619 2935 5693; x_wconf 34' lang='lat' dir='ltr'><strong>prieterrnittit‘:</strong></span> <span class='ocrx_word' id='word_1_1007' title='bbox 2973 5629 3083 5674; x_wconf 91' lang='lat' dir='ltr'><strong>tum</strong></span> <span class='ocrx_word' id='word_1_1008' title='bbox 3124 5619 3536 5693; x_wconf 27' lang='lat' dir='ltr'><strong>verodomnium</strong></span> 
     </span>
    </p>
   </div>
   <div class='ocr_carea' id='block_1_125' title="bbox 1950 5689 3533 5769">
    <p class='ocr_par' dir='ltr' id='par_1_125' title="bbox 1950 5689 3533 5769">
     <span class='ocr_line' id='line_1_129' title="bbox 1950 5689 3533 5769; baseline -0.011 -13"><span class='ocrx_word' id='word_1_1009' title='bbox 1950 5702 2151 5768; x_wconf 81' lang='lat' dir='ltr'><strong>optime</strong></span> <span class='ocrx_word' id='word_1_1010' title='bbox 2176 5699 2356 5767; x_wconf 68' lang='lat' dir='ltr'><strong>dejecit</strong></span> <span class='ocrx_word' id='word_1_1011' title='bbox 2384 5712 2483 5761; x_wconf 86' lang='lat' dir='ltr'><strong>me,</strong></span> <span class='ocrx_word' id='word_1_1012' title='bbox 2518 5689 2645 5763; x_wconf 77' lang='lat' dir='ltr'><strong>legit</strong></span> <span class='ocrx_word' id='word_1_1013' title='bbox 2681 5692 2831 5769; x_wconf 76' lang='lat' dir='ltr'><strong>juxta</strong></span> <span class='ocrx_word' id='word_1_1014' title='bbox 2867 5689 3117 5769; x_wconf 65' lang='grc' dir='ltr'><strong>βττρευιι)</strong></span> <span class='ocrx_word' id='word_1_1015' title='bbox 3150 5689 3417 5769; x_wconf 59' lang='grc' dir='ltr'><strong>μετέϐαλλὲ</strong></span> <span class='ocrx_word' id='word_1_1016' title='bbox 3447 5709 3533 5765; x_wconf 56' lang='grc' dir='ltr'><strong>μς,</strong></span> 
     </span>
    </p>
   </div>
   <div class='ocr_carea' id='block_1_126' title="bbox 1952 5761 3537 5843">
    <p class='ocr_par' dir='ltr' id='par_1_126' title="bbox 1952 5761 3537 5843">
     <span class='ocr_line' id='line_1_130' title="bbox 1952 5761 3537 5843; baseline -0.013 -16"><span class='ocrx_word' id='word_1_1017' title='bbox 1952 5761 2409 5843; x_wconf 78' lang='lat' dir='ltr'><strong>quemadmodum</strong></span> <span class='ocrx_word' id='word_1_1018' title='bbox 2459 5776 2510 5823; x_wconf 91' lang='lat' dir='ltr'><strong>et</strong></span> <span class='ocrx_word' id='word_1_1019' title='bbox 2542 5761 2639 5821; x_wconf 59' lang='lat' dir='ltr'><strong>nos</strong></span> <span class='ocrx_word' id='word_1_1020' title='bbox 2670 5761 3024 5817; x_wconf 79' lang='lat' dir='ltr'><strong>restitnimus.</strong></span> <span class='ocrx_word' id='word_1_1021' title='bbox 3078 5763 3221 5817; x_wconf 81' lang='lat' dir='ltr'><strong>Satis</strong></span> <span class='ocrx_word' id='word_1_1022' title='bbox 3250 5770 3426 5813; x_wconf 86' lang='lat' dir='ltr'><strong>autem</strong></span> <span class='ocrx_word' id='word_1_1023' title='bbox 3458 5761 3537 5807; x_wconf 74' lang='lat' dir='ltr'><strong>vi~</strong></span> 
     </span>
    </p>
   </div>
  </div>
