3960 6208
223 305 286 362 85
1321 295 1523 350 LIBER
1561 293 1702 350 JOB.
1737 293 2011 350 ALTERA
2045 292 2316 350 VERSIO.
3404 300 3473 356 86

219 422 290 478 sit
317 433 502 476 nomen
527 417 635 486 ejus
666 414 719 469 in
742 413 873 468 facie
893 409 1188 481 platearum
1221 427 1235 466 :
1264 420 1317 465 et
1346 411 1581 480 pellatur
1601 409 1668 463 de
1697 408 1779 461 lu-
1804 407 1853 468 Α
1885 407 2046 473 mihi,
2079 409 2414 464 miseremini
2446 408 2574 478 mei,
2607 421 2640 463 o
2665 408 2853 464 amici!
2881 408 3068 466 Manus
3089 409 3235 466 enim
3266 407 3479 464 Domini

229 515 366 566 mine
389 511 436 563 in
466 507 743 563 tenebras:
771 515 820 558 et
849 519 951 558 neu
981 503 1050 557 sit
1078 502 1459 572 cognoscibilis
1491 504 1542 556 in
1577 500 1778 570 populo

225 618 321 656 suo
338 643 352 668 ,
378 615 468 655 nec
491 599 781 654 resolvetur
806 596 905 648 snh
929 595 1066 650 ccelo
1087 595 1280 649 domus
1307 595 1452 664 ejus;
1479 595 1573 648 sed
1606 595 1656 647 in
1684 608 1777 662 po-

225 696 342 764 pulo
361 693 464 760 ejus
485 692 663 745 vivant
687 689 862 743 alteri.
892 689 1068 758 Super
1088 703 1212 743 eum
1239 702 1431 757 genite.
1453 695 1549 741 unt
1572 686 1740 740 intimi
1760 726 1774 751 ,

221 796 270 839 ct
300 799 527 851 proceres
559 783 723 837 tenuit
755 781 1095 834 miraculum.
1127 781 1252 834 llaec
1279 788 1407 834 sunt
1435 780 1629 835 domus
1673 780 1776 832 iu:-

218 877 437 946 piorum,
465 883 517 930 et
539 873 626 928 hic
652 883 731 926 est
754 873 902 926 locus
928 871 1288 942 ignorantium
1319 872 1507 926 lteum.

519 999 850 1040 IESPOSDENS
888 1000 1065 1039 ΔΕΤΕΙΙ
1103 998 1214 1048 108,
1255 998 1441 1039 υιιῐτε

269 1079 412 1150 (Cap.
440 1076 608 1147 XIXJ
647 1079 934 1145 Quousque
959 1076 1194 1145 fatigatis
1217 1077 1451 1129 animam
1485 1088 1688 1139 meam,
1720 1083 1776 1132 et

204 1171 466 1228 destruitis
483 1187 567 1225 me
586 1170 789 1225 verbis?
801 1170 1003 1224 Scitote
1019 1177 1247 1233 tantum,
1263 1167 1384 1237 quia
1402 1165 1770 1240 Doniiuus[M.

211 1263 356 1333 Deus]
371 1263 491 1318 fecit
507 1261 638 1317 mihi
662 1262 759 1316 sic.
779 1269 804 1298 ι
823 1257 1116 1315 Detrahitis
1131 1271 1242 1326 me,
1264 1267 1319 1314 et
1333 1274 1437 1313 non
1450 1259 1774 1314 erubescitis

207 1355 496 1411 incumbere
520 1355 670 1408 mihi.
718 1352 824 1410 Sed
867 1362 1018 1417 esto,
1058 1365 1186 1406 vere
1209 1365 1312 1423 ego
1332 1351 1528 1417 erravi,
1557 1360 1611 1406 et
1631 1351 1773 1422 apud

207 1464 280 1502 me
307 1447 507 1501 habitat
534 1457 683 1500 error
713 1460 772 1500 -ε-
809 1451 867 1498 ut
896 1444 1153 1514 loquerer
1183 1442 1410 1497 verbum
1430 1482 1445 1508 ,
1491 1439 1634 1513 quod
1663 1457 1775 1497 non

205 1537 464 1609 oportebat
499 1550 556 1591 σθ
585 1547 637 1591 et
660 1549 942 1592 sermones
970 1533 1076 1590 mei
1119 1543 1309 1597 erant,
1340 1543 1395 1590 et
1423 1549 1539 1588 non
1562 1541 1691 1589 sunt
1719 1534 1774 1588 in

208 1639 425 1699 tempore
457 1629 478 1696 1
511 1628 622 1684 Cur
643 1635 826 1684 autem
844 1639 940 1682 vos
961 1627 1014 1682 in
1038 1642 1126 1682 me
1146 1626 1481 1691 cxaltamini,
1506 1635 1560 1682 et
1579 1640 1774 1697 expro-

207 1722 352 1777 bratis
369 1721 494 1777 mihi
517 1720 901 1792 opprobrium?
917 1720 1122 1777 Scitote
1136 1735 1264 1792 ergo
1281 1721 1405 1791 quia
1424 1721 1680 1776 Dominus
1691 1713 1776 1776 esl

206 1813 282 1882 qui
302 1828 378 1869 me
394 1787 661 1870 turbavit:
681 1824 734 1869 et
746 1813 950 1868 vallum
963 1828 1119 1868 suum
1135 1787 1276 1868 circa
1292 1787 1378 1868 rue
1391 1811 1772 1869 circumdedit.
1809 1787 1852 1846 Β

208 1903 327 1960 Ecce
353 1903 377 1943 δ
396 1903 546 1960 rideo
575 1904 905 1976 opprobria,
933 1914 986 1960 et
1011 1919 1117 1959 non
1149 1904 1338 1975 loquar
1365 1921 1377 1959 :
1406 1904 1652 1961 clamabo
1673 1947 1688 1972 ,
1720 1915 1778 1961 et

206 2010 438 2065 nusquam
491 2005 576 2051 cst
630 1994 924 2065 judicium.
971 2006 994 2034 ε
1051 2000 1114 2061 ἲς(
1158 1994 1561 2066 Circumseptus
1612 2010 1773 2065 sum,

203 2101 288 2141 nec
312 2086 457 2142 vado.
508 2086 566 2142 lu
595 2087 750 2143 vultu
795 2102 917 2142 meo
948 2086 1207 2142 tenebras
1235 2087 1456 2157 posuit,
1505 2096 1561 2142 et
1603 2088 1777 2158 gloria

203 2195 275 2233 me
296 2182 464 2245 exuit,
513 2189 570 2236 et
618 2180 849 2235 abstulit
896 2193 1153 2240 coronam
1185 2179 1252 2234 de
1289 2181 1466 2249 capite
1517 2196 1668 2244 meo,
1724 2191 1778 2236 et

200 2271 402 2344 disrupit
438 2289 524 2328 me
554 2273 804 2343 undique
827 2314 842 2340 ,
893 2283 947 2328 et
987 2270 1018 2308 ά
1073 2272 1202 2328 abii.
1237 2272 1451 2326 Excidit
1502 2281 1774 2343 tamquam

199 2367 419 2422 arborem
467 2381 623 2436 spem
659 2381 856 2420 meam.
902 2365 1216 2421 Scevissiuie
1247 2365 1448 2419 abusus
1475 2375 1556 2420 est
1587 2382 1672 2420 mc
1718 2365 1774 2421 in

200 2456 444 2512 iracundia
476 2476 489 2511 :
516 2468 574 2513 et
602 2457 902 2512 arbitratus
931 2468 1013 2514 cst
1051 2472 1139 2514 me
1169 2469 1442 2528 tamquam
1471 2459 1772 2513 inimicum.

198 2550 346 2606 Simul
369 2563 642 2608 venerunt
684 2554 1016 2608 tentationcs
1064 2553 1200 2622 ejus,
1233 2558 1296 2620 ξεί
1327 2560 1382 2607 et
1407 2551 1655 2608 iecerunt
1681 2569 1778 2622 per

199 2656 269 2697 me
293 2644 420 2697 viam
451 2660 635 2711 suam,
759 2653 818 2699 et
862 2644 1340 2700 circumdederunt
1367 2644 1773 2701 tabernaculum

197 2752 349 2791 meum
382 2739 403 2806 1
440 2739 668 2794 Fratres
697 2738 806 2793 mei
838 2748 1204 2794 recesserunt.
1229 2737 1614 2810 Cognoverunt
1642 2740 1774 2796 alie-

198 2843 280 2882 nos
303 2831 457 2900 magis
480 2847 649 2900 quam
699 2846 818 2894 me.
867 2840 923 2886 et
949 2831 1108 2886 amici
1159 2833 1264 2887 mei
1314 2833 1774 2890 immisericordes

196 2919 299 2973 ficti
321 2931 458 2976 sunt.
484 2922 604 2977 Non
638 2930 968 2978 curaverunt
991 2937 1078 2976 me
1098 2921 1326 2991 proximi
1349 2923 1488 2989 mei,
1514 2929 1568 2977 et
1592 2925 1772 2980 scien-

191 3021 264 3065 tes
285 3029 465 3069 nomen
488 3031 681 3071 meum
704 3014 855 3070 obliti
881 3022 1006 3070 sunt
1031 3029 1138 3068 me.
1165 3013 1336 3070 Vicini
1361 3015 1556 3070 domus
1574 3061 1588 3085 ,
1615 3025 1774 3085 atque

194 3109 378 3162 ancilla:
409 3124 540 3163 mea:
665 3108 818 3176 quasi
842 3107 1075 3162 alienum
1101 3115 1488 3177 reputaverunt
1513 3121 1599 3162 me
1625 3125 1640 3161 :
1679 3123 1774 3163 ex-

197 3206 385 3256 traneus
411 3217 558 3256 rram
578 3217 770 3257 coram
792 3201 1134 3257 eis.Servnm
1153 3215 1332 3255 meum
1353 3201 1559 3267 vocavi,
1585 3209 1636 3256 et
1663 3215 1770 3256 non

194 3293 461 3360 respoiidit.
491 3295 564 3348 Os
597 3307 783 3346 meum
807 3291 1206 3362 deprecabatur
1231 3309 1242 3344 :
1273 3299 1329 3346 et
1349 3291 1606 3361 rogabam
1637 3307 1769 3345 uxo-

198 3395 289 3434 l’t‘m
310 3399 494 3438 meam.
523 3385 856 3438 lnvocabam
887 3383 996 3456 [ΑΙ.
1023 3381 1318 3454 invocavit]
1345 3396 1404 3436 +
1431 3382 1759 3451 blandiens1

198 3470 316 3526 ﬁlios
339 3478 396 3539 ξιξ(
425 3477 559 3530 uteri
585 3477 700 3530 mei
728 3474 752 3543 ζ
783 3484 839 3529 et
869 3473 944 3529 illi
974 3475 1025 3527 in
1054 3482 1370 3543 perpetuum
1400 3474 1769 3545 despexerunt

195 3579 284 3617 me.
322 3566 445 3620 Cum
495 3583 800 3624 sul-revera
852 3569 1144 3636 loquentur
1174 3567 1240 3621 ad
1289 3582 1396 3621 me.
1457 3569 1769 3624 Ahominati

191 3667 291 3708 su-it
317 3674 428 3725 me,
455 3661 544 3727 qui
589 3667 861 3712 noverant
893 3672 977 3713 me
999 3699 1012 3723 ,
1038 3655 1098 3713 'et
1128 3672 1262 3727 quos
1307 3657 1605 3713 dilexerant
1637 3675 1768 3714 con-

193 3761 510 3806 surrexerunt
552 3753 614 3804 in
647 3765 757 3806 me.
804 3750 860 3805 ln
908 3761 1033 3804 cute
1078 3757 1528 3820 computruerunt
1574 3765 1768 3806 carnes

193 3852 330 3907 mer,
361 3854 410 3897 et
434 3859 556 3899 ossa
593 3858 711 3898 mea
741 3841 795 3897 in
817 3841 1067 3898 dentibus
1091 3842 1226 3898 meis
1255 3851 1403 3897 sunt.
1437 3843 1767 3898 Miseremini

196 4019 452 4089 prmiigitur
481 4018 721 4088 negandi
756 4017 1033 4084 particula:
1061 4033 1186 4080 non,
1218 4017 1397 4088 idque,
1429 4026 1488 4072 ut
1528 4019 1761 4087 videtur,

193 4103 380 4162 vernus,
433 4095 583 4162 quod
618 4101 1081 4162 tantuin__tnoner_e
1104 4090 1390 4143 voluimus.
1425 4091 1550 4145 l’ost
1575 4107 1764 4146 vocem

195 4159 718 4232 platearum'August.
745 4159 897 4232 addit
921 4200 937 4223 ,
968 4160 1053 4212 ubi
1078 4169 1188 4212 erat
1210 4202 1226 4226 ,
1249 4177 1369 4231 qua:
1391 4169 1575 4216 tamen
1601 4163 1764 4218 verba

191 4231 232 4284 in
259 4234 390 4303 nullo
416 4231 682 4303 originali
712 4240 862 4286 textu
886 4231 1258 4303 inveniuntur.

247 4314 266 4337 σε
295 4302 393 4358 Pro
439 4300 739 4358 De‘traliitis
764 4346 778 4368 ,
809 4302 1016 4361 invenit
1041 4303 1093 4356 in
1123 4317 1226 4355 suo
1273 4316 1374 4356 ms.
1416 4300 1763 4360 Martianteus

193 4369 342 4427 Decies
378 4374 592 4428 trahitis
616 4414 630 4437 ,
669 4372 818 4442 ‘quod
841 4373 1072 4440 ipsemet
1103 4372 1444 4442 improbavit.

1880 511 1994 564 est,
2025 519 2142 572 qua:
2167 503 2339 572 tetigit
2369 517 2478 560 me.
2509 504 2688 570 Quare
2716 518 2803 558 me
2837 503 3222 574 persequimini
3254 503 3396 555 sicut
3423 512 3478 556 et

1884 595 2144 649 Dominus
2167 596 2190 648 ‘l
2213 597 2285 652 De
2312 597 2572 652 carnibus
2597 596 2733 651 meis
2747 612 2850 651 non
2875 597 3169 651 satiamini.
3192 596 3323 662 Quis
3347 594 3480 649 inihi

1880 687 2077 742 tribuat
2093 699 2148 742 ut
2164 691 2470 744 scribantur
2484 704 2766 742 sermones
2785 689 2967 754 mei,et
2988 697 3256 758 ponantur
3272 688 3321 740 in
3342 688 3480 741 lihro

1879 779 1931 832 in
1956 789 2275 848 perpetuum
2311 785 2375 845 ξλξιζ
2401 781 2452 834 in
2473 779 2614 848 stylo
2635 778 2826 849 ferreo
2852 780 2873 846 1
2907 789 2961 834 et
2992 780 3212 849 plumbo
3243 797 3256 832 :
3287 787 3380 832 aut
3412 783 3478 846 ζ-ξ(

1877 871 1929 925 in
1964 872 2331 926 testimonium
2356 872 2372 944 [
2401 873 2485 927 At.
2520 872 2816 926 tesrimonii
2843 871 2860 944 ]
2888 873 2909 940 1
2940 875 2991 926 iu
3025 875 3194 943 petris
3222 873 3480 942 sculpan-

1877 965 2005 1017 tur?
2031 964 2155 1017 Seio
2180 964 2326 1019 enim
2355 963 2479 1033 quia
2511 971 2752 1017 internus
2777 973 2863 1016 est
2891 964 2982 1032 qui
3013 980 3097 1017 me
3132 963 3479 1017 resoluturus

1875 1065 1977 1109 est.
2007 1055 2183 1125 Super
2207 1064 2410 1110 terram
2459 1065 2708 1124 resurget
2757 1054 2900 1110 cutis
2941 1070 3061 1108 mea
3089 1071 3210 1124 qua:
3241 1056 3356 1108 haec
3382 1070 3482 1123 pa-

1876 1149 2024 1202 titur.
2060 1151 2097 1203 Α
2127 1149 2355 1204 Domino
2375 1151 2520 1204 enim
2549 1147 2678 1202 mihi
2707 1147 2827 1203 hmo
2852 1148 3224 1218 contigerunt,
3249 1163 3495 1216 quorum-

1876 1257 1976 1312 cgo
2010 1241 2138 1295 mihi
2174 1243 2426 1296 conscius
2453 1256 2603 1305 sum,
2647 1257 2767 1311 quae.
2813 1241 3005 1295 oculus
3053 1254 3209 1310 meus
3237 1238 3372 1292 vidit
3421 1247 3481 1294 et

1877 1349 1984 1388 non
2017 1333 2190 1398 alius,
2220 1342 2276 1388 et
2303 1333 2486 1388 omnia
2516 1331 2647 1388 mihi
2689 1339 3062 1386 consummata
3090 1337 3219 1384 sunt
3245 1328 3298 1383 in
3331 1328 3476 1384 sinu.

1823 1452 1828 1455 -
1876 1425 2028 1494 Quod
2055 1434 2110 1480 et
2139 1425 2185 1480 si
2216 1425 2500 1490 dixeritis,
2524 1424 2655 1496 quid
2701 1424 2947 1480 dicemus
2975 1433 3166 1479 contra
3210 1437 3334 1477 eum
3354 1464 3370 1488 ,
3422 1431 3481 1476 et

1876 1520 2112 1574 radicem
2139 1519 2409 1573 sermonis
2454 1518 2790 1572 inveniemus
2816 1518 2868 1570 in
2897 1531 2964 1571 eo
3001 1515 3024 1568 ?
3061 1515 3271 1569 Timete
3300 1522 3358 1570 et
3383 1529 3480 1568 vos

1983 1625 2012 1664 ε
2043 1609 2225 1679 gladio
2261 1609 2282 1677 1
2318 1609 2396 1663 lra
2421 1609 2567 1664 enim
2592 1623 2755 1677 super
2781 1607 2997 1678 iniquos
3020 1605 3232 1673 veniet,
3265 1614 3322 1661 et
3350 1613 3480 1660 tunc

1873 1703 2218 1773 cognoscetis
2254 1705 2318 1766 es,
2342 1701 2465 1768 quia
2499 1707 2580 1754 est
2607 1698 2894 1770 judicium.

2043 1818 2377 1870 tiesrosoess
2410 1820 2433 1849 ο
2469 1825 2647 1868 uersu
2675 1824 2877 1867 SOPEAB
2905 1820 3140 1873 linteas,
3176 1821 3264 1864 MT
3293 1824 3306 1862 :

1952 1924 2103 1999 [ϐαρ.
2134 1922 2279 1996 XX]
2313 1921 2429 1979 Non
2458 1923 2537 1979 sic
2579 1922 2870 1994 sperabam
2915 1919 3387 1979 contradicturum
3421 1929 3476 1977 te

1879 2016 2016 2073 hcce.
2070 2016 2180 2073 Nec
2211 2018 2322 2090 [ΑΙ.
2355 2014 2484 2087 non]
2525 2017 2672 2071 enim
2707 2013 2726 2055 τ
2763 2013 3072 2087 lntelligitis
3115 2016 3286 2086 magis
3314 2028 3476 2085 quam

1879 2122 2001 2179 ego.
2051 2113 2114 2174 ξεί
2153 2107 2529 2162 Eruditionem
2572 2105 2910 2164 confusiOuis
2951 2122 3084 2162 mea:
3125 2105 3367 2172 audiam,
3409 2112 3476 2174 ξεῖ

1878 2210 1931 2256 et
1960 2200 2184 2270 spiritus
2218 2200 2498 2270 sapientia:
2527 2199 2883 2271 respondebit
2915 2198 3066 2254 mihi.
3102 2203 3166 2264 λέ
3199 2199 3472 2267 Numquid

1880 2292 1996 2348 hmo
2035 2293 2175 2346 nosti
2208 2307 2237 2346 a
2271 2293 2488 2348 saeculis
2530 2309 2593 2347 ex
2626 2306 2735 2363 quo
2761 2293 2973 2363 positus
3005 2301 3088 2347 est
3119 2289 3281 2347 homo
3311 2307 3478 2362 super

1878 2384 2124 2439 terram?
2163 2385 2491 2460 Jucund‘tas
2517 2385 2815 2452 impiorum
2850 2385 3008 2439 ruina
3043 2397 3237 2453 magna
3271 2394 3386 2447 cst;
3422 2393 3480 2438 et

1878 2475 2133 2545 gaudium
2174 2477 2484 2545 iniquorum
2523 2475 2758 2545 perditio
2788 2484 2891 2530 est.
2937 2474 2994 2531 Si
3027 2473 3377 2529 ascenderint
3415 2473 3471 2529 in

1879 2567 2077 2621 coelum
2109 2580 2340 2621 munera
2376 2565 2528 2635 ejus,
2563 2573 2618 2622 et
2642 2565 2860 2621 victima
2893 2566 3012 2633 ejus
3058 2565 3233 2620 nubes
3279 2566 3475 2636 tetige~

1879 2659 1995 2712 ritS
2045 2674 2105 2712 μμ
2156 2673 2278 2712 cum
2325 2659 2604 2728 putaverit
2655 2673 2713 2712 se
2739 2657 2852 2728 jam
2892 2657 3141 2711 stabilem
3189 2658 3366 2726 esse1
3421 2659 3476 2714 in

1877 2751 1982 2806 ﬁne
2011 2751 2243 2820 peribit;
2277 2761 2330 2806 et
2359 2752 2448 2822 qui
2480 2760 2750 2806 noverunt
2775 2764 2922 2818 eum,
2949 2750 3135 2806 dicent
3169 2769 3179 2804 :
3212 2747 3315 2806 Ubi
3343 2753 3478 2807 est?

1877 2843 2172 2909 Tamquam
2217 2859 2386 2899 sonus
2427 2843 2672 2911 avolans,
2721 2857 2991 2912 nusquam
3041 2851 3370 2912 comparet:
3421 2850 3479 2897 et.

1875 2934 2077 2988 volarit
2112 2934 2261 2987 velut
2307 2935 2625 3002 phantasma
2679 2942 3028 2985 nocturnum.
3067 2934 3130 2996 Ξεςζ
3162 2930 3368 2985 Oculus
3393 2932 3476 2984 vi-

1877 3027 2048 3091 (lcltii,
2089 3035 2145 3079 et
2190 3042 2296 3079 non
2339 3025 2557 3093 adjiciet
2608 3030 2670 3091 ξτες
2712 3032 2767 3079 et
2798 3023 2939 3078 ultra
2989 3039 3095 3076 non
3127 3032 3317 3079 cernet
3346 3040 3473 3081 eum

1878 3117 2025 3172 locus
2056 3117 2178 3187 ejus
2209 3122 2270 3172 ξεί
2302 3116 2437 3169 filios
2461 3115 2579 3186 ejus
2601 3113 2882 3185 disperdat
2913 3114 3131 3183 impius,
3170 3118 3233 3181 ΕΞ
3266 3124 3317 3170 et
3352 3131 3470 3172 ma-

1880 3224 1980 3263 nus
2012 3209 2129 3278 ejus
2159 3207 2691 3278 succendanturul.
2733 3204 3120 3277 succenditur]
3153 3204 3468 3264 doloribus.

1882 3306 1944 3368 ξεί
1973 3301 2105 3356 Ossa
2137 3301 2254 3370 ejus
2306 3300 2512 3368 repleta
2560 3310 2686 3354 sunt
2727 3298 2756 3336 ιι
2800 3300 3084 3371 juventute
3130 3301 3269 3371 ejus,
3325 3306 3388 3368 ᾖξε(
3418 3312 3476 3357 et

1876 3406 1996 3446 eum
2028 3393 2119 3447 illo
2165 3393 2215 3446 in
2263 3393 2445 3446 cinere
2485 3391 2780 3446 dormient.
2817 3396 2882 3459 }:<
2913 3390 2968 3446 Si
3002 3391 3178 3446 dulcis
3207 3391 3370 3447 fuerit
3409 3391 3469 3448 in

1873 3501 1969 3540 ore
1995 3485 2112 3554 ejus
2142 3485 2369 3540 malitia.
2408 3488 2472 3551 >3!
2503 3484 2815 3540 Abscondet
2843 3499 2960 3540 eam
2997 3475 3100 3538 sub
3133 3483 3314 3555 lingua
3348 3500 3472 3541 sua.

1876 3576 2066 3631 Parcet
2109 3576 2158 3627 ei
2181 3617 2194 3639 ,
2237 3583 2288 3629 et
2321 3591 2428 3630 non
2458 3575 2733 3646 relinquet
2762 3589 2880 3630 eam
2901 3619 2914 3642 ,
2949 3583 3004 3630 et
3035 3574 3238 3629 tenebit
3263 3591 3384 3628 eam
3416 3576 3472 3632 in

1876 3669 2056 3722 medio
2096 3679 2312 3737 gutture
2359 3682 2478 3732 suo,
2531 3676 2586 3723 et
2631 3683 2738 3721 non
2767 3667 2974 3738 poterit
3018 3667 3309 3721 subvenire
3341 3666 3467 3722 sibi.

1876 3759 1970 3816 Fel
2009 3760 2209 3831 aSpidis
2259 3764 2308 3813 in
2341 3769 2532 3814 ventre
2576 3759 2718 3827 ejus.
2755 3758 2968 3813 Divitize
3011 3759 3194 3828 inique
3236 3774 3473 3828 congre-

1874 3862 2012 3924 gata:
2053 3860 2390 3906 evomentur.
2422 3850 2500 3906 De
2530 3850 2544 3888 ί
2576 3849 2742 3905 domo
2774 3848 2893 3919 ejus
2917 3848 3200 3920 protrahet
3228 3865 3350 3905 eum
3373 3865 3471 3906 an-

1876 4038 1960 4076 nia
1991 4037 2222 4089 persona
2249 4061 2264 4083 ,
2297 4032 2354 4076 ut
2379 4037 2479 4077 nos
2506 4021 2880 4090 restituimus,
2914 4023 3228 4091 prteferunt.

1949 4105 1971 4131 ο
2000 4094 2123 4148 ΙΙωο
2144 4094 2341 4166 omissa
2373 4094 2798 4166 in_ui_s_._incuria
2827 4094 3070 4166 librarii,
3097 4099 3467 4166 supplevimus

1872 4162 2600 4239 (:SintcrpretationeLXX,
2625 4165 2714 4234 qui
2737 4179 2834 4233 pro
2864 4162 3222 4234 Naamulltit'e,
3255 4168 3465 4239 Sep/iur

1873 4235 2122 4288 Minwum
2147 4236 2353 4289 dicunt.
2387 4234 2568 4288 MART.

1947 4305 1966 4343 ί
2007 4307 2196 4360 Minori
2248 4319 2476 4359 numero
2532 4319 2699 4375 penes
2745 4304 3115 4377 Martianteum
3163 4308 3412 4377 intelligis
3441 4328 3460 4363 :

1869 4377 2092 4432 Graecus
2118 4386 2174 4432 et
2202 4378 2556 4447 Augustinus,
2589 4391 2725 4448 quos
2749 4376 3046 4449 sequimur,
3076 4379 3129 4433 in
3153 4376 3344 4448 plurali
3374 4379 3458 4432 le-

247 4443 269 4480 δ
303 4444 552 4522 Primum
597 4445 714 4522 haec
758 4443 923 4522 verba
946 4485 961 4509 ,
1013 4443 1156 4497 rideo
1203 4443 1480 4522 approbrja
1501 4483 1516 4506 ,
1558 4453 1629 4522 et_
1658 4461 1762 4500 non
1791 4462 1839 4522 ο
1866 4458 2018 4522 ευηῑἔ

197 4513 347 4583 loqvar
370 4557 384 4579 ,
428 4517 600 4571 obolo
629 4513 981 4568 liberavimus
1011 4551 1028 4579 ,
1082 4530 1188 4580 quo
1220 4513 1376 4583 plane
1419 4516 1692 4571 immerito
1732 4533 1761 4569 a

198 4581 475 4642 Hartianaro
501 4584 1005 4649 confodiebantur,
1052 4598 1176 4638 cum
1219 4581 1506 4641 manifesto
1552 4587 1661 4641 sint
1707 4587 1762 4641 in

199 4673 396 4732 ltebrreo
424 4725 438 4746 ,
471 4693 645 4748 quem
674 4676 962 4731 consulere
988 4674 1295 4739 debuisset,
1324 4660 1418 4736 N51
1450 4689 1579 4738 D‘Zn
1603 4688 1763 4766 parte

198 4774 309 4838 atra
338 4785 350 4823 :
383 4769 447 4824 at!
495 4768 763 4834 verbum,
785 4767 1102 4838 vociferobor
1124 4767 1432 4838 opprobria,
1464 4779 1509 4822 ct
1532 4787 1633 4822 non
1672 4787 1766 4822 au-

197 4837 316 4893 diar:
344 4858 461 4908 qua:
492 4841 674 4896 Grzcci
703 4839 867 4904 paulo
907 4837 1144 4892 liberiori
1166 4837 1327 4892 Sensu
1355 4837 1763 4904 converterunt,

198 4909 298 4977 γελῶ
313 4912 412 4979 (vel
428 4913 592 4980 λαλῶ)
617 4912 799 4973 ὀνείδη,
821 4911 970 4964 καὶού
981 4909 1182 4967 λαλήσω
1201 4927 1212 4960 :
1231 4908 1762 4980 ltidebo(veldimm)

201 4982 478 5049 opprobria,
513 4979 580 5036 α
612 4997 718 5034 non
751 4985 958 5047 loquar.
1013 4981 1216 5034 Deinde
1261 4979 1435 5049 ipsum
1468 4982 1765 5036 Martianaei

199 5047 470 5108 lectionem
501 5052 955 5115 einendavinius,
1005 5066 1138 5121 nam
1189 5047 1361 5104 ridéor
1412 5053 1616 5121 legerat
1667 5067 1766 5116 pro

201 5120 346 5184 rideo,
375 5125 519 5192 quod
556 5125 730 5177 ferme
773 5120 1108 5175 contrarium
1141 5136 1362 5176 sensum
1401 5120 1577 5176 reddit
1610 5140 1622 5174 :
1653 5132 1763 5176 tum

199 5194 438 5259 opprobrio
461 5210 563 5262 pro
588 5192 889 5263 opprobria,
921 5193 1207 5246 tamenetsi
1231 5194 1282 5246 in
1307 5193 1450 5247 idem
1475 5201 1766 5260 utrumque

200 5263 361 5316 recidit
391 5305 405 5322 .
433 5275 491 5320 et
519 5264 709 5319 erca
739 5263 987 5331 qutcdam
1016 5264 1344 5331 exemplaria
1391 5265 1503 5329 ipsa
1559 5265 1717 5321 ὀνείδη
1750 5305 1764 5328 ,

202 5342 281 5405 pro
303 5334 467 5392 ὀνείδει
495 5337 697 5405 legant.
724 5333 832 5388 Sed
881 5331 1011 5405 hsce
1047 5336 1217 5405 magis
1248 5334 1507 5401 probatur
1536 5335 1762 5404 August.

200 5403 271 5468 qni
295 5409 448 5460 etiam
476 5403 655 5474 loquor
677 5404 730 5458 in
758 5404 976 5457 instanti
1001 5403 1164 5457 habet
1193 5419 1291 5474 pro
1315 5406 1521 5474 loquar.

260 5481 280 5508 ε
303 5474 406 5528 Iloc
437 5479 556 5529 loco
589 5477 796 5544 positus
825 5483 945 5528 erat
967 5475 1192 5544 ohelus,
1221 5489 1278 5527 ri-
1301 5516 1316 5538 ,
1349 5492 1447 5542 pro
1477 5477 1761 5530 asterisco.

304 5544 447 5600 llunc
478 5561 573 5613 pro
593 5543 752 5600 lalso
797 5546 1003 5599 codicis
1031 5543 1192 5598 obelo
1225 5549 1539 5598 astet-iscum
1571 5546 1637 5600 de
1669 5563 1766 5600 suo

201 5611 520 5670 Hartiauaaus
568 5617 866 5670 substituit.
920 5613 1087 5669 Nobis
1140 5616 1206 5667 ad
1250 5616 1602 5669 Alexandrini
1661 5633 1762 5670 ms.

208 5680 346 5756 ﬁdem
368 5696 646 5756 utramque
677 5695 860 5740 notam
891 5689 1142 5741 exsulare
1169 5686 1339 5739 satius
1369 5688 1592 5740 videtur.

266 5751 288 5788 ἀ
312 5754 466 5813 Falso
495 5751 690 5828 legerat
731 5757 977 5813 Martiau.
1014 5757 1158 5812 abiit.
1189 5757 1334 5812 Libri
1361 5772 1550 5812 omnes
1571 5758 1623 5812 in
1657 5758 1767 5826 pri-

1939 4527 1961 4565 B
1995 4518 2110 4572 Non
2143 4516 2284 4586 quod
2319 4517 2454 4572 nihil
2506 4517 2588 4570 his
2630 4517 2809 4573 verbis
2858 4518 2911 4572 in
2955 4517 3189 4572 Hebraeo
3230 4531 3457 4585 respon-

1866 4587 2009 4657 deat,
2043 4589 2203 4644 Olzelu
2231 4597 2634 4659 praenotantur;
2663 4590 2756 4642 sed
2787 4588 2932 4659 quod
2972 4589 3077 4642 alia
3110 4589 3205 4656 ibi,
3245 4603 3458 4657 unoque

1864 4701 2256 4768 comprehensa
2281 4702 2351 4756 sit
2382 4700 2548 4755 verbo
2574 4701 2864 4768 sententia,
2891 4686 3057 4763 Ηυξ),
3089 4701 3143 4754 id
3175 4708 3279 4764 est,
3306 4703 3460 4769 quasi

1864 4783 2058 4825 stercus
2087 4775 2223 4842 ejus,
2254 4771 2618 4842 Hieronymus
2649 4772 2833 4833 vertit,
2866 4775 3012 4841 quasi
3041 4770 3445 4838 sterquilinium,

1866 4842 2041 4897 Cra-ci
2069 4855 2244 4894 autem
2270 4843 2427 4895 aliter
2451 4858 2570 4896 eam
2597 4842 2845 4895 videntur
2873 4844 3088 4910 legisse,
3113 4855 3286 4907 neque
3315 4843 3454 4896 adeo

1865 4913 1919 4967 in
1950 4913 2321 4967 Alexandrino
2351 4912 2539 4966 codice
2571 4914 2742 4967 locum
2775 4913 2916 4964 hunc
2944 4912 3212 4978 jugulum.

1939 4981 1966 5020 ιι
2000 4984 2368 5052 Expunaimus
2402 4983 2554 5051 juxta
2581 4981 2862 5052 Augustini
2901 4983 3187 5035 lectionem
3217 4991 3271 5036 et
3299 4982 3452 5036 Grie-

1866 5069 1981 5107 cam
2006 5056 2057 5107 iu
2085 5051 2548 5123 praepositionem,
2565 5067 2724 5119 quam
2748 5051 3090 5123 Martianmus
3112 5054 3452 5118 inseruerat;

1864 5122 2160 5180 asteriscos
2189 5122 2366 5178 autem
2401 5124 2539 5175 duos
2576 5129 2669 5173 aut
2699 5129 2828 5181 tres,
2875 5122 2966 5190 qui
3013 5124 3258 5188 deerant,
3297 5140 3450 5177 coni-

1866 5206 2070 5250 malum
2102 5195 2270 5249 initiis
2298 5191 2653 5269 praaliximus.
2687 5192 2754 5240 At
2785 5191 2872 5257 qui
2903 5193 3012 5269 duo
3045 5195 3448 5269 subsequuntur

1865 5275 1987 5334 post
2017 5269 2238 5319 vei-hum
2274 5261 2549 5325 dormient,
2584 5261 2634 5310 in
2677 5273 2886 5327 nupera
2926 5261 3277 5319 Alexandrihi
3318 5265 3443 5318 cod,

1866 5335 2106 5392 Cdliitlnc
2135 5350 2236 5388 non
2267 5339 2412 5384 sunt.

1944 5407 1957 5440 ί
1988 5406 2173 5458 lsilimc
2206 5403 2514 5471 Griecoruut
2549 5399 2945 5471 propemodum
2974 5406 3214 5455 omnium
3241 5445 3254 5464 ,
3304 5403 3450 5471 ipso-

1868 5492 2091 5543 rumque
2133 5469 2842 5543 llesapluriumLcoilicutn,7
2876 5488 2907 5524 e
2948 5473 3145 5543 quibus
3183 5469 3450 5539 Hierony-

1868 5562 1986 5600 mus
2009 5538 2307 5600 transtulit,
2333 5538 2501 5615 lectio
2525 5539 2572 5602 ἐξ
2602 5541 2778 5615 oi‘ziag,
2811 5542 2872 5592 de
2899 5538 3072 5603 n’oino,
3103 5538 3446 5596 librariorum

1867 5623 2119 5673 corrupta
2167 5617 2269 5668 est,
2302 5608 2413 5658 δῖνα
2465 5608 2692 5673 ίΙιΟιΙιίῑι,
2727 5612 2856 5679 sive
2902 5626 3157 5679 perversa
3189 5628 3312 5665 cura
3353 5627 3452 5678 pro

1871 5689 1920 5737 ἐκ
1949 5684 2163 5741 κοιλίας,
2195 5679 2256 5729 de
2292 5684 2496 5738 ventre,
2537 5679 2686 5744 juxta
2721 5677 3003 5733 lleliraeam
3047 5693 3254 5749 $2232,
3286 5677 3450 5750 quam

1869 5757 2096 5825 ipsemet
2140 5751 2496 5819 Hieronymus
2545 5750 2598 5803 in
2643 5763 2737 5804 sua
2769 5763 2835 5802 ex
2887 5751 3154 5806 llebratco
3199 5753 3453 5806 versiOne
