3960 6208
523 159 592 217 87
1533 149 1596 212 S.
1635 149 2015 211 HIERONYMI
2054 146 2289 208 DIVINA
2325 145 2801 207 BIBLIOTHECA.
3187 122 3207 127 Η
3737 158 3798 218 33

516 271 707 342 gelus,
749 273 805 324 et
847 275 873 306 δ
900 264 1141 324 furorem
1167 265 1470 322 draconum
1497 260 2344 337 mulgebit.1nterﬁciatAfmta
2375 278 2564 319 eorum
2613 262 2862 329 salvavit,
2894 267 2952 319 et
2989 263 3216 335 peperit.
3258 267 3323 330 >ε<
3363 264 3432 321 Et
3461 265 3680 326 mittunt
3704 271 3797 328 sic-

519 364 675 417 illum
711 361 893 430 lingua
921 361 1133 416 colubri
1159 402 1174 425 ,
1205 367 1261 414 et
1289 374 1396 414 non
1421 358 1602 414 videat
1632 358 1919 413 mulctram
1951 371 2113 427 peco-

522 472 643 511 rum
672 501 686 522 ,
727 441 901 524 neque
938 453 1133 521 pabula
1173 452 1350 506 mellis
1387 459 1441 506 et
1481 451 1685 522 butyri.
1721 451 1776 504 ln
1821 461 2020 505 vanum
2061 456 2118 503 et

519 546 722 601 frustra
751 543 1017 598 laboravit
1039 542 1286 611 divitias,
1317 541 1386 597 de
1409 540 1607 611 quibus
1631 555 1738 596 non
1765 547 1851 595 est
1872 547 2118 608 gustatu-

523 652 619 692 rus
653 654 664 689 :
695 651 816 706 quae
858 643 1169 704 egerentur,
1222 641 1283 688 ut
1332 634 1527 687 durum
1577 631 1708 702 quid
1755 630 1902 702 quod
1935 631 2118 686 mandi

520 744 630 785 non
655 737 874 800 potest,
923 742 1024 783 nec
1053 727 1261 797 glutiri.
1313 727 1607 782 Multorum
1641 723 1786 780 enim
1816 723 2118 778 validorum

521 823 714 878 domos
743 820 1051 891 confregit:
1082 828 1138 875 et
1167 818 1474 873 habitacula
1500 818 1690 882 diruit,
1723 831 1824 873 nec
1849 817 2122 873 instaura-

523 914 621 968 vit.
640 912 668 950 δ
695 912 813 967 Νοη
844 919 928 966 est
958 910 1111 966 salus
1141 909 1461 966 substantia:
1491 908 1630 979 ejus.
1663 912 1729 976 ><
1762 907 1820 963 In
1846 907 2120 964 desiderio

524 1019 626 1060 suo
667 1019 778 1058 non
815 1001 1137 1058 salvabitur.
1171 1005 1237 1068 >ξ<
1262 1000 1381 1056 Νοη
1412 1009 1574 1055 erunt
1612 1000 1858 1070 reliquis:
1886 1000 1954 1076 de
1982 999 2121 1056 cibis

523 1095 644 1165 ejus
675 1113 687 1149 :
717 1095 840 1150 ideo
888 1109 997 1149 non
1025 1091 1298 1148 ﬂorebunt
1327 1092 1470 1147 bona
1499 1091 1640 1162 ejus.
1679 1091 1702 1160 1
1727 1091 1860 1148 Cum
1892 1101 2123 1162 putave-

522 1188 598 1243 rit
646 1201 705 1242 se
731 1185 997 1256 repletum
1026 1198 1170 1248 esse,
1204 1183 1576 1240 coarctabitur
1594 1224 1610 1251 ,
1641 1190 1698 1239 et
1727 1185 1905 1238 omnis
1931 1199 2122 1241 neces-

522 1277 658 1334 sitas
687 1289 858 1347 super
901 1289 1026 1332 eum
1058 1275 1265 1331 veniet.
1319 1273 1378 1331 Si
1409 1274 1686 1345 quomodo
1731 1273 1962 1345 impleat
1989 1289 2120 1330 ven-

521 1379 664 1425 trem
707 1383 893 1440 suum,
940 1366 1155 1423 emittet
1183 1381 1347 1437 super
1369 1381 1496 1422 eum
1533 1366 1773 1422 furorem
1802 1365 2118 1423 iracundiae.

522 1460 682 1518 Pluet
719 1475 886 1532 super
929 1475 1054 1516 eum
1104 1459 1386 1525 dolorem,
1427 1467 1483 1514 et
1528 1472 1641 1512 non
1687 1457 2009 1512 liberabitur
2051 1458 2122 1514 de

525 1567 692 1608 manu
727 1553 914 1623 gladii.
948 1550 1221 1623 Vulneret.
1251 1564 1378 1604 eum
1409 1549 1604 1618 sagitta
1632 1562 1803 1613 aerea,
1834 1557 2120 1619 pertrans-

2217 363 2277 408 ut
2322 352 2342 391 τ
2484 353 2721 410 infantes
2759 368 2888 408 suos
2922 355 2944 423 1
2978 364 3032 410 et
3061 366 3384 424 permanent
3413 358 3554 413 sicut
3584 373 3796 420 vetustte

2217 461 2348 501 oves
2388 460 2602 502 eorum.
2639 446 2706 500 Et
2752 446 2960 516 parvuli
2988 462 3179 502 eorum
3230 448 3363 503 ludo
3404 464 3464 505 se
3485 465 3788 522 provocant.

2217 537 2433 593 Tenent
2469 537 2792 608 psalterium
2831 547 2888 594 et
2919 538 3206 606 citharam,
3233 547 3291 594 et
3337 539 3596 616 laetantur
3624 543 3690 598 ad
3713 561 3794 600 vo-

2219 643 2338 684 cem
2375 633 2439 697 )ε(
2466 629 2678 699 organi.
2705 629 2730 697 1
2762 628 2832 684 Et
2869 628 3126 684 finierunt
3165 631 3218 684 in
3247 630 3406 685 bonis
3434 633 3598 688 vitam
3629 650 3789 702 suam,

2220 728 2384 790 atque
2410 721 2462 775 in
2491 719 2679 791 requie
2701 720 2859 777 inferi
2883 719 3247 779 dormierunt.
3277 723 3472 780 Dicunt
3493 735 3674 781 autem
3703 729 3794 785 Do-

2220 807 2371 868 mino
2399 829 2413 866 :
2445 812 2672 868 Discede
2699 826 2729 866 a
2759 813 2934 868 nobis.
2957 814 3129 869 Nosse
3151 815 3266 870 vias
3298 823 3419 872 tuas
3445 817 3715 874 nolumus.
3739 823 3794 889 χ(

2222 905 2363 974 Quid
2381 913 2464 961 est
2484 905 2878 977 Dominusquia
2891 908 3193 962 serviemus
3219 905 3296 964 ei?
3319 912 3384 975 )af
3409 917 3506 963 aut
3521 925 3644 979 qua:
3665 912 3795 967 utili-

2225 998 2460 1068 tas,quia
2491 1007 2517 1046 8
2542 996 2863 1054 obediemus
2887 999 2937 1054 ei
2957 999 2982 1051 i
3026 999 3050 1067 1
3084 999 3258 1054 Erant
3280 1007 3462 1055 autem
3489 1001 3542 1056 in
3570 1004 3798 1060 manibus

2224 1104 2416 1146 eorum
2469 1091 2632 1146 bona.
2693 1089 2802 1147 Sed
2856 1090 2995 1146 facta
3052 1090 3348 1162 impiorum
3403 1107 3510 1149 non
3566 1096 3795 1167 respicit.

2227 1179 2399 1237 Immo
2436 1196 2569 1238 vero
2606 1182 2832 1239 lucerna
2873 1182 3166 1254 impiorum
3195 1183 3592 1255 exstinguetur,
3623 1196 3676 1242 et
3720 1202 3797 1243 su-

2226 1272 2509 1344 perveniet
2549 1273 2632 1328 eis
2671 1273 2904 1328 eversio.
2943 1273 3172 1329 Dolores
3202 1283 3390 1332 autem
3436 1276 3696 1334 tenebunt
3719 1292 3800 1335 eos

2224 1363 2296 1418 ab
2320 1362 2425 1430 ira,
2456 1374 2512 1419 et
2539 1373 2702 1420 erunt
2730 1364 2875 1420 sicut
2904 1364 3058 1434 palea
3090 1364 3142 1420 in
3173 1374 3364 1436 vento,
3393 1374 3450 1422 et
3476 1366 3620 1423 sicut
3643 1369 3802 1439 pulvis

2199 1469 2388 1522 aquem
2415 1454 2642 1510 abstulit
2669 1456 2852 1510 turbo.
2881 1452 2907 1493 1³
2941 1455 3110 1522 Deus,
3137 1455 3395 1513 deficiant
3419 1457 3515 1514 ﬁlii
3548 1465 3614 1528 κ(
3640 1461 3751 1530 ejus
3779 1461 3798 1529 1

2224 1545 2367 1602 bona
2394 1545 2536 1617 ejus.
2569 1551 2635 1615 ῖκ
2662 1545 2852 1603 Redde
2874 1547 2956 1614 ei,
2989 1555 3047 1603 et
3077 1548 3236 1604 sciet.
3270 1547 3506 1604 Videant
3525 1551 3666 1606 oculi
3696 1551 3802 1622 ejus

524 1655 616 1699 eat
651 1657 858 1713 corpus
907 1641 1026 1710 ejus
1062 1651 1085 1680 ε
1118 1655 1180 1695 +
1200 1639 1465 1710 jaculum.
1503 1639 1526 1707 1
1566 1637 1799 1710 Fulgura
1827 1640 1880 1694 in
1917 1638 2126 1695 habita—
2156 1632 2206 1696 B
2232 1654 2422 1696 necem
2465 1653 2645 1706 suam,
2691 1648 2748 1695 et
2776 1655 2808 1695 a
2851 1640 3087 1696 Domino
3126 1656 3238 1698 non
3281 1642 3542 1699 salvetur.
3588 1648 3652 1713 Χ
3679 1644 3803 1713 Quia

526 1735 668 1792 culis
717 1733 824 1806 [ΑΙ.
868 1730 1255 1802 tabernaculis]
1295 1730 1444 1800 ejus,
1503 1734 1568 1796 >ῑ<
1609 1730 1919 1786 discurrant
1963 1746 2127 1801 super

537 1840 665 1882 eum
694 1823 1010 1880 terribiliter
1039 1839 1054 1876 :
1085 1829 1142 1878 et
1169 1835 1360 1877 omnes
1400 1821 1640 1876 tenebrae
1667 1821 1721 1875 in
1753 1835 1820 1876 eo
1850 1832 2125 1878 maneant.

529 1916 796 1975 Comedat
834 1932 959 1971 eum
1002 1915 1141 1986 ignis
1181 1913 1669 1985 inexstinguibilis,
1718 1912 1887 1968 lmdat
1919 1913 2128 1970 advena

533 2010 754 2064 domum
799 2007 957 2077 ejus,
1001 2015 1059 2062 et
1099 2005 1316 2076 detegat
1366 2004 1565 2061 ccelum
1619 2003 1938 2075 iniquitates
1987 2004 2126 2074 ejus.

531 2103 702 2159 Terra
734 2101 1054 2158 adversetur
1075 2100 1128 2157 ei
1164 2117 1178 2155 :
1211 2098 1392 2155 trahat
1416 2098 1638 2153 domum
1662 2095 1780 2167 ejus
1811 2097 2044 2168 perditio
2075 2100 2129 2153 in

530 2197 718 2254 finem.
761 2196 889 2253 Dies
933 2195 1030 2252 iraa
1060 2192 1411 2266 superveniat
1450 2191 1554 2248 illi.
1588 2191 1713 2246 llzec
1740 2205 1865 2263 pars
1893 2189 2130 2247 hominis

529 2287 681 2358 impii
711 2303 741 2343 a
771 2286 1023 2356 Domino,
1061 2294 1117 2343 et
1143 2284 1418 2356 possessio
1450 2283 1715 2338 bonorum
1745 2280 1864 2352 ejus
1893 2281 1961 2337 ab
1999 2281 2120 2351 epi-

528 2395 721 2454 scopo.

871 2505 1207 2550 naspoansns
1235 2487 1261 2534 ἀ
1294 2505 1480 2548 Αῠτεκ
1504 2502 1617 2558 tos,
1650 2504 1741 2547 MT
1774 2506 1790 2544 :

555 2545 595 2568 ,ι-

608 2646 766 2721 [Cap.
790 2644 960 2718 XXl.]
987 2644 1213 2711 Audite,
1236 2643 1418 2702 audite
1439 2659 1721 2702 sermones
1742 2659 1918 2714 meos,
1948 2653 2004 2702 et
2023 2659 2133 2703 non

543 2740 618 2796 sit
666 2739 799 2794 mibi
842 2753 872 2793 a
901 2737 1056 2795 vobis
1075 2737 1194 2795 haec
1221 2739 1548 2796 consolatio.
1582 2738 1818 2798 Suil‘erte
1862 2755 1984 2809 me,
2028 2755 2133 2810 ego

538 2839 723 2888 autem
775 2831 987 2902 loquar,
1037 2837 1094 2885 et
1135 2829 1208 2885 ita
1259 2829 1479 2886 demum
1537 2830 1785 2887 ridebitis
1826 2847 1936 2888 me.
1992 2832 2134 2902 Quid

538 2923 732 2980 enim?
776 2921 1048 2992 Numquid
1093 2921 1326 2977 humana
1369 2931 1452 2977 est
1502 2921 1791 2993 castigatio
1837 2925 2003 2978 mea?
2041 2933 2134 2980 aut

536 3030 708 3087 quare
732 3029 841 3071 non
864 3014 1110 3070 irascar?
1139 3014 1418 3085 Respicite
1439 3014 1505 3070 ad
1535 3031 1645 3083 me,
1675 3023 1732 3071 et
1755 3015 2131 3085 admiramiui,
2159 3000 2206 3062 C

536 3115 593 3159 et
619 3105 806 3174 ponite
842 3118 1060 3158 manum
1085 3104 1185 3160 sub
1206 3117 1412 3160 mento.
1436 3103 1495 3160 Si
1523 3107 1671 3161 enim
1697 3108 1980 3174 recorder,
2003 3124 2132 3179 pero

533 3194 766 3259 turbor;
808 3202 862 3248 et
906 3201 1160 3249 tenentur
1211 3209 1405 3251 carnes
1445 3210 1580 3252 meae
1617 3196 1920 3254 doloribus.
1953 3199 2132 3268 Quare

533 3285 688 3356 impii
745 3284 978 3351 vivunt,
1045 3293 1101 3340 et
1152 3296 1453 3341 senuerunt
1512 3287 1564 3344 in
1629 3288 1866 3346 divitiis?
1932 3291 2131 3348 Semen

537 3392 728 3433 eorum
758 3375 1060 3432 secundum
1093 3390 1156 3430 σε·
1189 3375 1520 3434 desiderium
1544 3387 1568 3418 ο
1600 3379 1796 3435 anima:
1830 3379 1853 3448 1
1879 3388 1934 3436 et
1963 3396 2134 3453 nepo-

539 3481 623 3527 tes
650 3484 840 3545 eorum
887 3476 1017 3523 ante
1055 3467 1265 3524 oculos.
1299 3470 1506 3524 Domus
1532 3484 1723 3526 eorum
1761 3470 2129 3541 abundantes,

542 3573 600 3620 et
626 3565 788 3618 timor
834 3575 1135 3634 nusquam,
1167 3577 1266 3619 nec
1305 3561 1580 3635 ﬂagellum
1613 3564 1829 3622 Domini
1856 3574 1941 3624 est
1969 3582 2134 3639 super

537 3669 654 3710 eos.
687 3654 881 3710 Vacete
925 3667 1114 3710 eorum
1163 3654 1534 3723 concipientes
1577 3670 1686 3714 non
1736 3657 2027 3728 abortant,
2065 3670 2120 3718 et

545 3785 718 3842 novit.
746 3784 1183 3857 AOlympiodorus
1213 3799 1427 3857 quoque
1467 3787 1520 3842 in
1551 3786 1695 3843 hunc
1735 3789 1913 3845 locum
1935 3802 2134 3852 auctor

546 3865 651 3939 est],
681 3855 924 3939 reiiquos
953 3855 1277 3938 interpretes
1304 3855 1535 3914 vertisse
1561 3861 1616 3913 ὲκ
1635 3862 1882 3939 γαστρός.

619 3936 646 3963 ει
683 3926 859 4003 Minus
904 3927 1045 4003 bene
1098 3926 1156 4003 in
1195 3943 1282 3992 eo,
1325 3943 1430 4003 quo
1463 3943 1605 4003 usus
1641 3926 1730 3985 ’ρει
1771 3926 2132 4003 'Anguslinus,

546 3997 867 4072 exemplari,
893 3997 1066 4065 furore
1085 3999 1369 4072 draconum
1397 3997 1609 4072 fulgebit
1633 4016 1651 4053 :
1680 4003 1774 4055 sed
1804 3997 1980 4072 neque
1999 3997 2136 4062 satis

542 4068 689 4122 bene
732 4066 820 4139 hic
865 4074 984 4139 erat
1027 4067 1300 4139 mulcebit,
1347 4066 1492 4139 quod
1535 4083 1634 4123 nos
1662 4111 1676 4134 ,
1721 4066 2138 4139 recto-cogente

543 4153 738 4200 sensu,
771 4135 826 4189 in
857 4135 1099 4205 mulgebit
1125 4138 1504 4193 convertimus
1534 4155 1549 4192 :
1578 4140 1767 4196 Graece
1797 4153 1878 4196 est
1909 4135 2134 4204 Gnidon.

547 4207 835 4329 Molxlpro
896 4206 1205 4262 mutaturum
1261 4223 1331 4263 ex
1395 4208 1702 4280 Augustino
1759 4216 2140 4285 rescripsimus

547 4292 841 4329 mucram.

546 4286 841 4332 mulctram.

633 4346 661 4384 ι’
685 4347 900 4420 Nupera
941 4346 1152 4420 codicis
1193 4347 1549 4405 Alexandrini
1585 4348 1754 4406 editio
1773 4368 1837 4406 ex
1882 4353 1986 4412 hoc
2015 4357 2136 4420 loco

546 4418 836 4499 asteriscos
867 4418 1172 4484 exorditur,
1203 4433 1353 4499 quos
1367 4435 1464 4489 per
1493 4421 1730 4491 quinque
1752 4423 1941 4499 incisa,
1963 4418 2135 4499 usque

552 4491 621 4544 ad
653 4487 857 4561 finalia,
886 4504 1008 4558 quas
1039 4505 1139 4561 nos
1170 4487 1728 4561 suffecimus,'puncta
1757 4487 2060 4554 continuat:

618 4571 641 4598 ο
669 4559 930 4637 Mutatum
951 4568 1038 4637 est
1058 4560 1276 4637 hic_loci
1301 4559 1696 4637 _a_steris_c'us-in
1725 4564 1974 4633 obelum;
2007 4570 2132 4637 quia

537 4629 808 4700 imperitia
827 4630 1211 4705 exscriptoris,
1230 4631 1312 4685 vel
1340 4633 1542 4686 incuria
1566 4633 1775 4705 signum
1806 4629 1981 4694 isthoc
2081 4641 2133 4695 iu

540 4716 647 4774 rus.
720 4701 959 4770 positum
1025 4713 1143 4758 erat
1195 4717 1296 4771 pro
1361 4717 1466 4769 σθ,
1525 4704 1668 4774 quod
1727 4701 2132 4766 subsntuimus.

435 4805 438 4808 ~
534 4770 716 4826 Man'r.

611 4839 639 4877 ά
656 4843 1035 4919 _Pr:etermissa
1059 4843 1212 4899 initia
1235 4843 1596 4919 capitulorum
1619 4847 1875 4918 supplere
1893 4850 2137 4919 cogimur

537 4913 739 4988 saepius
774 4929 902 4988 cum
916 4931 1003 4988 ea
1045 4930 1170 4983 quae
1219 4913 1497 4988 titulorum
1529 4917 1651 4988 loco
1689 4913 1996 4988 'p'onuntur',
2039 4936 2136 4975 no-

541 4983 802 5057 tariorum
833 4985 1167 5055 diligentiam
1195 4987 1499 5057 effugerint.
1536 4983 1714 5043 MART.

616 5061 648 5126 ο.
671 5051 915 5107 Placeret
937 5051 1106 5126 inagis
1134 5051 1478 5113 unanfobelo
1499 5059 1721 5114 confodi
1751 5075 1963 5126 vocem,
1999 5061 2138 5115 desi-

537 5122 758 5188 derium,
791 5137 897 5178 non
927 5135 982 5178 et
1005 5122 1125 5195 qua:
1151 5128 1502 5199 subsequitur
1529 5130 1729 5183 anima.
1761 5122 2012 5202 Conjic'io
2039 5148 2134 5186 au-

539 5213 854 5292 tem_LXX,
884 5215 1042 5270 aliter
1072 5218 1364 5292 llebratum
1406 5220 1605 5290 legisse
1631 5262 1643 5284 ,
1683 5231 1734 5276 et
1779 5237 1875 5292 pro
1902 5206 2130 5289 causa

532 5285 677 5352 quod
707 5295 810 5364 est,
835 5302 1013 5340 coram
1037 5289 1133 5351 eis,
1165 5293 1435 5360 scriptura
1463 5285 1731 5362 perquam
1753 5285 2136 5364 simili‘legisse

534 5361 812 5455 mem‘).
847 5377 990 5447 quod
1021 5380 1357 5456 interpretati
1399 5361 1531 5439 sunt
1577 5387 1706 5440 κατὰ
1742 5385 1943 5456 ψυχήν,
1979 5361 2131 5450 i—uxta

2232 1733 2378 1788 nulla
2414 1732 2671 1788 voluntas
2698 1733 2819 1803 ejus
2863 1732 2918 1788 in
2944 1732 3108 1789 domo
3148 1748 3247 1788 sua
3288 1744 3414 1804 post
3446 1748 3570 1790 eum
3603 1738 3668 1803 Χ
3693 1736 3804 1791 licet

2231 1838 2494 1880 numerus
2542 1825 2822 1880 mensmm
2866 1825 2986 1894 ejus
3033 1824 3352 1881 dimidiatus
3394 1826 3486 1882 sit.
3547 1825 3802 1898 Numquid

2231 1930 2341 1971 non
2371 1915 2630 1971 Dominus
2650 1917 2741 1987 qui
2773 1917 2936 1974 docet
2962 1932 3186 1973 sensum
3219 1925 3276 1973 et
3303 1917 3612 1985 scientiam,
3645 1920 3754 1991 ipse
3785 1922 3798 1957 ι

2232 2007 2398 2063 etiam
2431 2007 2730 2063 homicidas
2769 2008 3018 2078 judicat?
3057 2013 3123 2077 )af
3161 2007 3251 2064 hic
3282 2009 3302 2070 τ
3339 2011 3607 2066 morietur
3649 2013 3698 2066 in
3728 2025 3804 2067 ro-

2233 2099 2364 2154 bore
2391 2100 2758 2168 simplicitatis
2781 2114 2916 2171 sum,
2946 2108 3094 2156 totus
3125 2100 3180 2156 in
3211 2101 3548 2158 abundantia
3573 2112 3630 2159 et
3653 2102 3802 2159 felici-

2236 2199 2363 2247 tate.
2418 2189 2679 2248 lntestina
2727 2191 2848 2261 ejus
2901 2191 3064 2263 plena
3106 2203 3234 2248 sunt
3272 2193 3458 2266 adipe,
3498 2204 3556 2251 et
3591 2193 3806 2250 medulla

2233 2297 2423 2339 eorum
2449 2281 2791 2338 diil'unditur.
2828 2282 2983 2340 Alius
3011 2297 3143 2340 vero
3186 2284 3422 2341 moritur
3450 2284 3524 2342 ab
3556 2284 3799 2342 amaritu-

2235 2373 2362 2432 dine
2388 2375 2587 2431 animte
2615 2389 2751 2443 suae,
2783 2391 2892 2431 non
2913 2374 3209 2432 comedens
3235 2376 3538 2449 quidquam
3569 2378 3714 2435 boni.
3744 2376 3804 2433 Et

2234 2467 2396 2523 simul
2443 2467 2497 2524 in
2544 2476 2690 2525 terra
2736 2468 3043 2538 dormient,
3075 2479 3134 2527 et
3175 2470 3405 2542 putredo
3448 2473 3663 2544 operiet
3704 2485 3805 2526 eos.

2235 2559 2425 2630 Itaque
2451 2560 2588 2628 scio,
2619 2576 2717 2617 vos
2745 2561 3008 2620 audacter
3037 2562 3148 2637 [Αι.
3179 2561 3482 2636 audaciter]
3525 2565 3655 2621 mihi
3694 2565 3810 2620 insi-

2235 2659 2385 2708 stere
2415 2656 2479 2720 ῖς(
2505 2652 2632 2723 quia
2660 2652 2875 2710 dicitis:
2907 2653 3010 2711 Ubi
3037 2664 3122 2711 est
3149 2654 3346 2712 domus
3371 2656 3660 2729 principis,
3686 2660 3744 2724 Χ
3764 2665 3810 2711 et

2237 2742 2328 2798 ubi
2357 2752 2442 2799 est
2467 2744 2720 2800 velamen
2761 2744 2816 2800 in
2848 2745 3216 2802 tabernaculis
3261 2747 3601 2818 impiorum?
3648 2752 3709 2816 >ε<
3738 2747 3811 2802 ln-

2239 2842 2510 2905 terrogate
2535 2848 2633 2890 eos
2675 2836 2769 2906 qui
2817 2843 3108 2892 transeunt
3153 2852 3251 2908 per
3286 2838 3454 2906 viam,
3501 2843 3568 2909 )ι(
3599 2839 3809 2910 etsigna

2235 2942 2429 2984 eorum
2472 2942 2580 2983 non
2611 2928 2953 3000 ignorabitis.
3006 2934 3073 2997 3K
3113 2930 3252 2999 Quia
3302 2932 3353 2986 in
3388 2931 3480 2988 die
3509 2932 3810 3004 perditionis

2237 3019 2477 3075 salvator
2502 3019 2698 3087 malus,
2731 3025 2798 3089 χ(
2829 3021 2883 3076 in
2913 3020 3058 3076 diem
3088 3022 3184 3078 ira:
3211 3021 3576 3080 deducentur.
3607 3029 3673 3093 κ(
3698 3023 3811 3092 Quis

2237 3109 2582 3167 annuntiabit
2623 3126 2812 3167 coram
2844 3127 2910 3168 eo
2933 3111 3076 3168 viam
3103 3113 3257 3184 ejus,
3285 3118 3351 3182 >ε<
3378 3125 3434 3170 et
3461 3131 3590 3186 quae
3613 3117 3725 3187 ipse
3748 3116 3812 3171 ie-

2237 3201 2334 3266 cit,
2363 3202 2456 3272 qui
2498 3200 2692 3267 reddet
2717 3201 2811 3257 ci?
2857 3207 2924 3272 >ε<
2968 3201 3039 3258 Et
3072 3203 3192 3275 ipse
3219 3203 3272 3260 in
3319 3205 3576 3277 sepulcra
3605 3203 3711 3280 [ΑΙ.
3740 3219 3814 3262 se-

2238 3289 2515 3362 pulcrum]
2544 3290 2812 3348 deductus
2837 3303 2954 3362 est,
2982 3299 3049 3365 >ε<
3077 3304 3133 3352 et
3159 3311 3327 3367 super
3353 3312 3618 3356 acervum
3639 3297 3812 3370 vigila-

2238 3384 2334 3465 vit.
2352 3389 2418 3452 x
2441 3383 2634 3440 Dulces
2655 3386 2705 3440 ei
2728 3384 2944 3443 fuerunt
2965 3386 3256 3464 lapilli[Al.
3282 3389 3520 3464 lapides]
3547 3391 3806 3458 torrentis,

2241 3481 2307 3544 >ε<
2345 3485 2402 3534 et
2451 3486 2572 3549 post
2601 3494 2726 3535 eum
2766 3481 2946 3537 omnis
2977 3481 3140 3538 homo
3188 3487 3458 3556 sequitur,
3490 3490 3560 3556 x
3597 3495 3653 3543 et
3697 3496 3808 3540 ante

2237 3591 2364 3633 eum
2393 3574 2841 3631 innumerabiles.
2873 3573 3160 3642 Quomodo
3191 3589 3322 3646 ergo
3350 3575 3712 3634 consulamini
3735 3588 3810 3631 me

2227 3669 2494 3730 inaniter?
2521 3670 2756 3741 Requies
2780 3667 2924 3724 enim
2953 3667 3087 3724 mihi
3113 3683 3144 3723 a
3167 3667 3324 3725 vobis
3349 3670 3499 3727 nulla
3527 3679 3633 3728 est.

2238 3817 2332 3859 sus
2360 3818 2572 3878 quoque
2597 3802 2806 3878 nullus‘,
2846 3801 2935 3878 vel
2976 3803 3330 3874 imperfectus
3356 3813 3443 3862 est
3479 3806 3692 3878 absque
3724 3805 3813 3861 hac

2238 3873 2391 3930 voce.
2449 3873 2654 3929 Deinde
2693 3876 2962 3928 secundus
3015 3878 3308 3930 asteriscus
3343 3878 3396 3931 in
3434 3878 3542 3934 hoc
3566 3873 3815 3934 versiculo

2238 3945 2544 4015 superﬂuus
2567 3944 2734 3999 videri
2749 3954 2954 4014 potest;
2974 3946 3227 4013 quoniam
3253 3955 3362 4001 tota
3387 3947 3580 4004 isthtec
3600 3956 3811 4004 senten-

2242 4017 2405 4086 tiaiex
2431 4015 2593 4070 llehr.
2623 4015 2986 4070 voluminibus
3012 4017 3190 4071 addita
3221 4020 3657 4086 interpretationi
3687 4015 3812 4075 LXX

2241 4085 2579 4141 sufﬁcienter
2612 4096 2830 4140 notetur
2851 4087 2953 4140 sub
2984 4103 3090 4142 uno
3118 4085 3406 4143 asterisco.
3434 4089 3615 4146 Mans.

2313 4156 2510 4212 —Non
2535 4164 2756 4231 superat
2778 4157 2834 4231 in_
2854 4156 3048 4213 Graeco
3073 4158 3409 4231 apographo,
3431 4176 3560 4229 qua:
3590 4162 3676 4215 hic
3693 4158 3819 4215 duo-

2243 4226 2346 4283 bus
2397 4226 2677 4282 asteriscis
2723 4228 3066 4298 designatur,
3110 4226 3391 4298 pericope.
3447 4226 3602 4286 Satis
3647 4240 3818 4286 autem

2241 4299 2457 4354 erudite
2502 4307 2749 4352 notatum
2799 4296 3131 4362 Martianaeo,
3175 4296 3345 4354 videri
3389 4301 3666 4357 excidisse
3701 4315 3816 4355 ver-

2239 4367 2365 4423 bum
2412 4385 2588 4440 pecns.
2623 4378 2715 4421 aut
2757 4383 2956 4440 greges,
2993 4369 3133 4440 quod
3188 4369 3242 4424 in
3285 4369 3561 4440 Hebraico
3607 4375 3820 4427 resonat

2236 4445 2393 4524 intra,
2416 4439 2475 4524 et
2499 4441 2619 4494 sine
2647 4439 2966 4524 quonullus
2986 4450 3078 4493 aut
3099 4439 3451 4524 imperfectus
3473 4451 3570 4524 est.
3590 4455 3781 4524 sensus
3805 4459 3816 4492 :

2237 4507 2562 4584 quinetiam
2593 4507 2838 4584 potuisse
2860 4509 3020 4584 unico
3043 4507 3305 4584 asterisco
3334 4513 3664 4584 sententiam
3689 4512 3821 4584 hanc

2239 4578 2306 4638 ex
2337 4578 3134 4652 llebrzeo,'sive_'l‘beodoti9ue
3156 4581 3677 4652 Septuagintaviraii
3708 4581 3822 4638 edi-

2241 4652 2375 4708 tioni
2419 4650 2656 4705 additam
2703 4649 2977 4724 illustrari.
3007 4651 3144 4724 Tum
3175 4649 3271 4720 pro
3308 4649 3382 4724 e6
3406 4653 3555 4724 quod
3593 4665 3700 4724 est,
3744 4668 3824 4706 ve-

2239 4731 2391 4777 tustae
2419 4736 2556 4787 oves,
2596 4723 2936 4790 Augustinus
2966 4738 3033 4777 ex
3069 4722 3448 4791 inemendato,
3492 4733 3556 4779 ut
3590 4723 3816 4788 videtur,

2239 4793 2429 4849 codice
2460 4793 2610 4863 legit,
2639 4802 2885 4848 uetustate
2911 4808 3047 4848 oves.

2311 4885 2629 4960 87Conjici9
2676 4902 2744 4960 ex
2793 4887 2985 4944 Cra-co
3015 4887 3182 4944 verbo
3225 4889 3640 4960 ἀπαντήσωμεν,
3685 4884 3816 4942 istud

2238 4958 2566 5030 obediemus,
2592 4958 2908 5014 Latinorum
2953 4972 3076 5014 esse
3111 4958 3527 5030 amanuensiuni
3577 4972 3818 5030 errorem

2239 5045 2337 5099 pro
2378 5027 2659 5096 obviemus,
2692 5030 2847 5100 cujus
2879 5039 2964 5085 est
3003 5030 3117 5085 fere
3147 5028 3342 5084 similis
3375 5029 3672 5099 scriptura.
3713 5027 3820 5082 Au-

2237 5103 2488 5170 gustinus
2521 5102 2663 5155 hunc
2693 5101 2869 5154 locum
2902 5102 3160 5168 praeterit.

2309 5170 2337 5206 δ
2386 5171 2609 5227 Videtur
2657 5166 2922 5226 asterisco
2981 5169 3356 5225 illusurandum
3407 5184 3610 5224 nomen
3662 5166 3819 5230 Dens,

2239 5241 2382 5312 quod
2410 5243 2706 5296 etiamnum
2757 5240 2808 5294 in
2841 5240 3029 5296 Graeco
3058 5240 3422 5295 desideratur.
3466 5241 3637 5295 Levia
3674 5253 3818 5309 qua:-

2238 5313 2362 5366 dnm
2388 5313 2493 5366 alia
2521 5313 2662 5367 infra
2693 5312 3066 5367 emcndantus.

2317 5382 2330 5420 ί
2366 5384 2542 5438 Minus
2580 5383 2718 5437 bene
2763 5395 2927 5450 penes
2963 5386 3187 5452 August.
3221 5381 3330 5452 ipse
3362 5381 3496 5434 enim
3539 5378 3821 5452 homicidia

530 5451 795 5524 animum;
827 5464 1000 5524 neque
1028 5450 1174 5504 enim
1196 5453 1450 5524 videntur
1475 5457 1719 5522 potuisse
1744 5450 1905 5511 aliter
1927 5450 2130 5510 anima:
2227 5453 2452 5524 jndicat.
2487 5453 2588 5520 Qui
2624 5453 2970 5522 subsequitur
2997 5450 3308 5524 asteriscos,
3344 5465 3472 5524 nou,
3506 5457 3570 5524 ut
3600 5451 3822 5504 Martia-

538 5519 864 5571 vocabulum
895 5520 984 5574 hic
1009 5522 1372 5575 comminisci.

614 5583 631 5665 ξ
680 5585 920 5653 Excidit,
973 5591 1026 5665 ni
1071 5591 1254 5665 fallor,
1296 5590 1620 5665 esscriptori
1665 5594 1886 5648 verbum
1933 5612 2128 5665 pecus,

537 5662 625 5707 \ut
648 5669 821 5724 greges
843 5696 857 5722 ,
883 5658 1028 5724 quod
1070 5660 1124 5711 in
1151 5659 1420 5713 llcbraico
1443 5658 1702 5728 scriptum
1735 5658 1961 5733 legitur':
2004 5658 2133 5722 seu;

2239 5519 2389 5579 nams
2419 5519 2690 5592 posuerat,
2723 5519 2896 5576 totum
2926 5523 3277 5584 versiculum,
3310 5519 3404 5592 sed
3428 5521 3660 5592 iunicum
3684 5533 3817 5592 pro-

2240 5590 2435 5650 nomen
2494 5595 2575 5647 hic
2633 5593 2950 5648 illucescere
2999 5593 3156 5660 facit,
3193 5590 3335 5660 quod
3373 5591 3511 5648 adeo
3567 5590 3820 5646 tinahbus

2245 5665 2456 5734 punctis
2485 5662 2868 5720 conclusimus.
