3960 6208
205 249 257 308 89
1314 250 1520 309 LIBER
1556 252 1694 311 JOB.
1737 253 2009 313 ALTERA
2050 254 2326 315 VERSIO.
2390 307 2412 320 η
3394 262 3467 321 90

262 379 539 422 RESPONDIT
570 379 751 422 AUTEII
778 380 998 422 ELIPHAZ
1027 380 1381 437 τΠΕὶῙᾹΝΙΤΕς,
1412 383 1479 422 ET
1506 384 1651 435 υιξιτ
1678 387 1689 421 ε

267 478 402 549 {Cara
427 478 818 550 XXll.]Nonne
838 479 1093 533 Dominus
1108 490 1190 533 est
1212 482 1300 550 qui
1326 481 1482 537 docet
1505 499 1723 538 sensum
1746 492 1772 522 ι

210 580 256 625 et
300 573 590 632 scientiam,
736 582 788 623 et
818 569 1063 624 habitare
1096 568 1223 623 facit
1252 588 1538 640 supernos
1573 576 1774 629 intelli-

208 662 497 732 gentiam?:
532 662 669 730 Quid
702 662 848 717 enim
893 662 1130 730 pertinet
1172 663 1239 717 ad
1291 665 1603 730 Dominum,
1639 669 1684 723 si
1717 681 1772 723 tu

206 754 273 809 sis
311 755 357 808 in
395 754 648 824 operibus
692 758 758 821 >ε<
799 754 1002 821 absque
1043 756 1317 810 crimine?
1365 758 1385 825 ζ
1429 768 1521 812 aut
1553 760 1680 828 quid
1722 759 1773 815 ei

204 846 419 914 prodest,
454 844 576 915 quia
604 845 840 915 simplex
868 854 953 900 est
981 846 1067 900 via
1096 847 1223 900 tua?
1251 857 1343 900 aut
1374 849 1571 905 timens
1604 861 1657 907 te
1680 867 1770 906 ar-

198 946 309 1005 guet
333 946 402 1002 te,
428 944 483 991 et
504 936 689 991 veniet
721 946 895 991 tecum
926 936 979 991 in
1007 936 1316 1007 judicium?
1342 938 1537 996 Nonne
1568 944 1770 999 malitia

198 1037 272 1081 tua
292 1026 316 1065 δ
345 1042 405 1082 -'r
434 1037 520 1083 cst
554 1028 578 1095 ζ
600 1028 771 1082 multa
796 1047 808 1081 :
829 1028 1311 1084 etinnumerabilia
1332 1041 1552 1099 peccata
1574 1036 1689 1089 tua?
1706 1042 1770 1104 βξ

195 1120 313 1189 Quia
343 1120 366 1188 ζ
400 1118 603 1190 pignus
636 1121 809 1175 tulisti
842 1120 1066 1175 fratrum
1099 1132 1314 1176 tuorum
1345 1125 1463 1180 sine
1493 1140 1690 1195 cau-a;
1720 1136 1774 1182 et

194 1213 558 1268 vestimentum
605 1228 901 1283 pauperum
930 1214 1247 1293 abstulisti:
1293 1231 1491 1286 aquam
1538 1219 1775 1275 sitienti-

194 1304 281 1359 bus
307 1320 411 1359 non
455 1304 677 1369 dedisti,
718 1314 774 1360 et
802 1308 1108 1361 esurientes
1158 1307 1383 1375 privasti
1416 1323 1575 1378 pane.
1615 1322 1635 1347 ο
1668 1310 1773 1364 lla-

193 1398 350 1453 bitare
377 1397 560 1453 fecisti
588 1414 915 1469 quemquam
953 1414 1124 1467 super
1154 1410 1391 1465 terram,
1424 1410 1516 1455 aut
1545 1400 1772 1457 miratus

191 1502 243 1543 es
281 1502 575 1557 personam
618 1487 957 1559 aliquorum?
1000 1488 1202 1544 Viduas
1242 1489 1500 1545 dimisisti
1547 1507 1768 1561 vacuas,

190 1589 239 1634 et
261 1580 496 1650 pupillos
518 1579 778 1635 alﬂixisti.
804 1581 970 1651 igitur
992 1580 1466 1639 circumvenerunt
1491 1593 1542 1639 te
1566 1584 1769 1655 laquei,

194 1682 242 1728 et
279 1674 530 1729 contrivit
573 1683 625 1729 te
665 1673 867 1728 bellum
906 1690 1186 1743 magnum.
1223 1675 1431 1730 Lumen
1460 1686 1610 1731 tuum
1655 1678 1708 1731 in
1739 1673 1768 1715 δ

1790 372 1980 438 Acies
2035 370 2373 441 iniquitatem
2425 386 2454 425 a
2507 370 2860 429 tabernaculo
2912 380 3026 429 tuo.
3073 376 3140 442 )tef
3186 373 3254 429 Et
3292 387 3464 443 pones

1876 464 2005 518 illud
2038 478 2201 532 super
2230 478 2483 534 aggerem
2518 464 2571 519 in
2607 475 2843 534 petram,
2878 470 2941 533 ἒξ(
2974 468 2999 502 δ
3024 468 3160 522 etin
3192 480 3329 522 saxa
3354 476 3465 521 tor-

1876 553 2043 608 rentis
2080 542 2273 623 Opbir.
2300 554 2418 608 Erit
2458 554 2805 624 omnipotens
2854 555 3070 626 adjutor
3101 566 3223 611 tuus
3273 566 3461 611 contra

1876 645 2158 712 inimicos,
2208 655 2261 699 et
2294 646 2445 714 quasi
2490 657 2772 717 argentum
2813 648 3071 702 mundum
3115 648 3223 719 igni
3260 646 3459 717 proba-

1876 744 2010 801 tum,
2028 737 2186 791 faciet
2206 746 2275 791 te.
2300 735 2451 791 Tunc
2476 752 2659 791 comm
2684 738 2915 793 Domino
2936 737 3162 793 habebis
3189 738 3460 806 fiduciam,

1873 828 2178 897 suscipiens
2205 827 2405 883 cmlum
2436 843 2559 883 cum
2606 828 2900 885 hilaritate.
2944 831 3012 885 Et
3052 846 3177 885 cum
3216 832 3466 886 oraveris

1874 917 1939 974 ad
1970 935 2114 983 eum,
2150 919 2413 974 exaudiet
2455 929 2527 985 te,
2556 927 2791 988 votaque
2822 929 2911 975 tua
2944 920 3161 976 reddes.
3198 922 3265 976 Et
3302 921 3463 976 resti-

1875 1024 1988 1067 tuet
2034 1014 2124 1067 tibi
2176 1014 2644 1069 conversationem
2687 1013 2931 1084 justitiae,
2968 1019 3031 1082 )s<
3068 1025 3121 1070 et
3152 1016 3202 1069 in
3229 1014 3331 1069 viis
3359 1014 3464 1070 tuis

1874 1106 1976 1160 erit
2006 1106 2191 1160 lumen
2219 1105 2241 1173 ζ
2276 1103 2291 1141 ί
2319 1104 2455 1172 Quia
2487 1104 2792 1161 liumiliavit
2815 1106 3187 1177 semetipsum,
3221 1117 3274 1160 et
3294 1105 3460 1171 dices,

1871 1200 2048 1254 elatus
2079 1208 2161 1253 est
2191 1200 2246 1253 in
2276 1198 2609 1268 superbiam.
2642 1197 2709 1252 Et
2742 1198 3059 1253 inclinatum
3088 1196 3265 1252 oculis
3293 1196 3467 1252 salva-

1873 1290 1969 1345 bit.
2007 1290 2148 1345 Erue
2169 1288 2535 1355 innocentem,
2558 1296 2613 1345 et
2640 1288 2941 1345 salvaberis
2969 1289 3025 1343 in
3051 1288 3319 1343 munditia
3350 1303 3465 1341 ma-

1874 1399 2038 1438 unum
2068 1392 2303 1438 tuarum.

2231 1490 2567 1532 BESPONDENS
2593 1490 2774 1531 ΑΙΠΕΙ
2801 1489 2912 1545 JOB,
2946 1489 3128 1531 DIXIT:

1945 1586 2097 1660 [ϐαρ.
2127 1586 2347 1659 ΧΧ111.]
2390 1587 2458 1642 Ει
2484 1588 2703 1659 quidem
2734 1588 2852 1642 scio
2894 1587 3022 1658 quia
3050 1588 3121 1642 de
3150 1600 3312 1641 manu
3342 1600 3462 1641 mea

1873 1690 1957 1735 est
1987 1680 2287 1748 increpatio
2312 1721 2327 1745 ,
2378 1688 2435 1734 et
2466 1680 2696 1734 manusi
2737 1679 2853 1747 ejus
2878 1679 3061 1747 gravis
3089 1679 3228 1733 facta
3258 1686 3340 1733 est
3367 1693 3464 1732 su-

192 1766 426 1820 tenebras
481 1780 813 1821 conversum
858 1774 971 1830 est;
1024 1780 1079 1822 et
1116 1769 1478 1823 dormientem
1528 1778 1583 1824 te
1629 1784 1768 1841 aqua
1799 1763 1849 1823 B
1876 1787 1974 1843 per
2000 1772 2259 1841 gemitum
2301 1786 2505 1827 meum.
2530 1770 2665 1839 Quis
2693 1770 2845 1825 dabit
2868 1772 3006 1825 scire
3032 1785 3119 1825 me
3139 1780 3196 1826 et
3222 1770 3467 1825 invenire

189 1859 404 1926 eperuit.
453 1857 650 1913 Nonne
694 1859 785 1928 qui
819 1858 873 1912 in
919 1860 1140 1915 excelso
1185 1872 1370 1915 manet
1414 1862 1663 1932 respicit,
1717 1873 1774 1919 et

191 1949 431 2017 injuriam
461 1948 729 2005 facientes
770 1949 1049 2005 burniliat?
1092 1951 1157 2005 Et
1188 1953 1377 2006 dixisti
1413 1969 1424 2007 :
1456 1952 1595 2021 Quid
1625 1955 1777 2010 novit

194 2042 369 2096 Deus?
406 2057 475 2095 an
526 2057 626 2111 per
665 2042 915 2097 nebulam
959 2043 1166 2112 judicat
1199 2043 1309 2115 [AL
1359 2044 1674 2117 dijudicat]?
1705 2051 1771 2115 jus:

196 2132 351 2188 nubes
374 2133 664 2188 latibulutn
696 2134 837 2203 ejus,
869 2143 923 2189 et
953 2150 1059 2188 non
1090 2136 1385 2191 videbitur.
1418 2140 1483 2205 >ε<
1513 2138 1580 2191 Et
1603 2138 1775 2192 ambi-

196 2233 295 2279 tum
325 2226 445 2281 caali
494 2226 783 2295 percurrit.
815 2230 881 2294 λ(
909 2227 1122 2297 Ergone
1151 2228 1406 2284 semitam
1438 2230 1621 2285 smculi
1648 2245 1775 2286 cus-

200 2316 324 2372 todis
340 2322 403 2385 ᾖξε(
426 2332 587 2388 quam
600 2317 951 2373 calcaverunt
968 2320 1064 2373 viri
1081 2317 1252 2389 iniqui
1272 2324 1337 2387 βε(
1355 2322 1448 2391 qui
1461 2321 1626 2392 capiti
1646 2331 1775 2378 sunt

204 2409 477 2464 immaturi?
502 2407 771 2464 Fluminis
801 2410 1146 2467 decurrentis
1175 2410 1530 2468 fundamenta
1556 2428 1770 2469 eorum.

211 2498 230 2566 ζ
256 2498 345 2567 Qui
370 2498 553 2555 dicunt
583 2517 596 2553 :
631 2499 894 2555 Dominus
932 2501 1061 2572 quid
1092 2500 1255 2558 faciet
1284 2502 1448 2559 nobis
1472 2544 1489 2570 ,
1525 2506 1613 2560 vel
1644 2503 1774 2575 quid

208 2594 346 2649 nobis
373 2593 687 2665 importabit
712 2595 1093 2666 omnipotens?
1124 2596 1190 2651 Et
1230 2597 1347 2668 ipse
1386 2596 1636 2669 implevit
1677 2598 1775 2655 do-

208 2699 310 2741 mos
328 2700 504 2742 eorum
532 2686 714 2742 bonis.
741 2685 810 2742 Et
829 2687 1089 2758 cogitatio
1117 2688 1267 2760 impii
1294 2689 1452 2762 longe
1475 2697 1562 2747 est
1587 2689 1657 2745 ab
1682 2705 1768 2747 eo.

213 2777 447 2835 Videntes
467 2778 599 2850 justi
635 2788 659 2816 ο
694 2778 975 2846 riserunt;
1008 2791 1063 2836 et
1091 2781 1441 2852 inculpabilis
1471 2782 1775 2837 subsanna-

209 2870 278 2925 bit
301 2887 410 2928 eos.
454 2877 517 2941 ἢ(
561 2870 832 2942 Numquid
876 2888 983 2927 non
1033 2874 1293 2930 demobta
1336 2884 1421 2929 est
1467 2875 1771 2931 substantia

210 2976 399 3033 eorum,
426 2968 488 3033 χ
517 2972 572 3020 et
598 2964 860 3035 reliquias
884 2978 1072 3020 eorum
1096 2964 1337 3020 comedit
1367 2965 1505 3036 ignis
1529 2965 1553 3019 ?
1585 2965 1608 3034 ζ
1640 2965 1773 3021 Esto

210 3056 365 3111 durus
396 3055 413 3095 ί
446 3074 461 3112 :
489 3057 537 3112 si
564 3058 886 3113 sustinueris
932 3066 957 3104 ε
981 3100 996 3126 ,
1039 3056 1243 3114 deinde
1280 3058 1488 3115 fructus
1518 3068 1642 3115 tuus
1669 3060 1777 3115 erit

1876 1879 2028 1931 eum,
2058 1872 2114 1919 et
2140 1862 2331 1920 venire
2373 1878 2546 1934 usque
2572 1863 2641 1917 ad
2666 1863 2863 1918 solium
2892 1863 3032 1934 ejus,
3086 1870 3146 1917 ut
3170 1862 3345 1918 dicam
3372 1878 3467 1917 co-

1876 1972 1993 2011 ram
2021 1970 2088 2011 eo
2116 1970 2339 2011 causam
2370 1970 2573 2021 meam,
2604 1963 2660 2011 et
2700 1969 2765 2010 os
2789 1969 2971 2011 meum
3004 1954 3256 2025 impleam
3286 1954 3466 2010 incre-

1878 2049 2215 2119 pationibus,
2250 2058 2307 2103 et
2333 2062 2666 2119 cognoscam
2692 2046 3036 2102 causationes
3057 2062 3190 2117 quas
3210 2047 3467 2117 loquetur

1877 2142 2035 2209 mihi,
2067 2148 2125 2197 et
2152 2141 2386 2197 sentiam
2410 2156 2532 2211 qua:
2557 2140 2842 2195 annuntiat
2872 2139 3041 2194 milii?
3093 2138 3177 2194 An
3220 2139 3273 2193 in
3297 2137 3466 2193 multa

1878 2233 2083 2290 virtute
2120 2232 2505 2303 dijudicabitur
2534 2232 2781 2289 mecum?
2826 2231 3201 2302 Nequaquam.
3232 2230 3464 2285 Tantum

1878 2324 2004 2397 [ΑΙ.
2039 2324 2281 2395 Tamen]
2311 2324 2366 2380 in
2396 2333 2604 2380 terrore
2642 2340 2749 2380 non
2794 2325 3051 2379 abutatur
3092 2337 3200 2378 me.
3253 2322 3466 2377 Veritas

1876 2416 2046 2485 enim,
2075 2424 2132 2471 et
2173 2415 2478 2485 increpatio
2502 2415 2571 2471 ab
2594 2430 2660 2471 eo
2686 2422 2792 2473 est.
2825 2412 3021 2468 Educit
3045 2410 3073 2450 ιι
3102 2412 3154 2465 in
3184 2412 3345 2466 linem
3368 2410 3464 2480 ju-

1876 2508 2079 2564 dicium
2111 2522 2312 2563 meum.
2355 2505 2493 2561 Nam
2524 2516 2579 2561 et
2606 2505 2652 2560 si
2687 2506 2896 2575 primus
2924 2502 3294 2569 ambulavero,
3323 2502 3465 2556 ultra

1876 2612 1986 2654 non
2014 2610 2129 2654 ero.
2159 2596 2227 2652 Et
2252 2596 2307 2651 in
2336 2596 2654 2651 novissimis
2682 2593 2958 2666 quomodo
2987 2592 3156 2648 sciam
3180 2595 3247 2661 >ε<
3297 2588 3464 2646 eum?

1878 2694 1946 2759 >κ
1972 2687 1991 2729 ι
2019 2692 2060 2745 Α
2093 2687 2228 2745 lteva
2252 2687 2381 2759 quid
2405 2687 2570 2759 aget?
2621 2700 2729 2742 non
2771 2684 3204 2757 apprehendam.
3235 2688 3299 2752 Χ
3323 2684 3466 2737 Con-

1875 2790 2117 2839 vertetur
2146 2779 2213 2836 ad
2244 2779 2549 2847 dexteram,
2582 2786 2638 2835 et
2667 2794 2774 2833 non
2798 2776 2996 2833 videbo
3030 2775 3173 2844 :sed
3212 2774 3318 2831 scit
3348 2773 3465 2843 ipse

1878 2876 2017 2928 viam
2047 2888 2248 2939 meam,
2272 2881 2328 2927 et
2348 2881 2388 2909 ω
2408 2871 2656 2943 probavit
2686 2885 2774 2927 me
2800 2870 2943 2925 sicut
2964 2882 3175 2923 aurum.
3202 2865 3467 2936 Egrediar

1878 2963 1931 3019 in
1962 2964 2251 3034 praeceptis
2279 2962 2418 3031 ejus.
2454 2966 2515 3027 fat/ef
2542 2960 2741 3014 Tenuit
2792 2971 2889 3029 pes
2921 2970 3081 3012 meus
3103 2964 3130 2992 ιι
3164 2956 3282 3009 vias
3326 2954 3469 3023 ejus.

1876 3054 2181 3120 Custodivi,
2232 3066 2339 3107 non
2397 3049 2705 3106 declinabo.
2744 3047 2791 3103 A
2846 3046 3132 3117 prmceptis
3188 3044 3309 3113 ejus
3357 3058 3466 3125 non

178 3148 257 3202 .in
284 3149 446 3206 bonis.
479 3153 678 3223 Accipe
717 3153 888 3222 magis
918 3166 984 3207 ex
1017 3166 1113 3208 ore
1142 3151 1258 3222 ejus
1288 3153 1549 3220 edictum,
1578 3161 1634 3209 et
1660 3167 1780 3209 sus-
1806 3142 1852 3205 C
1882 3147 2184 3205 discedam.
2214 3144 2272 3199 ιιι
2310 3144 2432 3199 sinu
2469 3151 2651 3199 autem
2697 3155 2820 3197 meo
2842 3137 3104 3195 abscondi
3133 3136 3300 3192 verba
3326 3135 3464 3204 ejus.

213 3240 320 3311 cipe
358 3242 509 3299 verba
562 3244 680 3314 ejus
730 3244 785 3299 in
836 3243 1005 3300 corde
1055 3254 1167 3299 tuo.
1218 3245 1374 3314 Quod
1418 3246 1466 3302 si
1520 3261 1773 3304 reversus

213 3328 379 3403 fueris,
408 3344 461 3390 et
482 3334 855 3392 bumiliaveris
884 3344 935 3391 te
966 3350 1150 3392 coram
1182 3336 1438 3406 Domino,
1476 3339 1670 3408 procul
1695 3338 1773 3394 fa-

278 3490 540 3566 !Longius
566 3493 656 3551 hic
693 3494 847 3550 locus
891 3493 960 3549 ab
990 3493 1221 3552 llebraao
1256 3494 1466 3551 abludit
1493 3512 1506 3549 :
1538 3494 1763 3551 Grrecus

212 3571 374 3636 autem
395 3603 411 3631 ,
435 3581 565 3636 ane
588 3566 995 3635 subsequuntur
1024 3566 1124 3621 sub
1151 3567 1435 3631 asterisco,
1463 3570 1625 3621 verba
1659 3581 1765 3622 non

213 3634 408 3711 retinet.
432 3634 625 3711 confer
646 3634 933 3707 utrumque
963 3644 1172 3693 textum
1196 3651 1212 3695 :
1238 3650 1337 3692 nos
1362 3637 1540 3693 llualia
1566 3645 1765 3711 puncta

217 3706 381 3759 statim
409 3706 733 3763 suli‘ecimus.

276 3772 451 3847 bAQua:
494 3778 595 3833 sub
637 3777 905 3832 asterisco
946 3785 1226 3843 notantur,
1275 3776 1525 3847 leguntur
1573 3777 1628 3834 in
1664 3777 1770 3833 He-

210 3839 413 3918 braico:
447 3849 583 3903 male
612 3847 775 3918 igitur
807 3848 1011 3918 positus
1062 3848 1160 3902 fuit
1210 3839 1264 3903 in
1312 3839 1413 3903 ms.
1458 3849 1648 3905 codice
1702 3863 1763 3904 σι-

213 3914 382 3968 obelus
404 3932 494 3984 pro
519 3914 875 3983 δειεῖνίεεδοὲξέ.
906 3918 1078 3973 MART.

274 3990 572 4043 -—0belum
618 4004 780 4058 quem
838 3989 925 4044 hic
970 3990 1344 4056 restituimus,
1397 3990 1665 4047 retinebat
1710 3997 1767 4045 et

214 4052 478 4131 blartganmi
506 4052 722 4131 ms.,'ac
734 4063 886 4130 jure,
920 4075 1084 4114 unum
1126 4052 1353 4117 verbum
1391 4072 1487 4127 est,
1531 4059 1764 4131 jugulat.

211 4126 349 4189 Quod
378 4128 465 4201 ille
509 4126 749 4201 titinime'
775 4131 1249 4193 animadvertens.
1284 4132 1443 4187 obelo
1472 4126 1767 4201 expuncto,

210 4207 379 4268 contra
424 4199 479 4255 S.
523 4197 844 4268 lnterpretis
897 4212 1136 4256 mentem
1177 4203 1244 4257 de
1296 4218 1395 4257 suo
1442 4197 1766 4256 asteriscum

210 4266 485 4346 substituit.
510 4266 825 4346 Panio‘post
845 4272 1134 4339 asterisco,
1164 4274 1252 4339 qui
1273 4276 1428 4328 unice
1449 4272 1515 4327 ad
1526 4270 1771 4327 verbium

214 4341 586 4412 quiaArespicit,
616 4342 801 4396 ﬁnalia
825 4353 1021 4411 puncta
1052 4346 1458 4412 snbjunxitnus.

1881 3241 1937 3298 Si
1969 3248 2150 3295 autem
2184 3239 2301 3308 ipse
2321 3235 2582 3305 judicavit
2608 3234 2709 3299 sic,
2739 3233 2863 3305 quis
2899 3240 2981 3288 est
3011 3230 3101 3302 qui
3131 3228 3471 3285 contradicat

1880 3334 1965 3393 ei?
1995 3331 2150 3402 Quod
2178 3332 2323 3389 enim
2348 3331 2463 3401 ipse
2492 3327 2690 3398 voluit,
2744 3335 2801 3384 et
2828 3324 2962 3381 fecit
2982 3331 3031 3377 ο.
3077 3322 3369 3392 PrOpIerea
3398 3317 3469 3373 ad

1872 3493 2193 3566 erantapud
2222 3492 2629 3566 Hieronymum,
2664 3504 2770 3543 non
2803 3485 2951 3566 obeli
2976 3500 3062 3566 αις.
3094 3483 3273 3566 blanr.

1942 3554 2276 3619 —Pr§elixos
2300 3563 2388 3617 iSIi
2407 3554 2461 3618 ἐι
2477 3558 2826 3628 subsequenti
2857 3556 3061 3628 isocolo
3083 3556 3273 3628 obelos
3290 3554 3467 3628 mani:

1872 3636 2013 3693 festo
2055 3634 2245 3699 falsos,
2299 3642 2464 3703 atque
2491 3630 2606 3703 ipsi
2640 3624 3323 3703 iinprobatosjlartianmo
3352 3666 3367 3689 ,
3399 3624 3469 3678 ad

1873 3709 2102 3762 aliorum
2133 3696 2398 3760 librorum
2433 3696 2593 3756 llilezn
2618 3696 2955 3754 sustulimus.
2990 3696 3126 3751 'l‘tnn
3156 3711 3221 3751 ex
3250 3697 3465 3762 Angus-

1878 3779 1972 3832 tini
1998 3774 2310 3831 testimonio
2337 3772 2740 3839 rescripsimus,
2774 3769 2940 3822 elatus
2969 3777 3044 3839 est
3070 3766 3467 3839 in_superbiaiii,

1878 3865 1975 3917 pro
2026 3862 2135 3916 quo
2181 3846 2425 3917 Slartian.
2481 3836 2706 3917 eleratus
2748 3856 2798 3893 es
2827 3837 3090 3917 superbia.
3129 3836 3345 3917 Nupera
3378 3850 3471 3889 co-

1876 3910 2013 3973 dicis
2044 3910 2412 3971 'Alexandrini
2439 3912 2606 3968 editio
2643 3910 2929 3988 emendata
2967 3910 3419 3988 unspnymruearo
3452 3924 3465 3960 :

1874 4005 1993 4059 qua:
2023 3993 2360 4059 subsequens
2378 3999 2612 4051 comma,
2630 3991 2675 4036 et
2698 3981 3005 4035 inclinatum
3029 3981 3195 4033 oculis
3218 3981 3464 4044 salvabit,

1874 4057 2140 4114 asterisco
2171 4057 2429 4111 illustrat.

1956 4129 1969 4179 i
2014 4127 2167 4183 Haud
2200 4136 2347 4181 recte
2378 4139 2549 4197 penes
2580 4120 2959 4194 Augustinum,
2991 4136 3175 4176 manus
3200 4136 3335 4187 nica,
3371 4132 3470 4189 pro

1874 4217 2009 4254 (“(8.

1893 4218 2381 4337 Julfblartianmus,
2417 4266 2613 4321 Educet
2652 4265 2717 4339 in
2758 4264 2883 4339 ﬁne.
2942 4263 3081 4319 Tum
3110 4262 3466 4339 Augustinus,

1881 4341 2025 4396 Nam
2052 4342 2117 4405 si,
2151 4327 2473 4394 intermedia
2506 4347 2552 4391 et
2587 4327 2849 4404 particula
2884 4327 3280 4405 praetermissa:
3313 4327 3470 4383 deni-

277 4418 311 4497 ε.
330 4409 512 4497 Horum
543 4427 801 4467 versuum
827 4408 965 4469 ordo
989 4408 1234 4469 inversus
1260 4424 1344 4468 est
1372 4413 1515 4483 apud
1544 4413 1773 4483 Septua-
1802 4436 1852 4497 Ι)
1879 4428 1985 4497 que
2010 4420 2188 4497 postea
2218 4427 2318 4497 non
2346 4426 2457 4491 ero,
2491 4421 2587 4497 pro
2618 4408 2780 4497 ultra,
2800 4416 2918 4497 etc.

246 4476 363 4532 inta.
392 4482 554 4537 Mser.

249 4488 363 4532 iuta.
392 4488 465 4536 ΜΛ
541 4522 554 4537 .

218 4488 299 4626 8“
328 4498 537 4626 Vilius?
550 4566 718 4624 penes
748 4552 1145 4626 Martianmnm,
1177 4555 1232 4608 in
1260 4555 1500 4609 tenebris.
1522 4553 1664 4610 Infra
1689 4555 1769 4610 le-

221 4624 349 4675 viora
371 4624 466 4677 alia
492 4639 555 4679 ex
589 4625 894 4691 Augustino
921 4626 1298 4679 emendantur.

284 4700 303 4725 ε
351 4692 479 4749 Satis
509 4694 773 4766 mendose
806 4694 949 4764 apud
988 4693 1213 4763 August.
1241 4734 1259 4761 ,
1300 4694 1544 4766 Videam
1571 4696 1773 4766 justic-

224 4774 309 4845 ζει*
322 4775 472 4831 erant,
502 4773 693 4820 contra
724 4763 899 4821 Graeci
935 4774 1113 4821 textus
1150 4766 1309 4820 ﬁdem
1338 4764 1553 4828 Ἰδόντες
1571 4763 1771 4823 ’δίκαιοι

229 4850 460 4890 Γῐελασαν.

255 4856 460 4890 suam.

255 4860 487 4983 ("Purus
511 4905 616 4983 boe
642 4906 696 4983 in
726 4904 876 4974 loco,
900 4904 954 4960 id
976 4914 1082 4973 est,
1107 4906 1298 4963 firmus
1317 4916 1371 4963 et
1395 4910 1631 4977 patiens,
1661 4921 1771 4962 non

226 4972 384 5027 mollis
406 4984 458 5030 et
480 4978 840 5031 eﬂeminatus.

219 5108 230 5120 _
284 5044 479 5120 {Addit
513 5046 947 5120 S._August_inus
975 5049 1199 5118 patiens,
1240 5049 1382 5119 quod
1413 5064 1513 5104 nec
1543 5047 1773 5104 habetur

218 5111 265 5191 ξιξ
295 5111 484 5191 Graeco,
510 5118 605 5191 sed
635 5111 778 5172 un'de
804 5111 1026 5173 ﬂuxerit
1056 5111 1362 5191 intelligere
1391 5128 1475 5175 est
1495 5135 1561 5175 ex
1586 5128 1773 5175 vetere

218 5180 297 5256 hic
334 5188 390 5256 ad
415 5187 525 5239 libri
551 5203 703 5241 oram
732 5191 982 5256 apposito
1010 5180 1255 5245 δοιιοιίοῖ

277 5249 618 5332 {Nullos‘hic
635 5249 929 5332 asteriscos
964 5263 1138 5315 luxata
1176 5260 1528 5316 Alexandrini
1566 5260 1773 5315 codicis

213 5322 370 5402 editio
384 5327 627 5402 praeﬁgit.
664 5328 844 5382 Minus
874 5346 1036 5397 porro
1065 5334 1203 5385 bene
1233 5350 1460 5402 ponens,
1492 5346 1589 5399 pro
1616 5349 1775 5402 pones

212 5392 332 5471 legit
368 5392 687 5466 Augustinus
718 5417 731 5451 :
772 5392 1014 5471 denique
1048 5419 1143 5470 pro
1187 5392 1243 5456 ei
1276 5406 1330 5456 in
1358 5392 1517 5471 saxa,
1548 5392 1773 5457 Graecus

212 5464 242 5515 ¹¹
259 5466 379 5548 ’ἓνεέν
407 5464 530 5548 είυξ
562 5469 859 5548 δεηθείη
886 5464 1057 5536 ρὲιο-αζ
1087 5478 1171 5529 καὶ
1196 5477 1264 5535 ὡς
1293 5476 1479 5548 πέτρα.

278 5538 652 5616 ιιρυω-ιιῦειὶδ
682 5542 770 5616 liic
797 5550 976 5593 notata
1004 5558 1154 5612 sunt,
1209 5538 1555 5614 reperiuntur
1585 5544 1636 5597 in
1672 5543 1775 5597 lle-

209 5601 413 5684 mea;
447 5608 647 5684 frustra
698 5610 861 5678 igitur
912 5601 1161 5681 apposuit
1187 5601 1490 5684 exscriptor
1521 5615 1774 5682 hujusce-

207 5677 344 5729 modi
367 5678 507 5748 signa
533 5677 836 5751 obelorum,
883 5677 1111 5751 quorum
1144 5702 1272 5741 usus
1299 5677 1479 5740 nullus
1504 5677 1609 5748 est,
1652 5697 1775 5736 cum

209 5754 465 5807 sententia:
479 5751 771 5806 exsmntin
797 5750 942 5808 fonte
964 5754 1216 5815 Hebraeo.
1248 5756 1510 5814 Asterisci
1637 5753 1775 5808 forte

1956 4482 1973 4521 ι
2011 4467 2089 4537 ita
2120 4497 2186 4535 ex
2215 4467 2504 4550 Augustini
2537 4467 2850 4532 teStimonio
2874 4472 3236 4550 reposuimus.
3260 4468 3311 4550 4‘
3336 4467 3464 4521 lwva

1874 4536 2164 4626 quiti’aget,
2196 4536 2538 4606 concinniori
2570 4564 2757 4626 sensu,
2818 4536 3052 4626 maxime
3102 4554 3253 4626 vero_
3271 4536 3467 4626 Grzpeo

1876 4608 2208 4694 suifragando
2238 4630 2383 4695 textu
2409 4663 2423 4685 ,
2464 4608 3074 4695 'Aptd‘l’tp&vﬁ0_tf'ld:wd10;
3099 4612 3280 4695 aurei}.
3314 4608 3471 4695 diar-

1880 4679 2104 4749 tianmiis
2157 4695 2209 4746 in
2271 4679 2440 4761 prima
2494 4679 2864 4761 personasub
2906 4679 3273 4761 interrogandi
3304 4679 3470 4733 etiam

1880 4776 2026 4828 nota,
2062 4756 2286 4834 legerat,
2312 4763 2391 4815 Ad
2423 4756 2603 4817 (meum
2630 4756 2977 4834 quidflga'”?
3108 4821 3120 4834 ,
3173 4819 3216 4834 ,.

1948 4844 1988 4871 η’
2014 4819 2287 4904 ’ϐοιῖἶ-ιιριό
2315 4819 2662 4887 Martianceus
2693 4830 2743 4882 in
2772 4819 2971 4904 l'u'turo,
3006 4819 3260 4904 probabit,
3293 4822 3459 4887 quod,

1877 4908 2177 4976 Augustino
2199 4890 2598 4976 consentiente,
2626 4903 2674 4953 iu
2703 4895 2941 4969 probavit
2970 4890 3469 4976 emendavim‘us‘ex

1877 4959 2067 5053 Erice
2096 4976 2325 5053 διέκρινε.
2361 4959 2597 5030 Leviora
2618 4959 2777 5039 supra
2808 4976 2970 5035 atque
3012 4962 3147 5017 infra
3197 4959 3347 5015 taciti
3380 4974 3473 5015 ca-

1838 5039 1857 5054 ’
1877 5049 2166 5115 Stigamus.

1952 5100 1978 5153 ἶ
2013 5100 2235 5173 Videtur
2265 5117 2329 5171 ad
2345 5117 2593 5172 Graecum
2627 5104 3128 5183 reﬁgenduslocus,
3159 5100 3467 5183 subiunctis

1880 5188 1965 5243 hic
1996 5188 2245 5244 finalibus
2275 5186 2507 5256 punctis,
2535 5197 2597 5256 ac
2626 5174 2765 5256 novo
2796 5174 2993 5256 exinde
3039 5174 3471 5256 qrozxripiqce-

1995 5240 2027 5312 ί
2056 5240 2352 5326 -γῗίἀὲῄεἱιιε
2398 5240 2677 5328 εειδὶολάίιςὶε
2708 5264 2810 5328 non
2840 5246 3128 5328 declinatio,
3156 5240 3273 5298 etc.
3293 5240 3473 5300 Ὁδοὺς

1879 5316 1977 5421 ῖγάε
2007 5332 2162 5385 αὐτοῦ
2195 5316 2433 5401 ἑφῦλαξα,
2465 5325 2549 5375 καὶ
2574 5321 2630 5373 οὐ
2658 5322 2726 5388 μὴ
2755 5316 2976 5371 ἐκκλινῶ.

2006 5402 2113 5421 nu:
2142 5403 2151 5421 I
2182 5418 2217 5421 ._
2273 5402 2491 5421 i.-.......m
2515 5400 2732 5421 nuarum
2760 5402 2945 5421 volun;
2995 5398 3152 5421 mmnl
3182 5383 3250 5421 ila
3278 5380 3399 5421 ρτιῖ

2006 5380 2493 5455 seiiJ.{s'.icl-I...'us
2514 5380 2735 5459 quartus
2760 5402 2967 5449 vetsus,
2994 5398 3153 5453 quem
3182 5383 3252 5459 ita
3278 5380 3469 5459 exlio.-

1882 5452 2035 5525 braeo
2060 5452 2460 5536 interpretatus
2509 5452 2596 5513 δἐι
2740 5459 2926 5536 Pater,
2949 5452 3082 5536 sunt
3112 5452 3383 5536 expleuerit
3419 5452 3471 5536 in

1880 5523 2302 5595 ntervolunlaz'em
2332 5548 2499 5593 suam,
2518 5540 2564 5581 et
2594 5530 2698 5580 alia
2722 5526 2885 5580 multa
2914 5523 3107 5595 similia
3131 5528 3316 5595 prwsto
3348 5525 3469 5569 sunt

1881 5592 1949 5676 ei,
1978 5609 2064 5661 hic
2109 5623 2230 5661 cum
2265 5607 2315 5676 iu
2341 5592 2530 5658 Graeco
2553 5598 2876 5668 exemplari,
2908 5605 3018 5648 tum
3052 5592 3106 5646 in
3137 5593 3327 5645 Latina
3359 5595 3461 5641 uta

1883 5674 2131 5737 versione
2161 5674 2529 5733 desideratur.
