3960 6208
1576 270 1651 327 6.
1691 264 2071 327 lilERONYMl
2109 264 2339 328 DlVlNA
2377 258 2856 329 BlBLlOTHECA.
3787 274 3842 332 92

571 399 698 442 eum
760 368 1057 454 festinavi,
1118 390 1173 444 et
1224 380 1591 443 commonitus
1646 385 1913 443 sollicitus
1967 386 2043 442 l‘ui
2096 385 2447 448 deAsuam.
2499 386 2634 443 Cum
2688 385 2957 443 infirmari
3004 387 3271 459 coeperit,
3329 403 3437 444 non
3484 396 3666 462 speret
3720 390 3843 445 sani-

575 492 642 531 en
674 486 698 515 ⁸
736 483 823 544 >ξί.
861 472 1069 535 idcirco
1093 493 1123 534 a
1149 477 1285 535 faeie
1306 478 1423 548 ejus
1448 478 1735 534 turbabor.
1763 474 2171 546 Cunsiderabo,
2274 487 2461 546 tatem,
2515 479 2616 536 sed
2668 480 2829 537 eadet
2870 478 2988 552 [Αι.
3020 479 3198 553 cadit]
3252 482 3306 536 in
3354 482 3635 551 languore.
3663 478 3841 537 Multos

575 577 632 625 et
680 564 885 624 timebo
914 569 983 625 ab
1006 586 1073 626 eo
1106 570 1126 639 ζ
1162 570 1233 626 Et
1267 569 1527 627 Dominus
1559 570 1795 627 mollivit
1837 587 1933 627 cor
1962 586 2167 638 meum,

572 671 627 715 et
673 656 1019 730 omnipotens
1060 656 1407 719 conturbavit
1457 678 1565 719 me.
1615 661 1725 719 Nec
1748 663 1893 719 enim
1924 662 2167 720 sciebam

574 753 719 825 qttod
748 755 1171 826 supervenirent
1220 755 1352 812 mihi
1393 758 1660 820 teuehrm,
1700 766 1757 812 et
1798 765 1924 812 ante
1972 755 2168 811 faciem

572 861 747 901 meam
777 855 985 929 tegeret
1013 847 1209 920 caligo.
1243 845 1398 922 [Cap.
1431 844 1647 922 XXIVJ
1672 847 1851 917 Quare
1878 842 2166 904 Dominum

570 952 677 993 non
708 938 987 994 latuerunt
1012 934 1180 1005 bone,
1220 936 1373 1008 impii
1405 948 1588 994 autem
1624 943 1687 1005 )ai
1710 938 2020 994 nescierunt
2049 936 2168 995 dies

568 1026 723 1099 ejus?
777 1028 940 1085 tinem
970 1029 1300 1099 transgressi
1331 1038 1480 1086 sunt.
1509 1027 1747 1100 Gregcm
1792 1044 1915 1085 cum
1949 1039 2166 1100 pastore

567 1118 847 1189 rapientes
899 1124 965 1190 >ς<
1015 1130 1347 1191 paraverunt
1396 1119 1419 1189 ζ
1468 1116 1781 1177 Iumentum
1834 1122 2166 1194 pnpillorum

566 1206 887 1283 alit-gerunt,
945 1222 1002 1269 et
1039 1206 1240 1269 bovem
1274 1208 1455 1269 vidua:
1483 1214 1935 1286 pignoraverunt.
1989 1213 2059 1271 Et
2084 1214 2165 1271 in-

567 1290 911 1367 clinaverunt
939 1319 1212 1377 pauperes
1238 1319 1269 1360 a
1296 1298 1382 1361 via
1418 1320 1479 1361 -ε-
1509 1305 1659 1377 justa
1694 1304 1717 1375 ζ
1744 1300 1904 1361 simul
1930 1305 2164 1364 abscon-

564 1397 666 1452 diti
694 1406 822 1453 sunt
855 1399 1018 1454 mites
1066 1407 1246 1455 terrm.
1279 1398 1350 1455 Et
1405 1393 1725 1456 irrueruntb
1746 1394 1887 1456 sicut
1922 1399 2065 1456 asini
2093 1405 2161 1471 ‘x

562 1488 662 1544 feri
692 1488 715 1557 ζ
740 1487 794 1542 in
826 1504 960 1560 agro
1004 1504 1169 1560 super
1218 1505 1327 1557 me,
1382 1496 1659 1549 exeuntes
1708 1486 1776 1546 ad
1812 1507 1950 1564 opus
1975 1508 2158 1548 suum.

569 1584 629 1645 jsti
659 1578 855 1635 Suavis
902 1578 1079 1638 factus
1135 1587 1222 1637 est
1270 1580 1350 1638 eis
1405 1582 1564 1654 panis
1617 1583 1673 1639 in
1727 1580 2158 1653 adolescentes:

568 1680 592 1711 ε
625 1671 827 1745 Agrum
873 1674 1000 1729 ante
1032 1682 1247 1744 tempus
1278 1687 1387 1729 non
1417 1686 1572 1729 suum
1601 1674 2041 1731 demessuerunt.
2071 1670 2160 1731 ln-

565 1758 706 1819 tirntt
734 1764 923 1821 vineas
950 1762 1242 1836 impiorum
1270 1765 1477 1838 absque
1506 1765 1767 1824 mercede
1786 1811 1800 1838 ,
1834 1775 1890 1824 et
1915 1764 2038 1823 cibo
2064 1778 2158 1824 co-
2187 1762 2236 1825 B

561 1853 804 1912 luerunt.
853 1848 1037 1914 Nudos
1061 1856 1263 1914 multos
1288 1852 1800 1919 feceruntdormire
1839 1856 1958 1917 sine
1987 1858 2159 1915 vesti-

562 1947 785 2013 mentis,
842 1956 895 2005 et
927 1956 1179 2021 tegumen
1227 1949 1284 2007 in
1332 1948 1541 2022 frigore
1588 1949 1954 2009 abstulerunt.
1985 1955 2051 2022 >εξ
2081 1950 2159 2009 De

557 2038 852 2096 stillicidiis
878 2040 1145 2098 montium
1192 2041 1508 2100 madesceut
1541 2039 1565 2113 ζ
1599 2043 1690 2115 qui
1738 2052 1861 2100 cum
1898 2050 2156 2115 tegumen

558 2140 666 2185 non
696 2126 984 2203 haberent,
1014 2142 1166 2204 petra
1195 2134 1372 2204 operti
1400 2140 1547 2190 sunt.
1568 2130 1974 2206 Rapueruntah
1992 2134 2157 2192 ubere

559 2218 871 2292 pupillum;
922 2230 981 2280 et
1032 2228 1175 2280 enrn'
1209 2222 1302 2297 qui
1357 2224 1666 2293 ceciderat,
1708 2225 2154 2283 hutuitiaverunt.

553 2313 743 2372 Nudos
773 2317 1019 2373 fecerunt
1056 2316 1296 2375 dormire
1323 2318 1530 2391 inique,
1556 2329 1611 2376 et
1633 2316 1993 2377 esurientium
2026 2319 2157 2376 abs-

552 2404 791 2465 tulerant
836 2404 1056 2481 panem.
1107 2407 1166 2466 In
1199 2410 1471 2483 angustiis
1528 2411 1714 2485 inique
1739 2408 1978 2468 insidiati
2003 2416 2151 2481 sunt,

536 2496 704 2554 .viam
757 2511 939 2557 autem
978 2498 1207 2574 justitim
1255 2503 1667 2575 ignoravcrunt.
1723 2502 1801 2561 De
1851 2502 2072 2561 civitate
2100 2512 2158 2561 et

553 2586 624 2646 de
652 2589 905 2647 domibus
939 2587 968 2630 ἰ
1005 2590 1058 2648 vi
1086 2586 1468 2663 ejiciebantur.
1519 2596 1712 2650 Anima
1742 2609 1874 2651 vero
1896 2594 2155 2665 parvulo-

555 2694 677 2736 rum
715 2680 769 2735 in
798 2680 1005 2752 gemitu
1027 2674 1207 2738 valde.
1235 2682 1357 2755 Ipse
1384 2694 1564 2740 autem
1593 2685 1736 2739 Deus
1756 2696 1945 2740 eorum
1967 2700 2153 2741 curam

554 2788 662 2829 non
695 2772 920 2830 habuit?
946 2773 1083 2831 Cum
1111 2786 1295 2832 essent
1323 2790 1488 2847 super
1504 2786 1735 2862 terram,
1759 2785 1814 2832 et
1838 2777 2155 2848 ignorarent

552 2864 975 2938 iiamjustitim,
1011 2883 1117 2925 non
1168 2870 1587 2927 ambulaverunt
1639 2868 1695 2925 in
1747 2870 1960 2927 semitis
1990 2873 2152 2942 ejus:

551 2967 608 3014 et
662 2961 840 3016 sciens
879 2974 1068 3017 eorum
1117 2974 1282 3032 opera
1315 2961 1540 3018 tradidit
1566 2974 1662 3018 eos
1693 2961 1746 3017 in
1779 2961 2052 3019 tenebras.
2085 2967 2150 3030 >τ<

550 3048 617 3105 Ει
658 3059 817 3108 nocte
842 3053 950 3108 erit
980 3051 1124 3109 sicut
1156 3053 1264 3109 fur.
1295 3058 1360 3123 Ἀ
1390 3052 1599 3111 Oculus
1629 3054 1868 3111 adulteri
1889 3055 2154 3111 observat

2274 573 2419 627 enim
2447 570 2649 628 afﬂixit
2670 571 2907 628 altitudo
2936 573 3081 642 ejus.
3135 573 3415 628 Emarcnit
3439 573 3584 628 sicut
3609 573 3776 628 malva
3802 573 3842 629 in

2227 732 2235 740 δ
2270 672 2429 731 :estu,
2471 673 2567 720 attt
2588 664 2730 721 sicut
2754 663 2825 721 de
2871 666 3073 736 stipula
3105 666 3253 737 spica
3384 675 3409 713 ε
3440 665 3684 737 sponte:
3713 665 3838 723 deci-

2268 756 2408 813 dens
2439 762 2503 825 fasi
2526 755 2766 827 alioquin
2797 756 2921 828 quis
2960 766 3043 813 est
3090 757 3183 828 qui
3228 757 3488 827 loilu'atttr
3519 756 3841 815 mendacium

2269 860 2357 904 me
2384 846 2591 915 dicere,
2627 851 2692 915 )s(
2723 856 2779 903 et
2801 855 2971 917 ponet
2995 846 3051 903 in
3076 847 3307 903 nihilum
3338 846 3507 903 verba
3541 848 3703 905 inca?

2412 993 2746 1035 RBSPONDENS
2773 996 2953 1037 Αυτειι
2980 996 3186 1037 ΒΑιυΑΙ)
3216 995 3538 1052 ελυιςιιιτεε,
3572 1000 3751 1040 υιιιτε

2339 1069 2491 1145 [ϐαρ.
2522 1069 2714 1144 κη]
2741 1073 2883 1140 Quid
2916 1075 3059 1130 enim
3090 1075 3381 1131 exordium
3411 1092 3577 1147 quam
3602 1080 3764 1135 timor
3788 1078 3843 1134 ab

2261 1176 2332 1220 eo
2356 1164 2445 1234 qui
2478 1163 2610 1220 facit
2649 1165 2907 1222 universa
2934 1167 2990 1222 in
3021 1168 3282 1224 excelso?
3332 1168 3509 1225 Nemo
3534 1172 3680 1226 enirn
3712 1182 3843 1243 putet

2263 1270 2386 1315 esse
2413 1273 2622 1314 moram
2654 1258 2865 1330 piratis.
2890 1258 2951 1316 In
2982 1246 3144 1332 quem
3169 1260 3315 1318 enim
3340 1277 3450 1319 non
3483 1265 3703 1320 venient
3733 1266 3843 1321 insi-

2262 1346 2371 1405 diae
2396 1348 2466 1406 ab
2494 1349 2604 1406 eo?
2642 1359 2739 1406 aut
2763 1351 3041 1422 quomodo
3092 1354 3200 1408 erit
3236 1353 3406 1410 homo
3449 1354 3631 1426 justus
3674 1371 3843 1412 curam

2264 1439 2532 1509 Domino,
2586 1441 2682 1499 vel
2726 1443 3004 1515 quomodo
3034 1457 3096 1501 se
3121 1443 3405 1501 mundabit
3434 1458 3591 1503 natus
3620 1463 3684 1503 ex
3741 1464 3844 1503 niu-

2261 1531 2416 1601 liere,
2437 1533 2484 1589 si
2516 1533 2661 1590 luna:
2685 1533 2953 1606 prtecipit,
2977 1543 3033 1591 et
3061 1550 3166 1591 non
3190 1536 3357 1604 lucet,
3391 1552 3492 1594 nec
3523 1538 3693 1596 stella:
3723 1549 3835 1594 sunt

2262 1624 2481 1683 munda:
2522 1636 2653 1685 ante
2680 1626 2792 1701 [Αι.
2820 1628 3002 1702 apud]
3028 1629 3194 1687 eum?
3235 1630 3457 1700 Quanto
3484 1634 3655 1707 magis
3685 1633 3837 1690 homo

2261 1719 2514 1791 putredo,
2543 1729 2639 1778 aut
2661 1721 2803 1779 filius
2823 1722 3057 1780 hominis
3082 1725 3285 1782 vermis
3310 1725 3326 1781 l

2615 1843 2952 1893 ιιιγοιωεη
2988 1851 3167 1919 ρυτΒΙ
3192 1852 3304 1905 JOI,
3346 1851 3527 1896 NX":

2330 1944 2502 2020 [ϐαρ.
2524 1941 2758 2024 XXVI.]
2784 1947 2882 2005 Cui
2915 1947 3047 2006 ades
3065 1990 3081 2017 ,
3132 1949 3223 2007 vel
3248 1964 3409 2023 quem
3434 1950 3722 2022 adfuturus
3752 1953 3842 2009 es?

2260 2051 2445 2094 nonne
2484 2051 2608 2095 cum
2648 2038 2737 2095 cui
2765 2039 2932 2095 multa
2965 2039 3137 2098 virtus
3166 2050 3251 2099 est
3278 2051 3333 2098 et
3365 2040 3648 2099 brachium
3680 2043 3844 2100 forte?

2258 2127 2358 2185 Cui
2408 2137 2462 2185 ιιι
2504 2128 2602 2187 das
2629 2130 2919 2188 consilium
2944 2130 2970 2187 ἲ
3001 2148 3185 2189 nonne
3212 2135 3297 2188 cui
3327 2136 3507 2191 omnis
3532 2147 3609 2191 est
3641 2137 3845 2207 sapien-

2258 2220 2369 2276 tia?
2423 2221 2511 2277 vel
2561 2223 2727 2294 quem
2784 2223 3075 2294 sequeris?
3116 2240 3296 2281 nonne
3352 2241 3476 2282 cum
3527 2225 3613 2282 cui
3664 2242 3843 2298 magna

2257 2319 2345 2367 est
2384 2310 2683 2368 fortitudo?
2720 2313 2820 2368 Cui
2863 2315 3200 2371 annuntiasti
3228 2332 3533 2387 sermones,
3559 2328 3651 2373 aut
3680 2323 3844 2391 spua-

2257 2416 2384 2458 men
2426 2403 2582 2475 cujus
2614 2413 2699 2460 est
2726 2404 2872 2477 quod
2906 2407 3021 2461 exit
3046 2423 3075 2461 a
3099 2406 3190 2463 te?
3215 2414 3280 2476 >ε<
3311 2408 3581 2480 Numquid
3611 2412 3846 2482 gigantes

2257 2494 2579 2565 redigentur
2608 2496 2662 2551 in
2696 2496 2931 2552 hiltilum
2968 2502 3036 2568 ><
3067 2499 3261 2557 subter
3288 2517 3503 2572 aquam,
3540 2508 3594 2559 et
3624 2504 3845 2575 proximi

2255 2587 2482 2641 eorum?
2608 2588 2792 2644 Nudus
2816 2588 3061 2646 infernus
3091 2607 3277 2649 coram
3309 2607 3397 2660 eo,
3531 2604 3587 2651 et
3629 2612 3735 2650 non
3768 2606 3847 2653 est

2255 2678 2504 2733 velamen
2528 2680 2847 2748 perditioni.
2883 2686 2949 2750 Ἀ(
2983 2681 3311 2739 Extendens
3339 2684 3652 2754 aquilonem
3686 2702 3844 2757 super

2258 2770 2490 2825 nihilum
2554 2774 2992 2842 )(suspendens
3047 2782 3245 2831 terram
3279 2790 3443 2845 super
3490 2776 3719 2833 nihilum
3772 2778 3846 2850 (in

2256 2872 2440 2916 aerem
2469 2862 2488 2931 )
2523 2866 2587 2931 ἓξ
2618 2862 2792 2933 ligans
2818 2874 2982 2935 quam
3030 2865 3083 2920 in
3117 2866 3355 2923 nubibus
3383 2869 3523 2939 suis,
3554 2875 3619 2937 )«s(
3646 2876 3700 2925 et
3740 2887 3843 2926 nou

2255 2962 2342 3009 est
2372 2953 2539 3011 scissa
2570 2957 2744 3012 nubes
2770 2954 2800 2994 λ
2825 2959 2930 3013 sub
2957 2961 3045 3013 eo.
3072 2962 3139 3027 >.<
3168 2959 3269 3028 Qui
3315 2966 3467 3019 tenet
3498 2963 3692 3018 faciem
3727 2965 3847 3021 solii

2258 3049 2323 3113 ῖς(
2352 3052 2407 3101 et
2438 3047 2740 3103 extendens
2787 3044 2908 3121 [ΑΙ.
2939 3049 3226 3124 extendit]
3264 3066 3430 3124 super
3473 3068 3600 3109 eum
3650 3056 3845 3112 nubem

552 3141 811 3198 tenebras
940 3140 1155 3212 dicens,
1204 3161 1311 3201 non
1368 3146 1577 3204 videbit
1619 3163 1708 3204 me
1756 3149 1966 3217 oculus,
2093 3159 2147 3206 et

2258 3150 2427 3204 suam,
2488 3143 2553 3207 isi
2606 3150 2945 3211 prmeeptum
3016 3144 3381 3200 circumdedit
3428 3158 3598 3214 super
3655 3148 3846 3204 faciem

548 3226 840 3290 latibulum
873 3234 1033 3295 faciei
1064 3241 1264 3310 posuit.
1301 3245 1366 3308 ὶεζ
1397 3240 1639 3298 Suﬂ‘odit
1690 3243 1743 3299 in
1782 3245 2021 3301 tenebris
2051 3244 2148 3300 do-

555 3342 697 3383 mos.
749 3327 854 3385 Per
883 3328 1026 3387 diem
1082 3331 1509 3404 obsignaverunt
1552 3332 1904 3408 semetipsos.
1937 3341 2002 3404 ὶε(
2028 3337 2146 3394 Non

550 3428 926 3497 cognoverunt
945 3421 1147 3492 lucem,
1175 3428 1241 3493 >ε<
1266 3423 1392 3496 quia
1417 3425 1579 3482 simul
1610 3425 1691 3483 eis
1721 3436 1744 3465 ο
1768 3443 1925 3483 mane
1955 3430 2147 3486 umbra

549 3514 740 3568 mortis
772 3509 791 3551 ί
832 3518 895 3582 ζεεέ
920 3514 1055 3572 levis
1095 3524 1183 3577 est
1210 3532 1376 3588 super
1403 3518 1597 3577 faciem
1626 3536 1782 3591 aqua:
1808 3522 1831 3591 ζ
1858 3522 2148 3579 Malcdica-

549 3612 637 3658 tur
665 3618 790 3676 pars
831 3621 1022 3663 eorum
1054 3622 1219 3679 super
1248 3620 1475 3669 terram.
1508 3615 1819 3684 Apparcant
1859 3615 2147 3685 plantatio-

554 3712 652 3753 nes
706 3714 896 3754 eorntu
951 3714 1116 3769 super
1174 3713 1376 3759 terram
1431 3705 1622 3762 aridm.
1681 3707 1756 3763 De
1825 3708 1949 3763 sinu
1999 3708 2144 3764 cnim

545 3788 873 3860 pnpillorum
898 3805 1213 3863 rapuerunt.
1236 3795 1443 3854 Deinde
1463 3810 1882 3854 rememoratutn
1907 3808 1992 3856 est
2014 3816 2143 3871 pec-

544 3889 726 3934 catum
747 3885 895 3950 eius.
926 3884 1078 3940 Sicut
1096 3874 1302 3942 'nelmla
1354 3889 1493 3944 roris
1516 3903 1784 3960 nusquam
1811 3894 2138 3960 comparuit.

549 3968 905 4027 ltetribuatnr
953 3975 1028 4030 illi
1056 3976 1196 4033 sicut
1225 3980 1355 4050 egit.
1411 3980 1742 4037 tinntcratur
1769 3983 1909 4038 sicut
1932 3982 2137 4055 lignum

544 4063 856 4118 insanabile
908 4069 1368 4141 munis-iniquus.
1429 4072 1615 4129 Sterili
1658 4074 1802 4129 enim
1856 4092 1963 4130 nun
2013 4076 2142 4133 fecit

544 4152 704 4219 bene,
733 4164 785 4209 et
819 4156 1063 4212 mulieris
1088 4176 1198 4215 non
1225 4173 1308 4216 est
1335 4163 1609 4219 misertus.
1640 4164 1697 4218 in
1730 4165 1811 4219 ira
1834 4166 2037 4223 evertit
2058 4167 2139 4221 irt-

542 4244 751 4300 firutos.
800 4247 1156 4322 Cunsurgcns
1205 4267 1339 4324 ergo
1389 4266 1498 4309 non
1545 4255 1729 4311 credit
1752 4265 1943 4313 contra
1972 4257 2137 4314 vitam

612 4346 639 4374 ⁸
671 4337 798 4394 llmc
828 4355 967 4420 vero
994 4357 1114 4411 qua:
1167 4343 1448 4420 asteriscis
1490 4344 1816 4420 illustratur,
1848 4350 2125 4420 pericope,

535 4406 643 4484 alia
682 4420 767 4484 est
815 4406 1058 4479 ejusdem
1101 4415 1349 4483 proxime
1378 4418 1678 4484 superioris
1710 4406 1899 4473 versus
1930 4406 2125 4475 decimi

538 4479 733 4557 quinti,
774 4479 1205 4557 eaajtre_gernina
1254 4479 1647 4557 interpretatio,
1695 4499 1748 4543 ιιι
1793 4504 1859 4545 ex
1912 4490 2127 4545 llehra-i

537 4551 821 4632 archetypi
850 4551 1156 4632 collatione
1203 4551 1763 4632 per.~pi_éies._l’ot_iuri
1817 4558 1955 4616 adeo
2005 4561 2131 4632 jure
2163 4570 2211 4632 ι)

537 4619 709 4746 ohe-25
732 4619 1103 4746 cqnfodienda
1131 4619 1297 4693 esset.
1330 4619 1434 4684 nisi
1461 4638 1518 4685 et
1541 4629 1596 4685 in
1629 4629 1819 4687 ϐιωεο
1849 4619 2129 4688 asteriscts

537 4705 638 4746 rtau
684 4710 773 4746 ere
805 4736 819 4746 .

536 4703 819 4760 gauderet.

613 4760 1038 4842 "_Augustir_rus_,
1068 4765 1135 4827 ad
1167 4766 1319 4842 cujus
1350 4768 1640 4842 lectionem
1687 4772 1839 4829 lmvia
1881 4772 2129 4842 qumdam

538 4834 703 4906 modo
729 4834 1161 4906 emendavirnus,
1194 4834 1281 4897 hic
1307 4842 1439 4896 sicut
1465 4841 1783 4899 adverbium
1818 4834 1982 4899 taret.

611 4915 633 4941 ε
662 4903 1075 4986 istudcomma.
1095 4903 1435 4986 Agruruunte
1453 4922 1674 4986 tempus,
1699 4924 1830 4986 etc.,
1860 4916 1911 4968 in
1940 4915 2129 4986 Cit-areo

540 4972 906 5055 Alexandrino
936 4972 1266 5055 codiceitort
1298 4972 1733 5055 liabetur,'atq'ue
1754 4972 1891 5040 adeo
1919 4985 2135 5055 videtur

537 5049 800 5123 asterisco
846 5049 1267 5125 designandum.
1316 5054 1472 5122 Quod
1516 5049 1888 5124 Subsequitur,
1924 5054 2132 5125 Inﬁrmi

537 5122 733 5179 vincas,
764 5125 897 5198 etc,
942 5122 1017 5198 _ab
1054 5123 1284 5181 ilebrmo
1329 5127 1545 5198 longius
1577 5122 1816 5194 abludit;
1862 5122 1957 5182 sed
1991 5122 2130 5182 'htec

536 5188 792 5256 persequi
819 5187 956 5244 haud
990 5204 1160 5249 vacat.

608 5250 635 5291 ά
672 5250 930 5340 Voculam
962 5262 1031 5326 vi,
1079 5281 1238 5335 quam
1281 5267 1502 5340 proprie
1543 5283 1642 5324 nec
1673 5267 1899 5325 Griecus
1941 5266 2128 5338 habet,

536 5325 869 5399 Augustinus
894 5325 1113 5404 quoque
1143 5325 1304 5392 taeet'.

535 5417 921 5556 'egsilzlﬁndose
970 5437 1139 5493 penes
1164 5426 1525 5499 Augustinum
1571 5438 1739 5487 manet
1767 5470 1782 5495 ,
1834 5443 1935 5499 pro
1981 5444 2131 5485 ηιαηε

611 5575 1054 5660 ¹.8ρριε1θη‹1ιιτη
1118 5588 1349 5645 alterum
1416 5589 1821 5649 hemistichium
1890 5592 2125 5660 videtur,

532 5647 678 5714 quod
728 5647 887 5706 facile
910 5656 1021 5728 _obg
1052 5660 1370 5716 earumdem
1417 5647 1663 5728 vocnmp
1696 5647 1881 5717 umbra
1919 5647 2125 5727 mortis:

535 5730 821 5775 recursum
848 5735 879 5776 a
910 5722 1103 5782 Latino
1145 5729 1334 5788 codice
1376 5722 1663 5789 exciderit.
1720 5735 1816 5790 Est
1841 5748 2021 5792 autem
2045 5722 2128 5793 lu;

2251 3242 2406 3303 aqua
2438 3238 2501 3298 ἃ(
2542 3246 2716 3303 usque
2771 3234 2842 3289 ad
2874 3236 3406 3293 consummationem
3460 3239 3617 3295 int-is.
3744 3240 3847 3297 Co-

2251 3324 2451 3379 lumna:
2482 3324 2501 3364 ί
2531 3324 2655 3381 costi
2682 3327 3087 3382 intremuerunt
3136 3328 3244 3402 [ΑΙ.
3270 3333 3747 3406 contremuerunt]
3784 3339 3846 3401 »ς

2251 3426 2304 3471 ct
2333 3416 2726 3486 obstupuerunt
2750 3419 2819 3471 ab
2874 3419 3250 3490 increpatione
3276 3424 3401 3489 ejus
3436 3423 3458 3491 ζ
3514 3424 3721 3481 Virtute
3751 3443 3845 3483 sua

2250 3507 2466 3563 sedavit
2492 3524 2661 3563 mare.
2699 3510 2993 3567 Prudentia
3033 3512 3152 3586 ejus
3177 3515 3498 3572 vulneratus
3539 3528 3625 3574 est
3668 3532 3845 3589 cetus,

2245 3609 2303 3657 et
2331 3601 2568 3657 claustra
2592 3603 2718 3659 ereti
2749 3612 3002 3661 metuunt
3027 3621 3176 3663 eum.
3206 3606 3488 3679 Praecepto
3513 3620 3696 3666 autem
3722 3626 3849 3681 per-

2246 3694 2379 3747 emit
2421 3692 2716 3749 draconem
2754 3694 3116 3752 desertorem.
3150 3698 3297 3755 Ecce
3349 3699 3433 3754 ita:
3476 3699 3705 3770 partesi
3742 3702 3847 3757 vim

2248 3784 2388 3853 ejus.
2427 3784 2493 3840 Et
2546 3784 2726 3841 adhuc
2766 3787 2967 3844 stillam
3004 3791 3277 3844 sermonis
3309 3790 3616 3847 audivimus
3659 3793 3725 3848 de
3755 3810 3843 3850 eo.

2246 3873 2520 3931 Virtutem
2550 3888 2733 3931 autem
2787 3878 3015 3934 tonitrui
3042 3879 3161 3950 ejus
3207 3880 3329 3951 quis
3355 3882 3494 3938 sciet
3517 3882 3739 3955 quando
3764 3876 3842 3942 fa-

2245 3966 2390 4023 ciet?

2339 4074 2406 4114 ET
2444 4075 2658 4116 Αωεςιτ
2689 4075 2780 4117 JOB
2818 4077 2885 4116 AD
2922 4076 3219 4119 ιιιῑοωιιιωι
3258 4078 3418 4133 ειςυιι,
3452 4081 3519 4122 Εἰ·
3558 4082 3739 4123 ωκιτε

2318 4172 2471 4245 [ϐαρ.
2498 4172 2741 4246 χχνιι]
2791 4175 2936 4230 Vivit
2965 4176 3243 4243 Dominus,
3293 4184 3383 4249 qui
3410 4182 3490 4235 sit:
3520 4197 3608 4236 me
3630 4182 3848 4252 judica-

2242 4265 2342 4332 vit,
2380 4277 2435 4321 et
2457 4267 2804 4335 Omnipotens
2854 4268 2947 4339 qui
2990 4271 3314 4327 amaricavit
3352 4272 3592 4329 animam
3621 4291 3845 4331 meam:

2235 4354 2609 4412 culcntissirnc
2681 4356 2879 4413 nedum
2931 4359 2988 4415 in
3036 4359 3227 4416 Grmco
3260 4402 3276 4428 ,
3352 4361 3432 4420 ὅτι
3490 4366 3842 4439 ἐπιγνώσεται

2233 4449 2476 4523 ταρᾳχὰς
2518 4452 2670 4523 castris
2716 4449 2933 4505 θανάτου
2975 4465 2990 4501 ε
3040 4449 3211 4506 sedet
3244 4452 3300 4506 in
3340 4452 3488 4511 "ei"!
3504 4470 3593 4523 eo,
3622 4463 3744 4515 ’νιν
3784 4466 3845 4520 ’ἓ

2232 4520 2420 4597 m5!
2459 4520 2656 4598 ma‘n.
2702 4539 2774 4593 l'lx
2804 4538 2998 4595 Graeco
3036 4550 3217 4596 autem
3259 4544 3338 4597 sic
3372 4544 3490 4598 fere
3534 4520 3850 4602 transferas

2238 4611 2304 4661 ad
2339 4608 2997 4686 verbumpetsuupleas,
3028 4615 3311 4686 asterisco
3337 4618 3666 4686 pra'positn,
3714 4623 3848 4680 quia

2238 4685 2509 4748 cognoscet
2528 4677 2903 4734 sollicitudines
2932 4682 3125 4736 umbrre
3154 4677 3353 4738 mortis.
3379 4677 3485 4738 Prii
3513 4677 3848 4742 levis'voea-

2236 4748 2386 4812 θυίαν,
2410 4749 2573 4822 Διιιιοιι
2603 4751 2786 4822 statim
2817 4752 3189 4822 subsequitur,
3214 4758 3391 4809 minus
3418 4768 3569 4812 recte
3605 4758 3843 4813 Martia-

2239 4818 2614 4875 nmasleuerat
2633 4819 2740 4874 alio
2762 4818 3064 4890 signitica’tu
3090 4823 3256 4878 lteris.

2311 4897 2338 4937 ε
2384 4890 2639 4968 Fortasse
2693 4890 2875 4968 veritis
2928 4893 3057 4960 legit
3087 4899 3420 4964 Augustinus
3474 4905 3660 4964 sponte
3693 4900 3843 4968 ejus.

2245 4960 2420 5033 Grtrc.
2450 4962 2754 5033 αὐτόματος.
2799 4962 3138 5033 Postremum
3174 4960 3589 5023 asteriscrrm'ex
3620 4960 3843 5029 codicis

2238 5030 2590 5086 Alexandrini
2624 5046 2825 5099 nupera
2855 5032 3451 5091 editionesuffecimus.

2309 5099 2337 5139 ιι
2379 5102 2732 5180 blartianrgus
2751 5102 2814 5155 ab
2846 5118 2944 5157 eo:
3000 5111 3138 5180 tum.
3170 5109 3313 5160 male
3371 5120 3537 5180 penes
3568 5110 3845 5180 Augusti-

2235 5188 2306 5227 nu
2314 5190 2387 5259 ξιιι
2393 5173 2586 5259 faciem
2604 5174 2795 5259 “Solisn
2810 5188 2909 5254 pro
2934 5173 3073 5238 solii,
3098 5175 3288 5259 Cragec
3316 5178 3513 5252 θρόνον.

2313 5241 2329 5281 ί
2368 5241 2743 5323 Expnnxinrus
2766 5242 2871 5323 liric
2903 5258 3089 5323 vocem
3117 5248 3276 5309 lucis,
3324 5241 3486 5315 uiuant
3513 5265 3616 5306 nec
3638 5250 3845 5323 Augu-

2233 5314 2431 5387 stinus,
2459 5312 2558 5369 nec
2585 5314 2703 5369 libri
2728 5312 2818 5367 alii
2844 5314 3136 5384 originales
3160 5312 3482 5387 agnoséunt,
3504 5334 3571 5375 ac
3610 5312 3844 5382 teurcre

2234 5386 2502 5460 intr-usum
2530 5387 3159 5460 glossemata!margine
3186 5386 3238 5460 in
3263 5398 3469 5442 textum
3504 5405 3565 5445 se
3612 5395 3832 5460 prodit.

2235 5456 2503 5509 (Steterunt
2546 5467 2597 5509 et
2629 5454 2858 5523 singulis
2899 5456 3253 5513 hemistichiis
3279 5461 3574 5515 asteriseos
3602 5454 3849 5520 suffeci-

2234 5540 2383 5651 ὅπως,
2405 5526 2603 5580 additis
2624 5526 2840 5580 demum
2856 5525 2909 5580 in
2928 5527 3035 5582 line
3056 5528 3413 5583 crassioribus
3440 5533 3683 5601 punctis,
3706 5551 3849 5605 quae

2271 5603 2479 5651 eerant.

2271 5610 2702 5742 rursum
2731 5680 3026 5742 pronomen
3058 5671 3193 5742 ejus,
3236 5668 3373 5723 falso
3399 5670 3718 5741 repetitum,
3780 5686 3851 5735 es

2234 5737 2378 5807 quod
2405 5739 2460 5819 in
2485 5736 2700 5793 caeteris
2741 5737 2894 5797 libris
2945 5736 3196 5796 omnibus
3226 5749 3405 5809 vacat,
3433 5736 3846 5810 espunximus.
