3960 6208
589 207 662 266 93
1622 199 1682 258 8.
1725 193 2096 256 IIIERONYMI
2135 192 2371 254 DIVINA
2409 191 2885 252 BIBLIOTHECA.
3807 191 3860 250 96

599 325 716 381 haec
740 323 891 391 fecit,
924 321 1066 378 sicut
1090 318 1250 386 vidit,
1275 315 1624 374 enumeravit
1643 319 1710 384 >ς<
1729 323 1785 371 et
1812 314 1958 368 viam
1985 321 2194 383 tempe-
2221 327 2269 388 Α
2297 310 2573 379 princeps,
2604 313 2670 380 β(
2698 319 2754 363 et
2781 307 3092 364 habitabam
3123 287 3267 365 sicut
3295 321 3393 364 rex
3418 307 3631 364 cinctus
3663 305 3862 364 fortibus

595 419 760 476 statis
805 418 912 492 [ΑΙ.
942 412 1354 486 tempestatum]
1402 412 1630 467 vocibus
1660 414 1725 478 >ε<
1753 418 1883 464 tunc
1909 405 2048 464 vidit
2073 422 2194 462 eam

597 524 651 571 et
671 512 920 584 exposuit
941 528 1083 578 eam,
1108 510 1338 581 paravit,
1355 517 1411 566 et
1433 507 1776 577 investigavit
1800 505 1823 574 1
1846 503 1988 560 Dixit
2012 509 2194 562 autem

599 608 842 662 homini:
894 607 1036 661 Ecce
1091 606 1263 676 pietas
1312 613 1396 660 est
1425 602 1718 674 sapientia,
1759 599 2036 656 abstinere
2065 613 2196 654 vero

597 714 626 753 a
652 698 833 764 malis,
861 695 1116 752 scientia.

777 845 846 886 ΕΤ
879 843 1098 885 Αωεοιτ
1126 841 1218 883 JOB
1247 843 1315 882 AD
1343 838 1760 891 PBEFA‘UONEH,
1789 834 1975 879 ωοεκε
2001 839 2017 878 Ξ

670 963 822 1037 [ϐαρ.
849 960 1066 1033 XXIX.J
1084 961 1341 1029 Quisnam
1360 975 1448 1015 me
1467 962 1714 1015 restituet
1737 959 1792 1013 in
1818 973 2032 1014 menses
2053 956 2201 1027 prio-

597 1072 718 1112 rum
735 1057 970 1123 dierum,
994 1056 1045 1109 in
1065 1053 1266 1124 quibus
1285 1053 1548 1108 Dominus
1569 1051 1907 1107 custodiebat
1924 1050 2045 1106 me?
2065 1050 2197 1104 Cum

601 1147 817 1203 lucebat
856 1147 1079 1202 lucerna
1109 1144 1231 1214 ejus
1260 1155 1286 1181 η
1320 1158 1488 1213 super
1525 1159 1706 1198 meum
1735 1150 1930 1211 caput:
1980 1157 2103 1196 cum
2146 1142 2198 1194 in

603 1240 810 1295 lumine
841 1238 960 1310 ejus
990 1237 1332 1293 ambulabam
1372 1236 1425 1291 in
1465 1235 1731 1300 tenebris;
1765 1249 2059 1290 cumeram
2097 1233 2199 1289 ﬂo-

600 1346 729 1388 rens
750 1332 802 1386 in
823 1329 954 1397 viis;
972 1327 1140 1385 cumb
1159 1329 1422 1384 Dominus
1444 1325 1976 1396 inspiceretdomum
1999 1341 2199 1390 meam,

606 1434 660 1480 et
687 1439 866 1480 essem
897 1424 952 1478 in
988 1420 1322 1477 abundantia
1368 1436 1583 1489 magna,
1612 1428 1666 1474 et
1693 1419 1898 1474 circum
1931 1434 2019 1474 me
2047 1418 2200 1488 pueri

607 1517 732 1571 mei.
757 1515 894 1570 Cum
918 1513 1115 1568 [lueret
1136 1527 1231 1582 per
1258 1513 1373 1566 vias
1399 1525 1549 1566 meas
1572 1511 1867 1581 butyrum;
1899 1524 2021 1565 cum
2049 1525 2204 1566 mon-

608 1617 692 1663 tes
721 1608 828 1662 mei
858 1604 1202 1661 abundarent
1233 1604 1393 1660 lacte.
1426 1601 1564 1658 Cum
1608 1603 1816 1658 exirem
1851 1613 1874 1642 ο
1908 1601 2203 1658 matutinus

2303 405 2368 470 3.(
2397 402 2550 472 quasi
2603 402 2790 457 tristes
2836 402 3125 457 consolans
3161 402 3184 470 1

2369 493 2518 566 [ϐαρ.
2538 493 2736 566 XXX.]
2752 493 2904 549 Nunc
2923 504 3100 550 autem
3124 493 3486 550 deridentime
3515 491 3684 548 infimi
3708 509 3720 546 :
3747 509 3858 551 nunc

2300 595 2524 640 mouent
2559 599 2646 639 me
2687 587 2928 640 minores
2974 595 3237 655 tempore,
3285 600 3515 656 quorum
3564 586 3858 653 Spernebam

2302 680 2327 710 ⁶
2359 685 2644 747 parentes;
2667 685 2724 733 et.
2750 676 2769 715 ί
2794 677 2965 732 virtus
2988 692 3244 732 ntanuum
3269 692 3460 733 eorum
3491 677 3646 746 quasi
3666 677 3858 733 nihilum

2271 769 2431 834 .tnihi
2463 780 2598 825 erat.
2633 775 2696 837 jszé
2726 769 2786 824 In
2809 769 2890 824 eis
2915 781 2939 818 8
2964 770 3176 840 peribat
3211 769 3390 825 omnis
3418 769 3554 824 vita.
3687 768 3742 824 In
3767 785 3861 840 ege-

2299 869 2439 917 state
2467 872 2523 918 et
2549 863 2690 918 fame
2712 862 3028 917 instabiles:
3056 862 3149 932 qui
3178 861 3451 932 fugiebant
3477 860 3503 898 ³·
3533 861 3588 916 iu
3613 861 3860 917 desertum
3940 860 3941 904 ἲ

2301 955 2416 1008 heri
2447 953 2561 1025 [ΑΙ.
2589 952 2828 1024 heremi]
2862 963 3082 1024 propter
3108 954 3408 1023 angustias,
3438 961 3494 1008 et
3519 953 3786 1008 miserias.
3813 957 3862 1020 :ef
3940 945 3941 1025 1

2300 1049 2402 1118 Qui
2451 1049 2718 1104 rodebant
2746 1049 2979 1103 cortices
3007 1047 3298 1113 arborum;
3342 1063 3572 1118 quorum
3602 1057 3719 1102 crat
3743 1047 3866 1102 cibus

2301 1142 2455 1197 radix
2517 1141 2828 1198 herbarum.
2889 1141 3205 1197 lnhonorati
3243 1151 3303 1197 et
3349 1140 3583 1210 subjecti
3639 1138 3756 1212 [Αι.
3792 1139 3867 1194 ab-

2302 1233 2502 1305 ja-cti],
2534 1242 2592 1288 et
2620 1243 2845 1304 egentes
2874 1233 3020 1288 omni
3053 1234 3223 1289 bono.
3256 1232 3357 1299 Qui
3388 1231 3603 1288 radices
3631 1232 3866 1302 lignorum

2299 1326 2706 1386 manducabant
2726 1335 2949 1398 propter
2973 1325 3172 1382 famem
3191 1340 3460 1397 magnam.
3481 1324 3868 1383 insurrexerunt

2303 1423 2358 1475 in
2388 1421 2507 1491 [ΑΙ.
2539 1419 2736 1492 super]
2768 1435 2855 1476 me
2887 1420 3056 1486 iures,
3105 1435 3335 1489 quorum
3375 1418 3574 1475 domus
3621 1428 3772 1475 erant
3793 1435 3864 1475 ca-

2303 1525 2487 1565 verna:
2535 1520 2838 1580 petrarum,
2887 1515 2954 1578 χ(
2997 1518 3054 1567 et
3077 1511 3220 1567 inter
3263 1510 3492 1566 arbores
3526 1510 3863 1579 clamabant:

2303 1599 2405 1668 Qui
2432 1601 2534 1657 sub
2561 1601 2825 1672 stirpibus
2854 1610 3017 1658 terrm
3044 1602 3356 1657 manebant.
3391 1600 3512 1656 Filii
3555 1601 3865 1667 stultorum.

606 1699 660 1754 in
692 1698 934 1762 civitate,
969 1705 1030 1753 et
1065 1697 1118 1751 in
1159 1695 1350 1766 plateis
1389 1694 1695 1764 ponebatur
1734 1694 1867 1749 mihi
1907 1694 2066 1750 sella.
2115 1694 2205 1750 Ἣ-
2234 1707 2284 1767 Β
2312 1697 2377 1761 Γέ(
2405 1704 2459 1749 et
2479 1693 2826 1764 ignobilium;
2853 1708 3052 1751 nomen
3075 1703 3132 1750 et
3167 1692 3342 1749 honor
3364 1693 3870 1750 exstinctusaterra.

608 1792 804 1847 dentes
834 1805 922 1846 mc
951 1789 1328 1844 adolescentes
1362 1787 1861 1850 abscondehantur,
1909 1802 2072 1844 senes
2107 1803 2204 1843 au-

610 1891 721 1937 tem
753 1895 944 1937 omnes
971 1881 1096 1954 [AL
1127 1890 1256 1934 tacet
1283 1877 1508 1950 omnes]
1537 1879 1914 1950 assurgebant,
1939 1889 1993 1935 et
2016 1889 2206 1950 poten-

611 1982 692 2030 tes
723 1972 1268 2043 cessaveruntloqui,
1292 1972 1520 2043 digitum
1545 1985 1810 2042 ponentes
1836 1973 1902 2028 ad
1929 1987 1991 2028 os
2021 1990 2203 2030 suum.

613 2068 678 2122 Et
706 2065 990 2121 audientes
1019 2079 1105 2120 me
1131 2063 1345 2120 felicem
1371 2064 1653 2130 dixerunt,
1699 2071 1752 2120 et
1793 2064 1974 2136 lingua
2013 2081 2205 2121 eorum

611 2159 816 2231 gutturi
841 2173 1028 2215 eorum
1057 2157 1289 2213 adhaesit
1323 2175 1336 2212 :
1363 2158 1490 2227 quia
1517 2156 1667 2212 auris
1697 2158 1926 2225 audivit,
1954 2168 2009 2215 et
2040 2158 2210 2215 beati-

614 2251 794 2306 firavit
821 2264 946 2315 me;
980 2262 1032 2304 et
1063 2249 1254 2304 oculus
1281 2250 1472 2304 videns
1494 2265 1581 2305 me
1611 2249 1922 2305 declinavit.
1957 2250 2208 2308 Liberavi

623 2344 769 2400 enim
803 2356 1094 2413 pauperem
1118 2341 1145 2379 ά
1166 2341 1237 2398 de
1261 2357 1317 2397 -:—
1347 2357 1520 2414 manu
1553 2341 1575 2410 1
1604 2343 1865 2413 potentis,
1896 2350 1952 2398 ct
1980 2345 2206 2415 pupillo,

619 2438 706 2495 cui
737 2452 845 2492 non
875 2443 994 2491 erat
1017 2434 1380 2506 adiutorium,
1429 2435 1690 2491 auxilium
1721 2435 1912 2492 detuli.
1945 2440 2011 2506 )t(
2042 2436 2214 2494 Bene-

616 2527 784 2585 dictio
811 2527 1041 2599 perituri
1075 2541 1241 2597 super
1279 2542 1366 2582 me
1390 2527 1650 2583 veniebat
1687 2526 1708 2595 1
1739 2535 1796 2583 et
1820 2542 1884 2583 os
1908 2528 2088 2584 vidua:
2119 2529 2213 2585 be-

618 2620 826 2677 nedixit
865 2635 976 2675 me.
1021 2619 1345 2689 Justitiaque
1394 2619 1613 2674 indutus
1643 2634 1818 2685 eram,
1857 2630 1914 2676 et
1941 2621 2213 2679 vestiebar

613 2710 822 2782 judicio
850 2711 994 2766 sicut
1013 2709 1322 2781 chlamyde.
1337 2709 1539 2765 Oculus
1560 2725 1708 2765 eram
1723 2725 2014 2777 caecorum,
2039 2723 2093 2769 et
2115 2729 2214 2783 pes

615 2801 961 2856 claudorum.
988 2801 1102 2870 Ego
1130 2815 1282 2856 eram
1313 2810 1468 2870 pater
1497 2801 1884 2857 iuvalidurum.
1915 2803 2210 2876 Iudicium,

616 2893 763 2964 quod
793 2907 902 2949 non
945 2907 1229 2958 noveram,
1261 2892 1550 2964 exquisivi.
1600 2893 1855 2966 Confregi
1905 2897 2076 2954 molas
2107 2899 2214 2954 ini-

615 2999 869 3056 quorum,
889 2992 946 3040 et
965 2984 1034 3040 de
1059 2985 1240 3040 medio
1261 2985 1505 3040 dentium
1531 3000 1721 3042 eorum
1745 2986 1964 3058 rapinas
1985 2990 2212 3048 extorsi.

2309 1783 2462 1841 Nunc
2488 1794 2670 1840 autem
2698 1784 2908 1840 cithara
2939 1800 3126 1842 eorum
3170 1800 3272 1856 ego
3305 1800 3444 1853 sum,
3489 1796 3544 1840 et
3571 1801 3658 1841 me
3701 1784 3873 1840 habent

2307 1876 2542 1932 fabulam
2567 1878 2585 1947 [
2606 1876 2690 1932 At.
2711 1877 2777 1933 ad
2805 1876 3108 1950 fabulam].
3135 1877 3444 1934 Abominati
3469 1887 3596 1933 sunt
3619 1894 3704 1934 me
3724 1879 3871 1934 disce.

2306 1971 2499 2028 dentes
2545 1972 2769 2042 procul;
2823 1987 2924 2028 nec
2967 1973 3020 2028 in
3061 1972 3256 2029 faciem
3307 1988 3484 2028 meam
3538 1981 3872 2043 pepercerunt

2306 2078 2525 2134 spuere.
2551 2062 2822 2132 Aperiens
2842 2063 2985 2118 enim
3011 2063 3318 2133 pharetram
3347 2066 3523 2130 suam,
3549 2062 3736 2118 amixit
3769 2079 3870 2118 me:

2308 2167 2363 2215 et
2389 2157 2606 2214 frenum
2640 2159 2692 2212 in
2742 2159 2934 2213 faciem
2965 2172 3139 2213 meam
3189 2158 3476 2212 miserunt.
3529 2156 3702 2212 Pedes
3747 2170 3874 2210 meos

2306 2253 2597 2308 vinxerunt
2625 2250 3002 2322 compedibus,
3026 2259 3082 2306 et
3123 2258 3455 2320 aperuerunt
3478 2263 3646 2320 super
3691 2264 3775 2305 me
3797 2265 3869 2304 se-

2311 2345 2472 2401 mitas
2513 2344 2836 2416 perditionis
2884 2359 3018 2401 suae.
3050 2344 3312 2400 Contrita:
3342 2352 3470 2398 sunt
3497 2343 3699 2400 semita:
3739 2357 3876 2398 mea.

2311 2436 2476 2493 Exuit
2501 2437 2644 2493 enim
2678 2451 2770 2493 me
2796 2436 2956 2503 stola,
2988 2444 3046 2492 et
3081 2435 3278 2505 jaculis
3307 2435 3420 2491 suis
3466 2435 3765 2491 vulneravit
3789 2449 3878 2491 tne.

2312 2533 2528 2588 Abusus
2553 2541 2638 2587 est
2659 2546 2748 2586 me
2768 2531 2911 2587 sicut
2934 2529 3126 2586 voluit.
3155 2529 3447 2585 Doloribus
3468 2527 3736 2586 involutus
3756 2543 3878 2592 sum,

2311 2630 2367 2678 et
2395 2623 2658 2679 iterantur
2675 2621 2893 2678 dolores
2919 2621 3044 2678 mei.
3077 2619 3317 2678 Discedit
3344 2621 3484 2677 sicut
3513 2622 3735 2692 spiritus
3758 2634 3870 2692 spes

2314 2729 2454 2781 mea,
2508 2722 2564 2770 et
2611 2714 2756 2770 sicut
2784 2714 2958 2770 nubes
2989 2717 3055 2782 ῖς(
3085 2712 3301 2768 transiit
3331 2711 3354 2782 1
3384 2713 3529 2768 salus
3559 2727 3700 2769 mea.
3737 2716 3799 2780 »ζ
3824 2712 3878 2766 Et

2315 2821 2458 2862 nunc
2483 2821 2646 2875 super
2678 2821 2766 2861 me
2793 2805 3100 2861 cfhtudetur
3117 2807 3300 2861 anima
3327 2821 3446 2862 mea
3479 2806 3500 2874 1
3533 2804 3878 2862 Possederunt

2315 2913 2402 2954 me
2445 2898 2564 2954 dies
2607 2897 2857 2953 dolorum
2892 2896 3101 2953 :Nocte
3147 2910 3282 2953 vero
3311 2911 3436 2952 ossa
3483 2912 3601 2952 mea
3634 2895 3885 2952 confracta

2315 2999 2462 3056 sunt,
2491 2999 2544 3045 et
2569 2990 2722 3045 nervi
2765 2989 2871 3044 mei
2903 2989 3156 3044 dissoluti
3205 2998 3352 3045 sunt.
3400 2988 3458 3044 lu
3504 2989 3669 3045 multa
3701 2988 3886 3044 virtute

620 3077 740 3131 Dixi
767 3077 915 3132 enim
949 3095 962 3130 :
995 3075 1154 3132 Etas
1185 3091 1304 3132 mea
1339 3086 1610 3146 senescet,
1652 3079 1796 3134 sicut
1831 3080 1997 3140 arbor
2023 3083 2218 3152 palma:
2246 3083 2291 3147 C
2321 3083 2678 3155 apprehendit
2697 3083 2894 3138 stulam
2919 3098 3119 3148 meam,
3149 3085 3214 3150 ><
3237 3092 3292 3138 et
3307 3082 3458 3152 quasi
3480 3096 3576 3137 ora
3599 3080 3889 3139 veStimcuti

631 3166 806 3222 multo
860 3167 1040 3222 vivam
1100 3176 1368 3236 tempore.
1422 3172 1486 3236 ﬁt:
1523 3168 1717 3224 Radix
1779 3187 1898 3228 mea
1950 3182 2096 3244 patet
2147 3176 2214 3230 ad

621 3273 813 3329 aquas,
845 3261 913 3326 >ε<
938 3260 995 3313 et
1019 3272 1108 3313 ros
1132 3260 1434 3315 morabitur
1463 3261 1516 3314 in
1551 3276 1726 3318 messe
1757 3279 1898 3320 mea.
1934 3271 1997 3333 fas:
2027 3267 2212 3324 Gloria

623 3363 742 3403 mea
789 3362 930 3403 nova
963 3363 1200 3415 mecum,
1233 3352 1298 3418 )t(
1326 3359 1381 3405 et
1419 3366 1580 3406 arcus
1626 3367 1780 3409 meus
1822 3355 1874 3410 in
1906 3371 2066 3412 manu
2095 3375 2212 3416 mea

620 3439 899 3511 gradietur
922 3439 946 3508 1
973 3439 1056 3495 Me
1080 3441 1362 3496 audientes
1390 3441 1570 3497 intuiti
1599 3455 1746 3511 sunt,
1769 3455 1822 3501 ct
1855 3455 2136 3508 tacuerunt
2161 3453 2213 3508 in

623 3546 743 3586 men
765 3532 1016 3596 consilio.
1040 3541 1096 3588 et
1119 3531 1172 3588 in
1194 3546 1448 3591 sermone
1471 3550 1593 3590 meo
1617 3552 1721 3591 non
1743 3537 2091 3609 adjecerunt;
2117 3545 2213 3602 sed

623 3621 792 3693 gavisi
823 3631 950 3678 sunt
975 3637 1098 3678 cum
1130 3623 1386 3695 loquerer
1418 3626 1520 3682 eis.
1549 3625 1702 3683 Sicut
1732 3635 1873 3686 terra
1900 3631 2092 3690 sitiens
2113 3651 2212 3693 ex-

623 3722 834 3784 spectat
866 3713 1103 3784 pluviam
1137 3731 1152 3771 :
1184 3715 1263 3770 sic
1289 3715 1377 3772 isti
1409 3731 1588 3773 meum
1618 3732 1956 3778 sermonem.
1986 3723 2141 3792 Quod
2167 3728 2214 3784 si

625 3813 681 3861 ct
707 3805 940 3862 redirem
972 3807 1039 3862 ad
1069 3821 1188 3878 eos,
1231 3823 1337 3864 non
1367 3808 1687 3878 credebant,
1723 3817 1789 3882 )t(
1815 3821 1872 3869 et
1911 3815 2002 3872 lux
2029 3818 2214 3876 vultus

626 3899 730 3953 mei
764 3913 868 3953 non
899 3897 1242 3954 concidebat.
1283 3903 1350 3970 >ε<
1393 3900 1551 3972 Elegi
1600 3903 1741 3958 viam
1771 3920 1982 3979 eorum,
2018 3913 2210 3970 etsedi

624 4057 689 4137 ad
717 4057 1264 4137 verbum_respo_ndet
1289 4061 1421 4137 satis
1445 4062 1583 4118 bene
1619 4061 1702 4120 his
1733 4063 1829 4120 Gr.
1859 4073 2062 4137 textus,
2086 4066 2207 4128 ὀτι

624 4130 1066 4208 εποίηεενηοῠτως
1095 4130 1211 4208 iss»
1239 4135 1511 4208 ἠρίθμησε.
1952 4207 1957 4208 ί
2045 4130 2058 4137 ’
2155 4187 2168 4200 .

697 4210 722 4237 α
765 4199 982 4256 Duobus
1022 4201 1224 4265 verbis,
1259 4199 1545 4257 tiranifesto
1579 4211 1759 4261 autem
1802 4207 2024 4272 mendo,
2051 4199 2207 4267 antea

621 4271 875 4356 (ει-Μηδὶς.
899 4287 1010 4341 per,
1033 4288 1131 4356 pro
1153 4289 1330 4344 super,
1360 4274 1502 4343 quod
1535 4290 1634 4330 uos
1655 4291 1725 4331 ex
1751 4277 1844 4332 Gr.
1872 4271 2028 4356 ὑπέρ.
2061 4281 2211 4337 aliis-

623 4357 730 4412 que
758 4342 908 4396 lihris
935 4342 1284 4411 castigamus.

697 4412 723 4450 δ
751 4413 904 4492 Apud
932 4413 1290 4492 Augusl.c§nt
1319 4413 1524 4492 uerbum
1555 4415 1762 4473 Domini
1782 4420 2075 4492 inspiceret,
2100 4434 2205 4481 etc.

2324 3177 2430 3232 tnei
2457 3176 2818 3233 circumdedit
2843 3192 2932 3232 me
2966 3176 2989 3245 1
3024 3174 3312 3232 Estimavi
3342 3190 3429 3232 me
3453 3177 3596 3232 sicut
3625 3176 3816 3232 lutum.
3839 3174 3886 3231 Ia

2318 3277 2462 3324 terra
2489 3278 2545 3324 et
2575 3267 2763 3326 cinere
2791 3283 2916 3340 pars
2942 3283 3083 3324 mea.
3112 3267 3352 3324 Clamavi
3381 3283 3511 3324 vero
3537 3268 3603 3322 ad
3629 3277 3701 3334 te,
3722 3277 3889 3325 etnon

2317 3359 2514 3416 audisti
2545 3375 2653 3418 mc.
2685 3362 2752 3430 )t(
2782 3360 3088 3428 Steterunt,
3131 3371 3184 3417 et
3224 3359 3712 3418 consideraverunt
3761 3358 3885 3428 me1

2314 3451 2618 3522 Aggressus
2663 3466 2725 3509 es
2759 3467 2850 3509 me
2875 3453 2996 3509 sine
3045 3451 3444 3509 misericordia.
3476 3451 3636 3508 Manu
3684 3452 3881 3524 potenti

2317 3543 2617 3600 verberasti
2648 3559 2756 3611 me,
2807 3552 2865 3602 et
2892 3543 3229 3602 constituisti
3266 3559 3353 3600 mo
3400 3543 3453 3600 in
3504 3543 3808 3610 doloribus.
3837 3547 3892 3613 x

2317 3645 2373 3693 et
2418 3636 2693 3708 proiecisti
2745 3653 2834 3694 me
2881 3653 2914 3694 a
2941 3636 3119 3696 salute
3148 3636 3173 3707 1
3205 3637 3320 3694 scio
3367 3637 3514 3695 enim
3565 3637 3710 3710 quod
3762 3651 3895 3692 mors

2315 3738 2566 3788 conteret
2616 3744 2723 3786 mo.
2757 3729 2962 3786 Domus
3008 3729 3154 3785 enim
3186 3737 3271 3786 est
3299 3729 3450 3786 omni
3482 3729 3702 3785 mortali
3734 3736 3891 3785 terra.

2315 3823 2492 3894 Atque
2521 3823 2723 3880 utinam
2751 3837 2966 3895 possem
3001 3837 3088 3879 me
3119 3823 3293 3893 ipsum
3324 3824 3659 3888 interﬁcere,
3690 3832 3782 3878 aut
3811 3835 3891 3878 ro-

2311 3931 2443 3988 gare
2492 3915 2508 3956 ί
2547 3917 2715 3974 alium
2749 3927 2807 3974 ut
2837 3917 3043 3975 faceret
3087 3915 3218 3974 mihi
3249 3915 3352 3973 hoc
3380 3917 3395 3973 !
3428 3915 3542 3987 Ego
3573 3924 3752 3972 autem
3780 3913 3896 3972 ﬂevi

2391 4084 2430 4148 fg
2456 4073 2735 4141 Martium,
2759 4092 3010 4148 spernens
3033 4083 3295 4148 parentes.
3319 4073 3413 4144 qui
3440 4082 3772 4148 tamennon
3797 4073 3901 4148 ine-

2315 4145 2496 4217 rudite
2524 4144 2796 4215 annotat,‘
2819 4144 3076 4217 subsequi
3119 4146 3209 4202 hic
3237 4145 3469 4217 alterum
3503 4144 3900 4217 hemistichium

2315 4216 2540 4282 debere,
2561 4217 2629 4273 ad
2654 4219 2796 4272 hunc
2820 4217 2936 4273 fere
2959 4215 3202 4282 modum,
3231 4216 3376 4284 Quos
3397 4232 3502 4270 non
3529 4217 3704 4286 putaui
3725 4215 3903 4286 dignos

2317 4302 2426 4341 esse
2453 4305 2570 4342 cum
2601 4288 2812 4342 canibus
2840 4303 3075 4359 meogum
3099 4303 3332 4359 gregum.
3370 4296 3428 4338 ιιι
3457 4286 3510 4339 in
3539 4285 3636 4341 Gr.
3668 4295 3773 4359 est,
3808 4287 3904 4359 ορς

2318 4359 2420 4433 uti);
2449 4361 2718 4433 ἡγησάμην
2747 4360 2921 4433 ἀξίους
2945 4355 3072 4416 εἶναι
3100 4355 3269 4433 iwva
3286 4364 3388 4433 τῶν
3408 4359 3544 4431 ipsis
3571 4355 3801 4430 νομάδων
3819 4356 3905 4412 :il-

2319 4427 2518 4496 lud'qu'e
2542 4427 2711 4484 videri
2738 4445 2770 4484 e
2800 4429 2995 4484 Latino
3025 4445 3128 4484 tns.
3155 4427 3448 4484 excidisse.

625 4483 946 4569 Se‘lllcnfllls
983 4493 1158 4569 ιεῃηριι
1192 4483 1554 4569 Floriacenjis
1583 4504 1711 4569 ειυς..
1741 4493 1830 4569 qui
1865 4483 2014 4569 '_legit
2057 4483 2210 4564 juxta
2242 4498 2293 4558 D
2394 4483 2865 4555 t'Desuntiiuims.
2908 4483 3193 4564 nonnulla,
3246 4483 3521 4562 videlicet,
3582 4513 3683 4551 non
3729 4497 3905 4569 putari

624 4563 946 4631 prsesentcm
970 4555 1288 4631 editionem,
1317 4570 1430 4631 cunt
1456 4555 1704 4631 Dominus
1751 4555 2076 4631 inspiceret,-
2100 4579 2208 4622 etc.

698 4653 765 4666 —
790 4624 879 4704 8ἰο
911 4625 1116 4704 _rnultis
1143 4625 1266 4680 aliis
1294 4628 1644 4704 scriptionum
1673 4631 1731 4688 S.
1770 4624 2048 4704 Augustini
2078 4637 2212 4692 locis

624 4695 976 4776 emendandis
1015 4698 1528 4776 aut-restituendis
1583 4695 2067 4776 inservire'potest
2123 4708 2210 4763 Bi-

623 4767 891 4824 bliotheca
919 4766 1100 4821 divina
1126 4769 1183 4822 8.
1222 4769 1551 4838 llicronyuti.
1583 4772 1766 4830 Msnr.

705 4851 725 4908 ς
767 4839 1032 4908 Corrupte
1054 4849 1191 4900 erat.
1221 4841 1490 4895 matutinis
1519 4841 1573 4897 in
1599 4847 1874 4903 civitatem.

697 4905 725 4945 ἀ
766 4905 1016 4987 hiartian.
1062 4910 1232 4966 solida
1271 4913 1453 4987 verba,
1500 4915 1564 4969 de
1584 4932 1741 4971 manu
1774 4919 2014 4987 potentis,
2048 4919 2211 4976 obelu

629 4980 994 5048 transfixerat,
1014 4997 1138 5037 cum
1160 4993 1338 5040 tamen
1367 4986 1480 5038 sola
1509 5002 1613 5041 vox
1638 4980 1792 5043 manu
1812 4991 1862 5044 in
1883 4980 2018 5046 lleb'.
2042 4992 2214 5048 abun-

629 5049 990 5134 det._c:£teris
1031 5056 1358 5134 reSpondeat
1383 5064 1566 5120 vitam.
1600 5063 1677 5114 Ac
1719 5060 1844 5115 licet
1872 5061 2016 5134 aliud
2048 5079 2210 5134 quam

629 5119 778 5201 quod
811 5118 1158 5201 Septuaginta
1189 5118 1526 5201 interpretati
1565 5140 1711 5195 sunt,
1743 5118 2078 5188 vocabulum.
2107 5118 2211 5190 hoc

629 5189 968 5245 Sonctzillud
998 5189 1286 5269 tatttengcst
1320 5189 1518 5268 ipsum.
1553 5189 1708 5265 quod
1723 5211 2025 5269 verterunt,
2051 5189 2206 5260 δυνάὲ

631 5283 782 5342 areu,
806 5271 994 5342 atque,
1017 5266 1318 5342 ttt__upin_or,
1342 5266 1440 5338 pro
1468 5279 1637 5331 uisu:
1665 5266 2021 5341 acceperunt,
2047 5274 2210 5331 dece-

633 5334 706 5400 nti
721 5345 930 5413 .vucum
954 5334 1324 5413 similitudine,
1345 5334 1478 5408 'qnze
1495 5353 1782 5413 postrema
1797 5334 1811 5341 ’
1827 5357 1931 5396 una
1963 5334 2204 5401 litterula

630 5416 687 5470 y.
713 5401 862 5463 hain,
893 5416 991 5467 pro
1018 5415 1057 5459 Ἴ
1086 5421 1186 5468 res,
1221 5401 1444 5462 intcr'sc
1477 5401 1752 5465 dtll'eruut.
1783 5413 1890 5467 Nos
1916 5413 2056 5467 adeo
2086 5432 2203 5471 eam

631 5482 910 5556 iltlllllamll
937 5489 1122 5556 trucem
1155 5493 1307 5529 manu
1335 5481 1696 5556 coul‘udintus.
1731 5485 1958 5538 Inferius
1987 5501 2207 5556 quoque

636 5543 833 5619 passim
864 5543 1042 5619 [inulta
1079 5557 1272 5619 priuata
1301 5548 1436 5619 suis,
1467 5551 1608 5612 quod
1637 5567 1782 5618 δίοιδε
1811 5543 2206 5619 ιηοηοιιὶυε,ἐ‹1

631 5611 871 5736 summa:
917 5611 1168 5670 lectionis
1194 5615 1329 5674 ﬁnes
1377 5611 1845 5693 internoscendos,
1890 5626 2021 5682 locis
2049 5611 2206 5684 addi?

671 5698 829 5736 unus.

671 5698 829 5736 llllllS.

2315 4569 2497 4641 dignos
2526 4572 2736 4626 canibus
2759 4585 2989 4625 meorum
3017 4585 3255 4642 gregum,
3279 4569 3385 4633 vel,
3410 4585 3514 4623 non
3539 4569 3794 4639 dignabor
3813 4585 3904 4640 po-

2316 4655 2439 4693 nere
2460 4657 2544 4694 eos
2582 4658 2699 4696 cum
2725 4643 2938 4695 canibus
2959 4641 3127 4711 gregis
3154 4641 3255 4695 mei
3285 4655 3303 4692 :
3332 4655 3454 4708 qua:
3480 4649 3657 4711 tamen
3691 4652 3800 4693 nOu
3831 4643 3908 4692 le-

2314 4723 2517 4780 guntur
2546 4711 2602 4767 in
2626 4713 2764 4768 libro
2781 4710 3205 4766 Aunotatiouum
3231 4711 3290 4768 8.
3315 4710 3636 4780 Augustini;
3662 4723 3761 4764 nec
3784 4725 3905 4763 eum

2315 4797 2378 4836 ca
2410 4782 2604 4851 legisse
2652 4784 2704 4837 in
2745 4799 2845 4837 suo
2879 4783 3178 4852 exemplari
3221 4782 3494 4852 conjicere
3525 4794 3818 4850 possumus
3837 4796 3902 4835 ex

2314 4851 2432 4919 ejus
2457 4853 2799 4922 expositione
2827 4854 2893 4908 ad
2935 4851 3077 4908 hunc
3104 4851 3519 4908 locum.MAnr.

2385 4933 2411 4970 κ
2451 4924 2678 4990 August.
2710 4926 2766 4978 in
2799 4941 2858 4978 eo
2886 4939 2904 4980 :
2932 4935 3042 4978 tum
3079 4934 3227 4979 recte
3257 4922 3476 4992 peribat,
3512 4935 3611 4990 pro
3639 4935 3747 4992 quo
3781 4936 3906 4975 cor-

2313 5005 2470 5064 rupte
2504 4995 2662 5067 Mart.
2694 4997 2940 5067 pariebat.
2977 4991 3458 5067 Quisubsequitur
3483 4991 3813 5067 asteriscus,
3849 5000 3912 5045 ut

2312 5062 2556 5132 et‘paulo
2584 5062 2708 5136 posi
2738 5066 2874 5121 alter
2899 5064 2953 5119 in
2974 5065 3182 5122 codicis
3203 5062 3559 5136 Alexandrini
3582 5077 3796 5136 nupera
3822 5078 3908 5116 rc-

2312 5133 2603 5202 censione,
2646 5151 2754 5191 non
2783 5144 2936 5200 sunt,
2979 5152 3078 5191 nec
3108 5150 3239 5190 sane
3260 5133 3396 5188 alias
3437 5133 3597 5189 nobis
3631 5133 3909 5193 videntur.

2317 5208 2417 5260 nisi
2445 5223 2560 5273 cas,
2589 5223 2724 5277 quas
2765 5209 3010 5276 proxime
3038 5205 3370 5277 praecedunt,
3405 5202 3473 5277 In
3515 5214 3571 5260 et
3604 5202 3706 5277 Qui
3734 5219 3909 5277 vocu-

2313 5277 2393 5331 las
2423 5275 2718 5333 illustrare.
2766 5277 2998 5332 lnferius
3045 5276 3246 5331 leviora
3278 5276 3526 5342 quiudam
3578 5276 3683 5328 alia
3733 5275 3908 5327 casti-

2311 5359 2528 5414 gantur,
2561 5356 2617 5403 et
2643 5364 2765 5403 cum
2794 5348 2987 5418 primis
3006 5346 3273 5403 crassiora
3299 5353 3499 5414 puncta
3530 5344 3647 5400 suis
3676 5359 3911 5414 qumque

2315 5418 2452 5472 IOt'iS
2499 5421 2866 5474 ascribuutur.

2388 5487 2412 5526 ιι
2441 5490 2592 5544 Hunc
2622 5491 2796 5544 locum
2830 5488 3188 5548 restituimus,
3220 5483 3464 5556 monilia
3492 5483 3554 5540 S.
3577 5485 3911 5556 Augustino,

2315 5559 2408 5629 qui
2439 5570 2562 5628 post
2582 5560 2724 5615 LXX
2753 5558 2889 5630 legit
2907 5560 3046 5630 fieri,
3077 5573 3184 5614 non
3233 5555 3442 5622 heremi,
3497 5563 3554 5611 ut
3599 5555 3916 5627 exscriptor

2315 5630 2522 5686 codicis
2547 5635 2717 5686 nostri
2746 5629 2846 5685 ms.
2876 5629 3048 5684 MAttr.

2397 5701 2411 5738 ¹
2458 5700 2612 5770 Apud
2643 5700 3036 5772 Augustinum,
3063 5713 3298 5768 rogarem
3318 5696 3504 5764 alium,
3529 5703 3577 5752 et
3617 5701 3838 5768 fureret.

3940 225 3941 310 ι

3940 381 3941 468 ι

3939 531 3941 618 ἰ

3939 649 3941 750 1

3940 803 3941 896 ι
