3960 6208
149 237 187 297 97
1198 236 1405 295 LIBER
1432 236 1576 296 JOB.
1605 237 1887 297 ALTERA
1918 239 2185 300 VLRSIO.

3273 249 3345 311 98

105 372 253 429 super
267 357 391 414 omni
414 355 677 419 invalido,
700 362 755 411 et
778 354 1048 435 suspiravi
1069 369 1189 411 cum
1214 355 1456 413 viderem
1478 357 1654 412 virum
1681 361 1732 419 Α
1760 357 2123 416 adolescentia
2153 372 2273 413 mea
2292 358 2637 415 enutriebam
2667 359 2822 430 quasi
2854 368 3009 431 pater
3135 360 3154 400 ί
3187 372 3243 419 et
3272 366 3341 421 de

98 452 170 512 in
192 451 582 508 necessitatibus.
635 450 744 519 Ego
788 448 929 504 bona
970 448 1345 518 prtestolabar.
1391 449 1531 503 Ecce
1560 464 1652 504 oc-

102 553 364 600 imurrerunt
403 542 531 597 mihi
579 540 752 611 magis
796 539 919 596 dies
966 540 1251 593 malorum.
1392 548 1416 575 ο
1451 540 1652 596 Venter

105 653 256 698 luens
279 636 524 700 eﬂ'erbnit,
546 644 601 689 et
627 649 731 689 non
765 631 986 688 tacebit.
1023 635 1089 699 >sf
1116 632 1533 701 Occupaverunt
1563 648 1650 688 me

110 728 220 785 dies
240 728 406 798 inopiae
439 726 462 794 1
492 725 724 781 Gemens
752 723 951 779 incessi
978 723 1097 779 sine
1125 721 1152 761 δ
1180 725 1418 791 silentio,
1441 734 1496 780 et
1524 723 1649 780 steti

112 825 167 881 in
191 834 308 879 cana
332 821 579 876 clamans.
609 818 805 873 Frater
848 816 1022 871 factus
1067 830 1189 872 sum
1231 802 1564 886 sirenarum,
1594 827 1650 874 et

114 916 289 971 amicus
306 913 518 968 filiarum
543 898 929 967 struthionum.
958 908 1114 965 Cutis
1134 925 1252 965 mea
1276 910 1544 981 innigrata
1566 920 1651 966 est
1688 906 1691 909 ’

117 1005 266 1071 valde,
286 1013 332 1060 et
356 1018 471 1058 ossa
494 1018 617 1059 mea
643 1008 709 1070 Χ
729 1002 863 1057 frixa
886 1012 1011 1056 sunt
1038 1000 1061 1069 1
1085 1001 1155 1056 ab
1184 1010 1341 1057 aestu.
1364 1000 1534 1057 Versa
1564 1014 1649 1057 est

122 1102 165 1157 in
181 1100 345 1154 luctum
364 1097 572 1153 cithara
598 1111 741 1164 mea,
765 1106 819 1152 et
838 1097 1079 1166 psalmus
1101 1110 1253 1151 meus
1276 1095 1329 1151 in
1352 1094 1559 1151 ﬂetum.
1582 1100 1646 1163 3e"

127 1190 242 1263 [ϐαρ.
266 1189 469 1261 XXX|.]
498 1189 905 1245 Testamentum
938 1189 1038 1245 feci
1065 1188 1237 1244 oculis
1258 1189 1410 1255 meis,
1445 1194 1509 1257 ᾖ(
1545 1200 1567 1228 ο
1594 1199 1649 1245 et

126 1296 207 1336 non
228 1279 449 1351 cogitabo
478 1278 547 1335 dc
572 1279 801 1350 virgine.
832 1284 895 1347 β
914 1279 983 1334 Et
1010 1295 1129 1348 qua:
1159 1289 1243 1334 est
1270 1294 1394 1349 pars
1416 1279 1521 1334 alia
1551 1279 1646 1335 Dei

123 1373 394 1443 desuperJX
421 1382 476 1426 et
498 1372 789 1427 haereditas
813 1373 1202 1442 omnipotentis
1221 1371 1287 1427 de
1309 1371 1561 1427 excelsis.
1584 1377 1647 1439 ἦ(

123 1464 265 1520 Nonne
286 1464 509 1535 perditio
534 1464 638 1519 erit
660 1464 867 1534 iniquo,
898 1472 954 1519 et
978 1463 1301 1518 abalienatio
1324 1461 1648 1518 facientibus

123 1558 441 1628 iniquitatem?
478 1557 501 1625 1
535 1556 729 1612 Nonne
779 1556 894 1624 ipse
939 1554 1145 1610 videbit
1190 1556 1331 1608 viam
1366 1569 1563 1620 meam,
1596 1564 1649 1609 et

121 1668 266 1708 omnes
290 1666 501 1722 gressus
544 1666 698 1705 meos
742 1634 1141 1704 dinumeravit?
1177 1647 1237 1703 Si
1286 1648 1481 1703 incessi
1522 1664 1645 1703 cum

1756 460 1946 507 ventre
1974 452 2164 508 matris
2196 468 2334 508 mea:
2361 453 2468 508 dux
2509 454 2588 509 eis
2618 452 2691 507 fui
2725 454 2746 521 1
2782 462 2877 521 aut
2910 454 2957 509 si
2979 453 3202 525 despexi
3233 473 3339 513 nu-

1752 541 1879 597 dum
1930 553 2272 612 pereuntem,
2304 552 2359 600 et
2390 560 2497 599 non
2530 545 2719 615 operui
2754 550 2851 612 }s(,
2903 560 3010 601 non
3045 545 3339 603 habentem

1751 634 1994 690 velamen
2024 635 2046 703 1
2077 635 2419 692 infirmorum
2443 652 2574 691 vero
2594 637 2639 690 si
2664 652 2769 691 non
2792 637 3187 694 benedixerunt
3204 641 3337 696 mihi

1752 724 1983 793 bumeri,
2016 737 2073 783 et
2096 727 2166 783 de
2192 738 2411 784 tonsura
2438 729 2621 784 ovium
2648 745 2889 785 mearum
2920 731 3168 788 calefacti
3189 742 3340 790 sunt.

1751 818 1808 874 Si
1840 818 2012 874 levavi
2058 836 2223 890 super
2252 823 2517 891 pupillum
2550 836 2768 876 manum
2894 839 3068 878 meam
3108 825 3131 894 1
3165 826 3339 882 ﬁdens

1750 912 1872 983 quia
1904 914 2130 969 multutn
2150 914 2385 970 estmihi
2416 914 2769 984 adjutorium,
2813 916 3054 972 discedat
3090 928 3115 965 ϐ
3146 921 3339 975 hume-

1750 1018 1844 1059 rus
1872 1018 2024 1059 meus
2045 1019 2074 1057 a
2096 1004 2287 1075 jugulo
2326 1020 2468 1073 meo,
2493 1016 2545 1059 et
2574 1005 2856 1061 brachium
2886 1023 3063 1064 meum
3099 1025 3128 1063 a
3158 1011 3341 1066 cubito

1750 1110 1875 1150 meo
1901 1106 2241 1151 conteratur.
2274 1096 2459 1151 Timor
2490 1098 2633 1151 enim
2666 1097 2880 1153 Domini
2915 1097 3039 1171 [ΑΙ.
3072 1110 3207 1155 ται-ει
3236 1102 3343 1156 Da-

1750 1186 1919 1259 mini]
1948 1187 2213 1242 continuit
2247 1205 2351 1253 me,
2392 1193 2456 1254 )a:
2486 1199 2539 1243 et
2562 1204 2591 1242 a
2622 1190 2862 1257 pondere
2894 1190 3011 1259 ejus
3042 1207 3149 1246 non
3181 1194 3346 1248 susti-

1751 1278 1911 1333 nebo.
1940 1282 2005 1345 >3:
2034 1276 2089 1333 Si
2122 1278 2279 1348 posui
2303 1275 2331 1313 ιι
2352 1293 2543 1331 aurum
2575 1280 2743 1333 robur
2769 1295 2947 1333 meum
2981 1281 3003 1349 1
3038 1282 3180 1351 quod
3208 1292 3263 1337 et
3295 1283 3339 1337 si

1752 1369 1806 1423 in
1848 1368 2026 1439 lapide
2058 1372 2299 1440 pretioso
2341 1368 2568 1423 lidebam
2602 1368 2684 1424 :si
2713 1381 2767 1425 et
2797 1370 3008 1425 laetatus
3050 1386 3169 1425 sum
3215 1388 3339 1427 cum

1751 1473 1897 1519 esset
1937 1464 2068 1519 mihi
2092 1480 2290 1519 census
2318 1466 2538 1530 multus,
2568 1465 2611 1517 si
2641 1475 2692 1519 et
2718 1465 2770 1517 in
2805 1462 2820 1501 ί
2860 1465 3345 1523 innumerabilibus

1750 1556 1905 1627 posui
1934 1571 2153 1610 manum
2196 1572 2390 1611 meam.
2421 1556 2501 1610 An
2530 1572 2636 1609 non
2664 1555 2911 1610 videmus
2955 1558 3124 1611 solem
3154 1560 3345 1614 lucen-

1752 1658 1857 1703 tem
1886 1648 2144 1714 delicere,
2168 1657 2221 1703 et
2242 1650 2425 1703 lunam
2459 1650 2664 1703 minui?
2693 1665 2797 1703 non
2824 1651 2967 1703 enim
2994 1651 3046 1704 in
3077 1651 3205 1719 ipsis
3234 1663 3343 1718 est,

121 1746 398 1810 irrisoribus,
428 1744 515 1800 vel
539 1745 584 1798 si
624 1743 899 1799 festinavit
925 1742 990 1797 ad
1014 1742 1197 1798 dolum
1223 1757 1319 1812 pes
1348 1757 1526 1803 meus,
1556 1757 1649 1812 ap-
1684 1750 1728 1809 Β
1757 1749 1820 1809 )af
1839 1753 1890 1797 et
1913 1742 2196 1812 deceptum
2222 1751 2306 1797 est
2327 1743 2465 1797 clam
2490 1758 2585 1797 cor
2608 1758 2785 1796 meum
2818 1742 2839 1809 1
2866 1742 3017 1810 Quod
3043 1744 3088 1797 si
3111 1754 3165 1799 et
3186 1760 3345 1800 oscu-

120 1837 278 1906 pcndat
302 1852 378 1891 me
405 1837 457 1889 in
501 1843 705 1889 statera
738 1832 1065 1904 aequissima.
1112 1831 1227 1887 Scit
1256 1843 1437 1887 autem
1471 1832 1651 1886 Domi-

118 1946 190 1985 nus
220 1930 562 1985 innocentiam
591 1942 791 1983 meam.
817 1926 873 1982 Si
899 1925 1124 1980 deﬂuxit
1147 1939 1241 1995 pes
1269 1940 1423 1980 meus
1450 1924 1516 1979 de
1540 1923 1646 1989 via,

116 2025 210 2078 etsi
236 2034 470 2078 secutum
502 2030 588 2076 est
633 2021 856 2076 oculum
898 2033 994 2074 cor
1039 2034 1242 2073 meum.
1296 2018 1352 2073 Si
1401 2017 1650 2072 manibus

115 2115 216 2170 meis
252 2115 388 2184 tetigi
433 2127 684 2181 munera,
738 2126 949 2177 seram,
998 2120 1056 2165 et
1098 2111 1189 2165 alii
1239 2109 1451 2165 fructus
1498 2124 1650 2165 meos

114 2207 263 2273 alant;
290 2208 403 2261 sine
431 2207 603 2275 stirpe
632 2204 736 2258 sim
762 2218 927 2274 super
955 2212 1176 2258 terram.
1211 2203 1267 2259 Si
1295 2211 1540 2259 secutum
1567 2214 1651 2258 est

113 2314 365 2354 eumeum
397 2297 708 2362 mulierem,
737 2304 830 2350 aut
858 2295 903 2349 si
931 2294 1121 2351 obsedi
1147 2296 1341 2364 jannas
1368 2294 1509 2364 ejus,
1545 2296 1652 2365 pla-

112 2401 195 2447 teat
218 2403 425 2463 quoque
462 2403 603 2444 uxor
632 2402 753 2443 mea
786 2387 965 2454 alteri,
995 2396 1048 2441 et
1077 2386 1173 2440 lilii
1205 2385 1309 2442 mei
1361 2386 1651 2442 ltumilien-

111 2494 183 2539 tur.
211 2484 372 2541 Furor
398 2484 545 2539 enim
570 2480 597 2518 ἀ
629 2479 795 2536 animi
822 2488 904 2536 est
931 2480 1226 2535 indomitus
1255 2480 1653 2536 commaculare

109 2579 176 2633 tiri
200 2591 435 2634 morem.
466 2575 614 2647 ignis
644 2574 843 2629 ardens
866 2584 949 2629 est
980 2574 1034 2629 in
1064 2573 1317 2629 omnibus
1366 2574 1648 2629 membris.

109 2668 413 2739 Quocumque
445 2667 754 2729 intraverit,
792 2664 1052 2721 radicitus
1081 2664 1290 2735 perdet.
1344 2664 1498 2732 Quod
1530 2665 1575 2720 si
1599 2672 1654 2719 et

109 2760 286 2831 despexi
309 2760 580 2831 judicium
614 2759 799 2813 famuli
832 2758 958 2821 mei,
992 2766 1085 2812 aut
1110 2757 1344 2822 ancillae,
1373 2768 1396 2795 ε’
1426 2773 1546 2812 cum
1567 2757 1654 2828 ju-

110 2850 383 2909 dicerentur
406 2851 548 2923 apud
576 2865 697 2915 me;
722 2850 872 2920 (quid
904 2849 1047 2905 enim
1081 2848 1299 2917 faciam,
1322 2849 1365 2904 si
1388 2848 1653 2919 judicium

107 2958 249 2999 meum
296 2942 458 2999 faciat
504 2940 831 3013 Dominus?)
872 2941 1014 3011 quod
1059 2939 1105 2996 si
1145 2950 1200 2996 et
1247 2942 1652 3009 visitationem,

102 3038 208 3104 quod
234 3053 565 3109 responsum
593 3036 738 3092 dabo
753 3022 787 3090 ir
820 3035 1011 3091 Nonne
1056 3037 1195 3091 sicut
1224 3051 1326 3110 ego
1355 3043 1654 3107 conceptus

1754 1834 1895 1909 latus
1919 1850 2038 1889 sum
2062 1849 2281 1889 manuni
2306 1849 2483 1889 meam
2516 1849 2722 1904 ponens
2750 1835 2815 1888 ad
2846 1851 2906 1888 os
2929 1851 3129 1902 meum,
3165 1837 3345 1893 ethoc

1753 1926 1883 1982 mihi
1916 1927 1981 1982 ad
2006 1944 2256 1998 magnam
2290 1926 2613 1997 injustitiam
2639 1937 2923 1997 reputetur
2952 1946 2966 1981 :
2994 1930 3116 1997 quia
3150 1933 3347 1985 menti-

1753 2029 1842 2076 tus
1870 2038 1987 2075 sum
2022 2022 2073 2075 in
2110 2034 2465 2091 conspectum
2499 2021 2716 2075 Domini
2752 2021 2977 2077 excelsi.
3019 2023 3174 2091 Quod
3217 2026 3260 2079 si
3291 2036 3346 2080 et

1752 2114 1970 2183 gavisus
2000 2129 2118 2168 sum
2159 2129 2329 2185 super
2361 2115 2515 2169 ruina
2553 2113 2760 2169 inimici
2807 2114 2936 2180 mei,
2983 2127 3036 2170 ct
3067 2117 3206 2170 dixit
3252 2133 3351 2173 cor

1753 2220 1954 2272 memn,
2010 2204 2355 2261 benefactum
2393 2214 2477 2260 est
2508 2222 2522 2259 :
2549 2204 2734 2259 audiat
2775 2207 2923 2260 auris
2969 2222 3085 2260 mea
3119 2207 3349 2263 maledi-

1754 2296 1985 2352 ctionem
2012 2312 2211 2364 meam,
2229 2297 2528 2368 opprobrio
2549 2298 2648 2351 sim
2672 2298 2725 2350 in
2748 2313 2870 2352 meo
2887 2299 3087 2368 populo
3100 2300 3350 2355 diffama-

1756 2397 1862 2443 tus.
1878 2388 2030 2454 Quod
2046 2390 2090 2443 si
2110 2402 2256 2458 saepe
2272 2389 2523 2444 dixerunt
2544 2389 2751 2444 ancilla:
2770 2390 3066 2457 meagQuis
3083 2390 3175 2445 det
3191 2392 3349 2448 nobis

1756 2488 1817 2533 ut
1844 2479 2097 2535 carnibus
2122 2480 2239 2549 ejus
2270 2480 2569 2533 Satiemur?
2612 2496 2733 2535 cum
2778 2481 2910 2534 satis
2942 2481 3113 2535 bonus
3144 2498 3346 2539 essem.

1756 2571 1912 2628 Foris
1932 2589 2037 2627 non
2058 2573 2306 2627 manebat
2327 2570 2545 2641 hospes.
2569 2570 2737 2627 Janua
2758 2588 2876 2627 mea
2900 2575 3042 2628 omni
3066 2575 3355 2632 advenien-

1757 2662 1796 2719 ti
1847 2664 2081 2731 patebat.
2134 2662 2287 2731 Quod
2327 2664 2449 2718 siet
2475 2674 2668 2734 sponte
2696 2680 2926 2735 peccans
2955 2666 3211 2722 abscondi
3226 2684 3356 2738 pee-

1755 2766 1935 2811 catum
1963 2770 2174 2821 meum;
2200 2770 2299 2810 nec
2324 2755 2467 2809 enim
2492 2756 2684 2810 erubui
2713 2756 3115 2811 multitudinem
3143 2760 3352 2827 populi,

1757 2861 1826 2903 ne
1848 2845 2139 2901 confiterer
2162 2861 2345 2900 coram
2379 2845 2457 2900 eis
2486 2862 2500 2899 :
2529 2855 2622 2901 aut
2643 2846 2687 2900 si
2716 2846 2895 2900 dimisi
2920 2847 3191 2901 infirmum
3231 2849 3352 2903 sinu

1755 2955 1926 2995 vacuo
1966 2939 2117 2996 exire
2147 2938 2369 3006 januam
2397 2952 2594 2993 meam.
2634 2941 2699 3005 >ε<
2721 2938 2853 3005 Quis
2875 2938 3005 2992 mihi
3038 2940 3236 2992 tribuat
3259 2956 3356 2993 au-

1756 3032 2328 3100 ditoremYXManum
2356 3030 2569 3085 Domini
2589 3030 2634 3086 si
2658 3045 2764 3086 non
2790 3031 2966 3097 timui,
2992 3031 3014 3099 1
3040 3031 3052 3081 i
3077 3034 3358 3102 conscrip-

102 3144 186 3185 tum
214 3133 267 3186 in
295 3141 475 3195 utero,
510 3129 693 3196 etilli,
722 3139 778 3184 et
818 3129 1015 3183 fuimus
1042 3128 1294 3183 similiter
1324 3128 1377 3183 in
1421 3129 1657 3184 ventre?
1682 3135 1728 3199 ρ
1761 3124 1962 3179 tionem
1991 3123 2037 3179 si
2063 3139 2222 3194 quam
2258 3122 2452 3189 habeo,
2483 3138 2645 3191 super
2671 3121 2931 3178 humeros
2961 3139 3111 3178 meos
3144 3124 3354 3193 levans,

102 3218 296 3278 infirmis
319 3232 535 3287 autem,
564 3222 610 3277 si
640 3220 767 3292 quid
799 3236 936 3291 Opus
962 3219 1081 3286 fuit,
1112 3234 1218 3275 non
1256 3219 1541 3292 dcuegavi.
1568 3219 1658 3275 Vi-

103 3312 193 3367 dua:
230 3315 448 3370 oculum
484 3328 592 3368 non
638 3312 967 3368 excruciavi.
1015 3313 1126 3367 Aut
1154 3310 1203 3366 si
1235 3327 1429 3382 panem
1476 3327 1655 3366 meum

103 3410 279 3467 comedi
307 3411 480 3478 solus,
515 3420 569 3464 et
600 3423 710 3463 non
738 3406 861 3462 dedi
894 3406 1100 3478 pupillo
1130 3410 1195 3473 >4
1224 3421 1293 3461 ex
1320 3421 1385 3461 eo
1408 3406 1561 3477 (quia
1592 3406 1659 3461 ab

159 3553 181 3580 ⁸
218 3544 386 3609 Hunc,
417 3552 476 3599 et
495 3542 590 3613 qui
613 3540 1003 3613 subsequitur,
1020 3537 1343 3593 asteriscum
1371 3537 1438 3592 ad
1469 3536 1677 3593 codicis

106 3608 435 3670 Alexandrini
472 3608 723 3668 normam
760 3608 1151 3679 supplevimus.

157 3684 182 3723 δ
199 3685 291 3741 Gr.
307 3686 463 3741 habet
475 3684 601 3741 ἄνευ
620 3687 802 3753 θυμοῦ,
819 3681 1087 3753 γθιφιμοῦ,
1114 3679 1164 3732 id
1180 3684 1285 3753 est,
1302 3679 1410 3753 sine
1422 3679 1673 3753 animosi-

107 3765 207 3820 tate,
231 3760 314 3812 vel
344 3759 495 3825 freno
514 3771 537 3820 ;
577 3749 750 3825 quare
790 3749 932 3825 haud
963 3749 1095 3825 scio,
1128 3749 1279 3825 unde
1310 3751 1421 3803 sine
1464 3750 1673 3825 silentio

105 3820 357 3882 excuderit
384 3820 611 3882 nosteri
642 3824 749 3879 nisi
771 3824 934 3877 cubat
963 3822 1015 3875 in
1048 3820 1245 3875 tuendo
1267 3820 1438 3883 locus,
1472 3835 1538 3874 ac
1564 3822 1674 3874 for-

108 3905 227 3969 [asse
250 3899 535 3969 legendum
556 3904 663 3969 est,
694 3895 809 3969 sine
834 3891 1168 3969 conﬁdentia,
1196 3902 1287 3944 aut
1311 3891 1439 3969 quid
1467 3890 1667 3946 simile.

108 3967 219 4022 Tum
246 3964 344 4024 ne}:
372 3982 519 4025 recte
539 3967 945 4037 Attgustinuset
973 3964 1125 4026 stetit,
1154 3976 1253 4037 pro
1278 3964 1418 4025 steti,
1451 3969 1561 4015 etc.

164 4049 183 4075 ε
222 4042 393 4095 Aliter
422 4050 478 4095 et
502 4033 764 4107 plus'uno
789 4033 1349 4107 inciso‘Augustinus,
1374 4041 1433 4107 ut
1456 4049 1560 4107 non
1584 4047 1672 4107 co—_

110 4109 239 4175 gitem
268 4112 333 4166 de
360 4102 575 4181 virgine,
627 4120 677 4160 et
722 4122 841 4181 non
874 4105 1104 4181 cogitabo
1148 4107 1212 4156 de
1253 4103 1495 4181 virgine;
1524 4102 1671 4181 haud

112 4172 265 4235 tamen
298 4199 363 4238 ex
385 4172 760 4250 origin—almus
789 4172 962 4250 libris,
1008 4186 1187 4250 tamen
1219 4172 1322 4226 etsi
1354 4174 1485 4250 illud
1534 4173 1674 4250 ragi-

115 4252 223 4323 [ιώ-ο,
253 4244 603 4323 probavimus
625 4249 798 4319 magis
821 4263 887 4302 ex
913 4244 1008 4302 Gr.
1040 4249 1269 4311 συνήσω,
1296 4258 1419 4299 cum
1453 4245 1676 4315 legisset

115 4316 519 4396 Bay-cogitari.

1761 3228 1815 3275 et
1852 3225 2142 3273 coronatus
2190 3216 2405 3287 publice
2453 3215 2731 3286 legamzet
2751 3218 2794 3271 si
2824 3231 2928 3271 non
2960 3216 3167 3287 disrupi
3192 3232 3311 3273 eam
3340 3259 3356 3284 ,

1763 3322 1816 3369 et
1836 3310 2045 3367 reddidi
2065 3310 2202 3366 nihil
2224 3310 2493 3380 accipiens
2510 3325 2539 3365 a
2562 3310 2828 3367 debitore.
2854 3311 2909 3367 Si
2938 3327 3103 3383 super
3125 3328 3211 3367 me
3233 3327 3356 3366 um-

1764 3420 1923 3477 quam
1958 3412 2099 3459 terra
2124 3404 2349 3475 gemuit,
2372 3412 2465 3459 aut
2486 3403 2622 3459 sulci
2644 3405 2761 3475 ejus
2786 3406 3133 3476 ploraverunt
3159 3407 3318 3461 simul
3345 3424 3359 3473 ;

1778 3537 1893 3611 ptis
1917 3537 2020 3604 itis,
2044 3552 2164 3611 qua;
2194 3536 2502 3611 parenthesi
2527 3537 2871 3611 inclusimus,
2896 3539 2965 3593 ab
2988 3540 3217 3610 AnguSt.
3244 3541 3361 3611 ipsa

1779 3607 2083 3670 laudantur,
2115 3607 2303 3675 sicque
2334 3608 2403 3661 ab
2433 3624 2501 3662 eo
2526 3620 2653 3662 sunt
2686 3609 2907 3664 totidem
2949 3607 3129 3665 verbis
3154 3607 3365 3667 descri-

1777 3689 1890 3748 pta,
1929 3678 2165 3753 _ttt_niltii
2191 3680 2303 3745 jam
2319 3678 2665 3753 dubitemus,
2700 3681 2826 3753 quin
2871 3680 3061 3735 eadem
3106 3682 3198 3737 illa
3229 3681 3363 3753 sint,

1775 3765 1899 3819 qua:
1924 3750 1983 3804 S.
2015 3750 2285 3817 interpres
2318 3750 2544 3804 llieron.
2576 3750 2629 3804 in
2662 3765 2756 3803 sua
2784 3750 2883 3803 ista
2911 3766 2974 3805 ex
3016 3753 3209 3807 Grmco
3238 3750 3367 3807 ver-'-

1776 3822 1930 3875 sione
1955 3821 2147 3889 posuit.
2178 3820 2326 3887 Sola,
2372 3822 2609 3890 inquam,
2653 3835 2740 3879 ea.
2780 3837 2899 3887 qua:
2946 3822 3160 3876 uncinis
3191 3824 3370 3878 inclu-

1776 3892 1975 3946 duntur
2009 3909 2020 3942 :
2056 3891 2193 3955 Quid
2223 3892 2358 3943 enim
2384 3890 2598 3960 faciam,
2624 3891 2945 3960 sijudicium
2975 3910 3143 3945 meum
3195 3895 3360 3961 faciat

1776 3961 2055 4026 Dominus,
2085 3962 2364 4030 supposita
2394 3977 2421 4014 a
2447 3960 2603 4015 nobis
2632 3973 2758 4015 sunt
2779 3962 2843 4014 ad
2872 3963 3046 4017 Graeci
3074 3960 3371 4021 contextus

1779 4033 1959 4097 fidem,
1994 4045 2231 4105 summa,
2245 4042 2311 4105 ut
2337 4031 2522 4105 videre
2547 4040 2650 4096 est,
2678 4034 2938 4105 religione
2969 4053 2979 4086 2
3012 4045 3067 4088 ιιι
3096 4036 3209 4089 hare
3230 4053 3370 4105 quo-

1776 4119 1879 4173 que
1923 4117 2051 4157 vero
2092 4100 2427 4176 simillimum
2470 4103 2564 4169 sit,
2596 4104 2923 4176 agenuinis,
2959 4107 2999 4158 si
3050 4100 3368 4176 exstarent,

1778 4172 1894 4228 fore
1918 4184 1976 4226 ut
2003 4187 2101 4227 nec
2128 4172 2299 4227 verbo
2352 4182 2508 4227 tenus
2552 4173 2894 4231 abludcrcnt.
2931 4178 3133 4231 inserta
3184 4172 3366 4233 autem

1777 4254 1905 4299 sunt
1933 4246 2118 4307 textui,
2161 4243 2305 4313 quod
2335 4246 2494 4299 aliter
2526 4244 2704 4299 nullus
2729 4245 2898 4302 ferme
2926 4260 3201 4301 constaret
3235 4264 3363 4302 sen-

1779 4330 1892 4375 sus.
1922 4330 2020 4369 nec
2048 4317 2316 4369 restituta:
2343 4330 2371 4368 a
2404 4316 2558 4369 nobis
2580 4317 2863 4371 sententim
2893 4320 3030 4373 ratio
3059 4320 3191 4373 satis
3213 4333 3370 4372 com-

168 4386 388 4471 ‘fNequ'e
416 4396 505 4449 bic
525 4395 664 4451 bene
686 4389 972 4461 Augustini
998 4387 1170 4444 codex
1191 4389 1385 4443 anima:
1409 4401 1553 4455 mete,
1577 4398 1674 4455 pro
1699 4418 1752 4479 D
1781 4386 2152 4479 queplneetori
2187 4396 2627 4479 perspecta‘esse
2657 4399 2859 4454 posset.

122 4462 245 4516 nimi
269 4462 455 4520 d'umta
467 4476 579 4520 xat.

178 4542 197 4567 ε
219 4534 539 4592 Suliecimus
564 4536 652 4590 hic
672 4532 883 4604 reliqua
904 4530 1184 4604 prmsentis
1203 4527 1463 4604 versiculi
1486 4526 1670 4593 verba,

127 4616 214 4655 (ιω
233 4607 595 4673 iudicarentur
624 4606 766 4675 apud
792 4601 910 4668 ine;
944 4612 1055 4656 tum
1076 4602 1310 4675 solidum
1339 4601 1677 4675 subsequen-

130 4670 346 4747 L{Iniqui
367 4680 613 4733 decimus
640 4670 864 4747 quartus
885 4681 969 4728 est
996 4674 1048 4725 iit
1077 4672 1342 4747 iisAiibris,
1370 4670 1677 4747 nbi‘versus

130 4744 177 4793 ad
200 4740 541 4805 munerorum
564 4740 766 4803 seriem
792 4753 1049 4799 notantur
1082 4759 1096 4794 :
1134 4742 1274 4809 Quid
1300 4742 1434 4795 enim
1460 4740 1677 4807 faciam,

131 4812 415 4888 ﬂjudicium
444 4836 613 4874 meum
644 4818 807 4888 faciat
835 4814 1133 4888 Dominus?
1168 4812 1306 4881 quod
1345 4812 1389 4865 si
1416 4822 1462 4865 et
1501 4812 1680 4863 visita-

136 4882 311 4954 tionem,
340 4893 476 4960 quod
496 4882 805 4960 responsum
832 4884 1014 4960 dabo_?
1035 4884 1232 4960 Deerat
1252 4888 1503 4960 attt'c__nos
1532 4888 1682 4935 tanta

137 4952 319 5032 {metue
342 4952 856 5032 insignis-periocha
884 4959 938 5032 in
970 4953 1159 5032 Latina
1195 4955 1296 5007 ista
1324 4952 1684 5032 editione.._c'x

135 5022 393 5088 decurtato
412 5022 474 5088 εἴ
491 5022 685 5087 maneo
710 5026 1013 5096 exemplari
1037 5038 1294 5096 expressa
1330 5040 1344 5077 :
1368 5038 1525 5096 quam
1553 5022 1686 5096 nihil

135 5105 195 5172 €§t
214 5099 451 5172 dubium,
484 5105 597 5159 sola
619 5099 830 5157 veteris
853 5092 1205 5172 a'ntanucnsis
1234 5095 1520 5172 oscitantia
1543 5092 1688 5146 exei-

129 5165 274 5225 disse.
297 5164 553 5231 Nimirum
583 5183 667 5229 est
695 5174 741 5225 si
774 5185 897 5239 qua:
922 5167 1028 5221 alia
1044 5180 1186 5239 pars
1217 5164 1363 5219 sacri
1402 5172 1689 5218 contextus

125 5242 428 5317 Opftissima,
442 5261 558 5317 qua:
570 5236 927 5317 nednmiieb.
948 5236 1265 5308 archetypo,
1294 5250 1359 5290 ex
1381 5244 1690 5317 quopostea

128 5309 183 5381 Eb
204 5311 319 5381 illst)
348 5306 559 5372 iiier'on.
590 5320 641 5370 in
673 5312 932 5381 Latinum
963 5306 1225 5381 conversa
1254 5316 1366 5381 est;
1412 5307 1506 5359 sed
1546 5314 1598 5359 et
1638 5306 1691 5359 itt

132 5376 474 5457 fosuperat,
504 5405 574 5443 ex
607 5401 725 5457 quo
750 5380 1063 5457 versionem
1093 5379 1231 5457 hanc
1264 5380 1496 5457 priorem
1519 5390 1691 5457 suam

134 5448 411 5512 adormivit.
437 5448 605 5514 Verba
626 5448 775 5511 'sunt
793 5494 807 5514 ,
842 5452 1136 5524 κρινομένων
1164 5451 1329 5504 αὐτῶν
1357 5448 1485 5523 πρὸς
1512 5449 1621 5572 ﬁgi,
1646 5448 1697 5502 τί

136 5522 213 5572 ita
230 5533 420 5572 mna...
471 5534 552 5572 id...
576 5529 762 5572 ἔηηηίυ
800 5544 899 5572 μου
927 5526 1113 5572 ποιήσῃ
1142 5521 1167 5572 ὁ
1193 5518 1394 5572 Κύριος.
1424 5521 1509 5572 ἐὰν
1567 5522 1589 5571 ἐ
1616 5522 1697 5572 καὶ

136 5522 213 5599 irit?
230 5533 439 5599 πῡίῃσω,
471 5534 552 5587 ἑὰν
574 5529 762 5586 ἔτασίν
796 5521 899 5594 μοι)
927 5521 1113 5593 aetna?)
1142 5521 1167 5576 ὁ
1193 5521 1509 5599 κύρςοςζέξὶν
1536 5521 1589 5572 δέ
1616 5522 1699 5572 καί

460 5581 890 5675 iisiiss-aptati
915 5581 1224 5675 rotunditati;
1256 5581 1345 5645 t'tis
1373 5581 1557 5675 auient
1579 5604 1700 5675 quae

143 5660 307 5745 Latine
346 5660 752 5745 suppleviinus,'
774 5665 947 5719 verbo
974 5666 1040 5716 ad
1060 5660 1657 5745 .vejrbutnrespondeut
1681 5675 1697 5713 :

142 5743 183 5791 et
203 5753 311 5814 qu-
337 5734 513 5809 ροξίηυ
543 5741 808 5807 maxima
835 5734 1206 5810 germanitatis
1245 5742 1327 5793 est
1356 5743 1507 5806 nota,
1538 5744 1700 5793 cxco-

1855 4456 1875 4494 ί
1920 4455 1984 4508 Et
2020 4457 2359 4530 particulam,
2385 4466 2445 4530 et
2482 4458 2661 4512 linalia
2703 4469 2898 4527 puncta
2942 4475 3059 4530 qua:
3104 4458 3367 4526 deerant,

1776 4542 1875 4582 nos
1902 4529 2264 4594 reposuimus.
2297 4527 2613 4595 llujusntodi
2640 4531 2758 4585 alia:
2783 4527 3198 4595 asteriscurtttn,
3235 4546 3372 4597 pnn-

1777 4607 2099 4667 ctorumque
2128 4606 2271 4652 nota:
2300 4598 2438 4651 infra
2465 4598 2533 4653 ad
2562 4601 2763 4656 codicis
2792 4600 3148 4657 Alexandrini
3173 4616 3363 4655 exem-

1780 4670 1927 4740 plnm
1959 4670 2336 4740 restituuntur.

1854 4749 1877 4786 ε
1912 4740 1966 4793 in
2013 4739 2251 4812 editione
2292 4739 2531 4812 Romana
2581 4739 2724 4797 LXX
2753 4742 3107 4812 interpretum
3134 4742 3377 4795 humerus

1784 4827 1926 4865 meus
1956 4810 2269 4880 ajunctura.
2306 4808 2633 4881 Augustinus
2666 4825 2863 4878 autem,
2885 4808 3011 4868 utet
3037 4828 3139 4865 ins.
3167 4820 3373 4878 noster,

1784 4899 1818 4934 α
1839 4880 2031 4951 jugulo
2060 4898 2189 4934 meo.
2221 4881 2394 4935 ΜΑιιτ.

1860 4951 1887 4989 ιι
1920 4958 1991 5003 Ita
2023 4953 2182 5005 etiam
2213 4952 2272 5007 S.
2302 4955 2652 5020 Augustinus.
2690 4954 2816 5019 Alii,
2849 4955 2893 5007 si
2923 4952 3071 5020 posui
3115 4967 3301 5005 aurum
3325 4952 3379 5007 in

1788 5024 2029 5095 congium
2058 5040 2245 5078 nteunt.
2272 5022 2531 5095 Gonferat
2565 5028 2722 5095 igitur
2745 5026 2915 5095 lector
2940 5023 3219 5095 studiosus
3243 5022 3382 5078 hanc

1790 5094 2082 5149 editionem
2115 5095 2235 5149 libri
2267 5093 2367 5148 Job
2397 5110 2517 5149 cum
2550 5093 2697 5149 textu
2730 5093 3152 5147 Annotationum
3181 5094 3239 5149 S.
3272 5095 3383 5149 Au-

1791 5167 2010 5235 gustini,
2039 5168 2219 5219 statim
2242 5165 2536 5234 pervidebit
2561 5165 2878 5235 ipsissimam
2910 5176 3032 5216 esse
3054 5164 3381 5232 versioaem,

1794 5232 1899 5306 qua
1929 5238 2021 5290 ille
2051 5239 2219 5290 utitur
2244 5232 2515 5306 incudem
2549 5232 2733 5306 opere.
2774 5232 2950 5306 Manr.

1874 5306 1890 5342 ί
1939 5306 2099 5360 Falso
2124 5316 2282 5359 antea
2316 5302 2597 5371 legebatur
2628 5304 2682 5355 in
2720 5302 3144 5356 numerabilibns.
3192 5303 3380 5359 Grtccc

1798 5386 1976 5431 autem
2009 5386 2110 5439 est,
2145 5376 2225 5430 irr'
2246 5374 2626 5447 ἀναριθμήτᾳις,
2651 5375 2803 5447 juxta
2836 5374 2978 5443 quod
3004 5376 3382 5447 emendaturis.

1874 5446 1888 5496 1'
1930 5450 2020 5501 Ait
2048 5448 2104 5500 S.
2136 5442 2557 5511 Augustinus_ad
2588 5450 2727 5499 hunc
2774 5442 2950 5497 locum
2986 5461 2999 5495 ε
3033 5442 3391 5507 Cottscriptio-

1803 5533 1916 5572 nent
1946 5518 1989 5569 si
2027 5531 2181 5585 quant
2226 5509 2409 5564 Italico.
2444 5509 2511 5564 Et
2541 5514 2585 5567 si
2615 5531 2715 5568 non
2748 5514 2949 5583 disrttpi
2975 5528 3087 5585 eam
3112 5530 3266 5582 super
3289 5512 3391 5566 Im.

1802 5603 1967 5661 meros
1997 5581 2133 5638 nicas
2161 5626 2176 5652 ,
2210 5592 2257 5639 et
2299 5591 2574 5640 coronatus
2603 5586 2771 5661 legam
2798 5581 2955 5657 super
2981 5581 3224 5641 humerus
3258 5602 3395 5646 nteot

1805 5659 2001 5725 levans,
2028 5665 2137 5714 etc.
