3960 6208
593 181 664 241 ω
1390 183 1396 196 ’
1596 170 1654 228 S.
1697 165 2072 230 lllERONYMl
2113 163 2345 232 DIViNA
2385 161 2856 238 BlilLIOTIIECA.

3770 161 3860 236 too

597 311 690 364 aut
736 301 781 360 si
832 306 888 356 et
935 296 1186 354 virtutem
1219 291 1336 366 eius
1385 288 1592 346 comedi
1645 287 1792 344 solus
1827 287 1942 342 sine
1976 284 2184 356 pretio;
2218 284 2264 342 Α
2297 279 2434 346 viri,
2467 293 2567 334 nec
2595 277 2827 335 mortale
2857 271 3180 334 confundar.
3225 272 3340 330 Dion
3369 271 3513 330 enim
3550 271 3664 334 scio
3691 275 3858 352 tttirari

599 400 693 448 aut
711 391 755 446 si
775 391 1004 444 animam
1027 388 1069 443 D
1093 385 1240 441 uniui
1260 395 1418 440 terrm
1436 381 1710 452 decipiens
1729 377 2040 434 coalristavi
2060 389 2186 446 :pro

601 483 781 539 tri'ictt
805 481 1069 555 germinet
1098 479 1226 532 mihi
1261 487 1283 512 ιι
1311 478 1481 530 urtica
1502 517 1514 540 ,
1549 486 1599 528 ct
1633 459 1958 544 probnrdeo
1985 472 2160 540 spina.

1007 630 1073 669 Ετ
1101 624 1444 674 ουιενειιυκτ
1473 622 1642 660 VSM”
1675 620 1788 660 1013.

672 749 804 825 [Cap
856 745 1104 819 XXX'H
1145 743 1513 800 Cessavertmt
1549 750 1728 794 autem
1777 746 1830 792 et
1879 745 1988 792 tres
2032 735 2190 790 amici

599 843 717 914 ejus
744 843 886 898 ultra
932 839 1311 892 cutttradicere
1340 835 1471 898 Job;
1506 840 1624 888 erat
1671 833 1812 885 enim
1845 829 1945 883 Job
1974 828 2024 883 in
2059 844 2188 882 cott-

600 945 789 1007 speetu
826 950 925 988 suo
953 937 1153 1001 justus.
1206 931 1266 984 lit
1315 931 1480 982 iratus
1526 937 1610 981 est
1647 925 1824 979 furore
1873 923 2018 978 Elius
2050 920 2192 976 ﬁlius

601 1026 879 1083 Baracbiel
929 1025 1145 1079 Buzites
1186 1025 1254 1076 de
1284 1017 1605 1093 mgnatione
1648 1016 1784 1070 Ram
1833 1029 1890 1069 ὲ·
1929 1012 2191 1069 Ansititlis

603 1104 844 1189 regionis
890 1115 1060 1184 τιυὶ).
1098 1114 1275 1169 Iratus
1305 1123 1484 1166 autem
1518 1108 1674 1163 valde
1697 1149 1711 1174 ,
1744 1105 1865 1176 quia
1895 1121 1954 1162 se
1993 1106 2193 1160 dixerit

595 1197 799 1281 justum
829 1219 953 1264 ante
994 1208 1181 1264 Deum.
1209 1205 1273 1264 Et
1305 1203 1477 1260 tribus
1508 1202 1696 1261 amicis
1726 1200 1896 1254 iratus
1924 1209 2006 1252 est
2036 1196 2191 1250 valde

599 1303 742 1374 quod
795 1319 898 1354 non
953 1307 1241 1368 potuerunt
1287 1295 1618 1366 respondere
1657 1293 1931 1348 contraria
1967 1289 2107 1352 Job;
2137 1298 2192 1344 et

599 1398 1003 1450 a‘stimavernnt
1039 1409 1160 1447 cunt
1193 1406 1313 1447 e~se
1351 1389 1596 1458 impium.
1630 1385 1782 1440 Elius
1809 1394 1989 1438 autem
2023 1381 2190 1436 susii-

602 1489 738 1546 nuit.
767 1499 821 1539 ιιι
851 1487 1005 1540 daret
1035 1497 1354 1554 responsum
1382 1479 1508 1545 Job,
1538 1477 1662 1549 quia
1690 1477 1934 1531 seniores
1957 1489 2016 1528 se
2039 1481 2194 1528 erant

601 1583 654 1636 in
684 1579 736 1633 di
763 1581 894 1632 ‘illH.
922 1579 986 1632 Et
1021 1576 1154 1630 vidit
1185 1576 1334 1629 Elius
1364 1616 1378 1636 ,
1411 1572 1532 1646 quia
1567 1586 1672 1624 non
1710 1577 1794 1623 est
1822 1568 2107 1637 responsio
2137 1565 2188 1620 in

601 1687 695 1728 Ore
725 1673 888 1726 trium
922 1670 1185 1733 virorum,
1316 1677 1372 1720 et
1400 1667 1570 1720 iratus
1601 1671 1686 1716 est
1715 1659 1862 1716 furor
1890 1659 2029 1728 ejus.

606 1843 673 1882 ΕΤ
692 1837 1025 1882 ιιιῖςῐιοκυεκε
1045 1835 1198 1876 ELIUS
1227 1833 1396 1873 FILIUS
1418 1829 1717 1871 BARACIIIEL
1738 1825 1982 1878 BUZITES,
2005 1826 2148 1866 DIXI'I'
2173 1825 2188 1863 Σ

674 1941 903 1996 Iuvenis
929 1939 1145 2008 quidem
1175 1952 1292 1989 sum
1323 1941 1503 2003 (Plato,
1529 1949 1626 1986 vos
1653 1941 1832 1985 autem
1855 1927 1989 1983 estis
2013 1926 2193 1982 senio-

609 2051 728 2098 res;
768 2043 1051 2103 prOpterea
1089 2029 1251 2094 tacui,
1284 2030 1480 2082 timens
1514 2024 1722 2081 referre
1743 2021 1902 2076 vobis
1933 2018 2194 2076 eruditiu-

606 2144 730 2183 neut
771 2140 970 2180 meam.
1004 2122 1119 2177 Dixi
1154 2128 1332 2173 autem
1366 2117 1485 2192 quia
1535 2131 1639 2172 non
1679 2123 1762 2169 est
1791 2125 1924 2170 mtas
1955 2129 2074 2183 quae.
2107 2112 2190 2166 lo-

601 2231 821 2291 quatur,
852 2231 1025 2286 neque
1051 2215 1103 2268 in
1131 2212 1313 2267 multis
1339 2211 1495 2266 annis
1523 2218 1803 2264 noverunt
1826 2205 2147 2275 sapientiam
2177 2219 2190 2258 :

600 2316 695 2373 sed
725 2313 948 2386 spiritus
975 2321 1058 2367 est
1092 2312 1143 2367 iu
1178 2311 1511 2374 hominibus,
1540 2317 1595 2368 et
1619 2306 1904 2378 inspiratio
1935 2304 2195 2374 Omnipo-

603 2409 805 2477 teutis,
850 2408 939 2479 qui
987 2407 1146 2462 docet
1187 2421 1301 2460 eos.
1351 2405 1458 2465 Nec
1499 2403 1643 2462 enim
1685 2401 1913 2472 ιοιιειυνί
1959 2409 2084 2456 sunt
2111 2415 2194 2454 sa-

603 2505 854 2574 pientes,
910 2515 1087 2572 neque
1135 2512 1294 2553 senes
1339 2506 1610 2554 noverunt
1647 2495 1932 2567 judicium.
1964 2492 2195 2562 Propter

603 2577 746 2668 quod
779 2595 902 2649 dico
924 2635 938 2657 ,
973 2593 1156 2647 audite
1190 2606 1277 2647 tne
1301 2631 1315 2654 ,
1347 2599 1405 2644 ut
1441 2589 1672 2650 referant
1704 2587 1860 2642 vobis
1889 2601 2007 2655 quae
2041 2583 2189 2640 novi.

605 2697 670 2759 ᾖ(
710 2690 849 2744 Ecce
892 2687 1103 2758 patiens
1148 2683 1220 2738 fui
1269 2684 1324 2738 itt
1359 2682 1521 2736 verba
1566 2689 1743 2738 vestra
1773 2722 1787 2744 ,
1827 2682 1890 2744 ἦέ
1932 2686 1985 2738 et
2013 2674 2193 2730 audivi

600 2792 839 2836 vestram
876 2777 1246 2848 prudentiam,
1285 2788 1564 2844 usquequo
1594 2770 1940 2832 diseuteretis
1984 2783 2193 2827 sermo-

602 2891 733 2937 nrs,
769 2876 833 2940 fise:
863 2881 917 2927 et
945 2870 1120 2925 donec
1153 2867 1516 2938 intelligerem
1558 2880 1656 2926 vos
1693 2880 1709 2932 ;
1842 2871 1898 2924 rt
1927 2877 2056 2938 ecce
2085 2879 2190 2918 non

600 2979 678 3024 ea
711 2965 802 3036 qtti
835 2971 1026 3034 arguat
1046 2962 1169 3026 .lnb,
1196 2967 1259 3026 ξιξ-ἶ
1283 2968 1335 3016 et
1361 2959 1686 3030 respondeat
1709 2956 2058 3036 sermonibus
2081 2956 2196 3026 ejus

2293 373 2481 427 facient
2517 389 2529 423 :
2576 369 2814 437 alioquin
2870 376 2926 422 et
2965 383 3051 422 tne
3089 366 3250 422 tinea:
3284 365 3455 422 edunt
3507 365 3616 438 [ΑΙ.
3668 366 3853 438 edent}.

2292 463 2445 535 [Cap.
2475 460 2744 530 XXXHH
2773 458 2921 514 Nune
2951 475 3113 529 ergo,
3147 457 3269 523 Job,
3304 458 3428 512 audi
3462 457 3623 516 verba
3659 474 3789 521 mea.
3816 469 3858 536 ct

2291 555 2561 625 loqttciam
2611 568 2784 608 meam
2835 552 3061 606 auribus
3110 553 3351 622 percipe.
3400 550 3540 610 Ecce
3587 553 3768 622 aperui
3811 567 3859 607 os

2291 665 2496 712 meum,
2520 656 2573 704 et
2604 647 2782 704 locuta
2809 653 2893 700 est
2917 644 3094 716 lingua
3125 659 3241 722 mea
3272 648 3334 709 :st
3361 644 3414 702 in
3443 651 3665 715 gutture
3693 645 3856 714 ιιιοιι.;

2293 742 2549 797 Mundum
2577 749 2660 796 est
2686 754 2782 794 cor
2804 753 2980 796 meum
3007 738 3059 792 in
3090 737 3291 798 verbis.
3318 743 3375 794 et
3399 751 3594 792 sensus
3617 737 3858 796 Libanum

2293 850 2540 892 meorum
2593 847 2727 904 pura
2777 831 3048 907 inteiligit.
3094 831 3335 909 Spiritus
3378 831 3597 892 divinus
3635 835 3720 908 qui
3761 834 3861 888 fecit

2306 943 2424 994 me,
2457 935 2507 983 et
2549 923 2831 996 inspiratiu
2877 924 3274 996 Dmnipotcnlis
3317 938 3437 996 qua:
3477 925 3639 980 docet
3685 941 3784 994 me.
3811 925 3857 986 Si

2296 1029 2482 1089 potes,
2517 1017 2583 1073 da
2609 1016 2736 1076 ntilti
2761 1031 3084 1086 responsum
3110 1015 3174 1070 ad
3208 1015 3342 1072 ltzrc.
3371 1016 3600 1074 Sustine
3630 1001 3731 1074 ista
3757 1034 3862 1073 con-

2295 1123 2375 1168 tra
2412 1129 2518 1176 me,
2549 1121 2604 1168 et
2633 1127 2735 1182 ego
2763 1121 2948 1166 contra
2983 1120 3034 1170 te
3093 1111 3166 1165 De
3193 1110 3306 1167 luto
3337 1110 3510 1170 factus
3545 1127 3606 1188 es
3639 1122 3720 1186 tu,
3745 1113 3863 1184 sicut

2295 1214 2350 1261 et
2379 1221 2500 1284 ego.
2534 1205 2610 1263 Ex
2640 1204 2831 1266 eodem
2864 1203 2988 1259 facti
3018 1218 3228 1272 sumus.
3263 1202 3372 1258 Nec
3402 1202 3565 1266 timur
3596 1219 3747 1266 meus
3774 1215 3861 1268 ter.

2295 1299 2434 1355 rebit
2463 1314 2549 1356 me
2573 1341 2587 1363 ,
2633 1311 2731 1356 nec
2767 1312 2960 1356 manus
3002 1310 3123 1352 mea
3154 1295 3258 1352 erit
3302 1295 3478 1370 gravis
3510 1311 3676 1365 super
3717 1306 3782 1352 te.

2298 1391 2687 1447 Verumtamen
2717 1390 2898 1446 dixisti
2940 1406 2952 1444 :
2989 1389 3040 1446 in
3071 1388 3292 1450 auribus
3335 1389 3470 1446 meis
3499 1389 3521 1462 ζ
3552 1405 3737 1454 vocem
3761 1406 3862 1452 ver-

2296 1486 2486 1542 borum
2529 1495 2742 1551 tuurutp
2791 1483 3012 1550 audivi,
3062 1499 3166 1553 qua
3207 1482 3342 1537 dicis
3385 1501 3399 1538 :
3443 1483 3672 1539 Mundus
3712 1498 3862 1540 sum:

2303 1589 2560 1650 peccatu,
2594 1589 2647 1634 ct
2689 1579 2808 1632 sine
2852 1579 3104 1632 crimine.
3150 1575 3266 1632 Non
3299 1576 3446 1647 enim
3493 1577 3714 1649 deliqui.
3747 1576 3864 1632 Ecce

2223 1669 2270 1729 B
2301 1673 2577 1743 querelam
2609 1681 2799 1727 contra
2827 1685 2913 1726 me
2946 1668 3169 1739 reperit,
3199 1677 3257 1724 et
3284 1678 3429 1738 putat
3459 1685 3543 1726 me
3567 1670 3723 1737 quasi
3751 1686 3860 1725 eon-

2296 1767 2519 1823 trarinm
2549 1772 2609 1831 ξεί
2637 1767 2759 1824 sibi.
2791 1769 2811 1835 ζ
2840 1766 3027 1828 Posuit
3050 1765 3195 1826 enim
3218 1765 3271 1820 in
3299 1766 3444 1836 ligno
3470 1765 3658 1836 pedem
3684 1781 3860 1827 meum,

2295 1868 2347 1913 et
2377 1858 2669 1913 custodivit
2700 1871 2890 1916 omnes
2914 1857 3031 1927 vias
3079 1872 3248 1913 meas.
3282 1857 3565 1926 Quomodo
3593 1873 3722 1927 ergo
3751 1866 3772 1893 ο
3794 1855 3864 1910 di-

2297 1949 2398 2018 cis,
2427 1950 2612 2012 Justus
2630 1964 2773 2016 sum,
2798 1959 2852 2006 et
2874 1964 2979 2006 non
3007 1951 3288 2012 exaudivit
3314 1951 3433 2012 me?
3455 1949 3719 2020 Eterntts
3745 1949 3866 2006 cuitu

2298 2053 2382 2096 est
2412 2045 2500 2115 qui
2532 2056 2615 2110 est
2643 2057 2808 2112 super
2836 2045 3108 2100 homines.
3148 2044 3305 2100 Dices
3335 2053 3515 2098 autem
3549 2059 3562 2106 ;
3597 2043 3769 2112 Quare
3798 2042 3868 2111 ju-

2297 2134 2500 2188 dicium
2552 2151 2658 2192 non
2689 2135 2893 2194 audivit
2921 2179 2936 2204 ,
2988 2143 3047 2192 et
3075 2151 3292 2194 omnem
3333 2136 3682 2192 sermonem?
3710 2133 3868 2192 Semel

2297 2228 2437 2288 enim
2481 2227 2718 2299 loquitur
2752 2227 3047 2294 Dominus,
3078 2237 3134 2284 et
3164 2229 3216 2286 in
3261 2230 3502 2292 secundo
3530 2232 3596 2295 ξε(
3625 2244 3728 2284 non
3758 2244 3869 2283 con-

2298 2319 2562 2375 siderabit
2604 2319 2763 2376 illttd.
2799 2321 2820 2388 ζ
2857 2320 2966 2377 Per
3007 2320 3314 2386 somnium,
3357 2333 3448 2384 aut
3497 2323 3548 2384 in
3584 2321 3870 2386 visitatioue

2297 2423 2559 2468 nocturna
2586 2429 2600 2476 ;
2632 2422 2720 2468 aut
2745 2413 2886 2468 sicut
2917 2412 3102 2468 incidit
3132 2423 3309 2468 szevus
3344 2413 3503 2468 timor
3535 2411 3588 2470 in
3618 2411 3869 2484 homines,

2297 2517 2421 2558 cum
2455 2503 2736 2564 dormiunt
2776 2504 2829 2558 in
2878 2503 3043 2560 cubili
3077 2504 3185 2576 [ΑΙ.
3219 2501 3510 2576 cubiculis]
3551 2521 3564 2558 :
3600 2513 3723 2575 tune
3762 2502 3868 2558 ada-

2299 2595 2440 2662 perit
2482 2610 2669 2660 aurem
2717 2594 3025 2661 hominum,
3071 2595 3124 2650 in
3155 2593 3342 2665 figuris
3375 2595 3574 2656 talibus
3607 2596 3869 2662 ltorrurum

2301 2684 2425 2739 illus
2456 2697 2769 2756 perterrens
2801 2703 2814 2739 :
2846 2697 2902 2744 ttt
2938 2695 3145 2741 avertat
3177 2687 3448 2748 hominem
3481 2687 3549 2758 ab
3589 2688 3869 2758 iniquitate,

2298 2785 2356 2833 et
2385 2793 2581 2850 corpus
2611 2778 2729 2848 ejus
2757 2793 2782 2851 :_t
2815 2781 2969 2840 ruina
3002 2790 3176 2844 eruat,
3213 2789 3265 2836 ct
3289 2780 3531 2852 pepercit
3555 2763 3746 2847 anima;
3773 2781 3872 2848 ejus

2300 2885 2330 2925 a
2359 2881 2558 2926 morte.
2608 2869 2718 2930 ‘El
2753 2872 2950 2927 iterum
2979 2883 3167 2940 arguet
3209 2888 3334 2942 eunt
3376 2873 3430 2930 in
3476 2871 3792 2934 infirmitate
3827 2873 3872 2932 in

2301 2963 2495 3028 cubili;
2531 2972 2585 3020 et
2618 2962 2906 3021 multitudo
2931 2963 3135 3022 ossium
3173 2964 3294 3032 ejus
3319 2963 3611 3030 emarcuit;
3647 2979 3874 3022 otnuertt-

600 3075 664 3114 εκ
701 3057 873 3110 vobis.
907 3060 971 3121 )gef
995 3053 1070 3108 Ne
1091 3053 1288 3108 dicatis
1321 3069 1334 3106 :
1366 3051 1674 3106 Invenimus
1700 3050 2022 3118 Sapientiam
2048 3046 2098 3102 δ.

2299 3072 2402 3130 que
2426 3073 2605 3114 escam
2632 3072 2736 3112 non
2777 3057 2975 3128 poterit
2999 3071 3235 3114 sumere.
3358 3057 3424 3114 Et
3448 3057 3626 3114 anima
3657 3058 3773 3130 ejus
3795 3056 3876 3116 de-

603 3149 866 3206 Duniuns
896 3147 1094 3216 abjecit
1116 3162 1262 3212 eum,
1288 3153 1345 3200 et
1372 3159 1480 3198 n0u
1510 3144 1612 3198 vir.
1642 3149 1706 3211 >232;
1731 3143 1838 3198 Nec
1862 3143 1987 3198 dum
2014 3142 2080 3198 ad
2109 3160 2194 3198 me

603 3244 818 3298 locutus
844 3249 950 3299 est.
1085 3249 1135 3294 et
1164 3237 1271 3309 [ΑΙ.
1303 3245 1403 3290 (ac.
1431 3234 1509 3307 in]
1541 3237 1594 3298 in
1619 3237 1966 3294 svrmonibus
1999 3235 2195 3290 vestris

606 3349 712 3392 non
746 3329 1094 3402 respondebo
1124 3330 1195 3383 ei.
1236 3333 1298 3394 ζςξέξ
1329 3327 1734 3394 Obstupueruut
1759 3372 1772 3396 ,
1820 3343 1928 3384 non
1970 3342 2196 3398 respon-

605 3427 804 3480 derunt
855 3423 1018 3477 ultra.
1071 3426 1135 3487 ξεί
1181 3418 1503 3473 Defecerunt
1549 3419 1617 3473 ab
1657 3420 1737 3472 eis
1785 3434 2087 3474 sermones.
2130 3425 2193 3486 Ῐτξέ

605 3518 740 3585 Quia
772 3525 794 3553 ε
840 3531 970 3585 ergo
998 3513 1307 3581 exspectavi
1334 3552 1346 3573 ,
1389 3523 1445 3567 et
1487 3528 1592 3567 non
1625 3521 1751 3583 sunt
1800 3513 2010 3579 locuti,
2143 3521 2198 3568 et

606 3616 878 3670 steterunt
899 3614 952 3660 et
979 3621 1088 3660 non
1118 3602 1517 3673 restionderunt
1545 3604 1684 3658 ultra
1715 3621 1728 3656 :
1760 3607 1824 3670 ξιξ(
1852 3603 2195 3674 τρειιιιιιιιριιο

608 3711 662 3754 et
694 3714 796 3768 ego
840 3707 1048 3768 partem
1083 3711 1293 3761 meam,
1337 3698 1402 3762 >κ
1441 3703 1495 3750 et
1528 3679 1863 3751 annuntiabo
1909 3695 2194 3752 scientiam

606 3809 802 3850 meam.
853 3796 916 3858 ἓξ(
973 3788 1000 3828 ἀ
1049 3790 1264 3846 llontini
1315 3803 1449 3844 vero
1493 3789 1824 3858 permisistis
1874 3788 2019 3860 loqui
2069 3788 2190 3844 talia

608 3887 793 3942 verba.
1971 3887 1976 3891 ’

782 3997 848 4035 ΕΤ
890 3993 1155 4034 Αωιειειιιε
1184 3992 1335 4034 ειιυς
1365 3991 1455 4034 Διτ
1490 3994 1501 4030 ε
1537 3987 1744 4038 ιτειιυΜ
1777 3990 1984 4041 ιοουιιιι
2011 3989 2024 4030 Ξ

677 4073 874 4128 l‘lenus
904 4071 1047 4125 enim
1077 4085 1195 4124 sum
1223 4071 1510 4124 verborum
1533 4111 1546 4134 ,
1581 4079 1635 4122 et
1683 4068 1830 4138 angit
1860 4085 1945 4123 me
1976 4069 2198 4138 spiritus

607 4165 814 4222 ventris
847 4163 974 4218 mei.
1013 4163 1211 4218 Venter
1241 4163 1384 4215 enim
1416 4161 1523 4232 [ευ.
1553 4171 1656 4214 (ac.
1689 4160 1856 4233 enim]
1883 4177 2034 4216 meus
2058 4163 2197 4217 sicut

608 4272 727 4318 uter
757 4267 936 4313 musto
969 4257 1180 4325 plenus,
1216 4254 1434 4309 fervens
1467 4263 1520 4308 et
1560 4253 1778 4324 ligatus,
1814 4265 1867 4310 et
1901 4256 2064 4310 veluti
2098 4256 2198 4310 fol-

605 4352 670 4406 lis
696 4351 873 4406 :crarii
903 4349 1207 4417 disruptus.
1237 4346 1455 4416 Loquar
1477 4356 1524 4399 et
1554 4346 1912 4414 requiescam.
1945 4347 2195 4416 aperiens

2297 3149 2569 3205 siderabit
2609 3149 2787 3205 cibum
2823 3148 2846 3218 ζ
2881 3149 3054 3204 donec
3090 3165 3283 3204 carnes
3325 3148 3443 3220 ejus
3487 3149 3765 3207 tabescunt
3788 3192 3801 3216 ,
3829 3157 3876 3205 et

2297 3239 2659 3296 ostendantur
2681 3254 2800 3294 ossa
2828 3238 2945 3309 tjus
2971 3241 3171 3294 inania.
3195 3241 3546 3312 Accessitque
3575 3242 3640 3297 ad
3664 3251 3874 3300 mortem

2298 3334 2477 3389 anima
2503 3334 2644 3404 ejus,
2683 3344 2738 3392 et
2767 3334 2873 3388 vita
2907 3335 3028 3405 ejus
3055 3333 3122 3391 ad
3159 3334 3385 3394 inferos.
3431 3335 3589 3404 Quod
3614 3339 3658 3398 si
3689 3336 3872 3394 fuerint

2399 3424 2573 3496 angeli
2615 3425 2882 3480 mortiferi
3014 3441 3120 3481 non
3153 3426 3509 3497 respondebit
3537 3427 3611 3484 ei.
3646 3427 3795 3484 Unus
3818 3442 3873 3482 es

2299 3516 2378 3572 eis
2421 3533 2528 3574 non
2569 3517 2876 3573 vulnerabit
2906 3533 3029 3572 eum
3053 3563 3066 3588 ,
3107 3519 3151 3573 si
3186 3505 3722 3578 intellexerit'corde
3755 3538 3874 3576 cou-

2302 3609 2440 3668 verti
2473 3609 2541 3666 ad
2567 3610 2876 3678 Dominum,
2901 3619 2953 3672 et
2976 3609 3309 3683 nuntiaverit
3332 3605 3536 3683 homini
3569 3613 3707 3682 viam
3733 3627 3872 3683 suam

2303 3718 2354 3758 -ι
2393 3703 2679 3758 stultitiam
2709 3718 2864 3757 suam
2892 3704 3215 3768 ostenderit,
3244 3719 3299 3759 -ι-
3333 3714 3357 3754 I
3387 3705 3672 3762 subveniet
3697 3704 3800 3760 sibi
3829 3713 3880 3758 ttt

2300 3813 2404 3852 non
2435 3796 2593 3852 cadat
2634 3796 2687 3851 in
2722 3806 2929 3861 morte,
2967 3811 3026 3853 ψ
3071 3807 3121 3851 et
3168 3797 3455 3852 renovabit
3499 3812 3697 3867 corpus
3728 3813 3872 3852 smnu

2299 3890 2443 3944 sicut
2486 3888 2648 3944 litura
2694 3883 2746 3943 in
2789 3889 2994 3959 pariete
3035 3902 3094 3944 οξ-
3131 3898 3182 3960 et
3212 3903 3332 3964 ossa
3371 3903 3466 3965 sua
3499 3889 3746 3960 implebit
3774 3903 3877 3943 nte-

2299 3980 2446 4036 dulla
2471 4021 2486 4047 ,
2520 3989 2573 4036 et
2604 3981 2814 4036 molliet
2836 3995 3029 4036 carnes
3057 3996 3180 4038 suas
3208 3981 3346 4037 sicut
3380 3982 3612 4050 parvuli,
3642 3990 3696 4040 et
3727 3979 3878 4038 resti-

2303 4082 2419 4129 tuet
2453 4087 2514 4129 se
2544 4072 2736 4128 fortem
2767 4074 2821 4127 in
2857 4071 3191 4128 hominibus.
3243 4072 3435 4134 Orabit
3463 4073 3531 4126 ad
3574 4073 3876 4137 Dominum,

2299 4168 2432 4224 etin
2461 4176 2741 4238 acceptum
2769 4166 3006 4245 refertur
3045 4167 3128 4233 ei;
3157 4175 3211 4230 et
3239 4167 3461 4224 intrabit
3491 4166 3600 4240 [ΑΙ.
3641 4165 3876 4236 intravit]

2299 4259 2436 4314 faeie
2465 4258 2623 4314 hilari
2668 4274 2790 4314 cum
2822 4259 3160 4327 professione.
3185 4301 3201 4325 ,
3242 4267 3297 4314 et
3335 4259 3532 4319 reddet
3573 4259 3880 4320 hominibus

2295 4351 2592 4424 justitiam,
2625 4361 2678 4404 et
2703 4359 2830 4404 tunc
2873 4351 3175 4420 increpabit
3205 4351 3367 4408 homo
3394 4352 3773 4423 semetipsum,
3809 4351 3882 4405 di-

612 4443 753 4498 labia
801 4437 1164 4512 respondebo.
1219 4437 1403 4508 Neque
1453 4437 1594 4492 cnim
1644 4436 1960 4508 erubescam
2003 4441 2194 4497 facient
2224 4435 2273 4496 D
2301 4459 2430 4500 cens
2459 4462 2472 4500 :
2500 4443 2691 4511 Qualia
2728 4443 3026 4502 faciebam!
3061 4453 3118 4508 et
3148 4461 3253 4508 non
3291 4461 3377 4501 me
3405 4445 3566 4516 digne
3599 4443 3877 4518 eastigavi.

675 4611 703 4640 κ
733 4599 1078 4656 Martianmus
1103 4597 1352 4668 germinet
1382 4596 1506 4651 mihi
1531 4597 1748 4652 urticam
1769 4641 1781 4663 ,
1813 4608 1866 4655 ct
1892 4615 2013 4656 mox
2035 4645 2048 4670 ,
2081 4603 2189 4677 rpi-

677 4691 722 4726 ιιι
732 4713 744 4727 ο

677 4693 744 4727 ιη.

605 4693 700 4782 "ab
727 4742 1103 4814 Expuuximus
1133 4755 1290 4814 quam
1324 4737 1410 4793 ltie
1440 4737 1782 4814 Martiantens
1809 4741 2062 4804 adtleba’,
2093 4743 2191 4800 Da-

603 4816 762 4878 mini,
793 4811 1008 4877 vocem,
1040 4811 1180 4879 quod
1215 4827 1390 4879 neque
1420 4815 1469 4863 ιιι
1502 4813 1749 4880 originali
1782 4815 1895 4866 nllu
1926 4817 1994 4870 sit
2024 4817 2186 4882 libro,

606 4903 705 4943 nec
731 4885 1021 4954 genuinam
1051 4889 1336 4936 Cottttexlus
1367 4894 1454 4954 :tttl
1490 4886 1774 4936 sententia:
1815 4885 1921 4938 vim
1965 4897 2142 4941 servet
2173 4905 2186 4939 :

607 4952 866 5027 prreti-rea
893 4957 962 5008 ob
985 4954 1368 5027 sttltscqmtttis
1390 4952 1705 5027 immediate
1737 4972 2035 5027 retin-sunt.
2069 4972 2188 5026 qua:

604 5023 793 5082 éntlcttt
819 5036 924 5088 est,
949 5040 1137 5079 errore
1163 5023 1362 5080 veteris
1389 5025 1731 5076 amanuensi‘
1758 5025 1914 5078 facile
1942 5023 2187 5082 videatur

607 5109 854 5164 repetita.
901 5097 1068 5150 l’orro
1095 5106 1221 5147 sunt
1252 5098 1469 5162 quidem
1524 5095 1578 5148 itt
1614 5095 1838 5149 lit-.ltrteo
1868 5137 1881 5159 ,
1914 5112 2034 5165 qum
2065 5097 2190 5154 ltinc

603 5170 1004 5233 subsequuntur
1042 5167 1107 5220 ad
1156 5167 1318 5221 finem
1368 5180 1536 5233 usque
1566 5167 1826 5220 seetionis
1853 5206 1868 5232 ,
1914 5177 2185 5234 postrema

600 5247 825 5303 εχρυνιιι
854 5237 1126 5289 sententia
1153 5252 1168 5300 ;
1203 5239 1255 5290 ιιι
1287 5237 1477 5291 (ὶι-ινιεευ
1503 5245 1681 5290 autem
1717 5239 1980 5290 nonnulla
2007 5255 2070 5292 ex
2105 5240 2188 5294 Itis

600 5313 824 5364 omnino
852 5304 1228 5360 desiderantur
1254 5347 1266 5367 .
1301 5308 1405 5360 alia
1451 5307 1787 5364 brevioribus
1823 5324 1886 5362 ac
1915 5307 2082 5365 ferme
2111 5312 2190 5368 di-

601 5381 770 5435 versis
799 5375 1054 5432 sensibus
1078 5377 1446 5430 continentur.

675 5463 694 5488 ε
732 5450 835 5502 l’to
857 5446 1118 5517 ego.qttod
1147 5446 1394 5500 Martiali.
1426 5448 1650 5517 legerat,
1680 5447 2189 5522 restituimusjuxta

675 5519 884 5572 mustini
919 5519 1205 5572 lectionem
1234 5534 1373 5572 erae.

727 5519 884 5571 ustitti
919 5519 1205 5571 lectionem
1234 5534 1373 5571 eruo.

603 5523 884 5624 Anqulilti
919 5523 1205 5597 lectionem
1234 5534 1373 5587 ergo.

733 5588 899 5641 ltnmn
929 5602 1059 5642 vero
1081 5587 1370 5655 jugulaudu
1418 5587 1579 5642 obelo
1619 5598 1703 5643 est
1725 5629 1742 5655 ,
1787 5606 1892 5646 non
1920 5594 2184 5654 asterisco

603 5656 921 5715 illustrauda
969 5665 1241 5726 postrema
1285 5655 1473 5712 istluec
1512 5663 1776 5716 sententia
1809 5701 1824 5727 ,
1874 5679 2034 5734 quam
2077 5665 2183 5722 lle-

2294 4604 2472 4678 brants
2502 4613 2683 4678 textus
2723 4605 2918 4663 nescit.
2964 4608 3170 4670 Luxata
3217 4619 3478 4677 prmterea
3524 4617 3650 4678 est,
3684 4616 3738 4666 et.
3771 4623 3874 4664 non

2293 4692 2393 4730 suo
2423 4677 2542 4731 loco
2572 4676 2770 4747 posita,
2798 4679 2843 4731 si
2872 4679 2936 4734 ad
2966 4676 3736 4748 Graecumcomportatum—ubi
3761 4690 3884 4736 ante

2293 4755 2406 4836 tres
2434 4763 2621 4803 versus
2654 4750 2882 4808 habetur
2905 4793 2918 4810 ,
2954 4765 3247 4818 utcumque
3277 4752 3476 4814 rectius
3500 4795 3514 4820 ,
3539 4755 3805 4829 Ἀνθρὼπῳ
3833 4752 3881 4807 δέ

2293 4819 2608 4876 “taminiae:
2639 4821 2854 4876 λαλῆσαι
2880 4830 3098 4876 τοιαῦτα
3129 4823 3351 4876 ὀήαατα.

2293 4823 2608 4878 ἐπετρέψατε
2639 4823 2854 4878 λαλῆσαι
2880 4830 3098 4878 τοιαῦτα
3129 4823 3351 4878 dirimat-rat.

2371 4840 2608 4895 ετρεψμτε
2641 4840 2854 4880 Λαλησαι
2880 4843 3098 4881 rotetur“
3127 4845 3351 4897 ρηματα.

2371 4901 2392 4925 υ
2423 4894 2574 4957 Quod
2609 4892 2695 4945 ltie
2724 4894 2905 4952 deerat
2936 4896 3182 4957 verbum.
3217 4896 3368 4960 dicis,
3403 4894 3468 4956 ad
3498 4895 3674 4959 Graeci
3706 4904 3886 4950 textus

2297 4960 2457 5014 fidem
2487 4975 2542 5016 et
2576 4962 2859 5030 Augustini
2895 4965 3179 5022 lectioni-nt
3204 4963 3542 5024 sntit-cintus.

2372 5031 2390 5070 ί
2417 5033 2790 5108 Sttpplendum
2817 5051 2877 5090 ex
2903 5035 3092 5090 Gra'cn
3117 5051 3284 5096 testu.
3311 5044 3401 5092 τοῦ
3428 5042 3497 5108 μή
3519 5042 3699 5100 πέσω
3722 5040 3882 5095 αὐτὸν

2293 5103 2341 5180 ἐν
2371 5104 2601 5180 πολέμῳ.
2630 5117 2682 5158 ιιι
2711 5121 2813 5180 non
2839 5108 2992 5180 cadet
3022 5108 3108 5162 ille
3135 5110 3184 5164 in
3205 5107 3362 5180 infla.
3387 5103 3561 5170 Aliter
3586 5113 3648 5166 ὃ.
3676 5118 3886 5180 Augus-

2296 5174 2616 5246 tinnslegit,
2645 5177 2767 5246 quia
2795 5175 3066 5232 venturum
3097 5190 3168 5234 est
3197 5177 3405 5232 bellum.

2367 5255 2390 5320 ξ
2423 5245 2630 5302 Dbclus
2660 5245 2765 5320 ister
2789 5247 3122 5320 amovendus
3149 5249 3272 5308 bine
3298 5260 3460 5318 atque
3490 5252 3884 5320 expungendus

2294 5315 2534 5379 videtur;
2569 5329 2652 5388 est
2683 5319 2828 5372 enim
2864 5319 2974 5383 illa,
3007 5322 3289 5376 tamenetsi
3323 5315 3482 5388 paulo
3504 5315 3739 5378 diversis
3771 5340 3886 5375 ver-

2295 5388 2504 5460 bis,jin
2553 5387 2782 5460 Hebraeo
2812 5390 3114 5455 sententia,
3149 5400 3240 5443 aut
3272 5387 3420 5460 certe
3461 5406 3628 5460 supra
3664 5391 3877 5446 ltebra-i

2294 5457 2685 5532 continentiam
2713 5459 2855 5532 inec
2897 5478 3002 5518 nun
3054 5462 3312 5522 abundat.
3358 5459 3460 5528 Qui
3502 5457 3882 5532 subsequitur,

2292 5527 2460 5602 VQFDO
2511 5530 2773 5590 νεηουαιιὶι
2800 5571 2830 5602 ,ί
2863 5533 3330 5602 pastponeltatur,
3373 5527 3475 5586 nos
3519 5547 3644 5598 eum
3690 5527 3886 5592 Cranen

2291 5597 2530 5657 editione
2563 5597 2980 5672 praeposuitntts.
