3960 6208
205 287 280 344 105
1265 285 1468 344 LIBER
1505 287 1648 348 .IOB.
1688 285 1968 342 ALTERA
2011 284 2281 342 VERSIO.

3331 295 3434 350 106

202 418 328 470 suam,
364 419 410 468 ea
445 413 502 458 et
519 402 729 458 radices
757 402 924 458 maris
945 401 1210 459 contexit.
1336 402 1392 457 ln
1421 403 1502 458 eis
1525 402 1734 472 judica-
1761 421 1810 479 Α
1839 401 2204 458 differentiam
2234 401 2488 465 nubium,
2522 410 2577 456 et
2608 401 2857 472 ingentes
2892 401 3076 472 lapsus
3122 405 3434 462 maturum?

204 498 509 566 bitpopulos,
539 503 598 563 Fs:
633 497 786 550 dabit
832 511 1009 552 escam
1048 495 1316 566 plurimis.
1370 501 1430 562 ‘ef
1467 497 1522 550 In
1551 496 1728 550 maui-

203 589 280 644 bus
301 589 523 644 contexit
553 589 736 642 lumen
758 632 773 654 ,
924 598 977 642 et
1018 587 1298 642 mandavit
1325 587 1390 642 de
1427 587 1573 642 eoin
1603 602 1734 641 con-

201 681 394 745 trarium,
518 690 577 734 ut
615 680 892 734 nuntiaret
929 694 1091 750 super
1134 680 1226 734 illo
1268 679 1445 734 amico
1475 695 1611 743 sun,

202 772 550 843 possessionem
593 780 784 825 contra
829 785 987 835 eum,
1031 771 1125 842 qui
1167 770 1470 826 ascendere
1519 771 1729 825 nititur.

198 864 316 936 lCap.
346 863 625 934 XXXVI“
675 868 738 930 ﬁt
787 864 895 920 Sed
926 865 980 918 in
1012 863 1269 935 hoc;[Al.
1306 863 1430 935 his]-
1455 863 1733 934 obstupuit

191 972 271 1012 cor
295 971 470 1021 meum,
507 961 572 1023 ς(
591 967 646 1010 et
668 956 913 1010 evulsum
937 964 1026 1012 est
1050 957 1265 1011 deloco
1297 969 1416 1009 suo.
1451 961 1510 1018 32s;
1538 956 1732 1010 Audite

188 1047 377 1103 sonitum
417 1049 692 1113 terroris,
874 1057 928 1102 et
977 1056 1003 1083 ⁸
1052 1047 1340 1116 strepitum
1399 1047 1512 1101 oris
1560 1047 1730 1116 ipsius

182 1149 452 1196 exeuntem.
493 1146 556 1207 ‘rsf
599 1140 800 1196 Subter
828 1140 1144 1195 universum
1173 1141 1371 1196 malum
1407 1139 1631 1203 circuit,

181 1246 226 1292 et
246 1237 397 1292 lumen
426 1237 550 1304 ejus
583 1239 638 1289 in
671 1235 869 1290 finibus
900 1245 1082 1291 terrae.
1232 1235 1359 1289 Post
1385 1249 1507 1288 eum
1539 1232 1733 1289 fremet

177 1341 276 1380 vox.
299 1329 354 1392 πεί
376 1323 610 1379 Tonabit
639 1326 693 1379 in
715 1326 895 1379 sonitu
926 1325 1200 1394 superbi:e
1228 1339 1342 1378 sua:
1367 1364 1383 1388 ,
1434 1329 1496 1390 )es.’
1529 1333 1584 1378 et
1617 1339 1726 1377 non

174 1419 334 1490 poterit
372 1418 692 1488 investigari
734 1433 856 1473 cum
903 1418 1086 1473 audita
1132 1417 1296 1474 fuerit
1329 1433 1431 1472 vox
1485 1416 1625 1486 ejus.
1665 1421 1726 1481 ξτες

172 1509 370 1565 Tonabit
410 1510 570 1564 fortis
601 1511 656 1565 in
687 1525 824 1566 voce
859 1526 957 1566 sua
991 1511 1314 1566 mirabiliter
1348 1511 1370 1577 1
1401 1509 1553 1565 Fecit
1583 1510 1726 1565 enim

171 1619 330 1674 magna
379 1617 500 1674 qua:
541 1603 924 1660 nesciebamus
945 1645 960 1670 ,
1005 1603 1330 1674 prtecipiens
1352 1601 1380 1641 δ
1414 1601 1524 1657 nivi
1555 1643 1571 1669 ,
1609 1613 1728 1657 esto

167 1711 302 1766 super
327 1704 549 1750 terram.
678 1696 743 1751 Et
771 1704 1065 1766 tempestas
1095 1695 1312 1764 pluviae,
1347 1702 1404 1750 et
1430 1702 1727 1764 tempestas

1836 493 1952 548 Tua
1981 509 2114 550 vero
2143 495 2283 549 stula
2315 504 2402 549 est
2437 492 2454 530 ί
2488 495 2661 549 valida
2688 536 2703 559 ,
2749 497 3062 566 quiescente
3090 505 3232 552 terra
3365 501 3434 554 ab

1835 595 2040 641 austro.
2081 607 2126 643 ις
2167 585 2436 641 Firmabis
2462 601 2585 640 cum
2616 601 2682 641 eo
2702 587 2904 652 caelos,
2935 589 3024 658 qui
3056 589 3336 658 aequaliter
3365 591 3434 644 ad

1837 678 2128 734 vivendum
2163 679 2268 733 fusi
2306 681 2468 734 sunt?
2503 680 2524 746 1
2563 681 2745 747 Quare
2772 681 2908 737 doce
2938 692 2962 729 δ
2993 698 3092 737 nos
3120 683 3249 752 quid
3280 684 3432 738 dica-

1837 789 1957 828 mus
1985 773 2037 828 ei
2062 787 2078 836 ;
2104 783 2160 828 et
2191 773 2599 842 requiescamus
2642 775 2808 828 multa
2833 774 3081 832 dicentes
3109 795 3122 830 :
3154 777 3430 846 Numquid

1837 865 1974 921 liber
1998 906 2015 929 .
2048 877 2142 920 aut
2168 867 2344 920 scriba
2369 864 2620 920 llassistit
2649 868 2777 922 mihi
2803 884 2816 933 ;
2848 879 2904 922 ut
2937 871 3022 923 hic
3053 880 3205 924 stans
3238 870 3433 925 faciam

1837 957 2109 1013 hominem
2128 967 2308 1014 tacere
2330 959 2354 1010 ?
2375 958 2639 1014 Omnibus
2663 969 2843 1015 antem
2865 975 2969 1014 non
2998 971 3080 1015 est
3111 962 3324 1017 visibile
3353 963 3434 1017 lu-

1834 1067 1956 1107 men
1980 1092 1996 1118 ,
2025 1052 2168 1122 quod
2205 1052 2443 1122 refulget
2488 1053 2541 1107 in
2574 1053 2829 1108 nubibus.
2875 1055 2941 1108 Et
2978 1055 2991 1091 ί
3030 1057 3254 1125 spiritus
3286 1067 3434 1112 tran-

1833 1145 1986 1199 siens
2028 1144 2347 1199 emundabit
2396 1159 2511 1200 eas.
2568 1146 2653 1200 Ab
2705 1145 2959 1216 aquilone
3004 1147 3176 1201 milies
3231 1149 3435 1204 coloris

1833 1236 2008 1292 aurei.
2038 1235 2096 1291 In
2129 1236 2212 1290 his
2243 1246 2330 1291 est
2354 1251 2547 1306 magna
2570 1237 2765 1308 gloria,
2793 1247 2847 1292 et
2877 1239 3052 1293 honor
3071 1241 3433 1310 Omnipoten-

1837 1328 1943 1392 tis;
1993 1337 2050 1383 et
2094 1344 2204 1383 non
2251 1329 2558 1384 invenimus
2595 1331 2761 1385 alium
2803 1331 3034 1386 similem
3074 1335 3259 1388 virtuti
3291 1337 3432 1404 ejus.

1833 1421 1935 1488 Qui
1962 1421 2110 1490 juste
2135 1422 2374 1491 judicat,
2422 1437 2528 1478 n0n
2569 1433 2727 1494 putas
2772 1425 3036 1480 exaudire
3075 1429 3246 1482 eum?
3307 1444 3434 1498 pro-

1836 1513 2301 1582 ptereatimebunt
2320 1529 2444 1570 eum
2461 1515 2732 1582 homines,
2759 1517 3025 1573 timebunt
3049 1535 3262 1590 quoque
3308 1538 3432 1577 eum

1831 1614 1887 1660 et
1915 1606 2192 1675 sapientes
2223 1606 2412 1661 corde.

1904 1695 2056 1770 [Cap.
2089 1695 2402 1768 XXXVIII.]
2439 1698 2502 1753 Et
2533 1708 2817 1770 postquam
2847 1701 3054 1772 quievit
3081 1701 3231 1758 Elius
3255 1704 3422 1775 loqui,

165 1788 386 1843 imbrium
412 1828 429 1854 ,
469 1787 759 1857 potestatis
788 1787 928 1857 ejus.
963 1793 1026 1854 fas-1
1051 1787 1108 1842 In
1139 1802 1304 1843 manu
1331 1786 1511 1841 omnis
1544 1785 1723 1842 homi-
1759 1803 1800 1862 Β
1831 1787 1964 1845 dixit
1994 1789 2256 1847 Dominus
2287 1792 2352 1847 ad
2381 1791 2486 1847 Job
2515 1809 2609 1863 per
2636 1796 2911 1851 turbinem
2940 1799 3101 1852 nubis
3135 1819 3148 1855 :
3179 1800 3314 1868 Quis
3349 1809 3435 1857 est

165 1883 237 1938 nis
281 1894 298 1921 ε
341 1883 514 1952 signat
559 1883 578 1949 1
622 1892 682 1936 ut
726 1882 865 1937 sciat
917 1881 1094 1937 omnis
1152 1881 1316 1936 homo
1358 1880 1727 1936 inlirmitatem

164 1990 318 2031 suam.
342 1974 673 2031 lntroierunt
701 1985 880 2031 autem
911 1975 1098 2030 bestiae
1119 1974 1225 2030 sub
1255 1972 1590 2042 protectione
1618 2015 1632 2039 ,
1675 1982 1733 2029 et

161 2071 451 2141 quieverunt
489 2070 543 2123 in
595 2069 786 2124 cubili.
841 2069 918 2125 De
969 2069 1354 2138 promptuariis
1410 2067 1726 2137 supervenit

161 2169 454 2229 tempestas,
500 2169 557 2214 et
599 2159 670 2215 de
720 2160 1101 2229 promptuariis
1137 2159 1303 2230 frigus
1327 2200 1340 2223 ,
1374 2165 1427 2224 >3
1459 2169 1516 2214 et
1551 2174 1581 2213 a
1606 2159 1764 2239 Spi-.

160 2254 253 2309 ritu
295 2254 384 2309 Dei
420 2254 641 2309 dabitur
677 2253 879 2324 glacies
905 2254 929 2321 1
955 2254 1221 2322 gubernat
1267 2263 1450 2309 autem
1499 2254 1734 2324 qualiter

159 2345 223 2400 illi
251 2346 534 2415 placuerit,
565 2361 796 2415 aquam,
843 2355 898 2402 et
942 2345 1271 2402 frumentum
1295 2344 1321 2384 ἀ
1354 2348 1595 2418 irrigabit
1629 2363 1733 2402 nu-

159 2436 313 2489 bibus.
347 2436 745 2491 Disseminabit
772 2437 946 2492 nubes
970 2438 1144 2492 lucem
1175 2452 1362 2502 suam,
1405 2449 1458 2492 et
1500 2439 1612 2508 ipsa
1640 2453 1735 2508 per

156 2528 422 2596 circuitum
471 2529 706 2585 vertitur
747 2529 803 2584 in
859 2529 1279 2600 gubernaculis,
1343 2530 1410 2584 ad
1458 2529 1737 2598 operanda

155 2619 266 2690 [ΑΙ.
295 2621 630 2692 operandam
659 2621 884 2693 ]omnia
916 2637 1036 2691 qua:
1079 2621 1421 2677 mandaverit
1449 2623 1554 2677 eis.
1608 2622 1737 2676 llzec

157 2715 430 2770 constituta
463 2726 593 2771 sunt
623 2717 693 2770 ab
721 2731 788 2771 eo
816 2731 979 2784 super
1009 2723 1212 2770 terram
1247 2720 1310 2782 fisi
1336 2714 1464 2770 Sive
1487 2715 1539 2770 in
1567 2713 1735 2782 tribu,

150 2804 257 2862 sive
285 2807 504 2864 interra
534 2824 631 2864 sua
657 2849 673 2871 ,
731 2813 795 2876 ςεεί
837 2810 951 2864 sive
987 2808 1038 2863 in
1085 2807 1455 2864 misericordia
1499 2807 1732 2864 inveniri

153 2899 372 2955 voluerit
391 2916 511 2956 eam
539 2901 560 2968 1
598 2901 832 2956 Auribus
863 2901 1081 2970 percipe
1109 2899 1254 2962 haec.
1293 2899 1422 2955 Job.
1468 2899 1594 2966 Sta,
1627 2909 1650 2936 ε
1680 2907 1736 2954 et

151 3004 490 3050 commoncre
519 2994 725 3049 virtute
749 2992 986 3048 Domini.
1036 2992 1253 3050 Scimus
1277 2992 1402 3062 quia
1453 2992 1594 3046 Deus
1638 3006 1737 3060 po-

151 3081 251 3138 suit
276 3099 440 3155 0pera
472 3100 568 3142 sna
594 3126 612 3153 ,
642 3100 767 3142 cum
796 3083 1194 3141 faceretlucem
1211 3081 1280 3140 de
1312 3082 1570 3139 tenebris.
1609 3082 1731 3139 Scis

217 3229 242 3257 ι
273 3218 408 3274 Plus
452 3219 616 3275 habet
646 3217 735 3274 hic
767 3217 1126 3286 Augustinus,
1175 3226 1223 3271 et
1261 3216 1395 3270 cocis
1438 3216 1550 3287 ejus
1573 3258 1587 3283 ,
1613 3224 1728 3287 tum
1758 3215 1804 3279 C

151 3293 360 3363 strepitu
392 3290 584 3363 legit.
617 3305 719 3359 pro
761 3289 1052 3363 strepitant.
1103 3289 1293 3343 Gra'co
1327 3286 1550 3363 _atiteni_
1575 3286 1730 3340 ablu-

153 3356 307 3417 den'te
349 3356 498 3416 textu
539 3356 875 3431 ab'ntraqtie
908 3359 1144 3415 lectione
1172 3375 1293 3415 cum
1327 3356 1414 3412 hic
1445 3356 1590 3423 loci,
1621 3365 1731 3412 tum

153 3435 306 3485 etiam
336 3435 586 3500 inferius,
617 3431 751 3486 nihil
772 3434 1052 3486 audemus.

223 3502 527 3558 bMendo~e
553 3497 581 3566 ,⁷
623 3514 675 3555 Ill
727 3501 977 3566 videtur,
1030 3497 1356 3572 perferebat
1384 3497 1735 3572 Augustinia-

156 3589 276 3628 num
304 3575 588 3643 exemplar
625 3574 778 3637 nubi,
826 3589 922 3641 pro
971 3570 1116 3627 niri:
1148 3571 1345 3643 Grmce
1388 3572 1545 3642 χιόνι.
1591 3570 1734 3624 liene

159 3654 326 3698 autem
359 3641 480 3710 est,
518 3644 663 3715 quod
697 3660 760 3699 cx
789 3660 860 3715 cn
889 3643 1196 3710 accepimus
1226 3641 1386 3712 paulo
1418 3641 1545 3715 post
1567 3651 1737 3708 potes-

159 3718 272 3770 tatis
297 3758 311 3773 .
337 3716 486 3784 juxta
538 3712 788 3772 Cimcum
843 3714 1142 3775 δυναστείας
1170 3754 1183 3771 .
1231 3728 1326 3780 pro
1378 3726 1485 3780 quo
1515 3712 1738 3784 ili-gerat

162 3783 484 3858 _llartianzeus
511 3798 740 3858 potestas
764 3801 781 3837 :
814 3794 869 3838 ct
901 3801 1114 3838 rursum
1139 3784 1450 3858 signaupro
1477 3783 1734 3858 signatur,

163 3854 337 3930 itidem
382 3853 526 3930 cum,
551 3859 748 3930 timeo
795 3858 1212 3930 νατασφραοιίζει.
1251 3853 1644 3922 Subjunximus
1683 3862 1739 3908 et

166 3927 282 3980 huic
309 3931 470 3984 verbo
501 3929 679 3982 linatia
716 3927 1344 3996 punctaJiuaideerant.

230 4011 250 4036 ε
284 4001 467 4056 Active
507 4001 692 4068 legunt
717 3993 1092 4068 'Attgustinus,
1140 4002 1196 4050 ct
1224 3995 1450 4066 Vulgata
1477 4038 1492 4064 ,
1525 3993 1574 4049 id
1617 4003 1734 4060 est,

166 4068 321 4141 signa!
344 4087 440 4140 pro
461 4067 718 4141 signatur.
751 4067 926 4122 Mam.

225 4139 254 4212 tl
277 4134 755 4212 Augustfirrigarit
778 4143 953 4192 nubes.
979 4135 1345 4212 Dissentinavit
1368 4134 1571 4212 nubent,
1595 4135 1735 4212 haud

167 4211 288 4280 satis
317 4207 478 4277 recte,
511 4214 556 4267 si
593 4207 744 4280 p'rins
771 4225 962 4280 nomen
990 4249 1006 4273 ,
1047 4208 1205 4261 nubes
1226 4249 1242 4273 ,
1275 4207 1546 4275 excipias,
1597 4209 1737 4280 quod

171 4279 429 4354 hodiernae
460 4277 741 4354 scriptioni
776 4279 964 4336 Graece
983 4280 1231 4354 ,yt'cpfm,
1254 4288 1517 4354 consonat
1546 4277 1735 4345 magis.

171 4349 451 4422 Sequentcs
471 4347 763 4410 astériscos
780 4366 878 4407 suo
891 4367 988 4405 nos
1011 4347 1129 4407 loco
1146 4351 1367 4420 suisque
1389 4347 1584 4402 finibus
1611 4362 1742 4402 con-

175 4429 446 4477 stituintns.

238 4442 356 4477 llllﬂl
433 4467 446 4477 .

238 4504 259 4530 ι’
291 4443 668 4552 Emljiidamlus
710 4502 795 4550 est
837 4501 1012 4549 textus
1053 4491 1104 4547 in
1136 4490 1289 4551 _lihro
1319 4491 1738 4546 Annotationmn

180 4560 232 4636 _S.
267 4567 537 4636 Augustini
564 4609 579 4630 ,
635 4569 689 4619 in
742 4581 850 4635 quo
895 4561 1528 4636 depravatalitijnsiiindi
1565 4569 1744 4616 exstat

181 4633 319 4689 lectio
340 4631 366 4701 ξ
378 4650 425 4693 et
454 4631 774 4692 commovere
797 4631 1031 4690 rirtntent
1057 4631 1284 4690 Domini.
1317 4633 1361 4687 Μ
1371 4650 1492 4688 Λιιτ.

249 4706 681 4779 ‘Maauscriptus
723 4718 778 4763 et
816 4706 1146 4779 Augustinus
1183 4705 1367 4779 legunt
1406 4704 1494 4779 _sic
1531 4702 1737 4779 valida,

187 4786 271 4840 pro
296 4780 451 4833 calida
479 4823 493 4847 ,
533 4773 591 4833 ut
617 4779 774 4832 habet
804 4773 978 4847 cannn
1011 4775 1173 4829 llebr.
1206 4773 1450 4847 veritatis
1473 4815 1489 4836 .
1525 4790 1586 4827 ac
1614 4773 1742 4847 Vul-

191 4856 291 4910 sala
320 4844 515 4907 Latina.
556 4851 668 4905 Nec
697 4864 851 4902 crrnr
883 4846 967 4901 hic
996 4856 1078 4900 est
1127 4846 1487 4899 recentiorum
1537 4844 1740 4898 exscri-

195 4927 407 4984 plernm,
447 4921 538 4976 sed
570 4931 815 4975 veterum
835 4960 850 4981 ,
889 4929 941 4972 ct
972 4917 1313 4985 antiquarum
1342 4934 1354 4969 :
1384 4931 1505 4970 nam
1548 4915 1736 4969 eodem

194 4990 333 5062 modo
359 4993 558 5062 legebat
595 4993 649 5045 in
684 5006 783 5044 sun
822 4986 1209 5062 exentplar'tUS.
1231 4987 1574 5062 ‘Angmtinus
1595 5027 1616 5062 ,_
1646 4985 1737 5051 qui

191 5057 356 5181 gulam
394 5057 614 5118 {alidum
657 5063 1043 5131 interpretatur
1099 5058 1402 5128 dignitatem
1445 5058 1733 5128 superbam.

237 5147 351 5181 sar.

237 5147 351 5185 ΛΒΤ.

250 5231 318 5242 —
359 5202 777 5260 Rescrihcndum
823 5201 996 5254 calida
1020 5241 1034 5264 ,
1083 5198 1269 5254 Grrcca
1305 5213 1407 5252 vox
1449 5200 1609 5271 θερμὴ
1637 5197 1748 5251 cla-

194 5282 288 5323 mat
321 5293 332 5325 :
363 5277 635 5331 tamenetsi
679 5275 796 5342 ipse
846 5274 1006 5327 etiam
1034 5271 1205 5342 valida
1245 5271 1578 5342 Augustinus
1611 5284 1749 5342 prm-

196 5343 377 5418 lplerit.
405 5347 538 5402 Idem
570 5339 734 5418 paulo
766 5354 884 5412 post
913 5339 1349 5418 [innabishabet
1371 5356 1468 5418 pro
1497 5339 1743 5399 firmabit.

198 5409 331 5467 sunt
353 5430 398 5476 ω
420 5409 586 5473 ϐττιεοῖ
613 5434 711 5486 pro
745 5409 1268 5486 alterutralectione
1290 5409 1526 5486 codices.
1580 5417 1582 5419 ’

201 5549 212 5560 ι
257 5493 279 5528 ε
307 5489 506 5560 arridet
546 5482 762 5558 magis,
823 5485 967 5555 quod
1014 5482 1178 5538 habet
1233 5482 1563 5554 Augustinus
1616 5498 1694 5534 me
1725 5525 1740 5550 ,

195 5558 576 5627 lﬂshrGrzecum
605 5603 620 5623 ,
655 5572 755 5627 pro
784 5574 896 5610 nos.

255 5622 292 5707 ³⁸.
319 5626 449 5684 ldetn
475 5621 722 5707 assistis_:
753 5627 979 5683 Graccus
1008 5626 1206 5692 astitit,
1235 5628 1580 5707 παρέστηκεν.
1615 5621 1748 5675 (Inr-

199 5701 410 5770 reximus
437 5717 564 5757 vero
593 5703 873 5770 utriuSque
913 5713 1017 5770 ope
1042 5738 1056 5760 ,
1101 5708 1154 5750 ut
1186 5701 1430 5754 vocutam
1459 5736 1474 5764 ,
1513 5708 1636 5766 qua:
1663 5707 1748 5749 se-

198 5768 382 5838 ιιυίιιιτ,
406 5788 494 5844 pro
515 5788 620 5845 qua
649 5773 770 5828 erat
788 5768 1053 5825 mendose
1078 5781 1186 5822 aut.

690 5865 973 5929 ΡΑτιιοι.
1020 5861 1171 5925 XXI
1186 5862 1263 5924 Χ.

1770 4603 1820 4664 D

1835 1880 1928 1952 qui
1986 1883 2131 1940 celat
2182 1899 2268 1939 me
2321 1886 2642 1951 consilium,
2701 1893 2992 1946 continens
3046 1908 3328 1948 sermones
3379 1896 3433 1950 in

1837 1977 2001 2032 corde
2025 2017 2040 2043 ,
2090 1991 2142 2031 -ξ
2183 1986 2238 2032 et
2278 1987 2429 2047 putat
2461 1994 2545 2033 me
2581 1982 2594 2029 t
2634 1979 2806 2035 latere
2842 1981 2863 2048 1
2899 1984 3122 2053 accinge
3159 1995 3431 2056 tamquam

1839 2067 1922 2121 vir
1952 2067 2198 2122 lumbum
2227 2078 2378 2123 tuum
2406 2109 2421 2135 ,
2473 2070 2828 2142 interrogabo
2871 2081 2922 2128 le
2943 2114 2956 2138 ,
3019 2085 3071 2127 tu
3104 2088 3285 2129 autem
3313 2093 3433 2131 res-

1839 2159 2020 2229 ponde
2057 2160 2212 2215 mihi.
2243 2159 2345 2216 Ubi
2373 2176 2497 2218 eras
2523 2177 2645 2217 cum
2670 2163 2949 2220 fundarem
2981 2169 3218 2221 terram?
3247 2169 3426 2223 Indica

1842 2253 1971 2308 mihi
2003 2255 2046 2308 si
2077 2254 2216 2308 nosti
2247 2255 2550 2310 scientiam.
2580 2255 2713 2324 Quis
2736 2257 2917 2325 posuit
2945 2255 2970 2294 ιι
2999 2274 3283 2314 mensuras
3314 2262 3433 2329 ejus

1937 2345 1984 2400 si
2016 2347 2156 2402 nosti
2187 2347 2208 2414 1
2237 2357 2329 2402 aut
2351 2347 2470 2418 quis
2490 2357 2577 2403 est
2602 2349 2693 2417 qui
2725 2349 2936 2403 induxit
2967 2367 3130 2420 super
3151 2368 3268 2406 eam
3297 2353 3434 2408 funi-

1838 2436 2060 2505 culum,
2121 2448 2216 2492 aut
2263 2453 2430 2506 super
2481 2452 2590 2508 quo
2635 2438 2771 2508 [ΑΙ.
2821 2440 2964 2508 quod
3007 2441 3018 2510 ]
3064 2442 3251 2496 circuli
3316 2442 3435 2513 eius

1847 2526 1862 2565 ι
1922 2527 2025 2588 fusi
2077 2528 2258 2582 sunt?
2310 2527 2444 2596 Quis
2494 2537 2578 2583 est
2623 2537 2802 2584 autem
2851 2532 2942 2598 qui
2990 2532 3136 2586 misit
3196 2534 3433 2603 lapidem

1841 2621 2157 2692 angularem
2215 2639 2227 2671 :
2290 2635 2352 2674 σε-
2403 2629 2443 2656 tn
2523 2635 2688 2690 super
2754 2637 2872 2677 eam
2937 2623 2958 2689 1
3009 2625 3228 2692 quando
3290 2625 3432 2682 facta

1839 2722 1966 2769 sunt
2018 2712 2183 2766 simul
2225 2710 2454 2768 sidera?
2519 2712 2902 2769 Laudaverunt
2975 2732 3060 2771 me
3121 2733 3255 2774 voce
3314 2735 3436 2773 ma-

1837 2823 1940 2878 gna
1965 2820 2156 2862 omnes
2188 2805 2366 2876 angeli
2390 2805 2515 2860 mei.
2565 2805 2820 2862 Conclusi
2864 2809 3034 2878 portis
3075 2826 3260 2878 mare,
3303 2829 3430 2868 cum

1834 2897 2094 2952 fremeret
2135 2911 2201 2951 ex
2243 2894 2352 2965 [ΑΙ.
2398 2893 2474 2965 in]
2504 2906 2658 2952 utero
2695 2897 2887 2952 matris
2917 2913 3062 2964 sum,
3093 2901 3280 2955 volens
3310 2918 3439 2970 pro-

1836 2988 2006 3060 gredi.
2042 2986 2421 3055 Circumposui
2451 2987 2529 3041 illi
2557 2988 2754 3042 nubem
2782 2989 3178 3058 operimentum
3207 3036 3220 3059 ,
3254 3000 3310 3047 et
3333 3009 3434 3049 ne-

1834 3079 1961 3136 bula
1989 3077 2204 3136 obvolvi
2235 3077 2395 3145 illud;
2439 3086 2494 3134 et
2534 3079 2690 3150 posui
2715 3079 2790 3136 illi
2823 3081 3082 3139 terminos
3107 3124 3122 3150 ,
3150 3085 3438 3156 imponens

1913 3211 1928 3249 i
1962 3212 2090 3280 ριιω
2120 3212 2204 3268 his
2225 3257 2239 3280 ,
2269 3221 2320 3288 et
2349 3213 2858 3288 spiritus‘transiens
2895 3219 3197 3274 emnndabit
3226 3239 3343 3288 eas,
3376 3226 3432 3283 in

1836 3285 2026 3341 Grmco
2048 3285 2431 3349 respondeant,
2460 3284 2597 3338 haud
2631 3285 2956 3341 invenimus.
2990 3290 3125 3344 Sunt
3156 3284 3341 3350 tamen.
3379 3299 3432 3352 in

1839 3356 2066 3433 llelirzeu
2096 3357 2512 3433 arclietyponex
2533 3371 2640 3433 quo
2667 3357 2896 3433 ipsemet
2926 3360 3286 3433 l_lierﬁonymus
3311 3383 3431 3421 ver-

1839 3427 1902 3481 tit
1923 3467 1940 3493 ,
1961 3437 2031 3500 Aet
2059 3436 2236 3480 uentus
2267 3424 2532 3500 transiens
2564 3427 2760 3500 fugavit
2791 3445 2898 3484 eas.
2933 3429 3086 3500 Legit
3115 3424 3274 3488 etiam
3323 3437 3439 3491 Au-

1836 3495 2113 3572 gustinus.
2165 3496 2374 3551 tametsi
2415 3497 2572 3565 paulo
2621 3495 2813 3568 aliter,
2855 3495 3070 3570 spiritus
3117 3507 3347 3572 transit,
3377 3521 3430 3563 et

1839 3568 2106 3621 ntnndabit
2132 3609 2145 3625 .
2180 3578 2286 3622 clc.

1914 3639 1927 3688 i
1968 3639 2119 3715 apud
2149 3637 2507 3715 Augustinum
2537 3637 2818 3715 d‘are,_pro
2834 3640 3014 3706 latere,
3038 3645 3180 3712 quod
3212 3647 3430 3715 quidem

1841 3709 2092 3788 mendum
2123 3710 2539 3788 apertissimum
2569 3710 2707 3763 haud
2744 3711 2857 3764 scio
2881 3753 2899 3788 _,
2943 3709 3069 3766 nnni
3097 3709 3281 3788 instio
3313 3720 3434 3788 ipse

1840 3781 1967 3856 olim
2010 3777 2305 3856 exemplari
2337 3777 2598 3856 legerit,
2627 3795 2694 3834 an
2740 3785 3049 3856 requierunt
3083 3787 3239 3856 culpa
3271 3777 3436 3844 libra-

1841 3852 2042 3904 riorum
2083 3851 2134 3905 in
2176 3849 2533 3904 describenda
2571 3849 2998 3906 Aunutatinnum
3033 3855 3091 3909 S.
3130 3849 3305 3914 l’atris
3343 3860 3434 3915 Li-

1842 3921 1942 3996 bro
1969 3923 2063 3996 “sit
2107 3929 2469 3996 perpetratum
2504 3937 2515 3972 :
2547 3936 2669 3973 nam
2729 3921 2928 3996 latendi
2990 3927 3215 3982 verbum
3243 3970 3258 3996 ,
3319 3949 3430 3988 non

1841 3991 2002 4046 dandi
2035 3995 2088 4045 in
2122 3992 2398 4058 proposito
2430 3998 2576 4044 textu
2607 4007 2636 4044 a
2668 4006 2728 4046 se
2761 3993 2979 4060 lectum,
3012 3997 3128 4052 sive
3151 3991 3429 4058 laudatum

1846 4063 2034 4142 fuisse.
2068 4077 2172 4142 non
2205 4063 2455 4142 obscure,
2477 4070 2536 4116 ut
2559 4063 2926 4142 mihi-quidem
2961 4067 3191 4133 videtur,
3211 4071 3323 4142 ipse
3350 4074 3436 4127 in-

1843 4133 2060 4210 dicat_iu
2087 4134 2328 4210 subnexa
2359 4131 2430 4185 ibi
2455 4134 2819 4210 _annutaLimIe
2847 4133 2930 4188 his
2960 4131 3187 4208 proprie»
3207 4131 3386 4198 v'et'bis
3416 4187 3432 4210 ,

1841 4206 2082 4285 quoniam
2113 4202 2277 4285 Deum
2318 4219 2419 4285 non
2448 4203 2625 4284 latent.
2674 4203 2939 4260 Caeterum
2962 4202 3026 4263 et
3062 4202 3164 4279 pro
3210 4202 3433 4285 Accingé

1846 4273 2038 4344 legitur
2065 4275 2202 4344 apud
2235 4289 2357 4329 eum
2380 4273 2679 4344 Accingere.

1919 4345 1942 4383 ¹ι
1975 4348 2174 4400 Obelus
2206 4344 2292 4399 hic
2317 4346 2521 4414 positus
2549 4344 2650 4399 fuit
2673 4348 3226 4414 proasteriscouluod
3242 4366 3428 4406 emen-

1845 4416 1974 4472 dare
2002 4432 2338 4486 nequaquam
2384 4421 2840 4486 pertimescimus,
2873 4434 2994 4473 cum
3027 4420 3118 4474 ille
3148 4423 3237 4486 qui
3268 4423 3426 4477 nobis

1849 4485 2184 4556 transcripsit
2209 4485 2659 4558 hanceditionem
2688 4504 2717 4542 e
2737 4505 2839 4543 ms.
2856 4490 3063 4554 codice,
3090 4485 3265 4558 plures
3291 4502 3434 4548 aste-

1847 4561 2018 4613 riscos
2146 4557 2388 4629 posuerit
2417 4571 2512 4623 pro
2543 4558 2714 4629 nbelis
2739 4574 2798 4612 —:~-
2828 4560 3059 4614 Proclivi
3090 4557 3231 4614 enim
3274 4561 3430 4629 lapsu

1853 4638 2126 4683 mutantur
2139 4629 2288 4698 signa
2306 4628 2491 4698 isthmc
2515 4627 2584 4681 ab
2608 4631 2983 4697 scriptoribus.
3002 4631 3091 4698 qui
3115 4647 3299 4685 eorum
3328 4627 3433 4689 nec

1851 4716 2014 4771 usus,
2049 4715 2146 4754 nec
2177 4697 2562 4770 signiticantias
2591 4700 2916 4771 intelligunt.
2939 4697 3114 4754 Matii.

1921 4759 1932 4791 ³
1964 4759 2112 4842 Idem
2145 4759 2255 4838 ﬁxi
2267 4779 2386 4824 sunt
2410 4810 2426 4837 ,
2453 4784 2548 4839 pro
2574 4769 2681 4838 {usi
2709 4813 2724 4835 ,
2757 4759 2860 4825 ἔω.
2889 4770 3077 4842 (ἶνωςθ
3107 4776 3390 4842 mari-laet.

1920 4851 1956 4876 ιιι
1985 4841 2155 4895 Voces
2181 4856 2333 4910 super
2354 4856 2487 4906 eam,
2519 4855 2639 4910 quin
2669 4843 2718 4894 in
2747 4839 3038 4895 Martianmi
3067 4839 3310 4897 editione
3336 4846 3429 4898 de-

1847 4911 2268 4974 siderabantur,
2338 4926 2436 4966 nos
2501 4911 2852 4975 suﬂ‘ecimus,
2914 4927 2977 4964 ex
3042 4914 3431 4978 Augusriniano

1847 4982 2185 5055 exemplari,
2237 4989 2292 5036 et
2333 4981 2557 5055 pra-fixo
2609 4984 2770 5055 etiam
2820 4982 2978 5037 nbelo
3028 4983 3427 5055 jugulavimus,

1851 5069 1976 5107 cum
2010 5050 2119 5106 Sint
2149 5054 2256 5108 illa:
2283 5050 2498 5120 quidem
2541 5050 2593 5104 in
2642 5051 2834 5106 (Ἐτωεο
2873 5061 3057 5120 tg-xtu,
3109 5054 3186 5108 ἐπ’
3229 5050 3429 5120 αὐτὴςζ

1852 5139 1961 5178 non
1990 5124 2118 5180 item
2147 5107 2198 5178 cl
2222 5126 2272 5176 in
2298 5107 2561 5178 llebt'aico
2587 5120 2814 5191 addatur
2834 5107 2987 5185 Πῒιῖἳ.
3021 5107 3208 5178 Sedet
3308 5107 3430 5191 illi";
3499 5145 3504 5148 ·

1853 5210 1919 5250 ex
1943 5212 2049 5262 quo
2073 5196 2186 5248 hmc
2209 5193 2552 5248 Martianmus
2581 5190 2871 5259 descripsit
2891 5191 3078 5246 codice
3106 5210 3206 5248 ms.
3240 5190 3432 5251 obelus

1853 5264 1941 5320 hic
1972 5267 2073 5320 lnci
2114 5275 2230 5319 erat
2252 5305 2267 5329 ,
2294 5263 2473 5317 verbis
2501 5271 2719 5331 tamen,
2753 5271 2813 5314 ut
2839 5263 3076 5316 diximus
3104 5309 3118 5331 ,
3153 5282 3270 5331 qum
3302 5282 3435 5330 con:-

1851 5337 2109 5392 fndienda
2137 5343 2321 5398 erant,
2353 5329 2752 5401 praetenuissis.
2787 5331 2899 5387 lluc
2929 5329 3113 5388 autem
3142 5329 3218 5388 illi
3258 5329 3434 5390 fraudi

1852 5408 2012 5462 fuerit
2043 5447 2055 5473 ,
2091 5417 2148 5459 ut
2175 5405 2332 5473 plane
2355 5400 2627 5473 immeritu
2658 5403 2819 5454 verba
2845 5441 2860 5466 ,
2895 5407 3100 5473 quando
3127 5405 3264 5472 facta
3289 5419 3434 5470 sunt,

1849 5467 2406 5546 jugularetfquibus
2447 5467 2733 5524 mauilesto
2775 5467 3054 5546 respondit
3106 5467 3173 5546 in
3201 5467 3436 5546 _llebra-o

1850 5541 1983 5616 hi,
2016 5555 2070 5598 et
2098 5547 2165 5616 ab
2197 5542 2314 5616 ipso
2347 5541 2674 5616 Ilierpnytno
2704 5555 2870 5616 ex_cn
2903 5544 3048 5598 fonte
3081 5543 3390 5616 redduntur
3421 5567 3433 5599 ;

1855 5611 1986 5672 Cant
2018 5631 2094 5667 me
2124 5611 2624 5685 (antiquatam-mei
2656 5625 2721 5663 ex
2753 5612 2856 5666 alia
2884 5614 3134 5671 vocabuli
3165 5618 3444 5685 etymolo-

1855 5689 1964 5763 gia,
1989 5685 2106 5742 Ὅτε
2139 5683 2358 5760 plagam
2394 5681 2520 5739 Cum
2549 5679 2685 5750 facta
2709 5691 2827 5736 sunt
2849 5723 2864 5752 ,
2891 5693 3000 5742 etc.

2869 5823 2872 5826 ⁷
2969 5851 3012 5912 tt
