  <div class='ocr_page' id='page_1' title='image "/cluster/home/n/w/nwhite01/storage/ocr_20150623/29/uva.x000826564/062.png"; bbox 0 0 3960 6208; ppageno 0'>
   <div class='ocr_carea' id='block_1_1' title="bbox 236 260 2378 328">
    <p class='ocr_par' dir='ltr' id='par_1_1' title="bbox 236 260 2378 328">
     <span class='ocr_line' id='line_1_1' title="bbox 236 260 2378 328; baseline 0.001 -4"><span class='ocrx_word' id='word_1_1' title='bbox 236 264 313 326; x_wconf 69' lang='grc'><strong>109</strong></span> <span class='ocrx_word' id='word_1_2' title='bbox 1365 263 1569 325; x_wconf 74' lang='lat' dir='ltr'><strong>LIBER</strong></span> <span class='ocrx_word' id='word_1_3' title='bbox 1607 268 1744 328; x_wconf 71' lang='lat' dir='ltr'><strong>10B.</strong></span> <span class='ocrx_word' id='word_1_4' title='bbox 1792 260 2065 325; x_wconf 65' lang='lat' dir='ltr'><strong>ALTERA</strong></span> <span class='ocrx_word' id='word_1_5' title='bbox 2112 260 2378 326; x_wconf 71' lang='lat' dir='ltr'><strong>VERSIO.</strong></span> 
     </span>
    </p>
   </div>
   <div class='ocr_carea' id='block_1_2' title="bbox 3402 278 3506 336">
    <p class='ocr_par' dir='ltr' id='par_1_2' title="bbox 3402 278 3506 336">
     <span class='ocr_line' id='line_1_2' title="bbox 3402 278 3506 336; baseline 0 -1"><span class='ocrx_word' id='word_1_6' title='bbox 3402 278 3506 336; x_wconf 76' lang='grc' dir='ltr'><strong>ΗΟ</strong></span> 
     </span>
    </p>
   </div>
   <div class='ocr_carea' id='block_1_3' title="bbox 242 383 3499 460">
    <p class='ocr_par' dir='ltr' id='par_1_3' title="bbox 242 383 3499 460">
     <span class='ocr_line' id='line_1_3' title="bbox 242 383 3499 460; baseline 0.002 -21"><span class='ocrx_word' id='word_1_7' title='bbox 242 400 371 455; x_wconf 82' lang='lat' dir='ltr'><strong>opera</strong></span> <span class='ocrx_word' id='word_1_8' title='bbox 398 385 527 442; x_wconf 80' lang='lat' dir='ltr'><strong>tua?</strong></span> <span class='ocrx_word' id='word_1_9' title='bbox 558 394 647 441; x_wconf 90' lang='lat' dir='ltr'><strong>aut</strong></span> <span class='ocrx_word' id='word_1_10' title='bbox 687 385 796 459; x_wconf 71' lang='grc' dir='ltr'><strong><em>[ΑΙ.</em></strong></span> <span class='ocrx_word' id='word_1_11' title='bbox 826 385 902 460; x_wconf 91' lang='lat' dir='ltr'><strong>et]</strong></span> <span class='ocrx_word' id='word_1_12' title='bbox 934 383 1123 442; x_wconf 82' lang='lat' dir='ltr'><strong>credes</strong></span> <span class='ocrx_word' id='word_1_13' title='bbox 1152 383 1201 441; x_wconf 90' lang='lat' dir='ltr'><strong>ei</strong></span> <span class='ocrx_word' id='word_1_14' title='bbox 1331 384 1457 455; x_wconf 86' lang='lat' dir='ltr'><strong>qu&#39;a</strong></span> <span class='ocrx_word' id='word_1_15' title='bbox 1488 384 1675 443; x_wconf 79' lang='lat' dir='ltr'><strong>reddet</strong></span> <span class='ocrx_word' id='word_1_16' title='bbox 1710 385 1805 441; x_wconf 89' lang='lat' dir='ltr'><strong>tibi</strong></span> <span class='ocrx_word' id='word_1_17' title='bbox 1840 391 1884 446; x_wconf 78' lang='grc' dir='ltr'><strong>Α</strong></span> <span class='ocrx_word' id='word_1_18' title='bbox 1917 384 2153 440; x_wconf 87' lang='lat' dir='ltr'><strong>locutum</strong></span> <span class='ocrx_word' id='word_1_19' title='bbox 2196 384 2385 453; x_wconf 82' lang='lat' dir='ltr'><strong>fuisse,</strong></span> <span class='ocrx_word' id='word_1_20' title='bbox 2420 399 2578 457; x_wconf 85' lang='lat' dir='ltr'><strong>quam</strong></span> <span class='ocrx_word' id='word_1_21' title='bbox 2609 394 2665 441; x_wconf 91' lang='lat' dir='ltr'><strong>ut</strong></span> <span class='ocrx_word' id='word_1_22' title='bbox 2691 399 2985 458; x_wconf 88' lang='lat' dir='ltr'><strong>appareres</strong></span> <span class='ocrx_word' id='word_1_23' title='bbox 3012 387 3229 459; x_wconf 82' lang='lat' dir='ltr'><strong>justus?</strong></span> <span class='ocrx_word' id='word_1_24' title='bbox 3263 390 3340 445; x_wconf 75' lang='lat' dir='ltr'><strong>Au</strong></span> <span class='ocrx_word' id='word_1_25' title='bbox 3373 390 3499 446; x_wconf 85' lang='lat' dir='ltr'><strong>bra-</strong></span> 
     </span>
    </p>
   </div>
   <div class='ocr_carea' id='block_1_4' title="bbox 249 476 1804 543">
    <p class='ocr_par' dir='ltr' id='par_1_4' title="bbox 249 476 1804 543">
     <span class='ocr_line' id='line_1_4' title="bbox 249 476 1804 543; baseline -0.002 -9"><span class='ocrx_word' id='word_1_26' title='bbox 249 487 510 534; x_wconf 80' lang='lat' dir='ltr'><strong>tcmentem</strong></span> <span class='ocrx_word' id='word_1_27' title='bbox 539 519 553 543; x_wconf 91' lang='lat'><strong>,</strong></span> <span class='ocrx_word' id='word_1_28' title='bbox 588 486 614 514; x_wconf 72' lang='grc'>⁸</span> <span class='ocrx_word' id='word_1_29' title='bbox 656 487 710 532; x_wconf 88' lang='lat' dir='ltr'><strong>et</strong></span> <span class='ocrx_word' id='word_1_30' title='bbox 752 478 805 531; x_wconf 91' lang='lat' dir='ltr'><strong>in</strong></span> <span class='ocrx_word' id='word_1_31' title='bbox 842 492 1025 533; x_wconf 89' lang='lat' dir='ltr'><strong>arcam</strong></span> <span class='ocrx_word' id='word_1_32' title='bbox 1067 485 1210 531; x_wconf 90' lang='lat' dir='ltr'><strong>tuam</strong></span> <span class='ocrx_word' id='word_1_33' title='bbox 1260 476 1493 533; x_wconf 77' lang='lat' dir='ltr'><strong>inferet?</strong></span> <span class='ocrx_word' id='word_1_34' title='bbox 1522 482 1583 535; x_wconf 59' lang='grc' dir='ltr'>Ἇιί</span> <span class='ocrx_word' id='word_1_35' title='bbox 1623 477 1804 533; x_wconf 84' lang='lat' dir='ltr'><strong>Penna</strong></span> 
     </span>
    </p>
   </div>
   <div class='ocr_carea' id='block_1_5' title="bbox 256 570 1803 642">
    <p class='ocr_par' dir='ltr' id='par_1_5' title="bbox 256 570 1803 642">
     <span class='ocr_line' id='line_1_5' title="bbox 256 570 1803 642; baseline -0.003 -14"><span class='ocrx_word' id='word_1_36' title='bbox 256 574 587 628; x_wconf 83' lang='lat' dir='ltr'><strong>struthionum</strong></span> <span class='ocrx_word' id='word_1_37' title='bbox 631 572 803 625; x_wconf 75' lang='lat' dir='ltr'><strong>mixta</strong></span> <span class='ocrx_word' id='word_1_38' title='bbox 829 582 913 626; x_wconf 89' lang='lat' dir='ltr'><strong>est</strong></span> <span class='ocrx_word' id='word_1_39' title='bbox 943 571 1046 626; x_wconf 84' lang='lat' dir='ltr'><strong>alis</strong></span> <span class='ocrx_word' id='word_1_40' title='bbox 1075 570 1389 626; x_wconf 82' lang='lat' dir='ltr'><strong>ltcrodionis</strong></span> <span class='ocrx_word' id='word_1_41' title='bbox 1418 580 1471 625; x_wconf 89' lang='lat' dir='ltr'><strong>et</strong></span> <span class='ocrx_word' id='word_1_42' title='bbox 1503 571 1803 642; x_wconf 78' lang='lat' dir='ltr'><strong>accipitris,</strong></span> 
     </span>
    </p>
   </div>
   <div class='ocr_carea' id='block_1_6' title="bbox 256 660 1808 735">
    <p class='ocr_par' dir='ltr' id='par_1_6' title="bbox 256 660 1808 735">
     <span class='ocr_line' id='line_1_6' title="bbox 256 660 1808 735; baseline -0.003 -14"><span class='ocrx_word' id='word_1_43' title='bbox 256 668 369 731; x_wconf 68' lang='lat' dir='ltr'><strong>}:»’et</strong></span> <span class='ocrx_word' id='word_1_44' title='bbox 392 664 648 735; x_wconf 84' lang='lat' dir='ltr'><strong>relinquit</strong></span> <span class='ocrx_word' id='word_1_45' title='bbox 678 662 786 734; x_wconf 74' lang='grc' dir='ltr'><strong><em>[ΑΙ.</em></strong></span> <span class='ocrx_word' id='word_1_46' title='bbox 831 661 1076 733; x_wconf 80' lang='lat' dir='ltr'><strong>reliquit]</strong></span> <span class='ocrx_word' id='word_1_47' title='bbox 1106 660 1160 716; x_wconf 90' lang='lat' dir='ltr'><strong>in</strong></span> <span class='ocrx_word' id='word_1_48' title='bbox 1193 672 1336 717; x_wconf 92' lang='lat' dir='ltr'><strong>terra</strong></span> <span class='ocrx_word' id='word_1_49' title='bbox 1369 677 1469 717; x_wconf 84' lang='lat' dir='ltr'><strong>ora</strong></span> <span class='ocrx_word' id='word_1_50' title='bbox 1496 678 1615 728; x_wconf 87' lang='lat' dir='ltr'><strong>sua,</strong></span> <span class='ocrx_word' id='word_1_51' title='bbox 1656 668 1717 730; x_wconf 72' lang='grc' dir='ltr'><strong>ξ-ειζ</strong></span> <span class='ocrx_word' id='word_1_52' title='bbox 1753 672 1808 719; x_wconf 88' lang='lat' dir='ltr'><strong>et</strong></span> 
     </span>
    </p>
   </div>
   <div class='ocr_carea' id='block_1_7' title="bbox 252 753 1808 827">
    <p class='ocr_par' dir='ltr' id='par_1_7' title="bbox 252 753 1808 827">
     <span class='ocr_line' id='line_1_7' title="bbox 252 753 1808 827; baseline 0 -16"><span class='ocrx_word' id='word_1_53' title='bbox 252 755 295 811; x_wconf 90' lang='lat' dir='ltr'><strong>in</strong></span> <span class='ocrx_word' id='word_1_54' title='bbox 320 757 519 827; x_wconf 85' lang='lat' dir='ltr'><strong>pulvere</strong></span> <span class='ocrx_word' id='word_1_55' title='bbox 556 755 839 810; x_wconf 82' lang='lat' dir='ltr'><strong>caleiiunt.</strong></span> <span class='ocrx_word' id='word_1_56' title='bbox 868 758 931 821; x_wconf 63' lang='grc' dir='ltr'><strong>’δε-ἣ</strong></span> <span class='ocrx_word' id='word_1_57' title='bbox 963 754 1028 810; x_wconf 90' lang='lat' dir='ltr'><strong>Ut</strong></span> <span class='ocrx_word' id='word_1_58' title='bbox 1070 753 1242 809; x_wconf 88' lang='lat' dir='ltr'><strong>oblita</strong></span> <span class='ocrx_word' id='word_1_59' title='bbox 1276 765 1390 823; x_wconf 88' lang='lat' dir='ltr'><strong>est,</strong></span> <span class='ocrx_word' id='word_1_60' title='bbox 1425 755 1549 823; x_wconf 90' lang='lat' dir='ltr'><strong>quia</strong></span> <span class='ocrx_word' id='word_1_61' title='bbox 1592 770 1686 824; x_wconf 88' lang='lat' dir='ltr'><strong>pes</strong></span> <span class='ocrx_word' id='word_1_62' title='bbox 1726 753 1808 811; x_wconf 87' lang='lat' dir='ltr'><strong>di-</strong></span> 
     </span>
    </p>
   </div>
   <div class='ocr_carea' id='block_1_8' title="bbox 248 845 1809 919">
    <p class='ocr_par' dir='ltr' id='par_1_8' title="bbox 248 845 1809 919">
     <span class='ocr_line' id='line_1_8' title="bbox 248 845 1809 919; baseline -0.001 -18"><span class='ocrx_word' id='word_1_63' title='bbox 248 846 415 919; x_wconf 82' lang='lat' dir='ltr'><strong>spergit</strong></span> <span class='ocrx_word' id='word_1_64' title='bbox 445 849 550 918; x_wconf 63' lang='grc' dir='ltr'><strong><em>[ευ.</em></strong></span> <span class='ocrx_word' id='word_1_65' title='bbox 589 845 892 917; x_wconf 83' lang='lat' dir='ltr'><strong>disperdetj</strong></span> <span class='ocrx_word' id='word_1_66' title='bbox 924 861 1019 911; x_wconf 88' lang='lat' dir='ltr'><strong>ca;</strong></span> <span class='ocrx_word' id='word_1_67' title='bbox 1056 850 1119 912; x_wconf 48' lang='lat' dir='ltr'><strong>“es”:</strong></span> <span class='ocrx_word' id='word_1_68' title='bbox 1150 855 1205 901; x_wconf 89' lang='lat' dir='ltr'><strong>et</strong></span> <span class='ocrx_word' id='word_1_69' title='bbox 1235 846 1424 901; x_wconf 69' lang='lat' dir='ltr'><strong>bestia:</strong></span> <span class='ocrx_word' id='word_1_70' title='bbox 1449 845 1478 884; x_wconf 73' lang='grc' dir='ltr'>ι)</span> <span class='ocrx_word' id='word_1_71' title='bbox 1509 846 1622 917; x_wconf 90' lang='lat' dir='ltr'><strong>agri</strong></span> <span class='ocrx_word' id='word_1_72' title='bbox 1668 861 1809 903; x_wconf 88' lang='lat' dir='ltr'><strong>con-</strong></span> 
     </span>
    </p>
   </div>
   <div class='ocr_carea' id='block_1_9' title="bbox 244 937 1809 1007">
    <p class='ocr_par' dir='ltr' id='par_1_9' title="bbox 244 937 1809 1007">
     <span class='ocr_line' id='line_1_9' title="bbox 244 937 1809 1007; baseline 0.001 -14"><span class='ocrx_word' id='word_1_73' title='bbox 244 940 497 994; x_wconf 81' lang='lat' dir='ltr'><strong>rulcabunt</strong></span> <span class='ocrx_word' id='word_1_74' title='bbox 520 954 607 995; x_wconf 87' lang='lat' dir='ltr'><strong>ea.</strong></span> <span class='ocrx_word' id='word_1_75' title='bbox 646 944 707 1007; x_wconf 67' lang='grc' dir='ltr'><strong>⁷ξοῖ</strong></span> <span class='ocrx_word' id='word_1_76' title='bbox 735 937 1004 992; x_wconf 80' lang='lat' dir='ltr'><strong>Obtluruit</strong></span> <span class='ocrx_word' id='word_1_77' title='bbox 1026 946 1217 992; x_wconf 87' lang='lat' dir='ltr'><strong>contra</strong></span> <span class='ocrx_word' id='word_1_78' title='bbox 1249 938 1390 992; x_wconf 80' lang='lat' dir='ltr'><strong>ﬁlios</strong></span> <span class='ocrx_word' id='word_1_79' title='bbox 1420 953 1572 1004; x_wconf 90' lang='lat' dir='ltr'><strong>suos,</strong></span> <span class='ocrx_word' id='word_1_80' title='bbox 1604 953 1672 995; x_wconf 88' lang='lat' dir='ltr'><strong>ne</strong></span> <span class='ocrx_word' id='word_1_81' title='bbox 1699 939 1809 995; x_wconf 88' lang='lat' dir='ltr'><strong>sint</strong></span> 
     </span>
    </p>
   </div>
   <div class='ocr_carea' id='block_1_10' title="bbox 238 1031 1805 1102">
    <p class='ocr_par' dir='ltr' id='par_1_10' title="bbox 238 1031 1805 1102">
     <span class='ocr_line' id='line_1_10' title="bbox 238 1031 1805 1102; baseline 0.003 -16"><span class='ocrx_word' id='word_1_82' title='bbox 238 1033 354 1101; x_wconf 72' lang='lat' dir='ltr'><strong>ejus.</strong></span> <span class='ocrx_word' id='word_1_83' title='bbox 384 1036 449 1099; x_wconf 61' lang='grc' dir='ltr'><strong>ξιξ-ζ</strong></span> <span class='ocrx_word' id='word_1_84' title='bbox 495 1031 724 1086; x_wconf 81' lang='lat' dir='ltr'><strong>Frustra</strong></span> <span class='ocrx_word' id='word_1_85' title='bbox 776 1031 1043 1086; x_wconf 83' lang='lat' dir='ltr'><strong>laboravit</strong></span> <span class='ocrx_word' id='word_1_86' title='bbox 1079 1032 1287 1102; x_wconf 89' lang='lat' dir='ltr'><strong>absque</strong></span> <span class='ocrx_word' id='word_1_87' title='bbox 1315 1032 1429 1087; x_wconf 91' lang='lat' dir='ltr'><strong>ullo</strong></span> <span class='ocrx_word' id='word_1_88' title='bbox 1468 1031 1664 1089; x_wconf 77' lang='lat' dir='ltr'><strong>timore</strong></span> <span class='ocrx_word' id='word_1_89' title='bbox 1689 1075 1703 1098; x_wconf 90' lang='lat'><strong>,</strong></span> <span class='ocrx_word' id='word_1_90' title='bbox 1742 1036 1805 1099; x_wconf 64' lang='lat' dir='ltr'><strong>&gt;5-f</strong></span> 
     </span>
    </p>
   </div>
   <div class='ocr_carea' id='block_1_11' title="bbox 236 1121 1803 1196">
    <p class='ocr_par' dir='ltr' id='par_1_11' title="bbox 236 1121 1803 1196">
     <span class='ocr_line' id='line_1_11' title="bbox 236 1121 1803 1196; baseline 0 -18"><span class='ocrx_word' id='word_1_91' title='bbox 236 1124 343 1195; x_wconf 87' lang='lat' dir='ltr'><strong>quia</strong></span> <span class='ocrx_word' id='word_1_92' title='bbox 371 1121 623 1194; x_wconf 81' lang='lat' dir='ltr'><strong>despexit</strong></span> <span class='ocrx_word' id='word_1_93' title='bbox 651 1138 772 1178; x_wconf 85' lang='lat' dir='ltr'><strong>eam</strong></span> <span class='ocrx_word' id='word_1_94' title='bbox 802 1123 1060 1177; x_wconf 80' lang='lat' dir='ltr'><strong>Dominus</strong></span> <span class='ocrx_word' id='word_1_95' title='bbox 1093 1122 1202 1195; x_wconf 80' lang='grc' dir='ltr'><strong><em>[ΑΙ.</em></strong></span> <span class='ocrx_word' id='word_1_96' title='bbox 1230 1122 1395 1196; x_wconf 87' lang='lat' dir='ltr'><strong>Deus]</strong></span> <span class='ocrx_word' id='word_1_97' title='bbox 1424 1124 1475 1179; x_wconf 93' lang='lat' dir='ltr'><strong>in</strong></span> <span class='ocrx_word' id='word_1_98' title='bbox 1518 1125 1803 1194; x_wconf 81' lang='lat' dir='ltr'><strong>sapientia,</strong></span> 
     </span>
    </p>
   </div>
   <div class='ocr_carea' id='block_1_12' title="bbox 238 1214 1808 1286">
    <p class='ocr_par' dir='ltr' id='par_1_12' title="bbox 238 1214 1808 1286">
     <span class='ocr_line' id='line_1_12' title="bbox 238 1214 1808 1286; baseline 0.001 -15"><span class='ocrx_word' id='word_1_99' title='bbox 238 1222 290 1284; x_wconf 53' lang='lat' dir='ltr'><strong>‘e;</strong></span> <span class='ocrx_word' id='word_1_100' title='bbox 314 1225 366 1271; x_wconf 92' lang='lat' dir='ltr'><strong>et</strong></span> <span class='ocrx_word' id='word_1_101' title='bbox 392 1231 499 1270; x_wconf 88' lang='lat' dir='ltr'><strong>non</strong></span> <span class='ocrx_word' id='word_1_102' title='bbox 533 1214 818 1270; x_wconf 85' lang='lat' dir='ltr'><strong>distribuit</strong></span> <span class='ocrx_word' id='word_1_103' title='bbox 847 1216 896 1269; x_wconf 89' lang='lat' dir='ltr'><strong>ei</strong></span> <span class='ocrx_word' id='word_1_104' title='bbox 937 1214 1299 1269; x_wconf 85' lang='lat' dir='ltr'><strong>intellectum.</strong></span> <span class='ocrx_word' id='word_1_105' title='bbox 1432 1215 1565 1271; x_wconf 88' lang='lat' dir='ltr'><strong>Cum</strong></span> <span class='ocrx_word' id='word_1_106' title='bbox 1594 1225 1808 1286; x_wconf 86' lang='lat' dir='ltr'><strong>tempus</strong></span> 
     </span>
    </p>
   </div>
   <div class='ocr_carea' id='block_1_13' title="bbox 233 1307 1808 1379">
    <p class='ocr_par' dir='ltr' id='par_1_13' title="bbox 233 1307 1808 1379">
     <span class='ocr_line' id='line_1_13' title="bbox 233 1307 1808 1379; baseline 0.001 -15"><span class='ocrx_word' id='word_1_107' title='bbox 233 1310 395 1374; x_wconf 81' lang='lat' dir='ltr'><strong>fuerit,</strong></span> <span class='ocrx_word' id='word_1_108' title='bbox 426 1310 481 1363; x_wconf 90' lang='lat' dir='ltr'><strong>in</strong></span> <span class='ocrx_word' id='word_1_109' title='bbox 507 1309 677 1364; x_wconf 87' lang='lat' dir='ltr'><strong>altum</strong></span> <span class='ocrx_word' id='word_1_110' title='bbox 712 1323 774 1365; x_wconf 91' lang='lat' dir='ltr'><strong>se</strong></span> <span class='ocrx_word' id='word_1_111' title='bbox 806 1307 1011 1363; x_wconf 77' lang='lat' dir='ltr'><strong>levabit</strong></span> <span class='ocrx_word' id='word_1_112' title='bbox 1039 1307 1149 1379; x_wconf 80' lang='grc' dir='ltr'><strong><em>[ΑΙ.</em></strong></span> <span class='ocrx_word' id='word_1_113' title='bbox 1183 1308 1466 1377; x_wconf 76' lang='lat' dir='ltr'><strong>erolabit],</strong></span> <span class='ocrx_word' id='word_1_114' title='bbox 1497 1314 1559 1375; x_wconf 53' lang='grc' dir='ltr'><strong>ξςέζ</strong></span> <span class='ocrx_word' id='word_1_115' title='bbox 1589 1318 1640 1365; x_wconf 91' lang='lat' dir='ltr'><strong>et</strong></span> <span class='ocrx_word' id='word_1_116' title='bbox 1663 1308 1808 1365; x_wconf 88' lang='lat' dir='ltr'><strong>deri-</strong></span> 
     </span>
    </p>
   </div>
   <div class='ocr_carea' id='block_1_14' title="bbox 226 1399 1806 1473">
    <p class='ocr_par' dir='ltr' id='par_1_14' title="bbox 226 1399 1806 1473">
     <span class='ocr_line' id='line_1_14' title="bbox 226 1399 1806 1473; baseline 0.001 -16"><span class='ocrx_word' id='word_1_117' title='bbox 226 1401 359 1457; x_wconf 90' lang='lat' dir='ltr'><strong>dcbit</strong></span> <span class='ocrx_word' id='word_1_118' title='bbox 387 1399 499 1473; x_wconf 79' lang='grc' dir='ltr'><strong><em>[ΑΙ.</em></strong></span> <span class='ocrx_word' id='word_1_119' title='bbox 544 1401 817 1471; x_wconf 77' lang='lat' dir='ltr'><strong>irridebit]</strong></span> <span class='ocrx_word' id='word_1_120' title='bbox 845 1400 1123 1470; x_wconf 88' lang='lat' dir='ltr'><strong>equitem,</strong></span> <span class='ocrx_word' id='word_1_121' title='bbox 1151 1409 1205 1457; x_wconf 86' lang='lat' dir='ltr'><strong>et</strong></span> <span class='ocrx_word' id='word_1_122' title='bbox 1243 1415 1617 1458; x_wconf 87' lang='lat' dir='ltr'><strong>ascensorem.</strong></span> <span class='ocrx_word' id='word_1_123' title='bbox 1654 1402 1677 1470; x_wconf 99' lang='lat'><strong>1</strong></span> <span class='ocrx_word' id='word_1_124' title='bbox 1725 1405 1806 1458; x_wconf 78' lang='lat' dir='ltr'><strong>An</strong></span> 
     </span>
    </p>
   </div>
   <div class='ocr_carea' id='block_1_15' title="bbox 226 1493 1808 1564">
    <p class='ocr_par' dir='ltr' id='par_1_15' title="bbox 226 1493 1808 1564">
     <span class='ocr_line' id='line_1_15' title="bbox 226 1493 1808 1564; baseline 0.001 -16"><span class='ocrx_word' id='word_1_125' title='bbox 226 1502 274 1548; x_wconf 89' lang='lat' dir='ltr'><strong>tu</strong></span> <span class='ocrx_word' id='word_1_126' title='bbox 306 1493 707 1549; x_wconf 82' lang='lat' dir='ltr'><strong>circumdedisti</strong></span> <span class='ocrx_word' id='word_1_127' title='bbox 742 1509 883 1564; x_wconf 89' lang='lat' dir='ltr'><strong>equo</strong></span> <span class='ocrx_word' id='word_1_128' title='bbox 906 1493 1203 1560; x_wconf 75' lang='lat' dir='ltr'><strong>virtutem,</strong></span> <span class='ocrx_word' id='word_1_129' title='bbox 1246 1504 1301 1549; x_wconf 92' lang='lat' dir='ltr'><strong>et</strong></span> <span class='ocrx_word' id='word_1_130' title='bbox 1348 1494 1627 1550; x_wconf 89' lang='lat' dir='ltr'><strong>inseruiin</strong></span> <span class='ocrx_word' id='word_1_131' title='bbox 1666 1494 1808 1551; x_wconf 91' lang='lat' dir='ltr'><strong>collo</strong></span> 
     </span>
    </p>
   </div>
   <div class='ocr_carea' id='block_1_16' title="bbox 226 1586 1809 1660">
    <p class='ocr_par' dir='ltr' id='par_1_16' title="bbox 226 1586 1809 1660">
     <span class='ocr_line' id='line_1_16' title="bbox 226 1586 1809 1660; baseline -0.001 -17"><span class='ocrx_word' id='word_1_132' title='bbox 226 1588 329 1657; x_wconf 86' lang='lat' dir='ltr'><strong>ejus</strong></span> <span class='ocrx_word' id='word_1_133' title='bbox 359 1586 653 1652; x_wconf 82' lang='lat' dir='ltr'><strong>hinnitum,</strong></span> <span class='ocrx_word' id='word_1_134' title='bbox 684 1594 739 1642; x_wconf 87' lang='lat' dir='ltr'><strong>et</strong></span> <span class='ocrx_word' id='word_1_135' title='bbox 769 1587 1215 1657; x_wconf 84' lang='lat' dir='ltr'><strong>circumposuiin</strong></span> <span class='ocrx_word' id='word_1_136' title='bbox 1249 1586 1298 1643; x_wconf 90' lang='lat' dir='ltr'><strong>ei</strong></span> <span class='ocrx_word' id='word_1_137' title='bbox 1323 1586 1513 1642; x_wconf 84' lang='lat' dir='ltr'><strong>arma?</strong></span> <span class='ocrx_word' id='word_1_138' title='bbox 1545 1586 1611 1642; x_wconf 84' lang='lat' dir='ltr'><strong>Et</strong></span> <span class='ocrx_word' id='word_1_139' title='bbox 1636 1587 1809 1660; x_wconf 42' lang='lat' dir='ltr'><strong>{glo-</strong></span> 
     </span>
    </p>
   </div>
   <div class='ocr_carea' id='block_1_17' title="bbox 229 1677 1808 1751">
    <p class='ocr_par' dir='ltr' id='par_1_17' title="bbox 229 1677 1808 1751">
     <span class='ocr_line' id='line_1_17' title="bbox 229 1677 1808 1751; baseline 0.001 -17"><span class='ocrx_word' id='word_1_140' title='bbox 229 1679 310 1734; x_wconf 71' lang='lat' dir='ltr'><strong>rirc</strong></span> <span class='ocrx_word' id='word_1_141' title='bbox 331 1677 571 1749; x_wconf 87' lang='lat' dir='ltr'><strong>pectoris</strong></span> <span class='ocrx_word' id='word_1_142' title='bbox 598 1678 739 1747; x_wconf 83' lang='lat' dir='ltr'><strong>ejus,</strong></span> <span class='ocrx_word' id='word_1_143' title='bbox 763 1678 1010 1732; x_wconf 79' lang='lat' dir='ltr'><strong>audacia.</strong></span> <span class='ocrx_word' id='word_1_144' title='bbox 1046 1678 1307 1734; x_wconf 85' lang='lat' dir='ltr'><strong>Prodicus</strong></span> <span class='ocrx_word' id='word_1_145' title='bbox 1338 1680 1389 1734; x_wconf 90' lang='lat' dir='ltr'><strong>iu</strong></span> <span class='ocrx_word' id='word_1_146' title='bbox 1422 1695 1625 1751; x_wconf 89' lang='lat' dir='ltr'><strong>eampo</strong></span> <span class='ocrx_word' id='word_1_147' title='bbox 1649 1680 1808 1736; x_wconf 82' lang='lat' dir='ltr'><strong>luxu-</strong></span> 
     </span>
    </p>
   </div>
   <div class='ocr_carea' id='block_1_18' title="bbox 1912 476 3502 547">
    <p class='ocr_par' dir='ltr' id='par_1_18' title="bbox 1912 476 3502 547">
     <span class='ocr_line' id='line_1_18' title="bbox 1912 476 3502 547; baseline 0.005 -16"><span class='ocrx_word' id='word_1_148' title='bbox 1912 476 2094 532; x_wconf 90' lang='lat' dir='ltr'><strong>chium</strong></span> <span class='ocrx_word' id='word_1_149' title='bbox 2123 487 2311 533; x_wconf 89' lang='lat' dir='ltr'><strong>contra</strong></span> <span class='ocrx_word' id='word_1_150' title='bbox 2345 479 2630 533; x_wconf 76' lang='lat' dir='ltr'><strong>hominum</strong></span> <span class='ocrx_word' id='word_1_151' title='bbox 2662 480 2759 535; x_wconf 92' lang='lat' dir='ltr'><strong>tibi</strong></span> <span class='ocrx_word' id='word_1_152' title='bbox 2788 488 2902 547; x_wconf 88' lang='lat' dir='ltr'><strong>est,</strong></span> <span class='ocrx_word' id='word_1_153' title='bbox 2939 489 3030 534; x_wconf 87' lang='lat' dir='ltr'><strong>aut</strong></span> <span class='ocrx_word' id='word_1_154' title='bbox 3060 482 3281 537; x_wconf 84' lang='lat' dir='ltr'><strong>vocibus</strong></span> <span class='ocrx_word' id='word_1_155' title='bbox 3313 492 3502 539; x_wconf 87' lang='lat' dir='ltr'><strong>contra</strong></span> 
     </span>
    </p>
   </div>
   <div class='ocr_carea' id='block_1_19' title="bbox 1912 568 3503 641">
    <p class='ocr_par' dir='ltr' id='par_1_19' title="bbox 1912 568 3503 641">
     <span class='ocr_line' id='line_1_19' title="bbox 1912 568 3503 641; baseline 0.006 -19"><span class='ocrx_word' id='word_1_156' title='bbox 1912 568 2064 624; x_wconf 90' lang='lat' dir='ltr'><strong>illum</strong></span> <span class='ocrx_word' id='word_1_157' title='bbox 2095 570 2291 624; x_wconf 82' lang='lat' dir='ltr'><strong>tonas?</strong></span> <span class='ocrx_word' id='word_1_158' title='bbox 2318 584 2537 625; x_wconf 86' lang='lat' dir='ltr'><strong>assume</strong></span> <span class='ocrx_word' id='word_1_159' title='bbox 2567 570 2729 641; x_wconf 90' lang='lat' dir='ltr'><strong>igitur</strong></span> <span class='ocrx_word' id='word_1_160' title='bbox 2757 571 3101 627; x_wconf 84' lang='lat' dir='ltr'><strong>altitudinem</strong></span> <span class='ocrx_word' id='word_1_161' title='bbox 3138 583 3193 627; x_wconf 89' lang='lat' dir='ltr'><strong>et</strong></span> <span class='ocrx_word' id='word_1_162' title='bbox 3222 574 3503 641; x_wconf 87' lang='lat' dir='ltr'><strong>virtutem,</strong></span> 
     </span>
    </p>
   </div>
   <div class='ocr_carea' id='block_1_20' title="bbox 1910 660 3508 731">
    <p class='ocr_par' dir='ltr' id='par_1_20' title="bbox 1910 660 3508 731">
     <span class='ocr_line' id='line_1_20' title="bbox 1910 660 3508 731; baseline 0.006 -18"><span class='ocrx_word' id='word_1_163' title='bbox 1910 660 2142 731; x_wconf 76' lang='lat' dir='ltr'><strong>gloriam</strong></span> <span class='ocrx_word' id='word_1_164' title='bbox 2187 670 2241 717; x_wconf 91' lang='lat' dir='ltr'><strong>et</strong></span> <span class='ocrx_word' id='word_1_165' title='bbox 2292 661 2559 717; x_wconf 89' lang='lat' dir='ltr'><strong>honorem</strong></span> <span class='ocrx_word' id='word_1_166' title='bbox 2598 663 2822 719; x_wconf 89' lang='lat' dir='ltr'><strong>vestire.</strong></span> <span class='ocrx_word' id='word_1_167' title='bbox 2870 663 3074 719; x_wconf 85' lang='lat' dir='ltr'><strong>Emitte</strong></span> <span class='ocrx_word' id='word_1_168' title='bbox 3124 665 3176 719; x_wconf 91' lang='lat' dir='ltr'><strong>in</strong></span> <span class='ocrx_word' id='word_1_169' title='bbox 3228 665 3508 722; x_wconf 85' lang='lat' dir='ltr'><strong>iracundia</strong></span> 
     </span>
    </p>
   </div>
   <div class='ocr_carea' id='block_1_21' title="bbox 1912 754 3503 826">
    <p class='ocr_par' dir='ltr' id='par_1_21' title="bbox 1912 754 3503 826">
     <span class='ocr_line' id='line_1_21' title="bbox 1912 754 3503 826; baseline 0.004 -19"><span class='ocrx_word' id='word_1_170' title='bbox 1912 754 2153 824; x_wconf 87' lang='lat' dir='ltr'><strong>angelos,</strong></span> <span class='ocrx_word' id='word_1_171' title='bbox 2184 764 2237 809; x_wconf 92' lang='lat' dir='ltr'><strong>et</strong></span> <span class='ocrx_word' id='word_1_172' title='bbox 2264 770 2481 811; x_wconf 90' lang='lat' dir='ltr'><strong>omnem</strong></span> <span class='ocrx_word' id='word_1_173' title='bbox 2511 755 2835 826; x_wconf 86' lang='lat' dir='ltr'><strong>iujuriosum</strong></span> <span class='ocrx_word' id='word_1_174' title='bbox 2866 756 3109 813; x_wconf 85' lang='lat' dir='ltr'><strong>humilia.</strong></span> <span class='ocrx_word' id='word_1_175' title='bbox 3146 758 3345 814; x_wconf 81' lang='lat' dir='ltr'><strong>Videns</strong></span> <span class='ocrx_word' id='word_1_176' title='bbox 3372 774 3503 814; x_wconf 92' lang='lat' dir='ltr'><strong>om-</strong></span> 
     </span>
    </p>
   </div>
   <div class='ocr_carea' id='block_1_22' title="bbox 1910 843 3509 919">
    <p class='ocr_par' dir='ltr' id='par_1_22' title="bbox 1910 843 3509 919">
     <span class='ocr_line' id='line_1_22' title="bbox 1910 843 3509 919; baseline 0.004 -20"><span class='ocrx_word' id='word_1_177' title='bbox 1910 858 2035 899; x_wconf 88' lang='lat' dir='ltr'><strong>nem</strong></span> <span class='ocrx_word' id='word_1_178' title='bbox 2064 843 2364 915; x_wconf 60' lang='lat' dir='ltr'><strong>‘superbum</strong></span> <span class='ocrx_word' id='word_1_179' title='bbox 2398 846 2755 916; x_wconf 79' lang='lat' dir='ltr'><strong>exstinguite.</strong></span> <span class='ocrx_word' id='word_1_180' title='bbox 2790 848 3031 904; x_wconf 86' lang='lat' dir='ltr'><strong>Contere</strong></span> <span class='ocrx_word' id='word_1_181' title='bbox 3072 849 3271 919; x_wconf 90' lang='lat' dir='ltr'><strong>impios</strong></span> <span class='ocrx_word' id='word_1_182' title='bbox 3301 850 3509 913; x_wconf 87' lang='lat' dir='ltr'><strong>statim,</strong></span> 
     </span>
    </p>
   </div>
   <div class='ocr_carea' id='block_1_23' title="bbox 1914 937 3511 1013">
    <p class='ocr_par' dir='ltr' id='par_1_23' title="bbox 1914 937 3511 1013">
     <span class='ocr_line' id='line_1_23' title="bbox 1914 937 3511 1013; baseline 0.004 -20"><span class='ocrx_word' id='word_1_183' title='bbox 1914 949 1967 993; x_wconf 91' lang='lat' dir='ltr'><strong>et</strong></span> <span class='ocrx_word' id='word_1_184' title='bbox 1994 937 2270 994; x_wconf 88' lang='lat' dir='ltr'><strong>absconde</strong></span> <span class='ocrx_word' id='word_1_185' title='bbox 2298 939 2399 994; x_wconf 88' lang='lat' dir='ltr'><strong>sub</strong></span> <span class='ocrx_word' id='word_1_186' title='bbox 2431 948 2573 995; x_wconf 89' lang='lat' dir='ltr'><strong>terra</strong></span> <span class='ocrx_word' id='word_1_187' title='bbox 2605 938 2789 1006; x_wconf 89' lang='lat' dir='ltr'><strong>simul,</strong></span> <span class='ocrx_word' id='word_1_188' title='bbox 2823 942 3096 1012; x_wconf 76' lang='lat' dir='ltr'><strong>faciesque</strong></span> <span class='ocrx_word' id='word_1_189' title='bbox 3122 958 3309 997; x_wconf 88' lang='lat' dir='ltr'><strong>eorum</strong></span> <span class='ocrx_word' id='word_1_190' title='bbox 3345 944 3511 1013; x_wconf 84' lang='lat' dir='ltr'><strong>imple</strong></span> 
     </span>
    </p>
   </div>
   <div class='ocr_carea' id='block_1_24' title="bbox 1911 1030 3508 1104">
    <p class='ocr_par' dir='ltr' id='par_1_24' title="bbox 1911 1030 3508 1104">
     <span class='ocr_line' id='line_1_24' title="bbox 1911 1030 3508 1104; baseline 0.004 -20"><span class='ocrx_word' id='word_1_191' title='bbox 1911 1030 2210 1101; x_wconf 81' lang='lat' dir='ltr'><strong>ignominia</strong></span> <span class='ocrx_word' id='word_1_192' title='bbox 2246 1049 2258 1086; x_wconf 91' lang='lat'><strong>:</strong></span> <span class='ocrx_word' id='word_1_193' title='bbox 2304 1032 2377 1086; x_wconf 88' lang='lat' dir='ltr'><strong>ita</strong></span> <span class='ocrx_word' id='word_1_194' title='bbox 2422 1032 2638 1087; x_wconf 88' lang='lat' dir='ltr'><strong>demum</strong></span> <span class='ocrx_word' id='word_1_195' title='bbox 2684 1033 3007 1102; x_wconf 76' lang='lat' dir='ltr'><strong>confitebor,</strong></span> <span class='ocrx_word' id='word_1_196' title='bbox 3042 1035 3167 1104; x_wconf 88' lang='lat' dir='ltr'><strong>quia</strong></span> <span class='ocrx_word' id='word_1_197' title='bbox 3212 1036 3424 1091; x_wconf 88' lang='lat' dir='ltr'><strong>salvare</strong></span> <span class='ocrx_word' id='word_1_198' title='bbox 3452 1046 3508 1091; x_wconf 88' lang='lat' dir='ltr'><strong>te</strong></span> 
     </span>
    </p>
   </div>
   <div class='ocr_carea' id='block_1_25' title="bbox 1912 1122 3509 1196">
    <p class='ocr_par' dir='ltr' id='par_1_25' title="bbox 1912 1122 3509 1196">
     <span class='ocr_line' id='line_1_25' title="bbox 1912 1122 3509 1196; baseline 0.005 -22"><span class='ocrx_word' id='word_1_199' title='bbox 1912 1130 2093 1192; x_wconf 87' lang='lat' dir='ltr'><strong>potest</strong></span> <span class='ocrx_word' id='word_1_200' title='bbox 2121 1123 2343 1179; x_wconf 79' lang='lat' dir='ltr'><strong>dextera</strong></span> <span class='ocrx_word' id='word_1_201' title='bbox 2372 1133 2479 1178; x_wconf 86' lang='lat' dir='ltr'><strong>tua.</strong></span> <span class='ocrx_word' id='word_1_202' title='bbox 2516 1124 2621 1179; x_wconf 89' lang='lat' dir='ltr'><strong>Sed</strong></span> <span class='ocrx_word' id='word_1_203' title='bbox 2657 1138 2786 1179; x_wconf 89' lang='lat' dir='ltr'><strong>ecce</strong></span> <span class='ocrx_word' id='word_1_204' title='bbox 2817 1122 2989 1180; x_wconf 83' lang='lat' dir='ltr'><strong>bestia</strong></span> <span class='ocrx_word' id='word_1_205' title='bbox 3025 1140 3185 1196; x_wconf 89' lang='lat' dir='ltr'><strong>quam</strong></span> <span class='ocrx_word' id='word_1_206' title='bbox 3229 1126 3330 1181; x_wconf 83' lang='lat' dir='ltr'><strong>feci</strong></span> <span class='ocrx_word' id='word_1_207' title='bbox 3364 1126 3509 1195; x_wconf 83' lang='lat' dir='ltr'><strong>apud</strong></span> 
     </span>
    </p>
   </div>
   <div class='ocr_carea' id='block_1_26' title="bbox 1913 1214 3509 1286">
    <p class='ocr_par' dir='ltr' id='par_1_26' title="bbox 1913 1214 3509 1286">
     <span class='ocr_line' id='line_1_26' title="bbox 1913 1214 3509 1286; baseline 0.003 -18"><span class='ocrx_word' id='word_1_208' title='bbox 1913 1221 1987 1278; x_wconf 90' lang='lat' dir='ltr'><strong>te,</strong></span> <span class='ocrx_word' id='word_1_209' title='bbox 2019 1214 2205 1269; x_wconf 78' lang='lat' dir='ltr'><strong>fenum</strong></span> <span class='ocrx_word' id='word_1_210' title='bbox 2233 1215 2373 1270; x_wconf 92' lang='lat' dir='ltr'><strong>sicut</strong></span> <span class='ocrx_word' id='word_1_211' title='bbox 2404 1215 2571 1270; x_wconf 88' lang='lat' dir='ltr'><strong>boves</strong></span> <span class='ocrx_word' id='word_1_212' title='bbox 2598 1214 2729 1269; x_wconf 85' lang='lat' dir='ltr'><strong>edit.</strong></span> <span class='ocrx_word' id='word_1_213' title='bbox 2760 1215 2902 1270; x_wconf 84' lang='lat' dir='ltr'><strong>Ecce</strong></span> <span class='ocrx_word' id='word_1_214' title='bbox 2932 1216 3107 1270; x_wconf 85' lang='lat' dir='ltr'><strong>virtus</strong></span> <span class='ocrx_word' id='word_1_215' title='bbox 3140 1216 3259 1286; x_wconf 87' lang='lat' dir='ltr'><strong>ejus</strong></span> <span class='ocrx_word' id='word_1_216' title='bbox 3291 1216 3344 1271; x_wconf 93' lang='lat' dir='ltr'><strong>in</strong></span> <span class='ocrx_word' id='word_1_217' title='bbox 3370 1217 3509 1272; x_wconf 85' lang='lat' dir='ltr'><strong>lum-</strong></span> 
     </span>
    </p>
   </div>
   <div class='ocr_carea' id='block_1_27' title="bbox 1911 1305 3502 1379">
    <p class='ocr_par' dir='ltr' id='par_1_27' title="bbox 1911 1305 3502 1379">
     <span class='ocr_line' id='line_1_27' title="bbox 1911 1305 3502 1379; baseline 0.004 -19"><span class='ocrx_word' id='word_1_218' title='bbox 1911 1305 1995 1361; x_wconf 85' lang='lat' dir='ltr'><strong>bis</strong></span> <span class='ocrx_word' id='word_1_219' title='bbox 2028 1317 2054 1354; x_wconf 72' lang='grc' dir='ltr'><strong>δ’</strong></span> <span class='ocrx_word' id='word_1_220' title='bbox 2084 1311 2146 1362; x_wconf 56' lang='grc' dir='ltr'><strong>ξεί</strong></span> <span class='ocrx_word' id='word_1_221' title='bbox 2169 1306 2287 1377; x_wconf 85' lang='lat' dir='ltr'><strong>ejus</strong></span> <span class='ocrx_word' id='word_1_222' title='bbox 2313 1308 2334 1375; x_wconf 96' lang='lat'><strong>1</strong></span> <span class='ocrx_word' id='word_1_223' title='bbox 2363 1318 2417 1363; x_wconf 86' lang='lat' dir='ltr'><strong>et</strong></span> <span class='ocrx_word' id='word_1_224' title='bbox 2439 1310 2683 1379; x_wconf 88' lang='lat' dir='ltr'><strong>potentia</strong></span> <span class='ocrx_word' id='word_1_225' title='bbox 2716 1314 2775 1373; x_wconf 62' lang='grc' dir='ltr'><strong>ῗεεί</strong></span> <span class='ocrx_word' id='word_1_226' title='bbox 2801 1307 2917 1378; x_wconf 87' lang='lat' dir='ltr'><strong>ejus</strong></span> <span class='ocrx_word' id='word_1_227' title='bbox 2944 1309 2965 1376; x_wconf 94' lang='lat'><strong>1</strong></span> <span class='ocrx_word' id='word_1_228' title='bbox 2996 1324 3161 1379; x_wconf 87' lang='lat' dir='ltr'><strong>super</strong></span> <span class='ocrx_word' id='word_1_229' title='bbox 3184 1310 3502 1366; x_wconf 89' lang='lat' dir='ltr'><strong>umbilicum</strong></span> 
     </span>
    </p>
   </div>
   <div class='ocr_carea' id='block_1_28' title="bbox 1912 1400 3501 1472">
    <p class='ocr_par' dir='ltr' id='par_1_28' title="bbox 1912 1400 3501 1472">
     <span class='ocr_line' id='line_1_28' title="bbox 1912 1400 3501 1472; baseline 0.005 -20"><span class='ocrx_word' id='word_1_230' title='bbox 1912 1400 2139 1454; x_wconf 79' lang='lat' dir='ltr'><strong>ventris.</strong></span> <span class='ocrx_word' id='word_1_231' title='bbox 2175 1400 2241 1454; x_wconf 84' lang='lat' dir='ltr'><strong>Et</strong></span> <span class='ocrx_word' id='word_1_232' title='bbox 2269 1400 2448 1456; x_wconf 79' lang='lat' dir='ltr'><strong>erexit</strong></span> <span class='ocrx_word' id='word_1_233' title='bbox 2473 1400 2705 1456; x_wconf 85' lang='lat' dir='ltr'><strong>caudam</strong></span> <span class='ocrx_word' id='word_1_234' title='bbox 2737 1400 2879 1455; x_wconf 87' lang='lat' dir='ltr'><strong>sicut</strong></span> <span class='ocrx_word' id='word_1_235' title='bbox 2907 1417 3230 1472; x_wconf 82' lang='lat' dir='ltr'><strong>eypressus,</strong></span> <span class='ocrx_word' id='word_1_236' title='bbox 3258 1412 3312 1459; x_wconf 91' lang='lat' dir='ltr'><strong>et</strong></span> <span class='ocrx_word' id='word_1_237' title='bbox 3344 1405 3501 1460; x_wconf 84' lang='lat' dir='ltr'><strong>nervi</strong></span> 
     </span>
    </p>
   </div>
   <div class='ocr_carea' id='block_1_29' title="bbox 1910 1490 3507 1567">
    <p class='ocr_par' dir='ltr' id='par_1_29' title="bbox 1910 1490 3507 1567">
     <span class='ocr_line' id='line_1_29' title="bbox 1910 1490 3507 1567; baseline 0.004 -21"><span class='ocrx_word' id='word_1_238' title='bbox 1910 1490 2030 1560; x_wconf 85' lang='lat' dir='ltr'><strong>ejus</strong></span> <span class='ocrx_word' id='word_1_239' title='bbox 2070 1490 2334 1560; x_wconf 88' lang='lat' dir='ltr'><strong>implicati</strong></span> <span class='ocrx_word' id='word_1_240' title='bbox 2367 1502 2529 1559; x_wconf 91' lang='lat' dir='ltr'><strong>sunt,</strong></span> <span class='ocrx_word' id='word_1_241' title='bbox 2559 1502 2613 1548; x_wconf 88' lang='lat' dir='ltr'><strong>et</strong></span> <span class='ocrx_word' id='word_1_242' title='bbox 2649 1501 2813 1548; x_wconf 74' lang='lat' dir='ltr'><strong>costa:</strong></span> <span class='ocrx_word' id='word_1_243' title='bbox 2842 1493 2964 1563; x_wconf 90' lang='lat' dir='ltr'><strong>ejus</strong></span> <span class='ocrx_word' id='word_1_244' title='bbox 3002 1507 3169 1550; x_wconf 71' lang='lat' dir='ltr'><strong>costa:</strong></span> <span class='ocrx_word' id='word_1_245' title='bbox 3198 1512 3359 1552; x_wconf 67' lang='lat' dir='ltr'><strong>aereae</strong></span> <span class='ocrx_word' id='word_1_246' title='bbox 3386 1540 3401 1567; x_wconf 92' lang='lat'><strong>,</strong></span> <span class='ocrx_word' id='word_1_247' title='bbox 3448 1509 3507 1553; x_wconf 89' lang='lat' dir='ltr'><strong>et</strong></span> 
     </span>
    </p>
   </div>
   <div class='ocr_carea' id='block_1_30' title="bbox 1910 1581 3505 1659">
    <p class='ocr_par' dir='ltr' id='par_1_30' title="bbox 1910 1581 3505 1659">
     <span class='ocr_line' id='line_1_30' title="bbox 1910 1581 3505 1659; baseline 0.006 -23"><span class='ocrx_word' id='word_1_248' title='bbox 1910 1583 2063 1653; x_wconf 85' lang='lat' dir='ltr'><strong>spina</strong></span> <span class='ocrx_word' id='word_1_249' title='bbox 2090 1581 2207 1652; x_wconf 89' lang='lat' dir='ltr'><strong>ejus</strong></span> <span class='ocrx_word' id='word_1_250' title='bbox 2224 1582 2427 1638; x_wconf 89' lang='lat' dir='ltr'><strong>ferrum</strong></span> <span class='ocrx_word' id='word_1_251' title='bbox 2452 1594 2535 1640; x_wconf 89' lang='lat' dir='ltr'><strong>est</strong></span> <span class='ocrx_word' id='word_1_252' title='bbox 2563 1584 2740 1639; x_wconf 85' lang='lat' dir='ltr'><strong>fusile.</strong></span> <span class='ocrx_word' id='word_1_253' title='bbox 2762 1585 2880 1640; x_wconf 80' lang='lat' dir='ltr'><strong>Hoc</strong></span> <span class='ocrx_word' id='word_1_254' title='bbox 2908 1594 2990 1640; x_wconf 89' lang='lat' dir='ltr'><strong>est</strong></span> <span class='ocrx_word' id='word_1_255' title='bbox 3014 1586 3227 1641; x_wconf 89' lang='lat' dir='ltr'><strong>initium</strong></span> <span class='ocrx_word' id='word_1_256' title='bbox 3260 1589 3505 1659; x_wconf 84' lang='lat' dir='ltr'><strong>figmenti</strong></span> 
     </span>
    </p>
   </div>
   <div class='ocr_carea' id='block_1_31' title="bbox 1913 1673 3499 1749">
    <p class='ocr_par' dir='ltr' id='par_1_31' title="bbox 1913 1673 3499 1749">
     <span class='ocr_line' id='line_1_31' title="bbox 1913 1673 3499 1749; baseline 0.001 -19"><span class='ocrx_word' id='word_1_257' title='bbox 1913 1674 2148 1741; x_wconf 86' lang='lat' dir='ltr'><strong>Domini,</strong></span> <span class='ocrx_word' id='word_1_258' title='bbox 2168 1674 2311 1745; x_wconf 90' lang='lat' dir='ltr'><strong>quod</strong></span> <span class='ocrx_word' id='word_1_259' title='bbox 2332 1673 2479 1733; x_wconf 88' lang='lat' dir='ltr'><strong>fecit.</strong></span> <span class='ocrx_word' id='word_1_260' title='bbox 2505 1675 2769 1731; x_wconf 89' lang='lat' dir='ltr'><strong>Illudatur</strong></span> <span class='ocrx_word' id='word_1_261' title='bbox 2793 1677 2861 1730; x_wconf 87' lang='lat' dir='ltr'><strong>ab</strong></span> <span class='ocrx_word' id='word_1_262' title='bbox 2891 1678 3101 1747; x_wconf 84' lang='lat' dir='ltr'><strong>angelis</strong></span> <span class='ocrx_word' id='word_1_263' title='bbox 3129 1679 3269 1749; x_wconf 88' lang='lat' dir='ltr'><strong>ejus.</strong></span> <span class='ocrx_word' id='word_1_264' title='bbox 3301 1684 3499 1737; x_wconf 61' lang='lat' dir='ltr'><strong>Ascon.</strong></span> 
     </span>
    </p>
   </div>
   <div class='ocr_carea' id='block_1_32' title="bbox 228 1767 3504 1845">
    <p class='ocr_par' dir='ltr' id='par_1_32' title="bbox 228 1767 3504 1845">
     <span class='ocr_line' id='line_1_32' title="bbox 228 1767 3504 1845; baseline 0.001 -20"><span class='ocrx_word' id='word_1_265' title='bbox 228 1772 356 1835; x_wconf 84' lang='lat' dir='ltr'><strong>riat,</strong></span> <span class='ocrx_word' id='word_1_266' title='bbox 396 1779 452 1825; x_wconf 88' lang='lat' dir='ltr'><strong>et</strong></span> <span class='ocrx_word' id='word_1_267' title='bbox 476 1770 732 1841; x_wconf 88' lang='lat' dir='ltr'><strong>procedit</strong></span> <span class='ocrx_word' id='word_1_268' title='bbox 772 1771 826 1825; x_wconf 91' lang='lat' dir='ltr'><strong>in</strong></span> <span class='ocrx_word' id='word_1_269' title='bbox 873 1770 1117 1841; x_wconf 67' lang='lat' dir='ltr'><strong>praelium</strong></span> <span class='ocrx_word' id='word_1_270' title='bbox 1150 1770 1259 1841; x_wconf 82' lang='grc' dir='ltr'><strong><em>[ΑΙ.</em></strong></span> <span class='ocrx_word' id='word_1_271' title='bbox 1304 1771 1513 1845; x_wconf 74' lang='lat' dir='ltr'><strong>prrrlio]</strong></span> <span class='ocrx_word' id='word_1_272' title='bbox 1545 1788 1666 1829; x_wconf 91' lang='lat' dir='ltr'><strong>eum</strong></span> <span class='ocrx_word' id='word_1_273' title='bbox 1696 1774 1805 1828; x_wconf 87' lang='lat' dir='ltr'><strong>vir-</strong></span> <span class='ocrx_word' id='word_1_274' title='bbox 1835 1774 1882 1837; x_wconf 83' lang='grc' dir='ltr'><strong>Β</strong></span> <span class='ocrx_word' id='word_1_275' title='bbox 1910 1767 2043 1824; x_wconf 81' lang='lat' dir='ltr'><strong>deus</strong></span> <span class='ocrx_word' id='word_1_276' title='bbox 2076 1777 2257 1823; x_wconf 84' lang='lat' dir='ltr'><strong>autem</strong></span> <span class='ocrx_word' id='word_1_277' title='bbox 2302 1770 2353 1822; x_wconf 92' lang='lat' dir='ltr'><strong>in</strong></span> <span class='ocrx_word' id='word_1_278' title='bbox 2398 1779 2638 1824; x_wconf 91' lang='lat' dir='ltr'><strong>montem</strong></span> <span class='ocrx_word' id='word_1_279' title='bbox 2686 1780 3055 1841; x_wconf 75' lang='lat' dir='ltr'><strong>prmruptum,</strong></span> <span class='ocrx_word' id='word_1_280' title='bbox 3091 1770 3220 1826; x_wconf 87' lang='lat' dir='ltr'><strong>fecit</strong></span> <span class='ocrx_word' id='word_1_281' title='bbox 3247 1773 3504 1839; x_wconf 78' lang='lat' dir='ltr'><strong>gaudium</strong></span> 
     </span>
    </p>
   </div>
   <div class='ocr_carea' id='block_1_33' title="bbox 230 1862 1811 1932">
    <p class='ocr_par' dir='ltr' id='par_1_33' title="bbox 230 1862 1811 1932">
     <span class='ocr_line' id='line_1_33' title="bbox 230 1862 1811 1932; baseline 0.003 -15"><span class='ocrx_word' id='word_1_282' title='bbox 230 1871 368 1918; x_wconf 87' lang='lat' dir='ltr'><strong>tute:</strong></span> <span class='ocrx_word' id='word_1_283' title='bbox 395 1877 802 1932; x_wconf 85' lang='lat' dir='ltr'><strong>occurrensque</strong></span> <span class='ocrx_word' id='word_1_284' title='bbox 825 1862 1007 1932; x_wconf 86' lang='lat' dir='ltr'><strong>jacnlo</strong></span> <span class='ocrx_word' id='word_1_285' title='bbox 1037 1864 1357 1931; x_wconf 87' lang='lat' dir='ltr'><strong>contemnit,</strong></span> <span class='ocrx_word' id='word_1_286' title='bbox 1394 1879 1494 1919; x_wconf 90' lang='lat' dir='ltr'><strong>nec</strong></span> <span class='ocrx_word' id='word_1_287' title='bbox 1520 1880 1581 1919; x_wconf 89' lang='lat' dir='ltr'><strong>se</strong></span> <span class='ocrx_word' id='word_1_288' title='bbox 1612 1864 1811 1921; x_wconf 81' lang='lat' dir='ltr'><strong>avertit</strong></span> 
     </span>
    </p>
   </div>
   <div class='ocr_carea' id='block_1_34' title="bbox 225 1955 1806 2028">
    <p class='ocr_par' dir='ltr' id='par_1_34' title="bbox 225 1955 1806 2028">
     <span class='ocr_line' id='line_1_34' title="bbox 225 1955 1806 2028; baseline 0.003 -19"><span class='ocrx_word' id='word_1_289' title='bbox 225 1974 249 2009; x_wconf 88' lang='lat' dir='ltr'><strong>a</strong></span> <span class='ocrx_word' id='word_1_290' title='bbox 281 1956 442 2011; x_wconf 85' lang='lat' dir='ltr'><strong>ferro.</strong></span> <span class='ocrx_word' id='word_1_291' title='bbox 469 1955 647 2025; x_wconf 81' lang='lat' dir='ltr'><strong>Super</strong></span> <span class='ocrx_word' id='word_1_292' title='bbox 670 1956 844 2027; x_wconf 89' lang='lat' dir='ltr'><strong>ipsum</strong></span> <span class='ocrx_word' id='word_1_293' title='bbox 874 1966 1053 2011; x_wconf 89' lang='lat' dir='ltr'><strong>autem</strong></span> <span class='ocrx_word' id='word_1_294' title='bbox 1078 1955 1278 2026; x_wconf 84' lang='lat' dir='ltr'><strong>gaudet</strong></span> <span class='ocrx_word' id='word_1_295' title='bbox 1301 1972 1461 2011; x_wconf 89' lang='lat' dir='ltr'><strong>arcus</strong></span> <span class='ocrx_word' id='word_1_296' title='bbox 1488 1965 1541 2011; x_wconf 92' lang='lat' dir='ltr'><strong>et</strong></span> <span class='ocrx_word' id='word_1_297' title='bbox 1568 1955 1806 2028; x_wconf 84' lang='lat' dir='ltr'><strong>gladius,</strong></span> 
     </span>
    </p>
   </div>
   <div class='ocr_carea' id='block_1_35' title="bbox 230 2046 1809 2117">
    <p class='ocr_par' dir='ltr' id='par_1_35' title="bbox 230 2046 1809 2117">
     <span class='ocr_line' id='line_1_35' title="bbox 230 2046 1809 2117; baseline 0.001 -16"><span class='ocrx_word' id='word_1_298' title='bbox 230 2052 283 2101; x_wconf 64' lang='lat' dir='ltr'><strong>‘s’</strong></span> <span class='ocrx_word' id='word_1_299' title='bbox 312 2048 534 2110; x_wconf 65' lang='lat' dir='ltr'><strong>lancem,</strong></span> <span class='ocrx_word' id='word_1_300' title='bbox 567 2046 846 2117; x_wconf 72' lang='lat' dir='ltr'><strong>bastmque</strong></span> <span class='ocrx_word' id='word_1_301' title='bbox 877 2055 1136 2103; x_wconf 88' lang='lat' dir='ltr'><strong>tremore.</strong></span> <span class='ocrx_word' id='word_1_302' title='bbox 1162 2047 1184 2114; x_wconf 98' lang='lat'><strong>1</strong></span> <span class='ocrx_word' id='word_1_303' title='bbox 1214 2046 1277 2102; x_wconf 83' lang='lat' dir='ltr'><strong>Et</strong></span> <span class='ocrx_word' id='word_1_304' title='bbox 1304 2046 1587 2103; x_wconf 84' lang='lat' dir='ltr'><strong>iracundia</strong></span> <span class='ocrx_word' id='word_1_305' title='bbox 1610 2050 1809 2104; x_wconf 84' lang='lat' dir='ltr'><strong>evertit</strong></span> 
     </span>
    </p>
   </div>
   <div class='ocr_carea' id='block_1_36' title="bbox 226 2138 1810 2211">
    <p class='ocr_par' dir='ltr' id='par_1_36' title="bbox 226 2138 1810 2211">
     <span class='ocr_line' id='line_1_36' title="bbox 226 2138 1810 2211; baseline 0.002 -19"><span class='ocrx_word' id='word_1_306' title='bbox 226 2138 322 2209; x_wconf 78' lang='lat' dir='ltr'><strong>[AL</strong></span> <span class='ocrx_word' id='word_1_307' title='bbox 350 2138 531 2208; x_wconf 71' lang='lat' dir='ltr'><strong>vertit]</strong></span> <span class='ocrx_word' id='word_1_308' title='bbox 576 2148 813 2202; x_wconf 90' lang='lat' dir='ltr'><strong>terram,</strong></span> <span class='ocrx_word' id='word_1_309' title='bbox 863 2155 961 2194; x_wconf 90' lang='lat' dir='ltr'><strong>uec</strong></span> <span class='ocrx_word' id='word_1_310' title='bbox 1011 2138 1238 2203; x_wconf 87' lang='lat' dir='ltr'><strong>credet,</strong></span> <span class='ocrx_word' id='word_1_311' title='bbox 1283 2138 1461 2197; x_wconf 89' lang='lat' dir='ltr'><strong>donec</strong></span> <span class='ocrx_word' id='word_1_312' title='bbox 1502 2140 1810 2211; x_wconf 88' lang='lat' dir='ltr'><strong>elanguerit</strong></span> 
     </span>
    </p>
   </div>
   <div class='ocr_carea' id='block_1_37' title="bbox 226 2228 1806 2299">
    <p class='ocr_par' dir='ltr' id='par_1_37' title="bbox 226 2228 1806 2299">
     <span class='ocr_line' id='line_1_37' title="bbox 226 2228 1806 2299; baseline 0.001 -15"><span class='ocrx_word' id='word_1_313' title='bbox 226 2228 329 2299; x_wconf 74' lang='lat' dir='ltr'><strong>[AL</strong></span> <span class='ocrx_word' id='word_1_314' title='bbox 355 2230 698 2299; x_wconf 77' lang='lat' dir='ltr'><strong>clamaverit]</strong></span> <span class='ocrx_word' id='word_1_315' title='bbox 730 2230 873 2285; x_wconf 83' lang='lat' dir='ltr'><strong>tuba.</strong></span> <span class='ocrx_word' id='word_1_316' title='bbox 916 2230 1049 2285; x_wconf 89' lang='lat' dir='ltr'><strong>Cum</strong></span> <span class='ocrx_word' id='word_1_317' title='bbox 1095 2240 1276 2285; x_wconf 86' lang='lat' dir='ltr'><strong>autem</strong></span> <span class='ocrx_word' id='word_1_318' title='bbox 1324 2231 1449 2285; x_wconf 85' lang='lat' dir='ltr'><strong>tuba</strong></span> <span class='ocrx_word' id='word_1_319' title='bbox 1500 2230 1806 2298; x_wconf 88' lang='lat' dir='ltr'><strong>cecinerit,</strong></span> 
     </span>
    </p>
   </div>
   <div class='ocr_carea' id='block_1_38' title="bbox 228 2321 1805 2394">
    <p class='ocr_par' dir='ltr' id='par_1_38' title="bbox 228 2321 1805 2394">
     <span class='ocr_line' id='line_1_38' title="bbox 228 2321 1805 2394; baseline 0.003 -19"><span class='ocrx_word' id='word_1_320' title='bbox 228 2322 380 2384; x_wconf 86' lang='lat' dir='ltr'><strong>dicet,</strong></span> <span class='ocrx_word' id='word_1_321' title='bbox 407 2337 565 2393; x_wconf 83' lang='lat' dir='ltr'><strong>euge.</strong></span> <span class='ocrx_word' id='word_1_322' title='bbox 594 2323 658 2377; x_wconf 82' lang='lat' dir='ltr'><strong>Et</strong></span> <span class='ocrx_word' id='word_1_323' title='bbox 689 2322 877 2392; x_wconf 88' lang='lat' dir='ltr'><strong>procul</strong></span> <span class='ocrx_word' id='word_1_324' title='bbox 909 2321 1169 2377; x_wconf 86' lang='lat' dir='ltr'><strong>odoratur</strong></span> <span class='ocrx_word' id='word_1_325' title='bbox 1200 2338 1471 2394; x_wconf 89' lang='lat' dir='ltr'><strong>pugnam;</strong></span> <span class='ocrx_word' id='word_1_326' title='bbox 1503 2327 1805 2379; x_wconf 88' lang='lat' dir='ltr'><strong>tonitruum</strong></span> 
     </span>
    </p>
   </div>
   <div class='ocr_carea' id='block_1_39' title="bbox 230 2413 1809 2485">
    <p class='ocr_par' dir='ltr' id='par_1_39' title="bbox 230 2413 1809 2485">
     <span class='ocr_line' id='line_1_39' title="bbox 230 2413 1809 2485; baseline 0.001 -17"><span class='ocrx_word' id='word_1_327' title='bbox 230 2414 413 2469; x_wconf 86' lang='lat' dir='ltr'><strong>dueum</strong></span> <span class='ocrx_word' id='word_1_328' title='bbox 436 2426 492 2469; x_wconf 89' lang='lat' dir='ltr'><strong>et</strong></span> <span class='ocrx_word' id='word_1_329' title='bbox 514 2414 834 2469; x_wconf 88' lang='lat' dir='ltr'><strong>clamorem.</strong></span> <span class='ocrx_word' id='word_1_330' title='bbox 866 2413 1131 2485; x_wconf 80' lang='lat' dir='ltr'><strong>Numquid</strong></span> <span class='ocrx_word' id='word_1_331' title='bbox 1171 2415 1224 2468; x_wconf 89' lang='lat' dir='ltr'><strong>in</strong></span> <span class='ocrx_word' id='word_1_332' title='bbox 1263 2414 1530 2484; x_wconf 87' lang='lat' dir='ltr'><strong>sapientia</strong></span> <span class='ocrx_word' id='word_1_333' title='bbox 1564 2424 1653 2469; x_wconf 86' lang='lat' dir='ltr'><strong>tua</strong></span> <span class='ocrx_word' id='word_1_334' title='bbox 1689 2414 1809 2485; x_wconf 89' lang='lat' dir='ltr'><strong>plu-</strong></span> 
     </span>
    </p>
   </div>
   <div class='ocr_carea' id='block_1_40' title="bbox 235 2505 1805 2578">
    <p class='ocr_par' dir='ltr' id='par_1_40' title="bbox 235 2505 1805 2578">
     <span class='ocr_line' id='line_1_40' title="bbox 235 2505 1805 2578; baseline 0 -14"><span class='ocrx_word' id='word_1_335' title='bbox 235 2508 409 2564; x_wconf 81' lang='lat' dir='ltr'><strong>mescit</strong></span> <span class='ocrx_word' id='word_1_336' title='bbox 435 2508 719 2578; x_wconf 84' lang='lat' dir='ltr'><strong>accipiter,</strong></span> <span class='ocrx_word' id='word_1_337' title='bbox 758 2506 786 2544; x_wconf 68' lang='grc'>⁸</span> <span class='ocrx_word' id='word_1_338' title='bbox 814 2509 1071 2577; x_wconf 75' lang='lat' dir='ltr'><strong>expansis</strong></span> <span class='ocrx_word' id='word_1_339' title='bbox 1119 2508 1314 2577; x_wconf 85' lang='lat' dir='ltr'><strong>pennis</strong></span> <span class='ocrx_word' id='word_1_340' title='bbox 1356 2505 1653 2563; x_wconf 86' lang='lat' dir='ltr'><strong>immobilis</strong></span> <span class='ocrx_word' id='word_1_341' title='bbox 1679 2552 1693 2577; x_wconf 91' lang='lat'><strong>,</strong></span> <span class='ocrx_word' id='word_1_342' title='bbox 1743 2511 1805 2575; x_wconf 47' lang='lat' dir='ltr'><strong>Es?</strong></span> 
     </span>
    </p>
   </div>
   <div class='ocr_carea' id='block_1_41' title="bbox 237 2599 1808 2672">
    <p class='ocr_par' dir='ltr' id='par_1_41' title="bbox 237 2599 1808 2672">
     <span class='ocr_line' id='line_1_41' title="bbox 237 2599 1808 2672; baseline 0 -15"><span class='ocrx_word' id='word_1_343' title='bbox 237 2602 521 2670; x_wconf 82' lang='lat' dir='ltr'><strong>respiciens</strong></span> <span class='ocrx_word' id='word_1_344' title='bbox 551 2601 620 2657; x_wconf 88' lang='lat' dir='ltr'><strong>ad</strong></span> <span class='ocrx_word' id='word_1_345' title='bbox 655 2602 939 2657; x_wconf 80' lang='lat' dir='ltr'><strong>austrum?</strong></span> <span class='ocrx_word' id='word_1_346' title='bbox 969 2600 991 2667; x_wconf 95' lang='lat'><strong>1</strong></span> <span class='ocrx_word' id='word_1_347' title='bbox 1030 2611 1122 2655; x_wconf 91' lang='lat' dir='ltr'><strong>aut</strong></span> <span class='ocrx_word' id='word_1_348' title='bbox 1152 2601 1260 2671; x_wconf 73' lang='grc' dir='ltr'><strong><em>[ΑΙ.</em></strong></span> <span class='ocrx_word' id='word_1_349' title='bbox 1293 2599 1376 2671; x_wconf 89' lang='lat' dir='ltr'><strong>ac]</strong></span> <span class='ocrx_word' id='word_1_350' title='bbox 1410 2610 1501 2656; x_wconf 89' lang='lat' dir='ltr'><strong>ttto</strong></span> <span class='ocrx_word' id='word_1_351' title='bbox 1533 2611 1808 2672; x_wconf 71' lang='lat' dir='ltr'><strong>prmecpto</strong></span> 
     </span>
    </p>
   </div>
   <div class='ocr_carea' id='block_1_42' title="bbox 235 2696 1807 2766">
    <p class='ocr_par' dir='ltr' id='par_1_42' title="bbox 235 2696 1807 2766">
     <span class='ocr_line' id='line_1_42' title="bbox 235 2696 1807 2766; baseline 0.002 -17"><span class='ocrx_word' id='word_1_352' title='bbox 235 2696 491 2751; x_wconf 62' lang='lat' dir='ltr'><strong>cxaltatur</strong></span> <span class='ocrx_word' id='word_1_353' title='bbox 529 2696 745 2766; x_wconf 83' lang='lat' dir='ltr'><strong>aquila;</strong></span> <span class='ocrx_word' id='word_1_354' title='bbox 794 2704 850 2751; x_wconf 90' lang='lat' dir='ltr'><strong>et</strong></span> <span class='ocrx_word' id='word_1_355' title='bbox 890 2696 1078 2751; x_wconf 89' lang='lat' dir='ltr'><strong>vultur</strong></span> <span class='ocrx_word' id='word_1_356' title='bbox 1117 2711 1280 2766; x_wconf 89' lang='lat' dir='ltr'><strong>super</strong></span> <span class='ocrx_word' id='word_1_357' title='bbox 1316 2696 1504 2753; x_wconf 90' lang='lat' dir='ltr'><strong>nidum</strong></span> <span class='ocrx_word' id='word_1_358' title='bbox 1551 2712 1707 2753; x_wconf 89' lang='lat' dir='ltr'><strong>suum</strong></span> <span class='ocrx_word' id='word_1_359' title='bbox 1754 2698 1807 2752; x_wconf 90' lang='lat' dir='ltr'><strong>in</strong></span> 
     </span>
    </p>
   </div>
   <div class='ocr_carea' id='block_1_43' title="bbox 236 2789 1807 2861">
    <p class='ocr_par' dir='ltr' id='par_1_43' title="bbox 236 2789 1807 2861">
     <span class='ocr_line' id='line_1_43' title="bbox 236 2789 1807 2861; baseline 0.002 -19"><span class='ocrx_word' id='word_1_360' title='bbox 236 2796 374 2856; x_wconf 84' lang='lat' dir='ltr'><strong>petra</strong></span> <span class='ocrx_word' id='word_1_361' title='bbox 398 2789 598 2845; x_wconf 86' lang='lat' dir='ltr'><strong>sedens</strong></span> <span class='ocrx_word' id='word_1_362' title='bbox 625 2790 929 2845; x_wconf 86' lang='lat' dir='ltr'><strong>morabitur</strong></span> <span class='ocrx_word' id='word_1_363' title='bbox 955 2795 1018 2846; x_wconf 66' lang='grc' dir='ltr'><strong>ἰτί</strong></span> <span class='ocrx_word' id='word_1_364' title='bbox 1047 2789 1101 2844; x_wconf 92' lang='lat' dir='ltr'><strong>iu</strong></span> <span class='ocrx_word' id='word_1_365' title='bbox 1125 2790 1437 2847; x_wconf 88' lang='lat' dir='ltr'><strong>summitate</strong></span> <span class='ocrx_word' id='word_1_366' title='bbox 1458 2799 1645 2861; x_wconf 68' lang='lat' dir='ltr'><strong>petrae,</strong></span> <span class='ocrx_word' id='word_1_367' title='bbox 1670 2800 1725 2847; x_wconf 90' lang='lat' dir='ltr'><strong>et</strong></span> <span class='ocrx_word' id='word_1_368' title='bbox 1752 2791 1807 2846; x_wconf 92' lang='lat' dir='ltr'><strong>in</strong></span> 
     </span>
    </p>
   </div>
   <div class='ocr_carea' id='block_1_44' title="bbox 236 2881 1809 2955">
    <p class='ocr_par' dir='ltr' id='par_1_44' title="bbox 236 2881 1809 2955">
     <span class='ocr_line' id='line_1_44' title="bbox 236 2881 1809 2955; baseline 0.003 -18"><span class='ocrx_word' id='word_1_369' title='bbox 236 2884 492 2939; x_wconf 77' lang='lat' dir='ltr'><strong>caverna?</strong></span> <span class='ocrx_word' id='word_1_370' title='bbox 523 2884 545 2950; x_wconf 96' lang='lat'><strong>1</strong></span> <span class='ocrx_word' id='word_1_371' title='bbox 579 2895 633 2939; x_wconf 88' lang='lat' dir='ltr'><strong>et</strong></span> <span class='ocrx_word' id='word_1_372' title='bbox 662 2898 787 2940; x_wconf 90' lang='lat' dir='ltr'><strong>eum</strong></span> <span class='ocrx_word' id='word_1_373' title='bbox 817 2883 889 2939; x_wconf 91' lang='lat' dir='ltr'><strong>ibi</strong></span> <span class='ocrx_word' id='word_1_374' title='bbox 924 2881 1111 2949; x_wconf 86' lang='lat' dir='ltr'><strong>fuerit,</strong></span> <span class='ocrx_word' id='word_1_375' title='bbox 1140 2884 1334 2954; x_wconf 72' lang='lat' dir='ltr'><strong>qua&#39;rit</strong></span> <span class='ocrx_word' id='word_1_376' title='bbox 1363 2898 1521 2940; x_wconf 90' lang='lat' dir='ltr'><strong>escas</strong></span> <span class='ocrx_word' id='word_1_377' title='bbox 1564 2900 1605 2942; x_wconf 56' lang='grc' dir='ltr'><strong>έεέ</strong></span> <span class='ocrx_word' id='word_1_378' title='bbox 1650 2885 1809 2955; x_wconf 85' lang='lat' dir='ltr'><strong>longe</strong></span> 
     </span>
    </p>
   </div>
   <div class='ocr_carea' id='block_1_45' title="bbox 233 2974 1810 3047">
    <p class='ocr_par' dir='ltr' id='par_1_45' title="bbox 233 2974 1810 3047">
     <span class='ocr_line' id='line_1_45' title="bbox 233 2974 1810 3047; baseline 0.002 -19"><span class='ocrx_word' id='word_1_379' title='bbox 233 2976 362 3031; x_wconf 91' lang='lat' dir='ltr'><strong>oeuli</strong></span> <span class='ocrx_word' id='word_1_380' title='bbox 387 2976 500 3045; x_wconf 79' lang='lat' dir='ltr'><strong>ejus</strong></span> <span class='ocrx_word' id='word_1_381' title='bbox 525 2976 863 3047; x_wconf 90' lang='lat' dir='ltr'><strong>prospiciunt</strong></span> <span class='ocrx_word' id='word_1_382' title='bbox 894 2975 1000 3047; x_wconf 79' lang='grc' dir='ltr'><strong><em>[ΑΙ.</em></strong></span> <span class='ocrx_word' id='word_1_383' title='bbox 1028 2974 1370 3047; x_wconf 77' lang='lat' dir='ltr'><strong>respiciunt],</strong></span> <span class='ocrx_word' id='word_1_384' title='bbox 1408 2976 1429 3041; x_wconf 95' lang='lat'><strong>1</strong></span> <span class='ocrx_word' id='word_1_385' title='bbox 1462 2984 1515 3030; x_wconf 91' lang='lat' dir='ltr'><strong>et</strong></span> <span class='ocrx_word' id='word_1_386' title='bbox 1537 2975 1667 3045; x_wconf 92' lang='lat' dir='ltr'><strong>pulli</strong></span> <span class='ocrx_word' id='word_1_387' title='bbox 1691 2976 1810 3045; x_wconf 88' lang='lat' dir='ltr'><strong>ejus</strong></span> 
     </span>
    </p>
   </div>
   <div class='ocr_carea' id='block_1_46' title="bbox 234 3065 1807 3137">
    <p class='ocr_par' dir='ltr' id='par_1_46' title="bbox 234 3065 1807 3137">
     <span class='ocr_line' id='line_1_46' title="bbox 234 3065 1807 3137; baseline 0 -18"><span class='ocrx_word' id='word_1_388' title='bbox 234 3066 527 3122; x_wconf 82' lang='lat' dir='ltr'><strong>volutantur</strong></span> <span class='ocrx_word' id='word_1_389' title='bbox 548 3069 601 3121; x_wconf 90' lang='lat' dir='ltr'><strong>in</strong></span> <span class='ocrx_word' id='word_1_390' title='bbox 625 3068 915 3134; x_wconf 85' lang='lat' dir='ltr'><strong>sanguine.</strong></span> <span class='ocrx_word' id='word_1_391' title='bbox 935 3065 1272 3137; x_wconf 89' lang='lat' dir='ltr'><strong>Ubicumque</strong></span> <span class='ocrx_word' id='word_1_392' title='bbox 1299 3066 1498 3121; x_wconf 85' lang='lat' dir='ltr'><strong>fuerint</strong></span> <span class='ocrx_word' id='word_1_393' title='bbox 1519 3066 1807 3133; x_wconf 77' lang='lat' dir='ltr'><strong>cadavera,</strong></span> 
     </span>
    </p>
   </div>
   <div class='ocr_carea' id='block_1_47' title="bbox 234 3160 1278 3234">
    <p class='ocr_par' dir='ltr' id='par_1_47' title="bbox 234 3160 1278 3234">
     <span class='ocr_line' id='line_1_47' title="bbox 234 3160 1278 3234; baseline 0.001 -22"><span class='ocrx_word' id='word_1_394' title='bbox 234 3162 401 3215; x_wconf 84' lang='lat' dir='ltr'><strong>statim</strong></span> <span class='ocrx_word' id='word_1_395' title='bbox 429 3162 536 3233; x_wconf 72' lang='grc' dir='ltr'><strong>[Αι.</strong></span> <span class='ocrx_word' id='word_1_396' title='bbox 565 3160 880 3234; x_wconf 78' lang='lat' dir='ltr'><strong>confeSIim]</strong></span> <span class='ocrx_word' id='word_1_397' title='bbox 907 3161 1278 3230; x_wconf 88' lang='lat' dir='ltr'><strong>reperiuntur.</strong></span> 
     </span>
    </p>
   </div>
   <div class='ocr_carea' id='block_1_48' title="bbox 297 3249 1801 3323">
    <p class='ocr_par' dir='ltr' id='par_1_48' title="bbox 297 3249 1801 3323">
     <span class='ocr_line' id='line_1_48' title="bbox 297 3249 1801 3323; baseline 0 -16"><span class='ocrx_word' id='word_1_398' title='bbox 297 3263 320 3288; x_wconf 68' lang='grc' dir='ltr'><strong>ε</strong></span> <span class='ocrx_word' id='word_1_399' title='bbox 363 3252 429 3308; x_wconf 82' lang='grc' dir='ltr'>Ει</span> <span class='ocrx_word' id='word_1_400' title='bbox 472 3253 675 3323; x_wconf 88' lang='lat' dir='ltr'><strong>adjecit</strong></span> <span class='ocrx_word' id='word_1_401' title='bbox 714 3252 976 3308; x_wconf 88' lang='lat' dir='ltr'><strong>Dominus</strong></span> <span class='ocrx_word' id='word_1_402' title='bbox 1004 3293 1019 3318; x_wconf 92' lang='lat'><strong>,</strong></span> <span class='ocrx_word' id='word_1_403' title='bbox 1060 3262 1117 3307; x_wconf 91' lang='lat' dir='ltr'><strong>et</strong></span> <span class='ocrx_word' id='word_1_404' title='bbox 1158 3252 1372 3309; x_wconf 89' lang='lat' dir='ltr'><strong>locutus</strong></span> <span class='ocrx_word' id='word_1_405' title='bbox 1416 3260 1500 3307; x_wconf 90' lang='lat' dir='ltr'><strong>est</strong></span> <span class='ocrx_word' id='word_1_406' title='bbox 1542 3249 1611 3306; x_wconf 87' lang='lat' dir='ltr'><strong>ad</strong></span> <span class='ocrx_word' id='word_1_407' title='bbox 1656 3251 1801 3307; x_wconf 83' lang='lat' dir='ltr'><strong>Job:</strong></span> 
     </span>
    </p>
   </div>
   <div class='ocr_carea' id='block_1_49' title="bbox 232 3344 1802 3418">
    <p class='ocr_par' dir='ltr' id='par_1_49' title="bbox 232 3344 1802 3418">
     <span class='ocr_line' id='line_1_49' title="bbox 232 3344 1802 3418; baseline 0.003 -18"><span class='ocrx_word' id='word_1_408' title='bbox 232 3344 482 3417; x_wconf 74' lang='lat' dir='ltr'><strong>Numquid</strong></span> <span class='ocrx_word' id='word_1_409' title='bbox 507 3348 604 3417; x_wconf 88' lang='lat' dir='ltr'><strong>qui</strong></span> <span class='ocrx_word' id='word_1_410' title='bbox 632 3346 875 3416; x_wconf 82' lang='lat' dir='ltr'><strong>disputat</strong></span> <span class='ocrx_word' id='word_1_411' title='bbox 912 3361 1036 3402; x_wconf 92' lang='lat' dir='ltr'><strong>eum</strong></span> <span class='ocrx_word' id='word_1_412' title='bbox 1066 3346 1482 3417; x_wconf 81' lang='lat' dir='ltr'><strong>Otnuipotcnte,</strong></span> <span class='ocrx_word' id='word_1_413' title='bbox 1517 3346 1802 3418; x_wconf 81' lang='lat' dir='ltr'><strong>quiescet:</strong></span> 
     </span>
    </p>
   </div>
   <div class='ocr_carea' id='block_1_50' title="bbox 235 3437 1278 3509">
    <p class='ocr_par' dir='ltr' id='par_1_50' title="bbox 235 3437 1278 3509">
     <span class='ocr_line' id='line_1_50' title="bbox 235 3437 1278 3509; baseline 0.001 -20"><span class='ocrx_word' id='word_1_414' title='bbox 235 3452 444 3509; x_wconf 80' lang='lat' dir='ltr'><strong>arguens</strong></span> <span class='ocrx_word' id='word_1_415' title='bbox 474 3438 765 3495; x_wconf 86' lang='lat' dir='ltr'><strong>Dominum</strong></span> <span class='ocrx_word' id='word_1_416' title='bbox 794 3437 1148 3508; x_wconf 88' lang='lat' dir='ltr'><strong>respondebit</strong></span> <span class='ocrx_word' id='word_1_417' title='bbox 1170 3437 1278 3492; x_wconf 80' lang='lat' dir='ltr'><strong>ita?</strong></span> 
     </span>
    </p>
   </div>
   <div class='ocr_carea' id='block_1_51' title="bbox 451 3564 1585 3641">
    <p class='ocr_par' dir='ltr' id='par_1_51' title="bbox 451 3564 1585 3641">
     <span class='ocr_line' id='line_1_51' title="bbox 451 3564 1585 3641; baseline -0.003 -32"><span class='ocrx_word' id='word_1_418' title='bbox 451 3566 789 3610; x_wconf 66' lang='lat' dir='ltr'><strong>RBSPONDENS</strong></span> <span class='ocrx_word' id='word_1_419' title='bbox 813 3566 998 3608; x_wconf 76' lang='grc' dir='ltr'>Αυτειι</span> <span class='ocrx_word' id='word_1_420' title='bbox 1023 3566 1136 3615; x_wconf 74' lang='lat'><strong>108,</strong></span> <span class='ocrx_word' id='word_1_421' title='bbox 1163 3565 1361 3641; x_wconf 67' lang='lat' dir='ltr'><strong>POIINO</strong></span> <span class='ocrx_word' id='word_1_422' title='bbox 1388 3564 1539 3607; x_wconf 75' lang='lat' dir='ltr'><strong>DIXIT</strong></span> <span class='ocrx_word' id='word_1_423' title='bbox 1573 3568 1585 3605; x_wconf 75' lang='grc' dir='ltr'><strong>Ξ</strong></span> 
     </span>
    </p>
   </div>
   <div class='ocr_carea' id='block_1_52' title="bbox 304 3663 1803 3739">
    <p class='ocr_par' dir='ltr' id='par_1_52' title="bbox 304 3663 1803 3739">
     <span class='ocr_line' id='line_1_52' title="bbox 304 3663 1803 3739; baseline -0.002 -17"><span class='ocrx_word' id='word_1_424' title='bbox 304 3672 357 3733; x_wconf 55' lang='lat' dir='ltr'><strong>si</strong></span> <span class='ocrx_word' id='word_1_425' title='bbox 389 3668 521 3736; x_wconf 80' lang='lat' dir='ltr'><strong>Quid</strong></span> <span class='ocrx_word' id='word_1_426' title='bbox 557 3667 575 3706; x_wconf 70' lang='grc' dir='ltr'><strong>ί</strong></span> <span class='ocrx_word' id='word_1_427' title='bbox 607 3682 742 3739; x_wconf 85' lang='lat' dir='ltr'><strong>ergo</strong></span> <span class='ocrx_word' id='word_1_428' title='bbox 776 3667 996 3738; x_wconf 89' lang='lat' dir='ltr'><strong>judicor</strong></span> <span class='ocrx_word' id='word_1_429' title='bbox 1022 3681 1063 3720; x_wconf 64' lang='lat'><strong>~:</strong></span> <span class='ocrx_word' id='word_1_430' title='bbox 1123 3665 1491 3722; x_wconf 90' lang='lat' dir='ltr'><strong>commonitus</strong></span> <span class='ocrx_word' id='word_1_431' title='bbox 1526 3672 1580 3721; x_wconf 92' lang='lat' dir='ltr'><strong>et</strong></span> <span class='ocrx_word' id='word_1_432' title='bbox 1622 3663 1803 3719; x_wconf 90' lang='lat' dir='ltr'><strong>incre-</strong></span> 
     </span>
    </p>
   </div>
   <div class='ocr_carea' id='block_1_53' title="bbox 234 3755 1808 3825">
    <p class='ocr_par' dir='ltr' id='par_1_53' title="bbox 234 3755 1808 3825">
     <span class='ocr_line' id='line_1_53' title="bbox 234 3755 1808 3825; baseline -0.003 -10"><span class='ocrx_word' id='word_1_433' title='bbox 234 3768 375 3825; x_wconf 71' lang='lat' dir='ltr'><strong>rnuts</strong></span> <span class='ocrx_word' id='word_1_434' title='bbox 402 3774 431 3815; x_wconf 66' lang='grc' dir='ltr'><strong>ιι</strong></span> <span class='ocrx_word' id='word_1_435' title='bbox 464 3760 701 3816; x_wconf 89' lang='lat' dir='ltr'><strong>Domino</strong></span> <span class='ocrx_word' id='word_1_436' title='bbox 732 3774 775 3813; x_wconf 71' lang='grc' dir='ltr'><strong>-ε</strong></span> <span class='ocrx_word' id='word_1_437' title='bbox 838 3759 1065 3815; x_wconf 89' lang='lat' dir='ltr'><strong>audiens</strong></span> <span class='ocrx_word' id='word_1_438' title='bbox 1097 3757 1222 3812; x_wconf 91' lang='lat' dir='ltr'><strong>talia</strong></span> <span class='ocrx_word' id='word_1_439' title='bbox 1257 3758 1279 3825; x_wconf 93' lang='lat'><strong>1</strong></span> <span class='ocrx_word' id='word_1_440' title='bbox 1312 3773 1437 3813; x_wconf 90' lang='lat' dir='ltr'><strong>cum</strong></span> <span class='ocrx_word' id='word_1_441' title='bbox 1475 3756 1613 3812; x_wconf 86' lang='lat' dir='ltr'><strong>nihil</strong></span> <span class='ocrx_word' id='word_1_442' title='bbox 1657 3755 1808 3812; x_wconf 85' lang='lat' dir='ltr'><strong>sim?</strong></span> 
     </span>
    </p>
   </div>
   <div class='ocr_carea' id='block_1_54' title="bbox 231 3848 1803 3924">
    <p class='ocr_par' dir='ltr' id='par_1_54' title="bbox 231 3848 1803 3924">
     <span class='ocr_line' id='line_1_54' title="bbox 231 3848 1803 3924; baseline -0.003 -15"><span class='ocrx_word' id='word_1_443' title='bbox 231 3852 363 3921; x_wconf 81' lang='lat' dir='ltr'><strong>quod</strong></span> <span class='ocrx_word' id='word_1_444' title='bbox 389 3868 710 3924; x_wconf 83' lang='lat' dir='ltr'><strong>responsum</strong></span> <span class='ocrx_word' id='word_1_445' title='bbox 734 3852 914 3909; x_wconf 75' lang='lat' dir='ltr'><strong>dabo?</strong></span> <span class='ocrx_word' id='word_1_446' title='bbox 944 3851 1158 3907; x_wconf 76' lang='lat' dir='ltr'><strong>Manum</strong></span> <span class='ocrx_word' id='word_1_447' title='bbox 1180 3865 1380 3921; x_wconf 85' lang='lat' dir='ltr'><strong>ponam</strong></span> <span class='ocrx_word' id='word_1_448' title='bbox 1409 3848 1475 3905; x_wconf 78' lang='lat' dir='ltr'><strong>ad</strong></span> <span class='ocrx_word' id='word_1_449' title='bbox 1502 3862 1564 3906; x_wconf 85' lang='lat' dir='ltr'><strong>os</strong></span> <span class='ocrx_word' id='word_1_450' title='bbox 1593 3863 1803 3905; x_wconf 85' lang='lat' dir='ltr'><strong>meum.</strong></span> 
     </span>
    </p>
   </div>
   <div class='ocr_carea' id='block_1_55' title="bbox 232 3947 1482 4019">
    <p class='ocr_par' dir='ltr' id='par_1_55' title="bbox 232 3947 1482 4019">
     <span class='ocr_line' id='line_1_55' title="bbox 232 3947 1482 4019; baseline -0.001 -15"><span class='ocrx_word' id='word_1_451' title='bbox 232 3948 392 4006; x_wconf 84' lang='lat' dir='ltr'><strong>Semel</strong></span> <span class='ocrx_word' id='word_1_452' title='bbox 418 3951 629 4007; x_wconf 84' lang='lat' dir='ltr'><strong>locutus</strong></span> <span class='ocrx_word' id='word_1_453' title='bbox 656 3965 779 4006; x_wconf 87' lang='lat' dir='ltr'><strong>sum</strong></span> <span class='ocrx_word' id='word_1_454' title='bbox 798 3993 812 4019; x_wconf 92' lang='lat'><strong>,</strong></span> <span class='ocrx_word' id='word_1_455' title='bbox 844 3949 1040 4006; x_wconf 89' lang='lat' dir='ltr'><strong>iterum</strong></span> <span class='ocrx_word' id='word_1_456' title='bbox 1066 3964 1174 4005; x_wconf 91' lang='lat' dir='ltr'><strong>non</strong></span> <span class='ocrx_word' id='word_1_457' title='bbox 1206 3947 1482 4019; x_wconf 82' lang='lat' dir='ltr'><strong>adjiciam.</strong></span> 
     </span>
    </p>
   </div>
   <div class='ocr_carea' id='block_1_56' title="bbox 236 4046 1802 4130">
    <p class='ocr_par' dir='ltr' id='par_1_56' title="bbox 236 4046 1802 4130">
     <span class='ocr_line' id='line_1_56' title="bbox 236 4046 1802 4130; baseline 0.002 -15"><span class='ocrx_word' id='word_1_458' title='bbox 236 4077 548 4124; x_wconf 61' lang='grc' dir='ltr'><strong>ιιεειιοδυεκε</strong></span> <span class='ocrx_word' id='word_1_459' title='bbox 587 4081 774 4123; x_wconf 78' lang='grc' dir='ltr'>Αιιτει</span> <span class='ocrx_word' id='word_1_460' title='bbox 818 4080 1048 4122; x_wconf 74' lang='lat' dir='ltr'><strong>DOIINUS</strong></span> <span class='ocrx_word' id='word_1_461' title='bbox 1087 4080 1177 4121; x_wconf 72' lang='lat' dir='ltr'><strong>JOB</strong></span> <span class='ocrx_word' id='word_1_462' title='bbox 1219 4081 1286 4120; x_wconf 76' lang='lat' dir='ltr'><strong>DE</strong></span> <span class='ocrx_word' id='word_1_463' title='bbox 1330 4046 1744 4130; x_wconf 38' lang='lat' dir='ltr'><strong>TURBINE,-Ai1&#39;</strong></span> <span class='ocrx_word' id='word_1_464' title='bbox 1788 4080 1802 4118; x_wconf 74' lang='grc' dir='ltr'><strong>ἓ</strong></span> 
     </span>
    </p>
   </div>
   <div class='ocr_carea' id='block_1_57' title="bbox 294 4170 1804 4254">
    <p class='ocr_par' dir='ltr' id='par_1_57' title="bbox 294 4170 1804 4254">
     <span class='ocr_line' id='line_1_57' title="bbox 294 4170 1804 4254; baseline -0.001 -22"><span class='ocrx_word' id='word_1_465' title='bbox 294 4178 435 4252; x_wconf 66' lang='grc' dir='ltr'><strong>[ευρ.</strong></span> <span class='ocrx_word' id='word_1_466' title='bbox 466 4178 608 4254; x_wconf 76' lang='lat' dir='ltr'><strong>XL]</strong></span> <span class='ocrx_word' id='word_1_467' title='bbox 631 4178 1001 4251; x_wconf 82' lang='lat' dir='ltr'><strong>Nequaquam.</strong></span> <span class='ocrx_word' id='word_1_468' title='bbox 1027 4170 1383 4249; x_wconf 86' lang='lat' dir='ltr'><strong>Sedaccinge</strong></span> <span class='ocrx_word' id='word_1_469' title='bbox 1416 4186 1688 4249; x_wconf 87' lang='lat' dir='ltr'><strong>tamquam</strong></span> <span class='ocrx_word' id='word_1_470' title='bbox 1719 4174 1804 4232; x_wconf 85' lang='lat' dir='ltr'><strong>vir</strong></span> 
     </span>
    </p>
   </div>
   <div class='ocr_carea' id='block_1_58' title="bbox 224 4270 1800 4345">
    <p class='ocr_par' dir='ltr' id='par_1_58' title="bbox 224 4270 1800 4345">
     <span class='ocr_line' id='line_1_58' title="bbox 224 4270 1800 4345; baseline -0.001 -20"><span class='ocrx_word' id='word_1_471' title='bbox 224 4270 427 4330; x_wconf 86' lang='lat' dir='ltr'><strong>lumbos</strong></span> <span class='ocrx_word' id='word_1_472' title='bbox 449 4284 590 4332; x_wconf 88' lang='lat' dir='ltr'><strong>tuos.</strong></span> <span class='ocrx_word' id='word_1_473' title='bbox 622 4273 977 4345; x_wconf 84' lang='lat' dir='ltr'><strong>luterrogabe</strong></span> <span class='ocrx_word' id='word_1_474' title='bbox 1000 4282 1076 4338; x_wconf 87' lang='lat' dir='ltr'><strong>te,</strong></span> <span class='ocrx_word' id='word_1_475' title='bbox 1111 4281 1168 4328; x_wconf 93' lang='lat' dir='ltr'><strong>tu</strong></span> <span class='ocrx_word' id='word_1_476' title='bbox 1191 4286 1323 4330; x_wconf 90' lang='lat' dir='ltr'><strong>vero</strong></span> <span class='ocrx_word' id='word_1_477' title='bbox 1352 4270 1624 4342; x_wconf 88' lang='lat' dir='ltr'><strong>responde</strong></span> <span class='ocrx_word' id='word_1_478' title='bbox 1645 4270 1800 4325; x_wconf 85' lang='lat' dir='ltr'><strong>mihi.</strong></span> 
     </span>
    </p>
   </div>
   <div class='ocr_carea' id='block_1_59' title="bbox 224 4360 1805 4441">
    <p class='ocr_par' dir='ltr' id='par_1_59' title="bbox 224 4360 1805 4441">
     <span class='ocr_line' id='line_1_59' title="bbox 224 4360 1805 4441; baseline -0.003 -20"><span class='ocrx_word' id='word_1_479' title='bbox 224 4364 300 4422; x_wconf 84' lang='lat' dir='ltr'><strong>An</strong></span> <span class='ocrx_word' id='word_1_480' title='bbox 331 4367 520 4427; x_wconf 85' lang='lat' dir='ltr'><strong>abnuis</strong></span> <span class='ocrx_word' id='word_1_481' title='bbox 540 4368 812 4441; x_wconf 87' lang='lat' dir='ltr'><strong>judicium</strong></span> <span class='ocrx_word' id='word_1_482' title='bbox 842 4367 1058 4424; x_wconf 84' lang='lat' dir='ltr'><strong>meum?</strong></span> <span class='ocrx_word' id='word_1_483' title='bbox 1088 4374 1182 4423; x_wconf 89' lang='lat' dir='ltr'><strong>aut</strong></span> <span class='ocrx_word' id='word_1_484' title='bbox 1210 4373 1372 4437; x_wconf 86' lang='lat' dir='ltr'><strong>putas</strong></span> <span class='ocrx_word' id='word_1_485' title='bbox 1397 4377 1486 4422; x_wconf 87' lang='lat' dir='ltr'><strong>me</strong></span> <span class='ocrx_word' id='word_1_486' title='bbox 1515 4362 1675 4421; x_wconf 89' lang='lat' dir='ltr'><strong>aliter</strong></span> <span class='ocrx_word' id='word_1_487' title='bbox 1704 4360 1805 4419; x_wconf 89' lang='lat' dir='ltr'><strong>tibi</strong></span> 
     </span>
    </p>
   </div>
   <div class='ocr_carea' id='block_1_60' title="bbox 1910 1859 3508 1930">
    <p class='ocr_par' dir='ltr' id='par_1_60' title="bbox 1910 1859 3508 1930">
     <span class='ocr_line' id='line_1_60' title="bbox 1910 1859 3508 1930; baseline 0.004 -15"><span class='ocrx_word' id='word_1_488' title='bbox 1910 1859 2349 1930; x_wconf 86' lang='lat' dir='ltr'><strong>quadrupedibus</strong></span> <span class='ocrx_word' id='word_1_489' title='bbox 2372 1859 2425 1914; x_wconf 91' lang='lat' dir='ltr'><strong>in</strong></span> <span class='ocrx_word' id='word_1_490' title='bbox 2458 1869 2683 1915; x_wconf 83' lang='lat' dir='ltr'><strong>tartaro.</strong></span> <span class='ocrx_word' id='word_1_491' title='bbox 2716 1860 2833 1916; x_wconf 83' lang='lat' dir='ltr'><strong>Sub</strong></span> <span class='ocrx_word' id='word_1_492' title='bbox 2861 1862 3194 1917; x_wconf 88' lang='lat' dir='ltr'><strong>omnimodis</strong></span> <span class='ocrx_word' id='word_1_493' title='bbox 3217 1864 3508 1921; x_wconf 89' lang='lat' dir='ltr'><strong>arboribus</strong></span> 
     </span>
    </p>
   </div>
   <div class='ocr_carea' id='block_1_61' title="bbox 1911 1950 3506 2022">
    <p class='ocr_par' dir='ltr' id='par_1_61' title="bbox 1911 1950 3506 2022">
     <span class='ocr_line' id='line_1_61' title="bbox 1911 1950 3506 2022; baseline 0.004 -16"><span class='ocrx_word' id='word_1_494' title='bbox 1911 1951 2143 2018; x_wconf 88' lang='lat' dir='ltr'><strong>dormit,</strong></span> <span class='ocrx_word' id='word_1_495' title='bbox 2178 1966 2333 2007; x_wconf 89' lang='lat' dir='ltr'><strong>secus</strong></span> <span class='ocrx_word' id='word_1_496' title='bbox 2360 1950 2619 2022; x_wconf 90' lang='lat' dir='ltr'><strong>juncum,</strong></span> <span class='ocrx_word' id='word_1_497' title='bbox 2648 1962 2700 2008; x_wconf 90' lang='lat' dir='ltr'><strong>et</strong></span> <span class='ocrx_word' id='word_1_498' title='bbox 2729 1954 3027 2021; x_wconf 82' lang='lat' dir='ltr'><strong>calamum,</strong></span> <span class='ocrx_word' id='word_1_499' title='bbox 3065 1964 3115 2010; x_wconf 91' lang='lat' dir='ltr'><strong>ct</strong></span> <span class='ocrx_word' id='word_1_500' title='bbox 3151 1955 3415 2021; x_wconf 88' lang='lat' dir='ltr'><strong>cariccm;</strong></span> <span class='ocrx_word' id='word_1_501' title='bbox 3450 1967 3506 2012; x_wconf 88' lang='lat' dir='ltr'><strong>et</strong></span> 
     </span>
    </p>
   </div>
   <div class='ocr_carea' id='block_1_62' title="bbox 1911 2046 3498 2122">
    <p class='ocr_par' dir='ltr' id='par_1_62' title="bbox 1911 2046 3498 2122">
     <span class='ocr_line' id='line_1_62' title="bbox 1911 2046 3498 2122; baseline 0.003 -22"><span class='ocrx_word' id='word_1_502' title='bbox 1911 2046 2304 2101; x_wconf 88' lang='lat' dir='ltr'><strong>obumbrantur</strong></span> <span class='ocrx_word' id='word_1_503' title='bbox 2331 2046 2382 2100; x_wconf 89' lang='lat' dir='ltr'><strong>in</strong></span> <span class='ocrx_word' id='word_1_504' title='bbox 2422 2062 2488 2102; x_wconf 90' lang='lat' dir='ltr'><strong>eo</strong></span> <span class='ocrx_word' id='word_1_505' title='bbox 2519 2047 2745 2103; x_wconf 91' lang='lat' dir='ltr'><strong>arbores</strong></span> <span class='ocrx_word' id='word_1_506' title='bbox 2776 2064 3019 2120; x_wconf 70' lang='lat' dir='ltr'><strong>magum,</strong></span> <span class='ocrx_word' id='word_1_507' title='bbox 3058 2064 3178 2104; x_wconf 91' lang='lat' dir='ltr'><strong>eum</strong></span> <span class='ocrx_word' id='word_1_508' title='bbox 3214 2050 3498 2122; x_wconf 87' lang='lat' dir='ltr'><strong>stirpibus,</strong></span> 
     </span>
    </p>
   </div>
   <div class='ocr_carea' id='block_1_63' title="bbox 1911 2138 3508 2212">
    <p class='ocr_par' dir='ltr' id='par_1_63' title="bbox 1911 2138 3508 2212">
     <span class='ocr_line' id='line_1_63' title="bbox 1911 2138 3508 2212; baseline 0.004 -19"><span class='ocrx_word' id='word_1_509' title='bbox 1911 2146 1964 2193; x_wconf 90' lang='lat' dir='ltr'><strong>et</strong></span> <span class='ocrx_word' id='word_1_510' title='bbox 1992 2138 2240 2209; x_wconf 85' lang='lat' dir='ltr'><strong>virgultis</strong></span> <span class='ocrx_word' id='word_1_511' title='bbox 2266 2138 2548 2194; x_wconf 83' lang='lat' dir='ltr'><strong>torrentis.</strong></span> <span class='ocrx_word' id='word_1_512' title='bbox 2582 2144 2643 2205; x_wconf 69' lang='grc' dir='ltr'><strong>&gt;ε&lt;</strong></span> <span class='ocrx_word' id='word_1_513' title='bbox 2677 2139 2736 2195; x_wconf 92' lang='lat' dir='ltr'><strong>Si</strong></span> <span class='ocrx_word' id='word_1_514' title='bbox 2766 2140 2929 2196; x_wconf 85' lang='lat' dir='ltr'><strong>luerit</strong></span> <span class='ocrx_word' id='word_1_515' title='bbox 2957 2141 3271 2212; x_wconf 87' lang='lat' dir='ltr'><strong>inundatio,</strong></span> <span class='ocrx_word' id='word_1_516' title='bbox 3306 2159 3412 2198; x_wconf 88' lang='lat' dir='ltr'><strong>non</strong></span> <span class='ocrx_word' id='word_1_517' title='bbox 3439 2145 3508 2199; x_wconf 91' lang='lat' dir='ltr'><strong>ti-</strong></span> 
     </span>
    </p>
   </div>
   <div class='ocr_carea' id='block_1_64' title="bbox 1912 2233 3503 2301">
    <p class='ocr_par' dir='ltr' id='par_1_64' title="bbox 1912 2233 3503 2301">
     <span class='ocr_line' id='line_1_64' title="bbox 1912 2233 3503 2301; baseline 0.003 -14"><span class='ocrx_word' id='word_1_518' title='bbox 1912 2233 2081 2289; x_wconf 91' lang='lat' dir='ltr'><strong>mebit</strong></span> <span class='ocrx_word' id='word_1_519' title='bbox 2206 2246 2433 2288; x_wconf 89' lang='lat' dir='ltr'><strong>securus</strong></span> <span class='ocrx_word' id='word_1_520' title='bbox 2468 2240 2587 2299; x_wconf 89' lang='lat' dir='ltr'><strong>est,</strong></span> <span class='ocrx_word' id='word_1_521' title='bbox 2614 2247 2735 2288; x_wconf 89' lang='lat' dir='ltr'><strong>cum</strong></span> <span class='ocrx_word' id='word_1_522' title='bbox 2768 2233 2943 2289; x_wconf 88' lang='lat' dir='ltr'><strong>illisus</strong></span> <span class='ocrx_word' id='word_1_523' title='bbox 2977 2233 3134 2289; x_wconf 81' lang='lat' dir='ltr'><strong>fuerit</strong></span> <span class='ocrx_word' id='word_1_524' title='bbox 3162 2233 3419 2291; x_wconf 83' lang='lat' dir='ltr'><strong>Jordanis</strong></span> <span class='ocrx_word' id='word_1_525' title='bbox 3450 2237 3503 2292; x_wconf 94' lang='lat' dir='ltr'><strong>in</strong></span> 
     </span>
    </p>
   </div>
   <div class='ocr_carea' id='block_1_65' title="bbox 1912 2324 3504 2395">
    <p class='ocr_par' dir='ltr' id='par_1_65' title="bbox 1912 2324 3504 2395">
     <span class='ocr_line' id='line_1_65' title="bbox 1912 2324 3504 2395; baseline 0.003 -15"><span class='ocrx_word' id='word_1_526' title='bbox 1912 2340 1973 2380; x_wconf 93' lang='lat' dir='ltr'><strong>os</strong></span> <span class='ocrx_word' id='word_1_527' title='bbox 2004 2326 2143 2395; x_wconf 87' lang='lat' dir='ltr'><strong>ejus.</strong></span> <span class='ocrx_word' id='word_1_528' title='bbox 2171 2330 2232 2381; x_wconf 52' lang='grc' dir='ltr'><strong>ξεί</strong></span> <span class='ocrx_word' id='word_1_529' title='bbox 2266 2325 2291 2361; x_wconf 83' lang='grc'><strong>³·</strong></span> <span class='ocrx_word' id='word_1_530' title='bbox 2322 2324 2379 2379; x_wconf 84' lang='grc' dir='ltr'><strong>1η</strong></span> <span class='ocrx_word' id='word_1_531' title='bbox 2410 2326 2569 2380; x_wconf 89' lang='lat' dir='ltr'><strong>oculo</strong></span> <span class='ocrx_word' id='word_1_532' title='bbox 2596 2341 2695 2380; x_wconf 87' lang='lat' dir='ltr'><strong>suo</strong></span> <span class='ocrx_word' id='word_1_533' title='bbox 2724 2325 2986 2395; x_wconf 83' lang='lat' dir='ltr'><strong>suscipiet</strong></span> <span class='ocrx_word' id='word_1_534' title='bbox 3012 2342 3155 2381; x_wconf 90' lang='lat' dir='ltr'><strong>eum.</strong></span> <span class='ocrx_word' id='word_1_535' title='bbox 3188 2326 3357 2382; x_wconf 86' lang='lat' dir='ltr'><strong>Torto</strong></span> <span class='ocrx_word' id='word_1_536' title='bbox 3384 2344 3504 2384; x_wconf 83' lang='lat' dir='ltr'><strong>ver-</strong></span> 
     </span>
    </p>
   </div>
   <div class='ocr_carea' id='block_1_66' title="bbox 1914 2415 3505 2485">
    <p class='ocr_par' dir='ltr' id='par_1_66' title="bbox 1914 2415 3505 2485">
     <span class='ocr_line' id='line_1_66' title="bbox 1914 2415 3505 2485; baseline 0.002 -13"><span class='ocrx_word' id='word_1_537' title='bbox 1914 2417 2040 2485; x_wconf 90' lang='lat' dir='ltr'><strong>tice,</strong></span> <span class='ocrx_word' id='word_1_538' title='bbox 2066 2415 2341 2485; x_wconf 89' lang='lat' dir='ltr'><strong>pertundit</strong></span> <span class='ocrx_word' id='word_1_539' title='bbox 2372 2430 2554 2469; x_wconf 85' lang='lat' dir='ltr'><strong>nares.</strong></span> <span class='ocrx_word' id='word_1_540' title='bbox 2589 2416 2605 2481; x_wconf 74' lang='grc' dir='ltr'>ζ</span> <span class='ocrx_word' id='word_1_541' title='bbox 2644 2415 2896 2470; x_wconf 79' lang='lat' dir='ltr'><strong>Adduces</strong></span> <span class='ocrx_word' id='word_1_542' title='bbox 2922 2427 3101 2471; x_wconf 88' lang='lat' dir='ltr'><strong>autem</strong></span> <span class='ocrx_word' id='word_1_543' title='bbox 3132 2418 3424 2474; x_wconf 89' lang='lat' dir='ltr'><strong>draconem</strong></span> <span class='ocrx_word' id='word_1_544' title='bbox 3451 2420 3505 2475; x_wconf 89' lang='lat' dir='ltr'><strong>in</strong></span> 
     </span>
    </p>
   </div>
   <div class='ocr_carea' id='block_1_67' title="bbox 1915 2507 3507 2582">
    <p class='ocr_par' dir='ltr' id='par_1_67' title="bbox 1915 2507 3507 2582">
     <span class='ocr_line' id='line_1_67' title="bbox 1915 2507 3507 2582; baseline 0.004 -18"><span class='ocrx_word' id='word_1_545' title='bbox 1915 2509 2117 2566; x_wconf 82' lang='lat' dir='ltr'><strong>hamo?</strong></span> <span class='ocrx_word' id='word_1_546' title='bbox 2139 2508 2316 2564; x_wconf 85' lang='lat' dir='ltr'><strong>Penes</strong></span> <span class='ocrx_word' id='word_1_547' title='bbox 2344 2507 2640 2578; x_wconf 90' lang='lat' dir='ltr'><strong>eapistrum</strong></span> <span class='ocrx_word' id='word_1_548' title='bbox 2671 2509 2819 2561; x_wconf 85' lang='lat' dir='ltr'><strong>circa</strong></span> <span class='ocrx_word' id='word_1_549' title='bbox 2848 2522 3009 2562; x_wconf 89' lang='lat' dir='ltr'><strong>nares</strong></span> <span class='ocrx_word' id='word_1_550' title='bbox 3030 2508 3167 2577; x_wconf 90' lang='lat' dir='ltr'><strong>ejus,</strong></span> <span class='ocrx_word' id='word_1_551' title='bbox 3300 2509 3316 2546; x_wconf 70' lang='grc' dir='ltr'>ί</span> <span class='ocrx_word' id='word_1_552' title='bbox 3348 2511 3507 2582; x_wconf 82' lang='lat' dir='ltr'><strong>sigil-</strong></span> 
     </span>
    </p>
   </div>
   <div class='ocr_carea' id='block_1_68' title="bbox 1915 2599 3508 2670">
    <p class='ocr_par' dir='ltr' id='par_1_68' title="bbox 1915 2599 3508 2670">
     <span class='ocr_line' id='line_1_68' title="bbox 1915 2599 3508 2670; baseline 0.001 -13"><span class='ocrx_word' id='word_1_553' title='bbox 1915 2602 2050 2657; x_wconf 88' lang='lat' dir='ltr'><strong>labis</strong></span> <span class='ocrx_word' id='word_1_554' title='bbox 2098 2601 2362 2655; x_wconf 73' lang='lat' dir='ltr'><strong>circulum</strong></span> <span class='ocrx_word' id='word_1_555' title='bbox 2419 2601 2472 2654; x_wconf 91' lang='lat' dir='ltr'><strong>in</strong></span> <span class='ocrx_word' id='word_1_556' title='bbox 2522 2615 2617 2655; x_wconf 87' lang='lat' dir='ltr'><strong>ore</strong></span> <span class='ocrx_word' id='word_1_557' title='bbox 2662 2599 2809 2670; x_wconf 78' lang='lat' dir='ltr'><strong>ejus,</strong></span> <span class='ocrx_word' id='word_1_558' title='bbox 2852 2609 2906 2653; x_wconf 88' lang='lat' dir='ltr'><strong>et</strong></span> <span class='ocrx_word' id='word_1_559' title='bbox 2965 2600 3168 2670; x_wconf 80' lang='lat' dir='ltr'><strong>forcipe</strong></span> <span class='ocrx_word' id='word_1_560' title='bbox 3209 2603 3508 2670; x_wconf 88' lang='lat' dir='ltr'><strong>pertuuch</strong></span> 
     </span>
    </p>
   </div>
   <div class='ocr_carea' id='block_1_69' title="bbox 1914 2691 3505 2764">
    <p class='ocr_par' dir='ltr' id='par_1_69' title="bbox 1914 2691 3505 2764">
     <span class='ocr_line' id='line_1_69' title="bbox 1914 2691 3505 2764; baseline 0.003 -15"><span class='ocrx_word' id='word_1_561' title='bbox 1914 2694 2117 2749; x_wconf 89' lang='lat' dir='ltr'><strong>labium</strong></span> <span class='ocrx_word' id='word_1_562' title='bbox 2178 2691 2331 2763; x_wconf 76' lang='lat' dir='ltr'><strong>ejus?</strong></span> <span class='ocrx_word' id='word_1_563' title='bbox 2376 2692 2655 2763; x_wconf 87' lang='lat' dir='ltr'><strong>Loquetur</strong></span> <span class='ocrx_word' id='word_1_564' title='bbox 2682 2700 2862 2747; x_wconf 89' lang='lat' dir='ltr'><strong>autem</strong></span> <span class='ocrx_word' id='word_1_565' title='bbox 2899 2692 2993 2749; x_wconf 91' lang='lat' dir='ltr'><strong>tibi</strong></span> <span class='ocrx_word' id='word_1_566' title='bbox 3026 2708 3218 2764; x_wconf 88' lang='lat' dir='ltr'><strong>preces</strong></span> <span class='ocrx_word' id='word_1_567' title='bbox 3263 2703 3320 2750; x_wconf 90' lang='lat' dir='ltr'><strong>et</strong></span> <span class='ocrx_word' id='word_1_568' title='bbox 3347 2697 3505 2753; x_wconf 83' lang='lat' dir='ltr'><strong>obsc-</strong></span> 
     </span>
    </p>
   </div>
   <div class='ocr_carea' id='block_1_70' title="bbox 1914 2785 3510 2857">
    <p class='ocr_par' dir='ltr' id='par_1_70' title="bbox 1914 2785 3510 2857">
     <span class='ocr_line' id='line_1_70' title="bbox 1914 2785 3510 2857; baseline 0.003 -16"><span class='ocrx_word' id='word_1_569' title='bbox 1914 2786 2192 2843; x_wconf 76' lang='lat' dir='ltr'><strong>orationes</strong></span> <span class='ocrx_word' id='word_1_570' title='bbox 2224 2785 2453 2843; x_wconf 81' lang='lat' dir='ltr'><strong>blande:</strong></span> <span class='ocrx_word' id='word_1_571' title='bbox 2485 2796 2536 2841; x_wconf 90' lang='lat' dir='ltr'><strong>et</strong></span> <span class='ocrx_word' id='word_1_572' title='bbox 2569 2796 2732 2857; x_wconf 88' lang='lat' dir='ltr'><strong>ponet</strong></span> <span class='ocrx_word' id='word_1_573' title='bbox 2775 2795 3164 2841; x_wconf 88' lang='lat' dir='ltr'><strong>testamentum</strong></span> <span class='ocrx_word' id='word_1_574' title='bbox 3205 2797 3382 2844; x_wconf 91' lang='lat' dir='ltr'><strong>tecum</strong></span> <span class='ocrx_word' id='word_1_575' title='bbox 3407 2833 3420 2857; x_wconf 93' lang='lat'><strong>,</strong></span> <span class='ocrx_word' id='word_1_576' title='bbox 3454 2801 3510 2845; x_wconf 90' lang='lat' dir='ltr'><strong>et</strong></span> 
     </span>
    </p>
   </div>
   <div class='ocr_carea' id='block_1_71' title="bbox 1913 2879 3505 2952">
    <p class='ocr_par' dir='ltr' id='par_1_71' title="bbox 1913 2879 3505 2952">
     <span class='ocr_line' id='line_1_71' title="bbox 1913 2879 3505 2952; baseline -0.001 -16"><span class='ocrx_word' id='word_1_577' title='bbox 1913 2882 2148 2952; x_wconf 89' lang='lat' dir='ltr'><strong>accipies</strong></span> <span class='ocrx_word' id='word_1_578' title='bbox 2178 2896 2299 2936; x_wconf 90' lang='lat' dir='ltr'><strong>eum</strong></span> <span class='ocrx_word' id='word_1_579' title='bbox 2332 2895 2553 2935; x_wconf 88' lang='lat' dir='ltr'><strong>servum</strong></span> <span class='ocrx_word' id='word_1_580' title='bbox 2586 2879 3010 2947; x_wconf 88' lang='lat' dir='ltr'><strong>sempiternum;</strong></span> <span class='ocrx_word' id='word_1_581' title='bbox 3051 2890 3105 2934; x_wconf 91' lang='lat' dir='ltr'><strong>et</strong></span> <span class='ocrx_word' id='word_1_582' title='bbox 3137 2880 3293 2935; x_wconf 88' lang='lat' dir='ltr'><strong>ludes</strong></span> <span class='ocrx_word' id='word_1_583' title='bbox 3334 2882 3401 2936; x_wconf 92' lang='lat' dir='ltr'><strong>de</strong></span> <span class='ocrx_word' id='word_1_584' title='bbox 3437 2898 3505 2937; x_wconf 88' lang='lat' dir='ltr'><strong>eo</strong></span> 
     </span>
    </p>
   </div>
   <div class='ocr_carea' id='block_1_72' title="bbox 1914 2970 3505 3041">
    <p class='ocr_par' dir='ltr' id='par_1_72' title="bbox 1914 2970 3505 3041">
     <span class='ocr_line' id='line_1_72' title="bbox 1914 2970 3505 3041; baseline -0.002 -13"><span class='ocrx_word' id='word_1_585' title='bbox 1914 2972 2053 3028; x_wconf 91' lang='lat' dir='ltr'><strong>sicut</strong></span> <span class='ocrx_word' id='word_1_586' title='bbox 2080 2973 2150 3028; x_wconf 89' lang='lat' dir='ltr'><strong>de</strong></span> <span class='ocrx_word' id='word_1_587' title='bbox 2189 2987 2318 3040; x_wconf 89' lang='lat' dir='ltr'><strong>ave,</strong></span> <span class='ocrx_word' id='word_1_588' title='bbox 2355 2980 2449 3024; x_wconf 83' lang='lat' dir='ltr'><strong>aut</strong></span> <span class='ocrx_word' id='word_1_589' title='bbox 2478 2970 2728 3040; x_wconf 87' lang='lat' dir='ltr'><strong>alligabis</strong></span> <span class='ocrx_word' id='word_1_590' title='bbox 2768 2986 2890 3024; x_wconf 90' lang='lat' dir='ltr'><strong>cum</strong></span> <span class='ocrx_word' id='word_1_591' title='bbox 2936 2971 3077 3024; x_wconf 91' lang='lat' dir='ltr'><strong>sicut</strong></span> <span class='ocrx_word' id='word_1_592' title='bbox 3114 2987 3393 3041; x_wconf 81' lang='lat' dir='ltr'><strong>passerem</strong></span> <span class='ocrx_word' id='word_1_593' title='bbox 3424 2977 3505 3026; x_wconf 91' lang='lat' dir='ltr'><strong>in-</strong></span> 
     </span>
    </p>
   </div>
   <div class='ocr_carea' id='block_1_73' title="bbox 1916 3061 3503 3134">
    <p class='ocr_par' dir='ltr' id='par_1_73' title="bbox 1916 3061 3503 3134">
     <span class='ocr_line' id='line_1_73' title="bbox 1916 3061 3503 3134; baseline 0 -15"><span class='ocrx_word' id='word_1_594' title='bbox 1916 3064 2157 3120; x_wconf 76' lang='lat' dir='ltr'><strong>fantulo?</strong></span> <span class='ocrx_word' id='word_1_595' title='bbox 2195 3062 2522 3133; x_wconf 71' lang='lat' dir='ltr'><strong>Saginentur</strong></span> <span class='ocrx_word' id='word_1_596' title='bbox 2559 3061 2611 3116; x_wconf 92' lang='lat' dir='ltr'><strong>iu</strong></span> <span class='ocrx_word' id='word_1_597' title='bbox 2658 3077 2724 3117; x_wconf 91' lang='lat' dir='ltr'><strong>eo</strong></span> <span class='ocrx_word' id='word_1_598' title='bbox 2763 3062 3054 3127; x_wconf 84' lang='lat' dir='ltr'><strong>nationes,</strong></span> <span class='ocrx_word' id='word_1_599' title='bbox 3099 3071 3155 3117; x_wconf 93' lang='lat' dir='ltr'><strong>ct</strong></span> <span class='ocrx_word' id='word_1_600' title='bbox 3196 3062 3503 3134; x_wconf 90' lang='lat' dir='ltr'><strong>partiuntur</strong></span> 
     </span>
    </p>
   </div>
   <div class='ocr_carea' id='block_1_74' title="bbox 1833 3153 3504 3224">
    <p class='ocr_par' dir='ltr' id='par_1_74' title="bbox 1833 3153 3504 3224">
     <span class='ocr_line' id='line_1_74' title="bbox 1833 3153 3504 3224; baseline -0.001 -11"><span class='ocrx_word' id='word_1_601' title='bbox 1833 3160 1879 3223; x_wconf 87' lang='lat' dir='ltr'>C</span> <span class='ocrx_word' id='word_1_602' title='bbox 1913 3174 2035 3214; x_wconf 89' lang='lat' dir='ltr'><strong>eum</strong></span> <span class='ocrx_word' id='word_1_603' title='bbox 2075 3156 2391 3212; x_wconf 76' lang='lat' dir='ltr'><strong>Plimuicum</strong></span> <span class='ocrx_word' id='word_1_604' title='bbox 2434 3162 2643 3224; x_wconf 85' lang='lat' dir='ltr'><strong>gentes.</strong></span> <span class='ocrx_word' id='word_1_605' title='bbox 2680 3153 2746 3208; x_wconf 86' lang='lat' dir='ltr'><strong>Et</strong></span> <span class='ocrx_word' id='word_1_606' title='bbox 2782 3169 2971 3211; x_wconf 90' lang='lat' dir='ltr'><strong>omnes</strong></span> <span class='ocrx_word' id='word_1_607' title='bbox 3013 3169 3183 3210; x_wconf 89' lang='lat' dir='ltr'><strong>naves</strong></span> <span class='ocrx_word' id='word_1_608' title='bbox 3217 3156 3261 3210; x_wconf 91' lang='lat' dir='ltr'><strong>si</strong></span> <span class='ocrx_word' id='word_1_609' title='bbox 3306 3172 3504 3212; x_wconf 88' lang='lat' dir='ltr'><strong>convc-</strong></span> 
     </span>
    </p>
   </div>
   <div class='ocr_carea' id='block_1_75' title="bbox 3357 3251 3509 3305">
    <p class='ocr_par' dir='ltr' id='par_1_75' title="bbox 3357 3251 3509 3305">
     <span class='ocr_line' id='line_1_75' title="bbox 3357 3251 3509 3305; baseline 0.007 -1"><span class='ocrx_word' id='word_1_610' title='bbox 3357 3258 3411 3304; x_wconf 94' lang='lat' dir='ltr'><strong>et</strong></span> <span class='ocrx_word' id='word_1_611' title='bbox 3454 3251 3509 3305; x_wconf 90' lang='lat' dir='ltr'><strong>in</strong></span> 
     </span>
    </p>
   </div>
   <div class='ocr_carea' id='block_1_76' title="bbox 1914 3340 3503 3415">
    <p class='ocr_par' dir='ltr' id='par_1_76' title="bbox 1914 3340 3503 3415">
     <span class='ocr_line' id='line_1_76' title="bbox 1914 3340 3503 3415; baseline -0.001 -13"><span class='ocrx_word' id='word_1_612' title='bbox 1914 3345 2144 3402; x_wconf 87' lang='lat' dir='ltr'><strong>navibus</strong></span> <span class='ocrx_word' id='word_1_613' title='bbox 2172 3343 2503 3415; x_wconf 73' lang='lat' dir='ltr'><strong>piscatorum</strong></span> <span class='ocrx_word' id='word_1_614' title='bbox 2540 3350 2699 3410; x_wconf 84' lang='lat' dir='ltr'><strong>caput</strong></span> <span class='ocrx_word' id='word_1_615' title='bbox 2737 3341 2874 3411; x_wconf 85' lang='lat' dir='ltr'><strong>ejus.</strong></span> <span class='ocrx_word' id='word_1_616' title='bbox 2906 3341 2925 3408; x_wconf 92' lang='lat'><strong>1</strong></span> <span class='ocrx_word' id='word_1_617' title='bbox 2963 3340 3215 3412; x_wconf 88' lang='lat' dir='ltr'><strong>Impenes</strong></span> <span class='ocrx_word' id='word_1_618' title='bbox 3243 3351 3420 3398; x_wconf 89' lang='lat' dir='ltr'><strong>autem</strong></span> <span class='ocrx_word' id='word_1_619' title='bbox 3453 3346 3503 3400; x_wconf 86' lang='lat' dir='ltr'><strong>ei</strong></span> 
     </span>
    </p>
   </div>
   <div class='ocr_carea' id='block_1_77' title="bbox 1912 3432 3503 3505">
    <p class='ocr_par' dir='ltr' id='par_1_77' title="bbox 1912 3432 3503 3505">
     <span class='ocr_line' id='line_1_77' title="bbox 1912 3432 3503 3505; baseline 0 -13"><span class='ocrx_word' id='word_1_620' title='bbox 1912 3452 2132 3493; x_wconf 88' lang='lat' dir='ltr'><strong>manum</strong></span> <span class='ocrx_word' id='word_1_621' title='bbox 2165 3434 2482 3491; x_wconf 85' lang='lat' dir='ltr'><strong>recordatus</strong></span> <span class='ocrx_word' id='word_1_622' title='bbox 2525 3449 2750 3504; x_wconf 63' lang='lat' dir='ltr'><strong>pugnae,</strong></span> <span class='ocrx_word' id='word_1_623' title='bbox 2773 3449 2896 3502; x_wconf 79' lang='lat' dir='ltr'><strong>qua:</strong></span> <span class='ocrx_word' id='word_1_624' title='bbox 2929 3432 2989 3486; x_wconf 85' lang='lat' dir='ltr'><strong>fit</strong></span> <span class='ocrx_word' id='word_1_625' title='bbox 3025 3433 3075 3487; x_wconf 93' lang='lat' dir='ltr'><strong>in</strong></span> <span class='ocrx_word' id='word_1_626' title='bbox 3104 3433 3225 3504; x_wconf 87' lang='lat' dir='ltr'><strong>ejus</strong></span> <span class='ocrx_word' id='word_1_627' title='bbox 3248 3449 3503 3505; x_wconf 88' lang='lat' dir='ltr'><strong>corpore,</strong></span> 
     </span>
    </p>
   </div>
   <div class='ocr_carea' id='block_1_78' title="bbox 1912 3523 3503 3601">
    <p class='ocr_par' dir='ltr' id='par_1_78' title="bbox 1912 3523 3503 3601">
     <span class='ocr_line' id='line_1_78' title="bbox 1912 3523 3503 3601; baseline 0.001 -16"><span class='ocrx_word' id='word_1_628' title='bbox 1912 3538 1965 3586; x_wconf 86' lang='lat' dir='ltr'><strong>et</strong></span> <span class='ocrx_word' id='word_1_629' title='bbox 2005 3529 2239 3601; x_wconf 84' lang='lat' dir='ltr'><strong>amplius</strong></span> <span class='ocrx_word' id='word_1_630' title='bbox 2281 3542 2386 3582; x_wconf 92' lang='lat' dir='ltr'><strong>nou</strong></span> <span class='ocrx_word' id='word_1_631' title='bbox 2428 3526 2541 3581; x_wconf 84' lang='lat' dir='ltr'><strong>ﬁat.</strong></span> <span class='ocrx_word' id='word_1_632' title='bbox 2587 3524 2739 3596; x_wconf 86' lang='lat' dir='ltr'><strong>[Cap.</strong></span> <span class='ocrx_word' id='word_1_633' title='bbox 2772 3523 2937 3596; x_wconf 60' lang='grc' dir='ltr'><strong>ΧΗ]</strong></span> <span class='ocrx_word' id='word_1_634' title='bbox 2978 3524 3096 3580; x_wconf 86' lang='lat' dir='ltr'><strong>Non</strong></span> <span class='ocrx_word' id='word_1_635' title='bbox 3126 3527 3307 3582; x_wconf 89' lang='lat' dir='ltr'><strong>vidisti</strong></span> <span class='ocrx_word' id='word_1_636' title='bbox 3350 3543 3503 3597; x_wconf 84' lang='lat' dir='ltr'><strong>eum,</strong></span> 
     </span>
    </p>
   </div>
   <div class='ocr_carea' id='block_1_79' title="bbox 1911 3619 3505 3694">
    <p class='ocr_par' dir='ltr' id='par_1_79' title="bbox 1911 3619 3505 3694">
     <span class='ocr_line' id='line_1_79' title="bbox 1911 3619 3505 3694; baseline -0.001 -15"><span class='ocrx_word' id='word_1_637' title='bbox 1911 3637 2089 3694; x_wconf 88' lang='lat' dir='ltr'><strong>neque</strong></span> <span class='ocrx_word' id='word_1_638' title='bbox 2111 3621 2163 3677; x_wconf 91' lang='lat' dir='ltr'><strong>in</strong></span> <span class='ocrx_word' id='word_1_639' title='bbox 2198 3620 2281 3677; x_wconf 80' lang='lat' dir='ltr'><strong>liis</strong></span> <span class='ocrx_word' id='word_1_640' title='bbox 2318 3636 2439 3691; x_wconf 76' lang='lat' dir='ltr'><strong>qua:</strong></span> <span class='ocrx_word' id='word_1_641' title='bbox 2460 3619 2735 3684; x_wconf 87' lang='lat' dir='ltr'><strong>dicuntur,</strong></span> <span class='ocrx_word' id='word_1_642' title='bbox 2765 3620 2994 3674; x_wconf 86' lang='lat' dir='ltr'><strong>miratus</strong></span> <span class='ocrx_word' id='word_1_643' title='bbox 3020 3635 3115 3685; x_wconf 89' lang='lat' dir='ltr'><strong>es;</strong></span> <span class='ocrx_word' id='word_1_644' title='bbox 3144 3636 3243 3676; x_wconf 87' lang='lat' dir='ltr'><strong>nec</strong></span> <span class='ocrx_word' id='word_1_645' title='bbox 3276 3623 3505 3681; x_wconf 87' lang='lat' dir='ltr'><strong>timuisti</strong></span> 
     </span>
    </p>
   </div>
   <div class='ocr_carea' id='block_1_80' title="bbox 1907 3710 3504 3785">
    <p class='ocr_par' dir='ltr' id='par_1_80' title="bbox 1907 3710 3504 3785">
     <span class='ocr_line' id='line_1_80' title="bbox 1907 3710 3504 3785; baseline 0.001 -16"><span class='ocrx_word' id='word_1_646' title='bbox 1907 3714 2051 3785; x_wconf 82' lang='lat' dir='ltr'><strong>quod</strong></span> <span class='ocrx_word' id='word_1_647' title='bbox 2080 3722 2442 3785; x_wconf 75' lang='lat' dir='ltr'><strong>prteparatnm</strong></span> <span class='ocrx_word' id='word_1_648' title='bbox 2473 3721 2559 3768; x_wconf 85' lang='lat' dir='ltr'><strong>est</strong></span> <span class='ocrx_word' id='word_1_649' title='bbox 2585 3712 2740 3766; x_wconf 79' lang='lat' dir='ltr'><strong>milii.</strong></span> <span class='ocrx_word' id='word_1_650' title='bbox 2769 3711 2905 3779; x_wconf 87' lang='lat' dir='ltr'><strong>Quis</strong></span> <span class='ocrx_word' id='word_1_651' title='bbox 2934 3710 3081 3766; x_wconf 91' lang='lat' dir='ltr'><strong>enim</strong></span> <span class='ocrx_word' id='word_1_652' title='bbox 3122 3721 3209 3766; x_wconf 86' lang='lat' dir='ltr'><strong>est</strong></span> <span class='ocrx_word' id='word_1_653' title='bbox 3246 3714 3336 3783; x_wconf 90' lang='lat' dir='ltr'><strong>qui</strong></span> <span class='ocrx_word' id='word_1_654' title='bbox 3369 3716 3504 3771; x_wconf 91' lang='lat' dir='ltr'><strong>mihi</strong></span> 
     </span>
    </p>
   </div>
   <div class='ocr_carea' id='block_1_81' title="bbox 1908 3802 3508 3873">
    <p class='ocr_par' dir='ltr' id='par_1_81' title="bbox 1908 3802 3508 3873">
     <span class='ocr_line' id='line_1_81' title="bbox 1908 3802 3508 3873; baseline 0 -12"><span class='ocrx_word' id='word_1_655' title='bbox 1908 3805 2161 3872; x_wconf 84' lang='lat' dir='ltr'><strong>resistat,</strong></span> <span class='ocrx_word' id='word_1_656' title='bbox 2205 3812 2297 3859; x_wconf 88' lang='lat' dir='ltr'><strong>aut</strong></span> <span class='ocrx_word' id='word_1_657' title='bbox 2344 3803 2466 3873; x_wconf 91' lang='lat' dir='ltr'><strong>quis</strong></span> <span class='ocrx_word' id='word_1_658' title='bbox 2511 3802 2642 3856; x_wconf 88' lang='lat' dir='ltr'><strong>mihi</strong></span> <span class='ocrx_word' id='word_1_659' title='bbox 2684 3803 2937 3865; x_wconf 87' lang='lat' dir='ltr'><strong>resistet,</strong></span> <span class='ocrx_word' id='word_1_660' title='bbox 2980 3810 3036 3858; x_wconf 92' lang='lat' dir='ltr'><strong>et</strong></span> <span class='ocrx_word' id='word_1_661' title='bbox 3077 3804 3404 3860; x_wconf 80' lang='lat' dir='ltr'><strong>sustinebit?</strong></span> <span class='ocrx_word' id='word_1_662' title='bbox 3450 3807 3508 3863; x_wconf 89' lang='lat' dir='ltr'><strong>Si</strong></span> 
     </span>
    </p>
   </div>
   <div class='ocr_carea' id='block_1_82' title="bbox 1911 3895 3507 3968">
    <p class='ocr_par' dir='ltr' id='par_1_82' title="bbox 1911 3895 3507 3968">
     <span class='ocr_line' id='line_1_82' title="bbox 1911 3895 3507 3968; baseline 0.002 -16"><span class='ocrx_word' id='word_1_663' title='bbox 1911 3912 2071 3953; x_wconf 91' lang='lat' dir='ltr'><strong>omne</strong></span> <span class='ocrx_word' id='word_1_664' title='bbox 2096 3895 2238 3968; x_wconf 89' lang='lat' dir='ltr'><strong>quod</strong></span> <span class='ocrx_word' id='word_1_665' title='bbox 2267 3896 2372 3952; x_wconf 90' lang='lat' dir='ltr'><strong>sub</strong></span> <span class='ocrx_word' id='word_1_666' title='bbox 2397 3895 2538 3952; x_wconf 74' lang='lat' dir='ltr'><strong>creto</strong></span> <span class='ocrx_word' id='word_1_667' title='bbox 2568 3902 2671 3959; x_wconf 89' lang='lat' dir='ltr'><strong>est,</strong></span> <span class='ocrx_word' id='word_1_668' title='bbox 2705 3908 2888 3949; x_wconf 87' lang='lat' dir='ltr'><strong>meum</strong></span> <span class='ocrx_word' id='word_1_669' title='bbox 2921 3895 3042 3950; x_wconf 89' lang='lat' dir='ltr'><strong>est?</strong></span> <span class='ocrx_word' id='word_1_670' title='bbox 3162 3895 3277 3952; x_wconf 89' lang='lat' dir='ltr'><strong>Non</strong></span> <span class='ocrx_word' id='word_1_671' title='bbox 3312 3901 3507 3957; x_wconf 84' lang='lat' dir='ltr'><strong>tacebo</strong></span> 
     </span>
    </p>
   </div>
   <div class='ocr_carea' id='block_1_83' title="bbox 1911 3988 3509 4063">
    <p class='ocr_par' dir='ltr' id='par_1_83' title="bbox 1911 3988 3509 4063">
     <span class='ocr_line' id='line_1_83' title="bbox 1911 3988 3509 4063; baseline 0 -16"><span class='ocrx_word' id='word_1_672' title='bbox 1911 4001 2133 4063; x_wconf 89' lang='lat' dir='ltr'><strong>propter</strong></span> <span class='ocrx_word' id='word_1_673' title='bbox 2148 4006 2298 4056; x_wconf 92' lang='lat' dir='ltr'><strong>eum,</strong></span> <span class='ocrx_word' id='word_1_674' title='bbox 2318 3994 2381 4055; x_wconf 49' lang='lat' dir='ltr'><strong>issi</strong></span> <span class='ocrx_word' id='word_1_675' title='bbox 2398 3997 2455 4045; x_wconf 88' lang='lat' dir='ltr'><strong>et</strong></span> <span class='ocrx_word' id='word_1_676' title='bbox 2482 4003 2664 4044; x_wconf 88' lang='lat' dir='ltr'><strong>sermo</strong></span> <span class='ocrx_word' id='word_1_677' title='bbox 2686 3988 2951 4043; x_wconf 86' lang='lat' dir='ltr'><strong>virtutum</strong></span> <span class='ocrx_word' id='word_1_678' title='bbox 2976 3989 3265 4046; x_wconf 86' lang='lat' dir='ltr'><strong>miseretur</strong></span> <span class='ocrx_word' id='word_1_679' title='bbox 3284 3995 3509 4063; x_wconf 74' lang='lat' dir='ltr'><strong>a‘qualis</strong></span> 
     </span>
    </p>
   </div>
   <div class='ocr_carea' id='block_1_84' title="bbox 1910 4078 3507 4153">
    <p class='ocr_par' dir='ltr' id='par_1_84' title="bbox 1910 4078 3507 4153">
     <span class='ocr_line' id='line_1_84' title="bbox 1910 4078 3507 4153; baseline 0.002 -14"><span class='ocrx_word' id='word_1_680' title='bbox 1910 4084 2015 4140; x_wconf 89' lang='lat' dir='ltr'><strong>sui.</strong></span> <span class='ocrx_word' id='word_1_681' title='bbox 2050 4084 2070 4153; x_wconf 94' lang='lat'><strong>1</strong></span> <span class='ocrx_word' id='word_1_682' title='bbox 2106 4082 2240 4152; x_wconf 85' lang='lat' dir='ltr'><strong>Quis</strong></span> <span class='ocrx_word' id='word_1_683' title='bbox 2276 4080 2572 4137; x_wconf 89' lang='lat' dir='ltr'><strong>deuudabit</strong></span> <span class='ocrx_word' id='word_1_684' title='bbox 2612 4078 2806 4136; x_wconf 80' lang='lat' dir='ltr'><strong>faciem</strong></span> <span class='ocrx_word' id='word_1_685' title='bbox 2838 4080 3067 4137; x_wconf 85' lang='lat' dir='ltr'><strong>vestitus</strong></span> <span class='ocrx_word' id='word_1_686' title='bbox 3108 4082 3227 4153; x_wconf 88' lang='lat' dir='ltr'><strong>ejus</strong></span> <span class='ocrx_word' id='word_1_687' title='bbox 3249 4124 3264 4148; x_wconf 92' lang='lat'><strong>,</strong></span> <span class='ocrx_word' id='word_1_688' title='bbox 3313 4095 3407 4140; x_wconf 90' lang='lat' dir='ltr'><strong>aut</strong></span> <span class='ocrx_word' id='word_1_689' title='bbox 3452 4088 3507 4143; x_wconf 90' lang='lat' dir='ltr'><strong>in</strong></span> 
     </span>
    </p>
   </div>
   <div class='ocr_carea' id='block_1_85' title="bbox 1911 4172 3509 4251">
    <p class='ocr_par' dir='ltr' id='par_1_85' title="bbox 1911 4172 3509 4251">
     <span class='ocr_line' id='line_1_85' title="bbox 1911 4172 3509 4251; baseline 0.001 -17"><span class='ocrx_word' id='word_1_690' title='bbox 1911 4174 2283 4251; x_wconf 84' lang='lat' dir='ltr'><strong>duplicatieue</strong></span> <span class='ocrx_word' id='word_1_691' title='bbox 2330 4172 2565 4231; x_wconf 83' lang='lat' dir='ltr'><strong>thoracis</strong></span> <span class='ocrx_word' id='word_1_692' title='bbox 2609 4172 2728 4245; x_wconf 88' lang='lat' dir='ltr'><strong>ejus</strong></span> <span class='ocrx_word' id='word_1_693' title='bbox 2756 4215 2769 4240; x_wconf 93' lang='lat'><strong>,</strong></span> <span class='ocrx_word' id='word_1_694' title='bbox 2835 4173 2956 4245; x_wconf 90' lang='lat' dir='ltr'><strong>quis</strong></span> <span class='ocrx_word' id='word_1_695' title='bbox 3006 4175 3267 4231; x_wconf 87' lang='lat' dir='ltr'><strong>intrabit?</strong></span> <span class='ocrx_word' id='word_1_696' title='bbox 3315 4179 3509 4235; x_wconf 85' lang='lat' dir='ltr'><strong>Portas</strong></span> 
     </span>
    </p>
   </div>
   <div class='ocr_carea' id='block_1_86' title="bbox 1911 4263 3509 4337">
    <p class='ocr_par' dir='ltr' id='par_1_86' title="bbox 1911 4263 3509 4337">
     <span class='ocr_line' id='line_1_86' title="bbox 1911 4263 3509 4337; baseline 0.002 -15"><span class='ocrx_word' id='word_1_697' title='bbox 1911 4268 2089 4324; x_wconf 90' lang='lat' dir='ltr'><strong>vultus</strong></span> <span class='ocrx_word' id='word_1_698' title='bbox 2115 4267 2239 4337; x_wconf 86' lang='lat' dir='ltr'><strong>ejus</strong></span> <span class='ocrx_word' id='word_1_699' title='bbox 2264 4266 2387 4337; x_wconf 91' lang='lat' dir='ltr'><strong>quis</strong></span> <span class='ocrx_word' id='word_1_700' title='bbox 2408 4263 2659 4336; x_wconf 82' lang='lat' dir='ltr'><strong>aperiet?</strong></span> <span class='ocrx_word' id='word_1_701' title='bbox 2680 4263 2838 4322; x_wconf 88' lang='lat' dir='ltr'><strong>Circa</strong></span> <span class='ocrx_word' id='word_1_702' title='bbox 2862 4264 3054 4323; x_wconf 88' lang='lat' dir='ltr'><strong>dentes</strong></span> <span class='ocrx_word' id='word_1_703' title='bbox 3075 4266 3193 4336; x_wconf 90' lang='lat' dir='ltr'><strong>ejus</strong></span> <span class='ocrx_word' id='word_1_704' title='bbox 3214 4277 3298 4323; x_wconf 87' lang='lat' dir='ltr'><strong>est</strong></span> <span class='ocrx_word' id='word_1_705' title='bbox 3324 4270 3509 4337; x_wconf 87' lang='lat' dir='ltr'><strong>timor,</strong></span> 
     </span>
    </p>
   </div>
   <div class='ocr_carea' id='block_1_87' title="bbox 1911 4356 3509 4433">
    <p class='ocr_par' dir='ltr' id='par_1_87' title="bbox 1911 4356 3509 4433">
     <span class='ocr_line' id='line_1_87' title="bbox 1911 4356 3509 4433; baseline -0.001 -14"><span class='ocrx_word' id='word_1_706' title='bbox 1911 4370 1966 4419; x_wconf 90' lang='lat' dir='ltr'><strong>ct</strong></span> <span class='ocrx_word' id='word_1_707' title='bbox 1988 4360 2041 4419; x_wconf 89' lang='lat' dir='ltr'><strong>in</strong></span> <span class='ocrx_word' id='word_1_708' title='bbox 2072 4358 2391 4433; x_wconf 61' lang='lat' dir='ltr'><strong>praecordiis</strong></span> <span class='ocrx_word' id='word_1_709' title='bbox 2413 4359 2533 4431; x_wconf 87' lang='lat' dir='ltr'><strong>ejus</strong></span> <span class='ocrx_word' id='word_1_710' title='bbox 2552 4366 2706 4416; x_wconf 87' lang='lat' dir='ltr'><strong>scuta</strong></span> <span class='ocrx_word' id='word_1_711' title='bbox 2728 4373 2891 4416; x_wconf 80' lang='lat' dir='ltr'><strong>:erea.</strong></span> <span class='ocrx_word' id='word_1_712' title='bbox 2913 4356 3206 4431; x_wconf 84' lang='lat' dir='ltr'><strong>Colligatio</strong></span> <span class='ocrx_word' id='word_1_713' title='bbox 3229 4358 3347 4429; x_wconf 87' lang='lat' dir='ltr'><strong>ejus</strong></span> <span class='ocrx_word' id='word_1_714' title='bbox 3369 4363 3509 4417; x_wconf 89' lang='lat' dir='ltr'><strong>sicut</strong></span> 
     </span>
    </p>
   </div>
   <div class='ocr_carea' id='block_1_88' title="bbox 1914 3246 3314 3319">
    <p class='ocr_par' dir='ltr' id='par_1_88' title="bbox 1914 3246 3314 3319">
     <span class='ocr_line' id='line_1_88' title="bbox 1914 3246 3314 3319; baseline -0.002 -12"><span class='ocrx_word' id='word_1_715' title='bbox 1914 3253 2065 3307; x_wconf 88' lang='lat' dir='ltr'><strong>niant</strong></span> <span class='ocrx_word' id='word_1_716' title='bbox 2091 3296 2104 3319; x_wconf 94' lang='lat'><strong>,</strong></span> <span class='ocrx_word' id='word_1_717' title='bbox 2146 3263 2254 3305; x_wconf 90' lang='lat' dir='ltr'><strong>non</strong></span> <span class='ocrx_word' id='word_1_718' title='bbox 2295 3247 2591 3319; x_wconf 86' lang='lat' dir='ltr'><strong>portabunt</strong></span> <span class='ocrx_word' id='word_1_719' title='bbox 2627 3246 2838 3302; x_wconf 86' lang='lat' dir='ltr'><strong>corium</strong></span> <span class='ocrx_word' id='word_1_720' title='bbox 2876 3247 3059 3301; x_wconf 65' lang='lat' dir='ltr'><strong>cauda:</strong></span> <span class='ocrx_word' id='word_1_721' title='bbox 3100 3247 3217 3318; x_wconf 87' lang='lat' dir='ltr'><strong>ejus</strong></span> <span class='ocrx_word' id='word_1_722' title='bbox 3262 3264 3314 3315; x_wconf 54' lang='grc' dir='ltr'><strong>,εει</strong></span> 
     </span>
    </p>
   </div>
   <div class='ocr_carea' id='block_1_89' title="bbox 287 4606 2551 4704">
    <p class='ocr_par' dir='ltr' id='par_1_89' title="bbox 287 4606 2551 4704">
     <span class='ocr_line' id='line_1_89' title="bbox 287 4606 2551 4704; baseline -0.004 -13"><span class='ocrx_word' id='word_1_723' title='bbox 287 4646 311 4675; x_wconf 69' lang='grc' dir='ltr'>α</span> <span class='ocrx_word' id='word_1_724' title='bbox 324 4635 527 4696; x_wconf 76' lang='lat' dir='ltr'><strong>Vitiosa</strong></span> <span class='ocrx_word' id='word_1_725' title='bbox 541 4635 819 4704; x_wconf 65' lang='lat' dir='ltr'><strong>naniam,</strong></span> <span class='ocrx_word' id='word_1_726' title='bbox 836 4634 889 4691; x_wconf 84' lang='lat' dir='ltr'><strong>in</strong></span> <span class='ocrx_word' id='word_1_727' title='bbox 904 4650 1104 4701; x_wconf 76' lang='lat' dir='ltr'><strong>arcam,</strong></span> <span class='ocrx_word' id='word_1_728' title='bbox 1120 4606 1311 4690; x_wconf 70' lang='lat' dir='ltr'><strong>contra</strong></span> <span class='ocrx_word' id='word_1_729' title='bbox 1328 4630 1579 4689; x_wconf 85' lang='lat' dir='ltr'><strong>Graecum</strong></span> <span class='ocrx_word' id='word_1_730' title='bbox 1593 4637 1798 4687; x_wconf 78' lang='lat' dir='ltr'><strong>textum</strong></span> <span class='ocrx_word' id='word_1_731' title='bbox 1825 4627 1879 4692; x_wconf 87' lang='lat' dir='ltr'><strong><em>D</em></strong></span> <span class='ocrx_word' id='word_1_732' title='bbox 1907 4627 2093 4704; x_wconf 67' lang='lat' dir='ltr'><strong>Deum,</strong></span> <span class='ocrx_word' id='word_1_733' title='bbox 2122 4642 2221 4704; x_wconf 83' lang='lat' dir='ltr'><strong>pro</strong></span> <span class='ocrx_word' id='word_1_734' title='bbox 2247 4623 2551 4683; x_wconf 82' lang='lat' dir='ltr'><strong>Dominum.</strong></span> 
     </span>
    </p>
   </div>
   <div class='ocr_carea' id='block_1_90' title="bbox 223 4706 1311 4778">
    <p class='ocr_par' dir='ltr' id='par_1_90' title="bbox 223 4706 1311 4778">
     <span class='ocr_line' id='line_1_90' title="bbox 223 4706 1311 4778; baseline 0 -18"><span class='ocrx_word' id='word_1_735' title='bbox 223 4710 285 4768; x_wconf 82' lang='lat' dir='ltr'><strong>n‘;</strong></span> <span class='ocrx_word' id='word_1_736' title='bbox 312 4708 471 4768; x_wconf 69' lang='grc' dir='ltr'>ἆὶωνα</span> <span class='ocrx_word' id='word_1_737' title='bbox 492 4752 506 4775; x_wconf 84' lang='grc'><strong><em>,</em></strong></span> <span class='ocrx_word' id='word_1_738' title='bbox 539 4718 703 4777; x_wconf 87' lang='lat' dir='ltr'><strong>atque</strong></span> <span class='ocrx_word' id='word_1_739' title='bbox 732 4710 905 4778; x_wconf 91' lang='lat' dir='ltr'><strong>ipsum</strong></span> <span class='ocrx_word' id='word_1_740' title='bbox 933 4706 1311 4775; x_wconf 79' lang='lat' dir='ltr'><strong>Augustinum.</strong></span> 
     </span>
    </p>
   </div>
   <div class='ocr_carea' id='block_1_91' title="bbox 288 4773 1795 4848">
    <p class='ocr_par' dir='ltr' id='par_1_91' title="bbox 288 4773 1795 4848">
     <span class='ocr_line' id='line_1_91' title="bbox 288 4773 1795 4848; baseline -0.006 -11"><span class='ocrx_word' id='word_1_741' title='bbox 288 4778 314 4818; x_wconf 74' lang='grc' dir='ltr'>δ</span> <span class='ocrx_word' id='word_1_742' title='bbox 342 4773 539 4837; x_wconf 85' lang='lat' dir='ltr'><strong>Partim</strong></span> <span class='ocrx_word' id='word_1_743' title='bbox 572 4773 640 4836; x_wconf 68' lang='lat' dir='ltr'><strong>ei</strong></span> <span class='ocrx_word' id='word_1_744' title='bbox 672 4773 1041 4848; x_wconf 52' lang='lat' dir='ltr'><strong>Au’gusrino,&quot;</strong></span> <span class='ocrx_word' id='word_1_745' title='bbox 1057 4778 1249 4844; x_wconf 88' lang='lat' dir='ltr'><strong>partim</strong></span> <span class='ocrx_word' id='word_1_746' title='bbox 1294 4790 1361 4848; x_wconf 80' lang='lat' dir='ltr'><strong>ex</strong></span> <span class='ocrx_word' id='word_1_747' title='bbox 1400 4773 1592 4848; x_wconf 60' lang='lat' dir='ltr'><strong>Graeco</strong></span> <span class='ocrx_word' id='word_1_748' title='bbox 1644 4780 1795 4828; x_wconf 74' lang='lat' dir='ltr'><strong>textu</strong></span> 
     </span>
    </p>
   </div>
   <div class='ocr_carea' id='block_1_92' title="bbox 225 4845 1792 4919">
    <p class='ocr_par' dir='ltr' id='par_1_92' title="bbox 225 4845 1792 4919">
     <span class='ocr_line' id='line_1_92' title="bbox 225 4845 1792 4919; baseline -0.001 -19"><span class='ocrx_word' id='word_1_749' title='bbox 225 4847 386 4905; x_wconf 83' lang='lat' dir='ltr'><strong>locum</strong></span> <span class='ocrx_word' id='word_1_750' title='bbox 420 4854 559 4907; x_wconf 80' lang='lat' dir='ltr'><strong>hutic</strong></span> <span class='ocrx_word' id='word_1_751' title='bbox 586 4845 944 4906; x_wconf 77' lang='lat' dir='ltr'><strong>restituimus.</strong></span> <span class='ocrx_word' id='word_1_752' title='bbox 974 4848 1180 4919; x_wconf 82' lang='lat' dir='ltr'><strong>Nomen</strong></span> <span class='ocrx_word' id='word_1_753' title='bbox 1204 4846 1338 4919; x_wconf 80' lang='lat' dir='ltr'><strong>agri,</strong></span> <span class='ocrx_word' id='word_1_754' title='bbox 1370 4845 1515 4919; x_wconf 85' lang='lat' dir='ltr'><strong>q_uod</strong></span> <span class='ocrx_word' id='word_1_755' title='bbox 1540 4853 1792 4919; x_wconf 81' lang='lat' dir='ltr'><strong>uterque,</strong></span> 
     </span>
    </p>
   </div>
   <div class='ocr_carea' id='block_1_93' title="bbox 224 4914 1795 4980">
    <p class='ocr_par' dir='ltr' id='par_1_93' title="bbox 224 4914 1795 4980">
     <span class='ocr_line' id='line_1_93' title="bbox 224 4914 1795 4980; baseline -0.004 -5"><span class='ocrx_word' id='word_1_756' title='bbox 224 4919 378 4979; x_wconf 69' lang='lat' dir='ltr'><strong>immo</strong></span> <span class='ocrx_word' id='word_1_757' title='bbox 400 4934 453 4979; x_wconf 87' lang='lat' dir='ltr'><strong>et</strong></span> <span class='ocrx_word' id='word_1_758' title='bbox 478 4923 603 4979; x_wconf 89' lang='lat' dir='ltr'><strong>libri</strong></span> <span class='ocrx_word' id='word_1_759' title='bbox 636 4936 830 4976; x_wconf 90' lang='lat' dir='ltr'><strong>omnes</strong></span> <span class='ocrx_word' id='word_1_760' title='bbox 854 4922 1111 4980; x_wconf 85' lang='lat' dir='ltr'><strong>retinent.</strong></span> <span class='ocrx_word' id='word_1_761' title='bbox 1143 4914 1348 4974; x_wconf 71' lang='lat' dir='ltr'><strong>deerat.</strong></span> <span class='ocrx_word' id='word_1_762' title='bbox 1380 4914 1649 4971; x_wconf 74' lang='lat' dir='ltr'><strong>Czeterum</strong></span> <span class='ocrx_word' id='word_1_763' title='bbox 1681 4914 1795 4969; x_wconf 80' lang='lat' dir='ltr'><strong>Au-</strong></span> 
     </span>
    </p>
   </div>
   <div class='ocr_carea' id='block_1_94' title="bbox 220 4986 1799 5060">
    <p class='ocr_par' dir='ltr' id='par_1_94' title="bbox 220 4986 1799 5060">
     <span class='ocr_line' id='line_1_94' title="bbox 220 4986 1799 5060; baseline -0.006 -13"><span class='ocrx_word' id='word_1_764' title='bbox 220 4995 457 5057; x_wconf 79' lang='lat' dir='ltr'><strong>gustinus</strong></span> <span class='ocrx_word' id='word_1_765' title='bbox 489 4992 687 5049; x_wconf 82' lang='lat' dir='ltr'><strong>minori</strong></span> <span class='ocrx_word' id='word_1_766' title='bbox 726 5007 952 5047; x_wconf 88' lang='lat' dir='ltr'><strong>numero</strong></span> <span class='ocrx_word' id='word_1_767' title='bbox 981 4988 1230 5060; x_wconf 64' lang='lat' dir='ltr'><strong>praefert,</strong></span> <span class='ocrx_word' id='word_1_768' title='bbox 1262 4988 1422 5042; x_wconf 82' lang='lat' dir='ltr'><strong>bestia</strong></span> <span class='ocrx_word' id='word_1_769' title='bbox 1450 4989 1562 5057; x_wconf 81' lang='lat' dir='ltr'><strong>agri</strong></span> <span class='ocrx_word' id='word_1_770' title='bbox 1586 4986 1799 5060; x_wconf 75' lang='lat' dir='ltr'><strong>concul-</strong></span> 
     </span>
    </p>
   </div>
   <div class='ocr_carea' id='block_1_95' title="bbox 221 5056 1799 5133">
    <p class='ocr_par' dir='ltr' id='par_1_95' title="bbox 221 5056 1799 5133">
     <span class='ocr_line' id='line_1_95' title="bbox 221 5056 1799 5133; baseline 0 -23"><span class='ocrx_word' id='word_1_771' title='bbox 221 5056 367 5117; x_wconf 67' lang='lat' dir='ltr'><strong>enim.</strong></span> <span class='ocrx_word' id='word_1_772' title='bbox 386 5064 761 5120; x_wconf 63' lang='lat' dir='ltr'><strong>Praei-edentes</strong></span> <span class='ocrx_word' id='word_1_773' title='bbox 787 5056 1003 5133; x_wconf 78' lang='lat' dir='ltr'><strong>quoque</strong></span> <span class='ocrx_word' id='word_1_774' title='bbox 1027 5061 1317 5133; x_wconf 78' lang='lat' dir='ltr'><strong>asteriscos</strong></span> <span class='ocrx_word' id='word_1_775' title='bbox 1342 5056 1551 5133; x_wconf 82' lang='lat' dir='ltr'><strong>aliquot</strong></span> <span class='ocrx_word' id='word_1_776' title='bbox 1574 5056 1799 5127; x_wconf 80' lang='lat' dir='ltr'><strong>supple-</strong></span> 
     </span>
    </p>
   </div>
   <div class='ocr_carea' id='block_1_96' title="bbox 227 5130 1797 5212">
    <p class='ocr_par' dir='ltr' id='par_1_96' title="bbox 227 5130 1797 5212">
     <span class='ocr_line' id='line_1_96' title="bbox 227 5130 1797 5212; baseline -0.003 -26"><span class='ocrx_word' id='word_1_777' title='bbox 227 5133 420 5212; x_wconf 76' lang='lat' dir='ltr'><strong>vimus,</strong></span> <span class='ocrx_word' id='word_1_778' title='bbox 461 5146 623 5207; x_wconf 86' lang='lat' dir='ltr'><strong>atque</strong></span> <span class='ocrx_word' id='word_1_779' title='bbox 669 5130 818 5190; x_wconf 77' lang='lat' dir='ltr'><strong>infra</strong></span> <span class='ocrx_word' id='word_1_780' title='bbox 852 5130 1017 5189; x_wconf 82' lang='lat' dir='ltr'><strong>unum</strong></span> <span class='ocrx_word' id='word_1_781' title='bbox 1054 5131 1147 5202; x_wconf 90' lang='lat' dir='ltr'><strong>qui</strong></span> <span class='ocrx_word' id='word_1_782' title='bbox 1175 5130 1546 5187; x_wconf 82' lang='lat' dir='ltr'><strong>abundaverat</strong></span> <span class='ocrx_word' id='word_1_783' title='bbox 1586 5143 1797 5199; x_wconf 80' lang='lat' dir='ltr'><strong>expun-</strong></span> 
     </span>
    </p>
   </div>
   <div class='ocr_carea' id='block_1_97' title="bbox 226 5217 412 5261">
    <p class='ocr_par' dir='ltr' id='par_1_97' title="bbox 226 5217 412 5261">
     <span class='ocr_line' id='line_1_97' title="bbox 226 5217 412 5261; baseline 0.032 -6"><span class='ocrx_word' id='word_1_784' title='bbox 226 5217 412 5261; x_wconf 78' lang='lat' dir='ltr'><strong>mnus.</strong></span> 
     </span>
    </p>
   </div>
   <div class='ocr_carea' id='block_1_98' title="bbox 295 5272 1801 5349">
    <p class='ocr_par' dir='ltr' id='par_1_98' title="bbox 295 5272 1801 5349">
     <span class='ocr_line' id='line_1_98' title="bbox 295 5272 1801 5349; baseline -0.005 -16"><span class='ocrx_word' id='word_1_785' title='bbox 295 5287 316 5314; x_wconf 73' lang='grc' dir='ltr'><strong>ε</strong></span> <span class='ocrx_word' id='word_1_786' title='bbox 344 5276 464 5349; x_wconf 69' lang='lat' dir='ltr'><strong>Erat</strong></span> <span class='ocrx_word' id='word_1_787' title='bbox 488 5279 540 5333; x_wconf 90' lang='lat' dir='ltr'><strong>in</strong></span> <span class='ocrx_word' id='word_1_788' title='bbox 566 5288 719 5335; x_wconf 86' lang='lat' dir='ltr'><strong>recte</strong></span> <span class='ocrx_word' id='word_1_789' title='bbox 746 5277 942 5349; x_wconf 83' lang='lat' dir='ltr'><strong>gloria,</strong></span> <span class='ocrx_word' id='word_1_790' title='bbox 968 5290 1065 5349; x_wconf 62' lang='lat' dir='ltr'><strong>pro</strong></span> <span class='ocrx_word' id='word_1_791' title='bbox 1087 5272 1285 5349; x_wconf 66' lang='lat' dir='ltr'><strong>glorittz,</strong></span> <span class='ocrx_word' id='word_1_792' title='bbox 1305 5287 1467 5349; x_wconf 2' lang='lat' dir='ltr'><strong>[quem</strong></span> <span class='ocrx_word' id='word_1_793' title='bbox 1492 5285 1675 5328; x_wconf 87' lang='lat' dir='ltr'><strong>casum</strong></span> <span class='ocrx_word' id='word_1_794' title='bbox 1695 5285 1801 5326; x_wconf 82' lang='lat' dir='ltr'><strong>una</strong></span> 
     </span>
    </p>
   </div>
   <div class='ocr_carea' id='block_1_99' title="bbox 227 5344 1605 5426">
    <p class='ocr_par' dir='ltr' id='par_1_99' title="bbox 227 5344 1605 5426">
     <span class='ocr_line' id='line_1_99' title="bbox 227 5344 1605 5426; baseline -0.003 -24"><span class='ocrx_word' id='word_1_795' title='bbox 227 5347 508 5426; x_wconf 35' lang='lat' dir='ltr'><strong>prmf‘eruut</strong></span> <span class='ocrx_word' id='word_1_796' title='bbox 534 5344 869 5426; x_wconf 71' lang='lat' dir='ltr'><strong>Augustinus</strong></span> <span class='ocrx_word' id='word_1_797' title='bbox 897 5344 1202 5426; x_wconf 61' lang='lat' dir='ltr'><strong>etGraéeus</strong></span> <span class='ocrx_word' id='word_1_798' title='bbox 1230 5344 1398 5426; x_wconf 48' lang='grc' dir='ltr'><strong>δόξα..</strong></span> <span class='ocrx_word' id='word_1_799' title='bbox 1451 5414 1498 5426; x_wconf 81' lang='lat'><strong>__</strong></span> <span class='ocrx_word' id='word_1_800' title='bbox 1593 5414 1605 5426; x_wconf 46' lang='lat'><em>.</em></span> 
     </span>
    </p>
   </div>
   <div class='ocr_carea' id='block_1_100' title="bbox 291 5414 1800 5490">
    <p class='ocr_par' dir='ltr' id='par_1_100' title="bbox 291 5414 1800 5490">
     <span class='ocr_line' id='line_1_100' title="bbox 291 5414 1800 5490; baseline -0.003 -15"><span class='ocrx_word' id='word_1_801' title='bbox 291 5416 317 5453; x_wconf 70' lang='grc'><strong><em>⁸³</em></strong></span> <span class='ocrx_word' id='word_1_802' title='bbox 342 5414 723 5490; x_wconf 64' lang='grc' dir='ltr'>Ρει-ιιετειιιιξτις</span> <span class='ocrx_word' id='word_1_803' title='bbox 749 5420 897 5477; x_wconf 88' lang='lat' dir='ltr'><strong>nullo</strong></span> <span class='ocrx_word' id='word_1_804' title='bbox 920 5418 1092 5473; x_wconf 84' lang='lat' dir='ltr'><strong>ferme</strong></span> <span class='ocrx_word' id='word_1_805' title='bbox 1109 5430 1280 5490; x_wconf 79' lang='lat' dir='ltr'><strong>sensit</strong></span> <span class='ocrx_word' id='word_1_806' title='bbox 1300 5416 1427 5486; x_wconf 77' lang='lat' dir='ltr'><strong>legit</strong></span> <span class='ocrx_word' id='word_1_807' title='bbox 1450 5414 1800 5490; x_wconf 69' lang='lat' dir='ltr'><strong>Martiaumus</strong></span> 
     </span>
    </p>
   </div>
   <div class='ocr_carea' id='block_1_101' title="bbox 226 5487 1796 5563">
    <p class='ocr_par' dir='ltr' id='par_1_101' title="bbox 226 5487 1796 5563">
     <span class='ocr_line' id='line_1_101' title="bbox 226 5487 1796 5563; baseline -0.003 -20"><span class='ocrx_word' id='word_1_808' title='bbox 226 5500 285 5539; x_wconf 64' lang='lat' dir='ltr'><strong>at</strong></span> <span class='ocrx_word' id='word_1_809' title='bbox 305 5487 462 5563; x_wconf 61' lang='lat' dir='ltr'><strong>passis</strong></span> <span class='ocrx_word' id='word_1_810' title='bbox 486 5487 683 5563; x_wconf 77' lang='lat' dir='ltr'><strong>pennis,</strong></span> <span class='ocrx_word' id='word_1_811' title='bbox 700 5509 798 5563; x_wconf 89' lang='lat' dir='ltr'><strong>pro</strong></span> <span class='ocrx_word' id='word_1_812' title='bbox 822 5490 1087 5563; x_wconf 70' lang='lat' dir='ltr'><strong>expansis,</strong></span> <span class='ocrx_word' id='word_1_813' title='bbox 1112 5499 1243 5551; x_wconf 86' lang='lat' dir='ltr'><strong>etc.,</strong></span> <span class='ocrx_word' id='word_1_814' title='bbox 1263 5488 1414 5556; x_wconf 80' lang='lat' dir='ltr'><strong>juxta</strong></span> <span class='ocrx_word' id='word_1_815' title='bbox 1439 5487 1796 5555; x_wconf 79' lang='lat' dir='ltr'><strong>Augustinum</strong></span> 
     </span>
    </p>
   </div>
   <div class='ocr_carea' id='block_1_102' title="bbox 224 5559 1804 5632">
    <p class='ocr_par' dir='ltr' id='par_1_102' title="bbox 224 5559 1804 5632">
     <span class='ocr_line' id='line_1_102' title="bbox 224 5559 1804 5632; baseline -0.005 -13"><span class='ocrx_word' id='word_1_816' title='bbox 224 5570 276 5610; x_wconf 63' lang='lat' dir='ltr'><strong>ei</strong></span> <span class='ocrx_word' id='word_1_817' title='bbox 299 5559 539 5632; x_wconf 59' lang='lat' dir='ltr'><strong>ﬁmum</strong></span> <span class='ocrx_word' id='word_1_818' title='bbox 566 5559 789 5620; x_wconf 76' lang='lat' dir='ltr'><strong>sensura</strong></span> <span class='ocrx_word' id='word_1_819' title='bbox 819 5605 833 5629; x_wconf 91' lang='lat'><strong>,</strong></span> <span class='ocrx_word' id='word_1_820' title='bbox 868 5559 936 5617; x_wconf 81' lang='lat' dir='ltr'><strong>ad</strong></span> <span class='ocrx_word' id='word_1_821' title='bbox 968 5574 1109 5632; x_wconf 87' lang='lat' dir='ltr'><strong>quos</strong></span> <span class='ocrx_word' id='word_1_822' title='bbox 1140 5568 1349 5632; x_wconf 82' lang='lat' dir='ltr'><strong>textus,</strong></span> <span class='ocrx_word' id='word_1_823' title='bbox 1380 5568 1428 5611; x_wconf 79' lang='lat' dir='ltr'><strong>et</strong></span> <span class='ocrx_word' id='word_1_824' title='bbox 1468 5571 1684 5626; x_wconf 86' lang='lat' dir='ltr'><strong>quoque</strong></span> <span class='ocrx_word' id='word_1_825' title='bbox 1711 5569 1804 5611; x_wconf 91' lang='lat' dir='ltr'><strong>co-</strong></span> 
     </span>
    </p>
   </div>
   <div class='ocr_carea' id='block_1_103' title="bbox 228 5629 1302 5702">
    <p class='ocr_par' dir='ltr' id='par_1_103' title="bbox 228 5629 1302 5702">
     <span class='ocr_line' id='line_1_103' title="bbox 228 5629 1302 5702; baseline -0.01 -8"><span class='ocrx_word' id='word_1_826' title='bbox 228 5629 395 5694; x_wconf 70' lang='lat' dir='ltr'><strong>Pﬂlam</strong></span> <span class='ocrx_word' id='word_1_827' title='bbox 423 5647 538 5701; x_wconf 85' lang='lat' dir='ltr'><strong>post</strong></span> <span class='ocrx_word' id='word_1_828' title='bbox 566 5636 889 5691; x_wconf 83' lang='lat' dir='ltr'><strong>asteriscum</strong></span> <span class='ocrx_word' id='word_1_829' title='bbox 920 5629 1302 5702; x_wconf 77' lang='lat' dir='ltr'><strong>expttnxiuuts.</strong></span> 
     </span>
    </p>
   </div>
   <div class='ocr_carea' id='block_1_104' title="bbox 300 5696 1805 5776">
    <p class='ocr_par' dir='ltr' id='par_1_104' title="bbox 300 5696 1805 5776">
     <span class='ocr_line' id='line_1_104' title="bbox 300 5696 1805 5776; baseline -0.007 -17"><span class='ocrx_word' id='word_1_830' title='bbox 300 5696 513 5776; x_wconf 63' lang='lat' dir='ltr'><strong>caute:</strong></span> <span class='ocrx_word' id='word_1_831' title='bbox 546 5709 684 5775; x_wconf 86' lang='lat' dir='ltr'><strong>apud</strong></span> <span class='ocrx_word' id='word_1_832' title='bbox 728 5696 1091 5776; x_wconf 77' lang='lat' dir='ltr'><strong>Augustinum</strong></span> <span class='ocrx_word' id='word_1_833' title='bbox 1141 5719 1179 5776; x_wconf 90' lang='lat'><strong>:_</strong></span> <span class='ocrx_word' id='word_1_834' title='bbox 1206 5700 1487 5776; x_wconf 70' lang='lat' dir='ltr'><strong>Respondit</strong></span> <span class='ocrx_word' id='word_1_835' title='bbox 1528 5696 1805 5776; x_wconf 69' lang='lat' dir='ltr'><strong>Dominus,</strong></span> 
     </span>
    </p>
   </div>
   <div class='ocr_carea' id='block_1_105' title="bbox 226 5770 1808 5851">
    <p class='ocr_par' dir='ltr' id='par_1_105' title="bbox 226 5770 1808 5851">
     <span class='ocr_line' id='line_1_105' title="bbox 226 5770 1808 5851; baseline 0.001 -30"><span class='ocrx_word' id='word_1_836' title='bbox 226 5779 269 5822; x_wconf 77' lang='lat' dir='ltr'><strong>et</strong></span> <span class='ocrx_word' id='word_1_837' title='bbox 300 5772 444 5848; x_wconf 67' lang='lat' dir='ltr'><strong>dixit,</strong></span> <span class='ocrx_word' id='word_1_838' title='bbox 476 5770 764 5851; x_wconf 57' lang='lat' dir='ltr'><strong>Numquid,</strong></span> <span class='ocrx_word' id='word_1_839' title='bbox 794 5770 929 5847; x_wconf 56' lang='grc' dir='ltr'><strong>(ἧος</strong></span> <span class='ocrx_word' id='word_1_840' title='bbox 962 5784 1071 5832; x_wconf 83' lang='lat' dir='ltr'><strong>lum</strong></span> <span class='ocrx_word' id='word_1_841' title='bbox 1094 5774 1327 5847; x_wconf 71' lang='lat' dir='ltr'><strong>quiescit,</strong></span> <span class='ocrx_word' id='word_1_842' title='bbox 1361 5786 1457 5842; x_wconf 78' lang='lat' dir='ltr'><strong>pro</strong></span> <span class='ocrx_word' id='word_1_843' title='bbox 1477 5770 1719 5841; x_wconf 63' lang='lat' dir='ltr'><strong>quiescet,</strong></span> <span class='ocrx_word' id='word_1_844' title='bbox 1751 5777 1808 5824; x_wconf 86' lang='lat' dir='ltr'><strong>ct</strong></span> 
     </span>
    </p>
   </div>
   <div class='ocr_carea' id='block_1_106' title="bbox 1979 4699 3493 4786">
    <p class='ocr_par' dir='ltr' id='par_1_106' title="bbox 1979 4699 3493 4786">
     <span class='ocr_line' id='line_1_106' title="bbox 1979 4699 3493 4786; baseline 0.008 -31"><span class='ocrx_word' id='word_1_845' title='bbox 1979 4699 1998 4738; x_wconf 77' lang='grc' dir='ltr'>ί</span> <span class='ocrx_word' id='word_1_846' title='bbox 2037 4699 2217 4786; x_wconf 60' lang='lat' dir='ltr'><strong>blalim</strong></span> <span class='ocrx_word' id='word_1_847' title='bbox 2249 4715 2493 4786; x_wconf 45' lang='lat' dir='ltr'><strong>procrg‘o</strong></span> <span class='ocrx_word' id='word_1_848' title='bbox 2526 4700 2753 4786; x_wconf 77' lang='lat' dir='ltr'><strong>rescribi</strong></span> <span class='ocrx_word' id='word_1_849' title='bbox 2781 4716 2897 4786; x_wconf 53' lang='lat' dir='ltr'><strong>ego,</strong></span> <span class='ocrx_word' id='word_1_850' title='bbox 2928 4700 3349 4786; x_wconf 58' lang='lat' dir='ltr'><strong>justaGratcutu</strong></span> <span class='ocrx_word' id='word_1_851' title='bbox 3373 4712 3493 4786; x_wconf 73' lang='grc' dir='ltr'><strong>ἐγὼ.</strong></span> 
     </span>
    </p>
   </div>
   <div class='ocr_carea' id='block_1_107' title="bbox 1902 4770 3495 4852">
    <p class='ocr_par' dir='ltr' id='par_1_107' title="bbox 1902 4770 3495 4852">
     <span class='ocr_line' id='line_1_107' title="bbox 1902 4770 3495 4852; baseline 0.004 -25"><span class='ocrx_word' id='word_1_852' title='bbox 1902 4770 2010 4827; x_wconf 87' lang='lat' dir='ltr'><strong>Pro</strong></span> <span class='ocrx_word' id='word_1_853' title='bbox 2030 4772 2249 4852; x_wconf 56' lang='lat' dir='ltr'><strong>judicio:</strong></span> <span class='ocrx_word' id='word_1_854' title='bbox 2271 4770 2661 4852; x_wconf 43' lang='lat' dir='ltr'><strong>legitAugus‘t.</strong></span> <span class='ocrx_word' id='word_1_855' title='bbox 2689 4770 3150 4852; x_wconf 19' lang='lat' dir='ltr'><strong>judicerﬁObelus</strong></span> <span class='ocrx_word' id='word_1_856' title='bbox 3183 4770 3495 4852; x_wconf 69' lang='lat' dir='ltr'><strong>autemfu-o</strong></span> 
     </span>
    </p>
   </div>
   <div class='ocr_carea' id='block_1_108' title="bbox 1901 4841 3494 4921">
    <p class='ocr_par' dir='ltr' id='par_1_108' title="bbox 1901 4841 3494 4921">
     <span class='ocr_line' id='line_1_108' title="bbox 1901 4841 3494 4921; baseline 0.001 -24"><span class='ocrx_word' id='word_1_857' title='bbox 1901 4841 2278 4921; x_wconf 53' lang='lat' dir='ltr'><strong>asteriscodtis</strong></span> <span class='ocrx_word' id='word_1_858' title='bbox 2292 4842 2482 4921; x_wconf 52' lang='lat' dir='ltr'><strong>verbis</strong></span> <span class='ocrx_word' id='word_1_859' title='bbox 2510 4844 2564 4896; x_wconf 91' lang='lat' dir='ltr'><strong>in</strong></span> <span class='ocrx_word' id='word_1_860' title='bbox 2595 4841 2943 4898; x_wconf 75' lang='lat' dir='ltr'><strong>Alexandrini</strong></span> <span class='ocrx_word' id='word_1_861' title='bbox 2963 4845 3163 4921; x_wconf 80' lang='lat' dir='ltr'><strong>codicis</strong></span> <span class='ocrx_word' id='word_1_862' title='bbox 3193 4848 3323 4921; x_wconf 82' lang='lat' dir='ltr'><strong>edit.</strong></span> <span class='ocrx_word' id='word_1_863' title='bbox 3356 4841 3494 4921; x_wconf 61' lang='lat' dir='ltr'><strong>pra)-</strong></span> 
     </span>
    </p>
   </div>
   <div class='ocr_carea' id='block_1_109' title="bbox 1905 4912 3493 4987">
    <p class='ocr_par' dir='ltr' id='par_1_109' title="bbox 1905 4912 3493 4987">
     <span class='ocr_line' id='line_1_109' title="bbox 1905 4912 3493 4987; baseline 0.008 -19"><span class='ocrx_word' id='word_1_864' title='bbox 1905 4915 2105 4987; x_wconf 79' lang='lat' dir='ltr'><strong>figitur.</strong></span> <span class='ocrx_word' id='word_1_865' title='bbox 2139 4912 2248 4968; x_wconf 86' lang='lat' dir='ltr'><strong>Nos</strong></span> <span class='ocrx_word' id='word_1_866' title='bbox 2288 4913 2475 4987; x_wconf 84' lang='lat' dir='ltr'><strong>iiualia_</strong></span> <span class='ocrx_word' id='word_1_867' title='bbox 2510 4926 2745 4987; x_wconf 59' lang='lat' dir='ltr'><strong>puneta,</strong></span> <span class='ocrx_word' id='word_1_868' title='bbox 2788 4928 2907 4987; x_wconf 72' lang='lat' dir='ltr'><strong>qum</strong></span> <span class='ocrx_word' id='word_1_869' title='bbox 2940 4915 3081 4968; x_wconf 88' lang='lat' dir='ltr'><strong>male</strong></span> <span class='ocrx_word' id='word_1_870' title='bbox 3121 4918 3334 4987; x_wconf 86' lang='lat' dir='ltr'><strong>verbis,</strong></span> <span class='ocrx_word' id='word_1_871' title='bbox 3357 4912 3493 4981; x_wconf 53' lang='lat' dir='ltr'><strong>&#39;cmu</strong></span> 
     </span>
    </p>
   </div>
   <div class='ocr_carea' id='block_1_110' title="bbox 1904 4982 3492 5064">
    <p class='ocr_par' dir='ltr' id='par_1_110' title="bbox 1904 4982 3492 5064">
     <span class='ocr_line' id='line_1_110' title="bbox 1904 4982 3492 5064; baseline 0.008 -27"><span class='ocrx_word' id='word_1_872' title='bbox 1904 4982 2034 5064; x_wconf 61' lang='lat' dir='ltr'><strong>nihil</strong></span> <span class='ocrx_word' id='word_1_873' title='bbox 2055 4985 2173 5064; x_wconf 77' lang='lat' dir='ltr'><strong>sim,</strong></span> <span class='ocrx_word' id='word_1_874' title='bbox 2194 4984 2679 5064; x_wconf 79' lang='lat' dir='ltr'><strong>postpouebautur,</strong></span> <span class='ocrx_word' id='word_1_875' title='bbox 2714 4982 2903 5037; x_wconf 89' lang='lat' dir='ltr'><strong>iisdem</strong></span> <span class='ocrx_word' id='word_1_876' title='bbox 2932 4982 3329 5054; x_wconf 73' lang='lat' dir='ltr'><strong>przeposuimus</strong></span> <span class='ocrx_word' id='word_1_877' title='bbox 3341 4993 3492 5064; x_wconf 81' lang='lat' dir='ltr'><strong>juxta</strong></span> 
     </span>
    </p>
   </div>
   <div class='ocr_carea' id='block_1_111' title="bbox 1905 5055 2929 5111">
    <p class='ocr_par' dir='ltr' id='par_1_111' title="bbox 1905 5055 2929 5111">
     <span class='ocr_line' id='line_1_111' title="bbox 1905 5055 2929 5111; baseline -0.007 0"><span class='ocrx_word' id='word_1_878' title='bbox 1905 5055 2225 5111; x_wconf 84' lang='lat' dir='ltr'><strong>llebraicam</strong></span> <span class='ocrx_word' id='word_1_879' title='bbox 2258 5058 2565 5109; x_wconf 83' lang='lat' dir='ltr'><strong>veritatem.</strong></span> <span class='ocrx_word' id='word_1_880' title='bbox 2926 5082 2929 5083; x_wconf 53' lang='grc' dir='ltr'><em>ν</em></span> 
     </span>
    </p>
   </div>
   <div class='ocr_carea' id='block_1_112' title="bbox 1981 5122 3491 5203">
    <p class='ocr_par' dir='ltr' id='par_1_112' title="bbox 1981 5122 3491 5203">
     <span class='ocr_line' id='line_1_112' title="bbox 1981 5122 3491 5203; baseline 0.007 -22"><span class='ocrx_word' id='word_1_881' title='bbox 1981 5136 2005 5174; x_wconf 78' lang='lat'><strong>8</strong></span> <span class='ocrx_word' id='word_1_882' title='bbox 2039 5126 2245 5182; x_wconf 88' lang='lat' dir='ltr'><strong>Finalia</strong></span> <span class='ocrx_word' id='word_1_883' title='bbox 2288 5135 2481 5191; x_wconf 85' lang='lat' dir='ltr'><strong>puncta</strong></span> <span class='ocrx_word' id='word_1_884' title='bbox 2507 5164 2523 5188; x_wconf 89' lang='lat'><strong>,</strong></span> <span class='ocrx_word' id='word_1_885' title='bbox 2558 5138 2681 5203; x_wconf 70' lang='lat' dir='ltr'><strong>qua:</strong></span> <span class='ocrx_word' id='word_1_886' title='bbox 2718 5122 3037 5203; x_wconf 64' lang='lat' dir='ltr'><strong>deerautct</strong></span> <span class='ocrx_word' id='word_1_887' title='bbox 3068 5130 3263 5196; x_wconf 85' lang='lat' dir='ltr'><strong>quibus</strong></span> <span class='ocrx_word' id='word_1_888' title='bbox 3304 5150 3491 5203; x_wconf 81' lang='lat' dir='ltr'><strong>unum,</strong></span> 
     </span>
    </p>
   </div>
   <div class='ocr_carea' id='block_1_113' title="bbox 1905 5191 3496 5274">
    <p class='ocr_par' dir='ltr' id='par_1_113' title="bbox 1905 5191 3496 5274">
     <span class='ocr_line' id='line_1_113' title="bbox 1905 5191 3496 5274; baseline 0.018 -38"><span class='ocrx_word' id='word_1_889' title='bbox 1905 5200 2049 5271; x_wconf 54' lang='lat' dir='ltr'><strong>eius,</strong></span> <span class='ocrx_word' id='word_1_890' title='bbox 2092 5212 2385 5274; x_wconf 66' lang='lat' dir='ltr'><strong>protmillen</strong></span> <span class='ocrx_word' id='word_1_891' title='bbox 2407 5195 2670 5274; x_wconf 75' lang='lat' dir='ltr'><strong>asterisco</strong></span> <span class='ocrx_word' id='word_1_892' title='bbox 2719 5191 2978 5251; x_wconf 89' lang='lat' dir='ltr'><strong>illustrari</strong></span> <span class='ocrx_word' id='word_1_893' title='bbox 3022 5191 3353 5274; x_wconf 83' lang='lat' dir='ltr'><strong>ostenditur,</strong></span> <span class='ocrx_word' id='word_1_894' title='bbox 3397 5191 3496 5264; x_wconf 74' lang='lat' dir='ltr'><strong>nos</strong></span> 
     </span>
    </p>
   </div>
   <div class='ocr_carea' id='block_1_114' title="bbox 1909 5265 2780 5336">
    <p class='ocr_par' dir='ltr' id='par_1_114' title="bbox 1909 5265 2780 5336">
     <span class='ocr_line' id='line_1_114' title="bbox 1909 5265 2780 5336; baseline -0.011 -13"><span class='ocrx_word' id='word_1_895' title='bbox 1909 5265 2139 5336; x_wconf 80' lang='lat' dir='ltr'><strong>iitroque</strong></span> <span class='ocrx_word' id='word_1_896' title='bbox 2187 5267 2242 5321; x_wconf 88' lang='lat' dir='ltr'><strong>in</strong></span> <span class='ocrx_word' id='word_1_897' title='bbox 2266 5268 2387 5336; x_wconf 85' lang='lat' dir='ltr'><strong>loco</strong></span> <span class='ocrx_word' id='word_1_898' title='bbox 2412 5265 2780 5336; x_wconf 81' lang='lat' dir='ltr'><strong>ascripsimus.</strong></span> 
     </span>
    </p>
   </div>
   <div class='ocr_carea' id='block_1_115' title="bbox 1981 5332 3485 5407">
    <p class='ocr_par' dir='ltr' id='par_1_115' title="bbox 1981 5332 3485 5407">
     <span class='ocr_line' id='line_1_115' title="bbox 1981 5332 3485 5407; baseline 0.018 -30"><span class='ocrx_word' id='word_1_899' title='bbox 1981 5338 2013 5377; x_wconf 73' lang='lat' dir='ltr'><strong>n</strong></span> <span class='ocrx_word' id='word_1_900' title='bbox 2042 5332 2297 5407; x_wconf 68' lang='lat' dir='ltr'><strong>Deerant</strong></span> <span class='ocrx_word' id='word_1_901' title='bbox 2320 5335 2372 5389; x_wconf 93' lang='lat' dir='ltr'><strong>hi</strong></span> <span class='ocrx_word' id='word_1_902' title='bbox 2414 5336 2520 5407; x_wconf 81' lang='lat' dir='ltr'><strong>duo</strong></span> <span class='ocrx_word' id='word_1_903' title='bbox 2544 5332 2871 5407; x_wconf 77' lang='lat' dir='ltr'><strong>posteriores</strong></span> <span class='ocrx_word' id='word_1_904' title='bbox 2901 5341 3174 5407; x_wconf 77' lang='lat' dir='ltr'><strong>aSIerisci,</strong></span> <span class='ocrx_word' id='word_1_905' title='bbox 3204 5354 3258 5399; x_wconf 89' lang='lat' dir='ltr'><strong>et</strong></span> <span class='ocrx_word' id='word_1_906' title='bbox 3309 5347 3485 5403; x_wconf 78' lang='lat' dir='ltr'><strong>finalia</strong></span> 
     </span>
    </p>
   </div>
   <div class='ocr_carea' id='block_1_116' title="bbox 1906 5402 3484 5481">
    <p class='ocr_par' dir='ltr' id='par_1_116' title="bbox 1906 5402 3484 5481">
     <span class='ocr_line' id='line_1_116' title="bbox 1906 5402 3484 5481; baseline 0.007 -18"><span class='ocrx_word' id='word_1_907' title='bbox 1906 5422 2125 5481; x_wconf 82' lang='lat' dir='ltr'><strong>puncta,</strong></span> <span class='ocrx_word' id='word_1_908' title='bbox 2148 5421 2267 5476; x_wconf 74' lang='lat' dir='ltr'><strong>qua:</strong></span> <span class='ocrx_word' id='word_1_909' title='bbox 2283 5406 2435 5473; x_wconf 80' lang='lat' dir='ltr'><strong>juxta</strong></span> <span class='ocrx_word' id='word_1_910' title='bbox 2457 5402 2720 5458; x_wconf 81' lang='lat' dir='ltr'><strong>Alexand.</strong></span> <span class='ocrx_word' id='word_1_911' title='bbox 2748 5404 2871 5459; x_wconf 91' lang='lat' dir='ltr'><strong>cod.</strong></span> <span class='ocrx_word' id='word_1_912' title='bbox 2897 5402 3172 5477; x_wconf 69' lang='lat' dir='ltr'><strong>Imperant</strong></span> <span class='ocrx_word' id='word_1_913' title='bbox 3188 5402 3484 5475; x_wconf 83' lang='lat' dir='ltr'><strong>editionem</strong></span> 
     </span>
    </p>
   </div>
   <div class='ocr_carea' id='block_1_117' title="bbox 1906 5480 2237 5536">
    <p class='ocr_par' dir='ltr' id='par_1_117' title="bbox 1906 5480 2237 5536">
     <span class='ocr_line' id='line_1_117' title="bbox 1906 5480 2237 5536; baseline -0.021 0"><span class='ocrx_word' id='word_1_914' title='bbox 1906 5480 2237 5536; x_wconf 71' lang='lat' dir='ltr'><strong>sum-cimus.</strong></span> 
     </span>
    </p>
   </div>
   <div class='ocr_carea' id='block_1_118' title="bbox 1984 5543 3496 5618">
    <p class='ocr_par' dir='ltr' id='par_1_118' title="bbox 1984 5543 3496 5618">
     <span class='ocr_line' id='line_1_118' title="bbox 1984 5543 3496 5618; baseline 0.021 -32"><span class='ocrx_word' id='word_1_915' title='bbox 1984 5560 1998 5586; x_wconf 84' lang='grc' dir='ltr'><strong>ι</strong></span> <span class='ocrx_word' id='word_1_916' title='bbox 2035 5549 2139 5601; x_wconf 68' lang='lat' dir='ltr'><strong>pro</strong></span> <span class='ocrx_word' id='word_1_917' title='bbox 2165 5543 2548 5618; x_wconf 51' lang='lat' dir='ltr'><strong>sign/abistth</strong></span> <span class='ocrx_word' id='word_1_918' title='bbox 2569 5543 2757 5618; x_wconf 82' lang='lat' dir='ltr'><strong>verbo,</strong></span> <span class='ocrx_word' id='word_1_919' title='bbox 2791 5545 2971 5618; x_wconf 74' lang='lat' dir='ltr'><strong>malim</strong></span> <span class='ocrx_word' id='word_1_920' title='bbox 3012 5552 3258 5618; x_wconf 91' lang='lat' dir='ltr'><strong>equidem</strong></span> <span class='ocrx_word' id='word_1_921' title='bbox 3284 5556 3496 5616; x_wconf 84' lang='lat' dir='ltr'><strong>duobus</strong></span> 
     </span>
    </p>
   </div>
   <div class='ocr_carea' id='block_1_119' title="bbox 1914 5614 3493 5700">
    <p class='ocr_par' dir='ltr' id='par_1_119' title="bbox 1914 5614 3493 5700">
     <span class='ocr_line' id='line_1_119' title="bbox 1914 5614 3493 5700; baseline 0.007 -27"><span class='ocrx_word' id='word_1_922' title='bbox 1914 5620 2142 5700; x_wconf 73' lang='lat' dir='ltr'><strong>seorsim</strong></span> <span class='ocrx_word' id='word_1_923' title='bbox 2176 5616 2311 5700; x_wconf 57' lang='lat' dir='ltr'><strong>legi,</strong></span> <span class='ocrx_word' id='word_1_924' title='bbox 2345 5614 2388 5667; x_wconf 86' lang='lat' dir='ltr'><strong>si</strong></span> <span class='ocrx_word' id='word_1_925' title='bbox 2421 5615 2603 5700; x_wconf 70' lang='lat' dir='ltr'><strong>ligneis</strong></span> <span class='ocrx_word' id='word_1_926' title='bbox 2628 5623 2774 5694; x_wconf 25' lang='lat' dir='ltr'><strong>naut</strong></span> <span class='ocrx_word' id='word_1_927' title='bbox 2808 5616 2935 5684; x_wconf 91' lang='lat' dir='ltr'><strong>quid</strong></span> <span class='ocrx_word' id='word_1_928' title='bbox 2974 5614 3151 5700; x_wconf 38' lang='lat' dir='ltr'><strong>simi-le</strong></span> <span class='ocrx_word' id='word_1_929' title='bbox 3179 5614 3493 5700; x_wconf 48' lang='lat' dir='ltr'><strong>Lunamque</strong></span> 
     </span>
    </p>
   </div>
   <div class='ocr_carea' id='block_1_120' title="bbox 1916 5685 3484 5757">
    <p class='ocr_par' dir='ltr' id='par_1_120' title="bbox 1916 5685 3484 5757">
     <span class='ocr_line' id='line_1_120' title="bbox 1916 5685 3484 5757; baseline -0.024 -10"><span class='ocrx_word' id='word_1_930' title='bbox 1916 5692 2049 5746; x_wconf 85' lang='lat' dir='ltr'><strong>adeo</strong></span> <span class='ocrx_word' id='word_1_931' title='bbox 2070 5688 2388 5757; x_wconf 87' lang='lat' dir='ltr'><strong>particulam</strong></span> <span class='ocrx_word' id='word_1_932' title='bbox 2429 5688 2471 5738; x_wconf 77' lang='lat' dir='ltr'><strong>ai</strong></span> <span class='ocrx_word' id='word_1_933' title='bbox 2508 5685 2771 5740; x_wconf 84' lang='lat' dir='ltr'><strong>asterisco</strong></span> <span class='ocrx_word' id='word_1_934' title='bbox 2813 5691 3125 5750; x_wconf 56' lang='lat' dir='ltr'><strong>prmnomri.</strong></span> <span class='ocrx_word' id='word_1_935' title='bbox 3178 5695 3244 5750; x_wconf 55' lang='lat' dir='ltr'><strong>Et</strong></span> <span class='ocrx_word' id='word_1_936' title='bbox 3275 5685 3484 5756; x_wconf 56' lang='lat' dir='ltr'><strong>vero-in</strong></span> 
     </span>
    </p>
   </div>
   <div class='ocr_carea' id='block_1_121' title="bbox 1915 5757 3347 5836">
    <p class='ocr_par' dir='ltr' id='par_1_121' title="bbox 1915 5757 3347 5836">
     <span class='ocr_line' id='line_1_121' title="bbox 1915 5757 3347 5836; baseline 0.004 -22"><span class='ocrx_word' id='word_1_937' title='bbox 1915 5765 2106 5821; x_wconf 51' lang='lat' dir='ltr'><strong>Greco</strong></span> <span class='ocrx_word' id='word_1_938' title='bbox 2135 5766 2237 5829; x_wconf 78' lang='lat' dir='ltr'><strong>est,</strong></span> <span class='ocrx_word' id='word_1_939' title='bbox 2268 5760 2309 5813; x_wconf 78' lang='grc' dir='ltr'><strong>εἰ</strong></span> <span class='ocrx_word' id='word_1_940' title='bbox 2336 5759 2564 5820; x_wconf 67' lang='grc' dir='ltr'><strong>εἰλήσεις.</strong></span> <span class='ocrx_word' id='word_1_941' title='bbox 2600 5757 2973 5816; x_wconf 85' lang='lat' dir='ltr'><strong>chioraiufra</strong></span> <span class='ocrx_word' id='word_1_942' title='bbox 3001 5764 3347 5836; x_wconf 77' lang='lat' dir='ltr'><strong>castigantur.</strong></span> 
     </span>
    </p>
   </div>
  </div>
