  <div class='ocr_page' id='page_1' title='image "/cluster/home/n/w/nwhite01/storage/ocr_20150623/29/uva.x000826564/064.png"; bbox 0 0 3960 6208; ppageno 0'>
   <div class='ocr_carea' id='block_1_1' title="bbox 206 234 278 294">
    <p class='ocr_par' dir='ltr' id='par_1_1' title="bbox 206 234 278 294">
     <span class='ocr_line' id='line_1_1' title="bbox 206 234 278 294; baseline 0.056 -4"><span class='ocrx_word' id='word_1_1' title='bbox 206 234 278 294; x_wconf 75' lang='lat'><strong>“3</strong></span> 
     </span>
    </p>
   </div>
   <div class='ocr_carea' id='block_1_2' title="bbox 1303 234 2314 297">
    <p class='ocr_par' dir='ltr' id='par_1_2' title="bbox 1303 234 2314 297">
     <span class='ocr_line' id='line_1_2' title="bbox 1303 234 2314 297; baseline 0.002 -5"><span class='ocrx_word' id='word_1_2' title='bbox 1303 234 1505 293; x_wconf 77' lang='lat' dir='ltr'><strong>LIBER</strong></span> <span class='ocrx_word' id='word_1_3' title='bbox 1541 236 1681 295; x_wconf 84' lang='lat' dir='ltr'><strong>JOB.</strong></span> <span class='ocrx_word' id='word_1_4' title='bbox 1723 237 2000 295; x_wconf 78' lang='lat' dir='ltr'><strong>ALTERA</strong></span> <span class='ocrx_word' id='word_1_5' title='bbox 2040 237 2314 297; x_wconf 81' lang='lat' dir='ltr'><strong>VERSIO.</strong></span> 
     </span>
    </p>
   </div>
   <div class='ocr_carea' id='block_1_3' title="bbox 3341 243 3447 301">
    <p class='ocr_par' dir='ltr' id='par_1_3' title="bbox 3341 243 3447 301">
     <span class='ocr_line' id='line_1_3' title="bbox 3341 243 3447 301; baseline 0.009 -1"><span class='ocrx_word' id='word_1_6' title='bbox 3341 243 3447 301; x_wconf 76' lang='grc' dir='ltr'><strong><em>ηι</em></strong></span> 
     </span>
    </p>
   </div>
   <div class='ocr_carea' id='block_1_4' title="bbox 207 351 3447 425">
    <p class='ocr_par' dir='ltr' id='par_1_4' title="bbox 207 351 3447 425">
     <span class='ocr_line' id='line_1_4' title="bbox 207 351 3447 425; baseline 0.003 -20"><span class='ocrx_word' id='word_1_7' title='bbox 207 351 365 408; x_wconf 69' lang='lat' dir='ltr'><strong>rissima</strong></span> <span class='ocrx_word' id='word_1_8' title='bbox 405 351 539 417; x_wconf 83' lang='lat' dir='ltr'><strong>Job,</strong></span> <span class='ocrx_word' id='word_1_9' title='bbox 573 351 751 421; x_wconf 82' lang='lat' dir='ltr'><strong>magis</strong></span> <span class='ocrx_word' id='word_1_10' title='bbox 791 364 949 421; x_wconf 79' lang='lat' dir='ltr'><strong>quam</strong></span> <span class='ocrx_word' id='word_1_11' title='bbox 996 352 1200 422; x_wconf 79' lang='lat' dir='ltr'><strong>priora.</strong></span> <span class='ocrx_word' id='word_1_12' title='bbox 1227 351 1295 406; x_wconf 76' lang='lat' dir='ltr'><strong>Et</strong></span> <span class='ocrx_word' id='word_1_13' title='bbox 1332 362 1488 407; x_wconf 86' lang='lat' dir='ltr'><strong>erant</strong></span> <span class='ocrx_word' id='word_1_14' title='bbox 1538 369 1733 422; x_wconf 77' lang='lat' dir='ltr'><strong>pecora</strong></span> <span class='ocrx_word' id='word_1_15' title='bbox 1765 360 1811 415; x_wconf 81' lang='grc' dir='ltr'>Α</span> <span class='ocrx_word' id='word_1_16' title='bbox 1840 356 2057 425; x_wconf 82' lang='lat' dir='ltr'><strong>quidem</strong></span> <span class='ocrx_word' id='word_1_17' title='bbox 2099 356 2372 411; x_wconf 77' lang='lat' dir='ltr'><strong>habitasse</strong></span> <span class='ocrx_word' id='word_1_18' title='bbox 2411 354 2692 425; x_wconf 79' lang='lat' dir='ltr'><strong>Ausitide,</strong></span> <span class='ocrx_word' id='word_1_19' title='bbox 2752 354 2808 411; x_wconf 92' lang='lat' dir='ltr'><strong>in</strong></span> <span class='ocrx_word' id='word_1_20' title='bbox 2858 355 3055 412; x_wconf 84' lang='lat' dir='ltr'><strong>ﬁnibus</strong></span> <span class='ocrx_word' id='word_1_21' title='bbox 3100 355 3351 412; x_wconf 72' lang='lat' dir='ltr'><strong>ldumma:</strong></span> <span class='ocrx_word' id='word_1_22' title='bbox 3392 370 3447 415; x_wconf 89' lang='lat' dir='ltr'><strong>et</strong></span> 
     </span>
    </p>
   </div>
   <div class='ocr_carea' id='block_1_5' title="bbox 206 444 1741 515">
    <p class='ocr_par' dir='ltr' id='par_1_5' title="bbox 206 444 1741 515">
     <span class='ocr_line' id='line_1_5' title="bbox 206 444 1741 515; baseline 0 -16"><span class='ocrx_word' id='word_1_23' title='bbox 206 446 291 515; x_wconf 71' lang='lat' dir='ltr'><strong>ejus</strong></span> <span class='ocrx_word' id='word_1_24' title='bbox 327 461 447 500; x_wconf 75' lang='lat' dir='ltr'><strong>ores</strong></span> <span class='ocrx_word' id='word_1_25' title='bbox 496 445 906 515; x_wconf 89' lang='lat' dir='ltr'><strong>quatuordccim</strong></span> <span class='ocrx_word' id='word_1_26' title='bbox 958 444 1361 512; x_wconf 86' lang='lat' dir='ltr'><strong>millia,cameli</strong></span> <span class='ocrx_word' id='word_1_27' title='bbox 1407 459 1499 499; x_wconf 77' lang='lat' dir='ltr'><strong>se:</strong></span> <span class='ocrx_word' id='word_1_28' title='bbox 1550 446 1741 511; x_wconf 84' lang='lat' dir='ltr'><strong>millia,</strong></span> 
     </span>
    </p>
   </div>
   <div class='ocr_carea' id='block_1_6' title="bbox 199 538 1744 609">
    <p class='ocr_par' dir='ltr' id='par_1_6' title="bbox 199 538 1744 609">
     <span class='ocr_line' id='line_1_6' title="bbox 199 538 1744 609; baseline 0.003 -20"><span class='ocrx_word' id='word_1_29' title='bbox 199 539 298 609; x_wconf 83' lang='lat' dir='ltr'><strong>jnga</strong></span> <span class='ocrx_word' id='word_1_30' title='bbox 319 540 464 594; x_wconf 86' lang='lat' dir='ltr'><strong>bourn</strong></span> <span class='ocrx_word' id='word_1_31' title='bbox 495 540 664 603; x_wconf 81' lang='lat' dir='ltr'><strong>mille,</strong></span> <span class='ocrx_word' id='word_1_32' title='bbox 694 539 862 593; x_wconf 71' lang='lat' dir='ltr'><strong>asina:</strong></span> <span class='ocrx_word' id='word_1_33' title='bbox 885 538 1168 607; x_wconf 87' lang='lat' dir='ltr'><strong>pascuales</strong></span> <span class='ocrx_word' id='word_1_34' title='bbox 1197 539 1363 593; x_wconf 90' lang='lat' dir='ltr'><strong>mille.</strong></span> <span class='ocrx_word' id='word_1_35' title='bbox 1398 539 1462 593; x_wconf 85' lang='lat' dir='ltr'><strong>Et</strong></span> <span class='ocrx_word' id='word_1_36' title='bbox 1488 540 1744 593; x_wconf 90' lang='lat' dir='ltr'><strong>natisunt</strong></span> 
     </span>
    </p>
   </div>
   <div class='ocr_carea' id='block_1_7' title="bbox 201 633 1742 703">
    <p class='ocr_par' dir='ltr' id='par_1_7' title="bbox 201 633 1742 703">
     <span class='ocr_line' id='line_1_7' title="bbox 201 633 1742 703; baseline 0 -16"><span class='ocrx_word' id='word_1_37' title='bbox 201 634 259 688; x_wconf 89' lang='lat' dir='ltr'><strong>illi</strong></span> <span class='ocrx_word' id='word_1_38' title='bbox 289 633 362 688; x_wconf 87' lang='lat' dir='ltr'><strong>ﬁlii</strong></span> <span class='ocrx_word' id='word_1_39' title='bbox 385 644 615 703; x_wconf 89' lang='lat' dir='ltr'><strong>septem,</strong></span> <span class='ocrx_word' id='word_1_40' title='bbox 641 643 700 689; x_wconf 89' lang='lat' dir='ltr'><strong>et</strong></span> <span class='ocrx_word' id='word_1_41' title='bbox 727 633 857 688; x_wconf 69' lang='lat' dir='ltr'><strong>ﬁlia:</strong></span> <span class='ocrx_word' id='word_1_42' title='bbox 887 642 1016 687; x_wconf 88' lang='lat' dir='ltr'><strong>tres.</strong></span> <span class='ocrx_word' id='word_1_43' title='bbox 1046 633 1113 687; x_wconf 84' lang='lat' dir='ltr'><strong>Et</strong></span> <span class='ocrx_word' id='word_1_44' title='bbox 1134 634 1348 687; x_wconf 66' lang='lat' dir='ltr'><strong>vocavit</strong></span> <span class='ocrx_word' id='word_1_45' title='bbox 1369 634 1598 702; x_wconf 79' lang='lat' dir='ltr'><strong>primam</strong></span> <span class='ocrx_word' id='word_1_46' title='bbox 1623 634 1742 702; x_wconf 87' lang='lat' dir='ltr'><strong>qui-</strong></span> 
     </span>
    </p>
   </div>
   <div class='ocr_carea' id='block_1_8' title="bbox 199 726 1739 791">
    <p class='ocr_par' dir='ltr' id='par_1_8' title="bbox 199 726 1739 791">
     <span class='ocr_line' id='line_1_8' title="bbox 199 726 1739 791; baseline -0.001 -9"><span class='ocrx_word' id='word_1_47' title='bbox 199 729 296 782; x_wconf 74' lang='lat' dir='ltr'><strong>dem</strong></span> <span class='ocrx_word' id='word_1_48' title='bbox 331 728 490 787; x_wconf 87' lang='lat' dir='ltr'><strong>Diem.</strong></span> <span class='ocrx_word' id='word_1_49' title='bbox 521 727 819 782; x_wconf 89' lang='lat' dir='ltr'><strong>secundam</strong></span> <span class='ocrx_word' id='word_1_50' title='bbox 852 743 987 781; x_wconf 83' lang='lat' dir='ltr'><strong>vero</strong></span> <span class='ocrx_word' id='word_1_51' title='bbox 1019 726 1287 791; x_wconf 77' lang='lat' dir='ltr'><strong>Cassiani,</strong></span> <span class='ocrx_word' id='word_1_52' title='bbox 1315 727 1529 781; x_wconf 87' lang='lat' dir='ltr'><strong>tertiam</strong></span> <span class='ocrx_word' id='word_1_53' title='bbox 1561 736 1739 782; x_wconf 89' lang='lat' dir='ltr'><strong>autem</strong></span> 
     </span>
    </p>
   </div>
   <div class='ocr_carea' id='block_1_9' title="bbox 193 818 1736 873">
    <p class='ocr_par' dir='ltr' id='par_1_9' title="bbox 193 818 1736 873">
     <span class='ocr_line' id='line_1_9' title="bbox 193 818 1736 873; baseline -0.001 -1"><span class='ocrx_word' id='word_1_54' title='bbox 193 820 341 873; x_wconf 81' lang='lat' dir='ltr'><strong>Cornu</strong></span> <span class='ocrx_word' id='word_1_55' title='bbox 381 818 703 873; x_wconf 64' lang='lat' dir='ltr'><strong>Amaltheae.</strong></span> <span class='ocrx_word' id='word_1_56' title='bbox 738 818 803 870; x_wconf 77' lang='lat' dir='ltr'><strong>Et</strong></span> <span class='ocrx_word' id='word_1_57' title='bbox 843 832 946 871; x_wconf 90' lang='lat' dir='ltr'><strong>non</strong></span> <span class='ocrx_word' id='word_1_58' title='bbox 989 825 1120 871; x_wconf 86' lang='lat' dir='ltr'><strong>sunt</strong></span> <span class='ocrx_word' id='word_1_59' title='bbox 1150 819 1387 872; x_wconf 68' lang='lat' dir='ltr'><strong>inventa:</strong></span> <span class='ocrx_word' id='word_1_60' title='bbox 1425 818 1736 873; x_wconf 89' lang='lat' dir='ltr'><strong>mulieresa</strong></span> 
     </span>
    </p>
   </div>
   <div class='ocr_carea' id='block_1_10' title="bbox 186 908 1739 980">
    <p class='ocr_par' dir='ltr' id='par_1_10' title="bbox 186 908 1739 980">
     <span class='ocr_line' id='line_1_10' title="bbox 186 908 1739 980; baseline 0.001 -16"><span class='ocrx_word' id='word_1_61' title='bbox 186 911 360 965; x_wconf 86' lang='lat' dir='ltr'><strong>ﬁliabus</strong></span> <span class='ocrx_word' id='word_1_62' title='bbox 387 911 490 967; x_wconf 83' lang='lat' dir='ltr'><strong>Job</strong></span> <span class='ocrx_word' id='word_1_63' title='bbox 517 912 625 965; x_wconf 90' lang='lat' dir='ltr'><strong>sub</strong></span> <span class='ocrx_word' id='word_1_64' title='bbox 648 911 811 967; x_wconf 63' lang='lat' dir='ltr'><strong>caelo.</strong></span> <span class='ocrx_word' id='word_1_65' title='bbox 847 910 914 964; x_wconf 84' lang='lat' dir='ltr'><strong>Et</strong></span> <span class='ocrx_word' id='word_1_66' title='bbox 949 908 1098 965; x_wconf 91' lang='lat' dir='ltr'><strong>dedit</strong></span> <span class='ocrx_word' id='word_1_67' title='bbox 1127 910 1208 965; x_wconf 91' lang='lat' dir='ltr'><strong>eis</strong></span> <span class='ocrx_word' id='word_1_68' title='bbox 1248 920 1403 980; x_wconf 91' lang='lat' dir='ltr'><strong>pater</strong></span> <span class='ocrx_word' id='word_1_69' title='bbox 1452 912 1739 966; x_wconf 65' lang='lat' dir='ltr'><strong>haeredita-</strong></span> 
     </span>
    </p>
   </div>
   <div class='ocr_carea' id='block_1_11' title="bbox 183 1004 1734 1076">
    <p class='ocr_par' dir='ltr' id='par_1_11' title="bbox 183 1004 1734 1076">
     <span class='ocr_line' id='line_1_11' title="bbox 183 1004 1734 1076; baseline 0.002 -18"><span class='ocrx_word' id='word_1_70' title='bbox 183 1015 269 1058; x_wconf 84' lang='lat' dir='ltr'><strong>teat</strong></span> <span class='ocrx_word' id='word_1_71' title='bbox 316 1006 453 1059; x_wconf 91' lang='lat' dir='ltr'><strong>inter</strong></span> <span class='ocrx_word' id='word_1_72' title='bbox 497 1009 723 1060; x_wconf 72' lang='lat' dir='ltr'><strong>fratres.</strong></span> <span class='ocrx_word' id='word_1_73' title='bbox 768 1004 920 1059; x_wconf 70' lang='lat' dir='ltr'><strong>Vixit</strong></span> <span class='ocrx_word' id='word_1_74' title='bbox 971 1013 1151 1059; x_wconf 86' lang='lat' dir='ltr'><strong>autem</strong></span> <span class='ocrx_word' id='word_1_75' title='bbox 1196 1004 1299 1060; x_wconf 89' lang='lat' dir='ltr'><strong>Job</strong></span> <span class='ocrx_word' id='word_1_76' title='bbox 1359 1015 1479 1075; x_wconf 91' lang='lat' dir='ltr'><strong>post</strong></span> <span class='ocrx_word' id='word_1_77' title='bbox 1525 1007 1734 1076; x_wconf 77' lang='lat' dir='ltr'><strong>plagam</strong></span> 
     </span>
    </p>
   </div>
   <div class='ocr_carea' id='block_1_12' title="bbox 181 1096 1734 1167">
    <p class='ocr_par' dir='ltr' id='par_1_12' title="bbox 181 1096 1734 1167">
     <span class='ocr_line' id='line_1_12' title="bbox 181 1096 1734 1167; baseline 0.001 -16"><span class='ocrx_word' id='word_1_78' title='bbox 181 1107 403 1151; x_wconf 77' lang='lat' dir='ltr'><strong>lcentum</strong></span> <span class='ocrx_word' id='word_1_79' title='bbox 436 1098 797 1167; x_wconf 59' lang='lat' dir='ltr'><strong>quadraginta</strong></span> <span class='ocrx_word' id='word_1_80' title='bbox 829 1096 1007 1151; x_wconf 85' lang='lat' dir='ltr'><strong>annis.</strong></span> <span class='ocrx_word' id='word_1_81' title='bbox 1040 1112 1099 1151; x_wconf 72' lang='lat'><em>+</em></span> <span class='ocrx_word' id='word_1_82' title='bbox 1133 1097 1199 1151; x_wconf 82' lang='lat' dir='ltr'><strong>Et</strong></span> <span class='ocrx_word' id='word_1_83' title='bbox 1228 1112 1415 1151; x_wconf 88' lang='lat' dir='ltr'><strong>omnes</strong></span> <span class='ocrx_word' id='word_1_84' title='bbox 1449 1098 1576 1152; x_wconf 92' lang='lat' dir='ltr'><strong>anni</strong></span> <span class='ocrx_word' id='word_1_85' title='bbox 1610 1099 1734 1152; x_wconf 74' lang='lat' dir='ltr'><strong>vita:</strong></span> 
     </span>
    </p>
   </div>
   <div class='ocr_carea' id='block_1_13' title="bbox 180 1189 1737 1260">
    <p class='ocr_par' dir='ltr' id='par_1_13' title="bbox 180 1189 1737 1260">
     <span class='ocr_line' id='line_1_13' title="bbox 180 1189 1737 1260; baseline 0.001 -17"><span class='ocrx_word' id='word_1_86' title='bbox 180 1190 275 1259; x_wconf 84' lang='lat' dir='ltr'><strong>ejus</strong></span> <span class='ocrx_word' id='word_1_87' title='bbox 303 1190 515 1245; x_wconf 81' lang='lat' dir='ltr'><strong>luerunt</strong></span> <span class='ocrx_word' id='word_1_88' title='bbox 565 1190 786 1245; x_wconf 90' lang='lat' dir='ltr'><strong>ducenti</strong></span> <span class='ocrx_word' id='word_1_89' title='bbox 830 1189 1183 1260; x_wconf 76' lang='lat' dir='ltr'><strong>quadraginta</strong></span> <span class='ocrx_word' id='word_1_90' title='bbox 1218 1191 1381 1257; x_wconf 67' lang='lat' dir='ltr'><strong>octo:</strong></span> <span class='ocrx_word' id='word_1_91' title='bbox 1504 1191 1567 1244; x_wconf 85' lang='lat' dir='ltr'><strong>Et</strong></span> <span class='ocrx_word' id='word_1_92' title='bbox 1600 1190 1737 1244; x_wconf 75' lang='lat' dir='ltr'><strong>vidit</strong></span> 
     </span>
    </p>
   </div>
   <div class='ocr_carea' id='block_1_14' title="bbox 173 1283 1734 1351">
    <p class='ocr_par' dir='ltr' id='par_1_14' title="bbox 173 1283 1734 1351">
     <span class='ocr_line' id='line_1_14' title="bbox 173 1283 1734 1351; baseline -0.001 -13"><span class='ocrx_word' id='word_1_93' title='bbox 173 1283 260 1338; x_wconf 82' lang='lat' dir='ltr'><strong>Job</strong></span> <span class='ocrx_word' id='word_1_94' title='bbox 283 1283 416 1338; x_wconf 88' lang='lat' dir='ltr'><strong>ﬁlios</strong></span> <span class='ocrx_word' id='word_1_95' title='bbox 448 1298 601 1345; x_wconf 86' lang='lat' dir='ltr'><strong>suos.</strong></span> <span class='ocrx_word' id='word_1_96' title='bbox 636 1289 697 1347; x_wconf 64' lang='lat' dir='ltr'><strong>f-z-f</strong></span> <span class='ocrx_word' id='word_1_97' title='bbox 728 1293 783 1337; x_wconf 91' lang='lat' dir='ltr'><strong>et</strong></span> <span class='ocrx_word' id='word_1_98' title='bbox 833 1283 971 1335; x_wconf 92' lang='lat' dir='ltr'><strong>ﬁlios</strong></span> <span class='ocrx_word' id='word_1_99' title='bbox 1003 1283 1238 1336; x_wconf 88' lang='lat' dir='ltr'><strong>ﬁliorum</strong></span> <span class='ocrx_word' id='word_1_100' title='bbox 1280 1297 1504 1336; x_wconf 89' lang='lat' dir='ltr'><strong>suorum</strong></span> <span class='ocrx_word' id='word_1_101' title='bbox 1540 1292 1734 1351; x_wconf 84' lang='lat' dir='ltr'><strong>quarta</strong></span> 
     </span>
    </p>
   </div>
   <div class='ocr_carea' id='block_1_15' title="bbox 169 1374 1732 1445">
    <p class='ocr_par' dir='ltr' id='par_1_15' title="bbox 169 1374 1732 1445">
     <span class='ocr_line' id='line_1_15' title="bbox 169 1374 1732 1445; baseline 0.001 -16"><span class='ocrx_word' id='word_1_102' title='bbox 169 1375 494 1444; x_wconf 79' lang='lat' dir='ltr'><strong>generatione</strong></span> <span class='ocrx_word' id='word_1_103' title='bbox 525 1377 547 1443; x_wconf 73' lang='grc' dir='ltr'>ζ</span> <span class='ocrx_word' id='word_1_104' title='bbox 583 1375 632 1430; x_wconf 70' lang='grc' dir='ltr'><strong>δ.</strong></span> <span class='ocrx_word' id='word_1_105' title='bbox 669 1377 733 1429; x_wconf 82' lang='grc' dir='ltr'><strong>Ει</strong></span> <span class='ocrx_word' id='word_1_106' title='bbox 772 1374 1060 1430; x_wconf 79' lang='lat' dir='ltr'><strong>defunctus</strong></span> <span class='ocrx_word' id='word_1_107' title='bbox 1105 1384 1187 1429; x_wconf 89' lang='lat' dir='ltr'><strong>est</strong></span> <span class='ocrx_word' id='word_1_108' title='bbox 1212 1374 1314 1431; x_wconf 84' lang='lat' dir='ltr'><strong>Job</strong></span> <span class='ocrx_word' id='word_1_109' title='bbox 1342 1377 1507 1431; x_wconf 73' lang='lat' dir='ltr'><strong>senex</strong></span> <span class='ocrx_word' id='word_1_110' title='bbox 1540 1376 1732 1445; x_wconf 73' lang='lat' dir='ltr'><strong>plenus</strong></span> 
     </span>
    </p>
   </div>
   <div class='ocr_carea' id='block_1_16' title="bbox 166 1468 1731 1537">
    <p class='ocr_par' dir='ltr' id='par_1_16' title="bbox 166 1468 1731 1537">
     <span class='ocr_line' id='line_1_16' title="bbox 166 1468 1731 1537; baseline 0.004 -18"><span class='ocrx_word' id='word_1_111' title='bbox 166 1468 365 1522; x_wconf 87' lang='lat' dir='ltr'><strong>dierum.</strong></span> <span class='ocrx_word' id='word_1_112' title='bbox 426 1479 448 1506; x_wconf 77' lang='grc' dir='ltr'><strong>ο</strong></span> <span class='ocrx_word' id='word_1_113' title='bbox 484 1484 527 1521; x_wconf 60' lang='grc' dir='ltr'><strong>ηε</strong></span> <span class='ocrx_word' id='word_1_114' title='bbox 577 1468 851 1537; x_wconf 72' lang='lat' dir='ltr'><strong>Scriptura</strong></span> <span class='ocrx_word' id='word_1_115' title='bbox 912 1479 997 1524; x_wconf 83' lang='lat' dir='ltr'><strong>est</strong></span> <span class='ocrx_word' id='word_1_116' title='bbox 1046 1477 1227 1525; x_wconf 90' lang='lat' dir='ltr'><strong>autem</strong></span> <span class='ocrx_word' id='word_1_117' title='bbox 1296 1481 1731 1526; x_wconf 83' lang='lat' dir='ltr'><strong>resurrecturum</strong></span> 
     </span>
    </p>
   </div>
   <div class='ocr_carea' id='block_1_17' title="bbox 164 1560 1366 1629">
    <p class='ocr_par' dir='ltr' id='par_1_17' title="bbox 164 1560 1366 1629">
     <span class='ocr_line' id='line_1_17' title="bbox 164 1560 1366 1629; baseline 0.003 -17"><span class='ocrx_word' id='word_1_118' title='bbox 164 1574 266 1613; x_wconf 83' lang='lat' dir='ltr'><strong>eum</strong></span> <span class='ocrx_word' id='word_1_119' title='bbox 294 1575 416 1614; x_wconf 87' lang='lat' dir='ltr'><strong>cum</strong></span> <span class='ocrx_word' id='word_1_120' title='bbox 451 1560 558 1625; x_wconf 86' lang='lat' dir='ltr'><strong>bis,</strong></span> <span class='ocrx_word' id='word_1_121' title='bbox 591 1575 734 1629; x_wconf 85' lang='lat' dir='ltr'><strong>quos</strong></span> <span class='ocrx_word' id='word_1_122' title='bbox 769 1560 1033 1615; x_wconf 85' lang='lat' dir='ltr'><strong>Dominus</strong></span> <span class='ocrx_word' id='word_1_123' title='bbox 1058 1561 1366 1616; x_wconf 89' lang='lat' dir='ltr'><strong>suscitabit.</strong></span> 
     </span>
    </p>
   </div>
   <div class='ocr_carea' id='block_1_18' title="bbox 228 1651 1722 1725">
    <p class='ocr_par' dir='ltr' id='par_1_18' title="bbox 228 1651 1722 1725">
     <span class='ocr_line' id='line_1_18' title="bbox 228 1651 1722 1725; baseline 0.002 -20"><span class='ocrx_word' id='word_1_124' title='bbox 228 1666 267 1705; x_wconf 60' lang='grc' dir='ltr'><strong>-ξ</strong></span> <span class='ocrx_word' id='word_1_125' title='bbox 304 1651 326 1686; x_wconf 77' lang='grc' dir='ltr'><strong>ι¹</strong></span> <span class='ocrx_word' id='word_1_126' title='bbox 357 1651 457 1707; x_wconf 87' lang='lat' dir='ltr'><strong>Hic</strong></span> <span class='ocrx_word' id='word_1_127' title='bbox 484 1652 875 1723; x_wconf 80' lang='lat' dir='ltr'><strong>interpretatur</strong></span> <span class='ocrx_word' id='word_1_128' title='bbox 912 1652 981 1708; x_wconf 88' lang='lat' dir='ltr'><strong>de</strong></span> <span class='ocrx_word' id='word_1_129' title='bbox 1018 1652 1243 1725; x_wconf 83' lang='lat' dir='ltr'><strong>Syriaco</strong></span> <span class='ocrx_word' id='word_1_130' title='bbox 1282 1653 1446 1719; x_wconf 88' lang='lat' dir='ltr'><strong>libro,</strong></span> <span class='ocrx_word' id='word_1_131' title='bbox 1488 1652 1542 1708; x_wconf 90' lang='lat' dir='ltr'><strong>in</strong></span> <span class='ocrx_word' id='word_1_132' title='bbox 1578 1662 1722 1708; x_wconf 89' lang='lat' dir='ltr'><strong>terra</strong></span> 
     </span>
    </p>
   </div>
   <div class='ocr_carea' id='block_1_19' title="bbox 1847 449 3442 520">
    <p class='ocr_par' dir='ltr' id='par_1_19' title="bbox 1847 449 3442 520">
     <span class='ocr_line' id='line_1_19' title="bbox 1847 449 3442 520; baseline 0.003 -16"><span class='ocrx_word' id='word_1_133' title='bbox 1847 449 2084 515; x_wconf 74' lang='lat' dir='ltr'><strong>Arabim,</strong></span> <span class='ocrx_word' id='word_1_134' title='bbox 2117 462 2171 504; x_wconf 90' lang='lat' dir='ltr'><strong>et</strong></span> <span class='ocrx_word' id='word_1_135' title='bbox 2210 460 2331 504; x_wconf 88' lang='lat' dir='ltr'><strong>erat</strong></span> <span class='ocrx_word' id='word_1_136' title='bbox 2383 452 2434 506; x_wconf 91' lang='lat' dir='ltr'><strong>ei</strong></span> <span class='ocrx_word' id='word_1_137' title='bbox 2478 461 2635 505; x_wconf 90' lang='lat' dir='ltr'><strong>antea</strong></span> <span class='ocrx_word' id='word_1_138' title='bbox 2670 466 2867 506; x_wconf 90' lang='lat' dir='ltr'><strong>nomen</strong></span> <span class='ocrx_word' id='word_1_139' title='bbox 2898 451 3093 507; x_wconf 87' lang='lat' dir='ltr'><strong>Jobab.</strong></span> <span class='ocrx_word' id='word_1_140' title='bbox 3129 453 3192 507; x_wconf 86' lang='lat' dir='ltr'><strong>Et</strong></span> <span class='ocrx_word' id='word_1_141' title='bbox 3225 455 3442 520; x_wconf 83' lang='lat' dir='ltr'><strong>accepit</strong></span> 
     </span>
    </p>
   </div>
   <div class='ocr_carea' id='block_1_20' title="bbox 1847 542 3433 613">
    <p class='ocr_par' dir='ltr' id='par_1_20' title="bbox 1847 542 3433 613">
     <span class='ocr_line' id='line_1_20' title="bbox 1847 542 3433 613; baseline 0.004 -19"><span class='ocrx_word' id='word_1_142' title='bbox 1847 556 2067 596; x_wconf 77' lang='lat' dir='ltr'><strong>uxorem</strong></span> <span class='ocrx_word' id='word_1_143' title='bbox 2118 542 2455 597; x_wconf 75' lang='lat' dir='ltr'><strong>Arabissam.</strong></span> <span class='ocrx_word' id='word_1_144' title='bbox 2502 542 2811 613; x_wconf 87' lang='lat' dir='ltr'><strong>Gennitque</strong></span> <span class='ocrx_word' id='word_1_145' title='bbox 2870 546 3057 611; x_wconf 92' lang='lat' dir='ltr'><strong>tilium,</strong></span> <span class='ocrx_word' id='word_1_146' title='bbox 3107 548 3194 599; x_wconf 87' lang='lat' dir='ltr'><strong>cui</strong></span> <span class='ocrx_word' id='word_1_147' title='bbox 3238 560 3433 600; x_wconf 84' lang='lat' dir='ltr'><strong>nomen</strong></span> 
     </span>
    </p>
   </div>
   <div class='ocr_carea' id='block_1_21' title="bbox 1843 636 3428 709">
    <p class='ocr_par' dir='ltr' id='par_1_21' title="bbox 1843 636 3428 709">
     <span class='ocr_line' id='line_1_21' title="bbox 1843 636 3428 709; baseline 0.003 -20"><span class='ocrx_word' id='word_1_148' title='bbox 1843 644 1960 689; x_wconf 84' lang='lat' dir='ltr'><strong>erat</strong></span> <span class='ocrx_word' id='word_1_149' title='bbox 1994 636 2208 688; x_wconf 76' lang='lat' dir='ltr'><strong>Ennon.</strong></span> <span class='ocrx_word' id='word_1_150' title='bbox 2261 636 2390 689; x_wconf 83' lang='lat' dir='ltr'><strong>Erat</strong></span> <span class='ocrx_word' id='word_1_151' title='bbox 2420 646 2601 691; x_wconf 87' lang='lat' dir='ltr'><strong>autem</strong></span> <span class='ocrx_word' id='word_1_152' title='bbox 2645 637 2761 706; x_wconf 88' lang='lat' dir='ltr'><strong>ipse</strong></span> <span class='ocrx_word' id='word_1_153' title='bbox 2815 638 2952 692; x_wconf 82' lang='lat' dir='ltr'><strong>illius</strong></span> <span class='ocrx_word' id='word_1_154' title='bbox 3006 638 3223 709; x_wconf 80' lang='lat' dir='ltr'><strong>quidem</strong></span> <span class='ocrx_word' id='word_1_155' title='bbox 3256 639 3428 706; x_wconf 74' lang='lat' dir='ltr'><strong>Zarze,</strong></span> 
     </span>
    </p>
   </div>
   <div class='ocr_carea' id='block_1_22' title="bbox 1844 726 3438 797">
    <p class='ocr_par' dir='ltr' id='par_1_22' title="bbox 1844 726 3438 797">
     <span class='ocr_line' id='line_1_22' title="bbox 1844 726 3438 797; baseline 0.004 -17"><span class='ocrx_word' id='word_1_156' title='bbox 1844 727 1908 780; x_wconf 91' lang='lat' dir='ltr'><strong>de</strong></span> <span class='ocrx_word' id='word_1_157' title='bbox 1957 729 2102 781; x_wconf 76' lang='lat' dir='ltr'><strong>Esau</strong></span> <span class='ocrx_word' id='word_1_158' title='bbox 2152 726 2277 783; x_wconf 89' lang='lat' dir='ltr'><strong>ﬁliis</strong></span> <span class='ocrx_word' id='word_1_159' title='bbox 2326 728 2489 795; x_wconf 88' lang='lat' dir='ltr'><strong>ﬁlius,</strong></span> <span class='ocrx_word' id='word_1_160' title='bbox 2526 728 2592 783; x_wconf 87' lang='lat' dir='ltr'><strong>de</strong></span> <span class='ocrx_word' id='word_1_161' title='bbox 2625 738 2797 783; x_wconf 90' lang='lat' dir='ltr'><strong>matre</strong></span> <span class='ocrx_word' id='word_1_162' title='bbox 2828 745 2957 785; x_wconf 78' lang='lat' dir='ltr'><strong>vero</strong></span> <span class='ocrx_word' id='word_1_163' title='bbox 2989 731 3237 797; x_wconf 86' lang='lat' dir='ltr'><strong>Bosram,</strong></span> <span class='ocrx_word' id='word_1_164' title='bbox 3273 732 3344 785; x_wconf 86' lang='lat' dir='ltr'><strong>ita</strong></span> <span class='ocrx_word' id='word_1_165' title='bbox 3378 741 3438 786; x_wconf 90' lang='lat' dir='ltr'><strong>ut</strong></span> 
     </span>
    </p>
   </div>
   <div class='ocr_carea' id='block_1_23' title="bbox 1843 817 3438 891">
    <p class='ocr_par' dir='ltr' id='par_1_23' title="bbox 1843 817 3438 891">
     <span class='ocr_line' id='line_1_23' title="bbox 1843 817 3438 891; baseline 0.004 -22"><span class='ocrx_word' id='word_1_166' title='bbox 1843 818 1908 870; x_wconf 77' lang='lat' dir='ltr'><strong>sit</strong></span> <span class='ocrx_word' id='word_1_167' title='bbox 1938 819 2161 887; x_wconf 79' lang='lat' dir='ltr'><strong>quintus</strong></span> <span class='ocrx_word' id='word_1_168' title='bbox 2186 818 2255 871; x_wconf 90' lang='lat' dir='ltr'><strong>ab</strong></span> <span class='ocrx_word' id='word_1_169' title='bbox 2279 817 2575 871; x_wconf 84' lang='lat' dir='ltr'><strong>Alualtam.</strong></span> <span class='ocrx_word' id='word_1_170' title='bbox 2608 820 2671 873; x_wconf 80' lang='lat' dir='ltr'><strong>Et</strong></span> <span class='ocrx_word' id='word_1_171' title='bbox 2694 819 2746 872; x_wconf 88' lang='lat' dir='ltr'><strong>lri</strong></span> <span class='ocrx_word' id='word_1_172' title='bbox 2780 829 2906 875; x_wconf 87' lang='lat' dir='ltr'><strong>sunt</strong></span> <span class='ocrx_word' id='word_1_173' title='bbox 2937 836 3092 891; x_wconf 83' lang='lat' dir='ltr'><strong>reges</strong></span> <span class='ocrx_word' id='word_1_174' title='bbox 3118 823 3210 891; x_wconf 89' lang='lat' dir='ltr'><strong>qui</strong></span> <span class='ocrx_word' id='word_1_175' title='bbox 3244 837 3438 891; x_wconf 83' lang='lat' dir='ltr'><strong>regna-</strong></span> 
     </span>
    </p>
   </div>
   <div class='ocr_carea' id='block_1_24' title="bbox 1844 908 3433 981">
    <p class='ocr_par' dir='ltr' id='par_1_24' title="bbox 1844 908 3433 981">
     <span class='ocr_line' id='line_1_24' title="bbox 1844 908 3433 981; baseline 0.007 -23"><span class='ocrx_word' id='word_1_176' title='bbox 1844 917 2036 961; x_wconf 76' lang='lat' dir='ltr'><strong>verunt</strong></span> <span class='ocrx_word' id='word_1_177' title='bbox 2079 908 2130 961; x_wconf 91' lang='lat' dir='ltr'><strong>in</strong></span> <span class='ocrx_word' id='word_1_178' title='bbox 2185 908 2379 972; x_wconf 79' lang='lat' dir='ltr'><strong>Edoni,</strong></span> <span class='ocrx_word' id='word_1_179' title='bbox 2411 909 2462 962; x_wconf 90' lang='lat' dir='ltr'><strong>in</strong></span> <span class='ocrx_word' id='word_1_180' title='bbox 2498 924 2600 977; x_wconf 87' lang='lat' dir='ltr'><strong>qna</strong></span> <span class='ocrx_word' id='word_1_181' title='bbox 2633 920 2683 963; x_wconf 89' lang='lat' dir='ltr'><strong>et</strong></span> <span class='ocrx_word' id='word_1_182' title='bbox 2720 910 2835 979; x_wconf 85' lang='lat' dir='ltr'><strong>ipse</strong></span> <span class='ocrx_word' id='word_1_183' title='bbox 2887 914 3135 981; x_wconf 82' lang='lat' dir='ltr'><strong>regnavit</strong></span> <span class='ocrx_word' id='word_1_184' title='bbox 3185 914 3433 981; x_wconf 88' lang='lat' dir='ltr'><strong>regione.</strong></span> 
     </span>
    </p>
   </div>
   <div class='ocr_carea' id='block_1_25' title="bbox 1842 1001 3435 1075">
    <p class='ocr_par' dir='ltr' id='par_1_25' title="bbox 1842 1001 3435 1075">
     <span class='ocr_line' id='line_1_25' title="bbox 1842 1001 3435 1075; baseline 0.003 -18"><span class='ocrx_word' id='word_1_185' title='bbox 1842 1001 1998 1057; x_wconf 85' lang='lat' dir='ltr'><strong>Prius</strong></span> <span class='ocrx_word' id='word_1_186' title='bbox 2046 1003 2240 1057; x_wconf 85' lang='lat' dir='ltr'><strong>Balaac</strong></span> <span class='ocrx_word' id='word_1_187' title='bbox 2296 1004 2435 1058; x_wconf 89' lang='lat' dir='ltr'><strong>ﬁlius</strong></span> <span class='ocrx_word' id='word_1_188' title='bbox 2481 1004 2646 1069; x_wconf 73' lang='lat' dir='ltr'><strong>liuor,</strong></span> <span class='ocrx_word' id='word_1_189' title='bbox 2689 1016 2743 1059; x_wconf 90' lang='lat' dir='ltr'><strong>et</strong></span> <span class='ocrx_word' id='word_1_190' title='bbox 2787 1021 2985 1059; x_wconf 90' lang='lat' dir='ltr'><strong>nomen</strong></span> <span class='ocrx_word' id='word_1_191' title='bbox 3033 1007 3268 1061; x_wconf 74' lang='lat' dir='ltr'><strong>civitatis</strong></span> <span class='ocrx_word' id='word_1_192' title='bbox 3316 1008 3435 1075; x_wconf 91' lang='lat' dir='ltr'><strong>ejus</strong></span> 
     </span>
    </p>
   </div>
   <div class='ocr_carea' id='block_1_26' title="bbox 1842 1097 3434 1169">
    <p class='ocr_par' dir='ltr' id='par_1_26' title="bbox 1842 1097 3434 1169">
     <span class='ocr_line' id='line_1_26' title="bbox 1842 1097 3434 1169; baseline 0.002 -18"><span class='ocrx_word' id='word_1_193' title='bbox 1842 1097 2117 1152; x_wconf 78' lang='lat' dir='ltr'><strong>Dennalia.</strong></span> <span class='ocrx_word' id='word_1_194' title='bbox 2161 1098 2291 1152; x_wconf 86' lang='lat' dir='ltr'><strong>Post</strong></span> <span class='ocrx_word' id='word_1_195' title='bbox 2343 1098 2537 1153; x_wconf 84' lang='lat' dir='ltr'><strong>Balaae</strong></span> <span class='ocrx_word' id='word_1_196' title='bbox 2577 1110 2761 1154; x_wconf 83' lang='lat' dir='ltr'><strong>autem</strong></span> <span class='ocrx_word' id='word_1_197' title='bbox 2817 1099 3008 1165; x_wconf 77' lang='grc' dir='ltr'><strong>.1ι›1›ςιι›,</strong></span> <span class='ocrx_word' id='word_1_198' title='bbox 3058 1101 3149 1169; x_wconf 88' lang='lat' dir='ltr'><strong>qui</strong></span> <span class='ocrx_word' id='word_1_199' title='bbox 3207 1110 3434 1154; x_wconf 79' lang='lat' dir='ltr'><strong>vocatur</strong></span> 
     </span>
    </p>
   </div>
   <div class='ocr_carea' id='block_1_27' title="bbox 1839 1187 3429 1262">
    <p class='ocr_par' dir='ltr' id='par_1_27' title="bbox 1839 1187 3429 1262">
     <span class='ocr_line' id='line_1_27' title="bbox 1839 1187 3429 1262; baseline 0.003 -19"><span class='ocrx_word' id='word_1_200' title='bbox 1839 1187 1960 1244; x_wconf 83' lang='lat' dir='ltr'><strong>Job.</strong></span> <span class='ocrx_word' id='word_1_201' title='bbox 1997 1189 2125 1245; x_wconf 82' lang='lat' dir='ltr'><strong>Post</strong></span> <span class='ocrx_word' id='word_1_202' title='bbox 2168 1190 2308 1245; x_wconf 85' lang='lat' dir='ltr'><strong>ltuuc</strong></span> <span class='ocrx_word' id='word_1_203' title='bbox 2348 1192 2569 1259; x_wconf 82' lang='lat' dir='ltr'><strong>Casum,</strong></span> <span class='ocrx_word' id='word_1_204' title='bbox 2598 1193 2688 1262; x_wconf 88' lang='lat' dir='ltr'><strong>qni</strong></span> <span class='ocrx_word' id='word_1_205' title='bbox 2722 1202 2840 1246; x_wconf 89' lang='lat' dir='ltr'><strong>erat</strong></span> <span class='ocrx_word' id='word_1_206' title='bbox 2874 1193 2979 1245; x_wconf 75' lang='lat' dir='ltr'><strong>dux</strong></span> <span class='ocrx_word' id='word_1_207' title='bbox 3013 1208 3076 1246; x_wconf 79' lang='lat' dir='ltr'><strong>cx</strong></span> <span class='ocrx_word' id='word_1_208' title='bbox 3118 1193 3429 1247; x_wconf 85' lang='lat' dir='ltr'><strong>Tltemano-</strong></span> 
     </span>
    </p>
   </div>
   <div class='ocr_carea' id='block_1_28' title="bbox 1842 1282 3435 1353">
    <p class='ocr_par' dir='ltr' id='par_1_28' title="bbox 1842 1282 3435 1353">
     <span class='ocr_line' id='line_1_28' title="bbox 1842 1282 3435 1353; baseline 0.003 -18"><span class='ocrx_word' id='word_1_209' title='bbox 1842 1298 1959 1335; x_wconf 86' lang='lat' dir='ltr'><strong>runt</strong></span> <span class='ocrx_word' id='word_1_210' title='bbox 1986 1282 2229 1352; x_wconf 81' lang='lat' dir='ltr'><strong>regione.</strong></span> <span class='ocrx_word' id='word_1_211' title='bbox 2262 1283 2384 1336; x_wconf 85' lang='lat' dir='ltr'><strong>Post</strong></span> <span class='ocrx_word' id='word_1_212' title='bbox 2416 1283 2531 1336; x_wconf 69' lang='lat' dir='ltr'><strong>hate</strong></span> <span class='ocrx_word' id='word_1_213' title='bbox 2565 1283 2715 1338; x_wconf 84' lang='lat' dir='ltr'><strong>Adad</strong></span> <span class='ocrx_word' id='word_1_214' title='bbox 2759 1285 2901 1337; x_wconf 89' lang='lat' dir='ltr'><strong>tilius</strong></span> <span class='ocrx_word' id='word_1_215' title='bbox 2936 1285 3130 1349; x_wconf 76' lang='lat' dir='ltr'><strong>llarad,</strong></span> <span class='ocrx_word' id='word_1_216' title='bbox 3155 1287 3242 1353; x_wconf 91' lang='lat' dir='ltr'><strong>qui</strong></span> <span class='ocrx_word' id='word_1_217' title='bbox 3285 1287 3435 1339; x_wconf 74' lang='lat' dir='ltr'><strong>exci-</strong></span> 
     </span>
    </p>
   </div>
   <div class='ocr_carea' id='block_1_29' title="bbox 1840 1374 3433 1445">
    <p class='ocr_par' dir='ltr' id='par_1_29' title="bbox 1840 1374 3433 1445">
     <span class='ocr_line' id='line_1_29' title="bbox 1840 1374 3433 1445; baseline 0.003 -17"><span class='ocrx_word' id='word_1_218' title='bbox 1840 1375 1919 1428; x_wconf 90' lang='lat' dir='ltr'><strong>dit</strong></span> <span class='ocrx_word' id='word_1_219' title='bbox 1949 1374 2156 1429; x_wconf 81' lang='lat' dir='ltr'><strong>Madian</strong></span> <span class='ocrx_word' id='word_1_220' title='bbox 2191 1376 2244 1429; x_wconf 91' lang='lat' dir='ltr'><strong>in</strong></span> <span class='ocrx_word' id='word_1_221' title='bbox 2274 1390 2466 1445; x_wconf 86' lang='lat' dir='ltr'><strong>campo</strong></span> <span class='ocrx_word' id='word_1_222' title='bbox 2504 1376 2694 1433; x_wconf 82' lang='lat' dir='ltr'><strong>Moab:</strong></span> <span class='ocrx_word' id='word_1_223' title='bbox 2731 1387 2784 1431; x_wconf 92' lang='lat' dir='ltr'><strong>et</strong></span> <span class='ocrx_word' id='word_1_224' title='bbox 2825 1393 3021 1431; x_wconf 86' lang='lat' dir='ltr'><strong>nomen</strong></span> <span class='ocrx_word' id='word_1_225' title='bbox 3051 1380 3287 1433; x_wconf 61' lang='lat' dir='ltr'><strong>civitatis</strong></span> <span class='ocrx_word' id='word_1_226' title='bbox 3313 1379 3433 1445; x_wconf 88' lang='lat' dir='ltr'><strong>ejus</strong></span> 
     </span>
    </p>
   </div>
   <div class='ocr_carea' id='block_1_30' title="bbox 1838 1468 3413 1533">
    <p class='ocr_par' dir='ltr' id='par_1_30' title="bbox 1838 1468 3413 1533">
     <span class='ocr_line' id='line_1_30' title="bbox 1838 1468 3413 1533; baseline 0.002 -10"><span class='ocrx_word' id='word_1_227' title='bbox 1838 1468 2088 1525; x_wconf 87' lang='lat' dir='ltr'><strong>Getbem.</strong></span> <span class='ocrx_word' id='word_1_228' title='bbox 2118 1468 2221 1533; x_wconf 85' lang='lat' dir='ltr'><strong>Qui</strong></span> <span class='ocrx_word' id='word_1_229' title='bbox 2250 1478 2429 1523; x_wconf 85' lang='lat' dir='ltr'><strong>autem</strong></span> <span class='ocrx_word' id='word_1_230' title='bbox 2458 1479 2724 1524; x_wconf 80' lang='lat' dir='ltr'><strong>venerunt</strong></span> <span class='ocrx_word' id='word_1_231' title='bbox 2767 1472 2833 1524; x_wconf 88' lang='lat' dir='ltr'><strong>ad</strong></span> <span class='ocrx_word' id='word_1_232' title='bbox 2881 1488 3005 1526; x_wconf 90' lang='lat' dir='ltr'><strong>eum</strong></span> <span class='ocrx_word' id='word_1_233' title='bbox 3048 1472 3204 1527; x_wconf 87' lang='lat' dir='ltr'><strong>amici</strong></span> <span class='ocrx_word' id='word_1_234' title='bbox 3242 1483 3263 1508; x_wconf 72' lang='grc' dir='ltr'>υ</span> <span class='ocrx_word' id='word_1_235' title='bbox 3300 1473 3413 1527; x_wconf 87' lang='lat' dir='ltr'><strong>Eli—</strong></span> 
     </span>
    </p>
   </div>
   <div class='ocr_carea' id='block_1_31' title="bbox 1839 1558 3431 1629">
    <p class='ocr_par' dir='ltr' id='par_1_31' title="bbox 1839 1558 3431 1629">
     <span class='ocr_line' id='line_1_31' title="bbox 1839 1558 3431 1629; baseline 0.003 -16"><span class='ocrx_word' id='word_1_236' title='bbox 1839 1558 1975 1629; x_wconf 83' lang='lat' dir='ltr'><strong>plraz</strong></span> <span class='ocrx_word' id='word_1_237' title='bbox 2002 1576 2066 1614; x_wconf 84' lang='lat' dir='ltr'><strong>ex</strong></span> <span class='ocrx_word' id='word_1_238' title='bbox 2102 1560 2225 1614; x_wconf 88' lang='lat' dir='ltr'><strong>ﬁliis</strong></span> <span class='ocrx_word' id='word_1_239' title='bbox 2267 1561 2408 1615; x_wconf 82' lang='lat' dir='ltr'><strong>Esau</strong></span> <span class='ocrx_word' id='word_1_240' title='bbox 2439 1560 2843 1616; x_wconf 87' lang='lat' dir='ltr'><strong>Tltemanorum</strong></span> <span class='ocrx_word' id='word_1_241' title='bbox 2889 1579 3008 1627; x_wconf 83' lang='lat' dir='ltr'><strong>rex,</strong></span> <span class='ocrx_word' id='word_1_242' title='bbox 3050 1564 3250 1619; x_wconf 80' lang='lat' dir='ltr'><strong>Baldad</strong></span> <span class='ocrx_word' id='word_1_243' title='bbox 3292 1564 3431 1620; x_wconf 86' lang='lat' dir='ltr'><strong>Satt-</strong></span> 
     </span>
    </p>
   </div>
   <div class='ocr_carea' id='block_1_32' title="bbox 1835 1651 3197 1723">
    <p class='ocr_par' dir='ltr' id='par_1_32' title="bbox 1835 1651 3197 1723">
     <span class='ocr_line' id='line_1_32' title="bbox 1835 1651 3197 1723; baseline 0.001 -18"><span class='ocrx_word' id='word_1_244' title='bbox 1835 1652 2079 1706; x_wconf 82' lang='lat' dir='ltr'><strong>clriorum</strong></span> <span class='ocrx_word' id='word_1_245' title='bbox 2113 1660 2396 1723; x_wconf 87' lang='lat' dir='ltr'><strong>tyrannus,</strong></span> <span class='ocrx_word' id='word_1_246' title='bbox 2428 1651 2640 1723; x_wconf 85' lang='lat' dir='ltr'><strong>Soplrar</strong></span> <span class='ocrx_word' id='word_1_247' title='bbox 2671 1653 2985 1709; x_wconf 80' lang='lat' dir='ltr'><strong>Mirueorum</strong></span> <span class='ocrx_word' id='word_1_248' title='bbox 3021 1670 3133 1710; x_wconf 78' lang='lat' dir='ltr'><strong>res.</strong></span> <span class='ocrx_word' id='word_1_249' title='bbox 3176 1657 3197 1722; x_wconf 72' lang='grc' dir='ltr'>ζ</span> 
     </span>
    </p>
   </div>
   <div class='ocr_carea' id='block_1_33' title="bbox 1131 1784 2355 1856">
    <p class='ocr_par' dir='ltr' id='par_1_33' title="bbox 1131 1784 2355 1856">
     <span class='ocr_line' id='line_1_33' title="bbox 1131 1784 2355 1856; baseline 0.001 -17"><span class='ocrx_word' id='word_1_250' title='bbox 1131 1784 1357 1856; x_wconf 72' lang='lat' dir='ltr'><strong>Explica</strong></span> <span class='ocrx_word' id='word_1_251' title='bbox 1390 1786 1519 1839; x_wconf 82' lang='lat' dir='ltr'><strong>liber</strong></span> <span class='ocrx_word' id='word_1_252' title='bbox 1545 1786 1646 1839; x_wconf 80' lang='lat' dir='ltr'><strong>Job</strong></span> <span class='ocrx_word' id='word_1_253' title='bbox 1678 1785 1960 1840; x_wconf 87' lang='lat' dir='ltr'><strong>secundum</strong></span> <span class='ocrx_word' id='word_1_254' title='bbox 1989 1784 2355 1856; x_wconf 81' lang='lat' dir='ltr'><strong>Septuaginta.</strong></span> 
     </span>
    </p>
   </div>
   <div class='ocr_carea' id='block_1_34' title="bbox 223 1915 2555 1989">
    <p class='ocr_par' dir='ltr' id='par_1_34' title="bbox 223 1915 2555 1989">
     <span class='ocr_line' id='line_1_34' title="bbox 223 1915 2555 1989; baseline -0.002 -14"><span class='ocrx_word' id='word_1_255' title='bbox 223 1920 623 1989; x_wconf 74' lang='lat' dir='ltr'><strong>lSeptuaginta,</strong></span> <span class='ocrx_word' id='word_1_256' title='bbox 642 1927 847 1971; x_wconf 79' lang='lat' dir='ltr'><strong>rentum</strong></span> <span class='ocrx_word' id='word_1_257' title='bbox 870 1918 1199 1989; x_wconf 77' lang='lat' dir='ltr'><strong>septuaginta</strong></span> <span class='ocrx_word' id='word_1_258' title='bbox 1223 1918 1394 1972; x_wconf 88' lang='lat' dir='ltr'><strong>annis.</strong></span> <span class='ocrx_word' id='word_1_259' title='bbox 1416 1918 1602 1971; x_wconf 83' lang='lat' dir='ltr'><strong>Omnes</strong></span> <span class='ocrx_word' id='word_1_260' title='bbox 1628 1934 1727 1971; x_wconf 87' lang='lat' dir='ltr'><strong>au-</strong></span> <span class='ocrx_word' id='word_1_261' title='bbox 1762 1919 1806 1980; x_wconf 85' lang='lat' dir='ltr'><strong>B</strong></span> <span class='ocrx_word' id='word_1_262' title='bbox 1837 1915 2047 1989; x_wconf 82' lang='lat' dir='ltr'><strong>Sophar</strong></span> <span class='ocrx_word' id='word_1_263' title='bbox 2086 1933 2178 1989; x_wconf 72' lang='lat' dir='ltr'><strong>rea:</strong></span> <span class='ocrx_word' id='word_1_264' title='bbox 2224 1915 2280 1969; x_wconf 86' lang='lat' dir='ltr'><strong><em>M</em></strong></span> <span class='ocrx_word' id='word_1_265' title='bbox 2286 1918 2555 1972; x_wconf 67' lang='lat' dir='ltr'><strong>iratorum.</strong></span> 
     </span>
    </p>
   </div>
   <div class='ocr_carea' id='block_1_35' title="bbox 163 1989 1723 2057">
    <p class='ocr_par' dir='ltr' id='par_1_35' title="bbox 163 1989 1723 2057">
     <span class='ocr_line' id='line_1_35' title="bbox 163 1989 1723 2057; baseline -0.004 -10"><span class='ocrx_word' id='word_1_266' title='bbox 163 2005 246 2047; x_wconf 82' lang='lat' dir='ltr'><strong>t=nt</strong></span> <span class='ocrx_word' id='word_1_267' title='bbox 268 2008 419 2045; x_wconf 88' lang='lat' dir='ltr'><strong>annos</strong></span> <span class='ocrx_word' id='word_1_268' title='bbox 443 1991 564 2043; x_wconf 74' lang='lat' dir='ltr'><strong>riIit</strong></span> <span class='ocrx_word' id='word_1_269' title='bbox 595 1992 843 2043; x_wconf 83' lang='lat' dir='ltr'><strong>ducentos</strong></span> <span class='ocrx_word' id='word_1_270' title='bbox 869 1990 1231 2057; x_wconf 87' lang='lat' dir='ltr'><strong>quadraginta.</strong></span> <span class='ocrx_word' id='word_1_271' title='bbox 1260 1989 1356 2042; x_wconf 82' lang='lat' dir='ltr'><strong>Ms.</strong></span> <span class='ocrx_word' id='word_1_272' title='bbox 1391 2001 1568 2043; x_wconf 85' lang='lat' dir='ltr'><strong>tamen</strong></span> <span class='ocrx_word' id='word_1_273' title='bbox 1596 1991 1723 2041; x_wconf 82' lang='lat' dir='ltr'><strong>Ale-</strong></span> 
     </span>
    </p>
   </div>
   <div class='ocr_carea' id='block_1_36' title="bbox 166 2059 1729 2117">
    <p class='ocr_par' dir='ltr' id='par_1_36' title="bbox 166 2059 1729 2117">
     <span class='ocr_line' id='line_1_36' title="bbox 166 2059 1729 2117; baseline -0.003 0"><span class='ocrx_word' id='word_1_274' title='bbox 166 2065 430 2117; x_wconf 71' lang='lat' dir='ltr'><strong>xandrinus</strong></span> <span class='ocrx_word' id='word_1_275' title='bbox 460 2062 758 2113; x_wconf 72' lang='lat' dir='ltr'><strong>concordat</strong></span> <span class='ocrx_word' id='word_1_276' title='bbox 792 2075 913 2112; x_wconf 90' lang='lat' dir='ltr'><strong>cum</strong></span> <span class='ocrx_word' id='word_1_277' title='bbox 951 2059 1190 2113; x_wconf 89' lang='lat' dir='ltr'><strong>editione</strong></span> <span class='ocrx_word' id='word_1_278' title='bbox 1230 2068 1411 2113; x_wconf 56' lang='lat' dir='ltr'><strong>nostra</strong></span> <span class='ocrx_word' id='word_1_279' title='bbox 1458 2061 1508 2113; x_wconf 90' lang='lat' dir='ltr'><strong>in</strong></span> <span class='ocrx_word' id='word_1_280' title='bbox 1541 2060 1729 2113; x_wconf 85' lang='lat' dir='ltr'><strong>ultimo</strong></span> 
     </span>
    </p>
   </div>
   <div class='ocr_carea' id='block_1_37' title="bbox 163 2132 1725 2198">
    <p class='ocr_par' dir='ltr' id='par_1_37' title="bbox 163 2132 1725 2198">
     <span class='ocr_line' id='line_1_37' title="bbox 163 2132 1725 2198; baseline -0.003 -12"><span class='ocrx_word' id='word_1_281' title='bbox 163 2143 402 2189; x_wconf 86' lang='lat' dir='ltr'><strong>commate</strong></span> <span class='ocrx_word' id='word_1_282' title='bbox 428 2175 442 2198; x_wconf 88' lang='lat'><strong>,</strong></span> <span class='ocrx_word' id='word_1_283' title='bbox 492 2132 681 2183; x_wconf 81' lang='lat' dir='ltr'><strong>Omnes</strong></span> <span class='ocrx_word' id='word_1_284' title='bbox 730 2140 902 2183; x_wconf 81' lang='lat' dir='ltr'><strong>autem</strong></span> <span class='ocrx_word' id='word_1_285' title='bbox 945 2147 1137 2191; x_wconf 87' lang='lat' dir='ltr'><strong>annos,</strong></span> <span class='ocrx_word' id='word_1_286' title='bbox 1171 2142 1281 2184; x_wconf 85' lang='lat' dir='ltr'><strong>etc.</strong></span> <span class='ocrx_word' id='word_1_287' title='bbox 1303 2172 1317 2194; x_wconf 93' lang='lat'><strong>,</strong></span> <span class='ocrx_word' id='word_1_288' title='bbox 1367 2132 1491 2195; x_wconf 82' lang='lat' dir='ltr'><strong>quia</strong></span> <span class='ocrx_word' id='word_1_289' title='bbox 1524 2132 1683 2183; x_wconf 81' lang='lat' dir='ltr'><strong>liabet</strong></span> <span class='ocrx_word' id='word_1_290' title='bbox 1709 2171 1725 2194; x_wconf 91' lang='lat'><strong>,</strong></span> 
     </span>
    </p>
   </div>
   <div class='ocr_carea' id='block_1_38' title="bbox 165 2201 1729 2272">
    <p class='ocr_par' dir='ltr' id='par_1_38' title="bbox 165 2201 1729 2272">
     <span class='ocr_line' id='line_1_38' title="bbox 165 2201 1729 2272; baseline -0.003 -14"><span class='ocrx_word' id='word_1_291' title='bbox 165 2208 381 2259; x_wconf 78' lang='lat' dir='ltr'><strong>ducentos</strong></span> <span class='ocrx_word' id='word_1_292' title='bbox 426 2203 774 2272; x_wconf 86' lang='lat' dir='ltr'><strong>quadraginta</strong></span> <span class='ocrx_word' id='word_1_293' title='bbox 816 2201 1273 2272; x_wconf 28' lang='lat' dir='ltr'><strong>octo.AC;rtcrttm</strong></span> <span class='ocrx_word' id='word_1_294' title='bbox 1326 2202 1495 2254; x_wconf 84' lang='lat' dir='ltr'><strong>notari</strong></span> <span class='ocrx_word' id='word_1_295' title='bbox 1544 2201 1729 2254; x_wconf 86' lang='lat' dir='ltr'><strong>debuit</strong></span> 
     </span>
    </p>
   </div>
   <div class='ocr_carea' id='block_1_39' title="bbox 165 2270 1727 2329">
    <p class='ocr_par' dir='ltr' id='par_1_39' title="bbox 165 2270 1727 2329">
     <span class='ocr_line' id='line_1_39' title="bbox 165 2270 1727 2329; baseline -0.001 -3"><span class='ocrx_word' id='word_1_296' title='bbox 165 2278 328 2329; x_wconf 74' lang='lat' dir='ltr'><strong>obelns</strong></span> <span class='ocrx_word' id='word_1_297' title='bbox 360 2270 926 2327; x_wconf 36' lang='lat' dir='ltr'><strong>adisrarn‘annorurn</strong></span> <span class='ocrx_word' id='word_1_298' title='bbox 958 2270 1060 2324; x_wconf 83' lang='lat' dir='ltr'><strong>Job</strong></span> <span class='ocrx_word' id='word_1_299' title='bbox 1107 2287 1371 2325; x_wconf 84' lang='lat' dir='ltr'><strong>summanr</strong></span> <span class='ocrx_word' id='word_1_300' title='bbox 1409 2288 1421 2323; x_wconf 93' lang='lat'>:</span> <span class='ocrx_word' id='word_1_301' title='bbox 1453 2286 1558 2325; x_wconf 90' lang='lat' dir='ltr'><strong>non</strong></span> <span class='ocrx_word' id='word_1_302' title='bbox 1584 2272 1727 2325; x_wconf 88' lang='lat' dir='ltr'><strong>enim</strong></span> 
     </span>
    </p>
   </div>
   <div class='ocr_carea' id='block_1_40' title="bbox 168 2342 1725 2403">
    <p class='ocr_par' dir='ltr' id='par_1_40' title="bbox 168 2342 1725 2403">
     <span class='ocr_line' id='line_1_40' title="bbox 168 2342 1725 2403; baseline 0 -8"><span class='ocrx_word' id='word_1_303' title='bbox 168 2348 339 2403; x_wconf 71' lang='lat' dir='ltr'><strong>leeitur</strong></span> <span class='ocrx_word' id='word_1_304' title='bbox 378 2346 468 2399; x_wconf 86' lang='lat' dir='ltr'><strong>ille</strong></span> <span class='ocrx_word' id='word_1_305' title='bbox 506 2346 808 2398; x_wconf 79' lang='lat' dir='ltr'><strong>versiculus</strong></span> <span class='ocrx_word' id='word_1_306' title='bbox 852 2343 905 2396; x_wconf 88' lang='lat' dir='ltr'><strong>in</strong></span> <span class='ocrx_word' id='word_1_307' title='bbox 949 2342 1315 2397; x_wconf 69' lang='lat' dir='ltr'><strong>roluruiuibus</strong></span> <span class='ocrx_word' id='word_1_308' title='bbox 1353 2342 1725 2396; x_wconf 69' lang='lat' dir='ltr'><strong>Hebraeorum.</strong></span> 
     </span>
    </p>
   </div>
   <div class='ocr_carea' id='block_1_41' title="bbox 168 2418 319 2471">
    <p class='ocr_par' dir='ltr' id='par_1_41' title="bbox 168 2418 319 2471">
     <span class='ocr_line' id='line_1_41' title="bbox 168 2418 319 2471; baseline -0.007 0"><span class='ocrx_word' id='word_1_309' title='bbox 168 2418 319 2471; x_wconf 71' lang='lat' dir='ltr'><strong>Mser.</strong></span> 
     </span>
    </p>
   </div>
   <div class='ocr_carea' id='block_1_42' title="bbox 227 2481 1728 2555">
    <p class='ocr_par' dir='ltr' id='par_1_42' title="bbox 227 2481 1728 2555">
     <span class='ocr_line' id='line_1_42' title="bbox 227 2481 1728 2555; baseline -0.004 -14"><span class='ocrx_word' id='word_1_310' title='bbox 227 2488 251 2525; x_wconf 68' lang='grc' dir='ltr'><strong>ι)</strong></span> <span class='ocrx_word' id='word_1_311' title='bbox 278 2488 390 2541; x_wconf 69' lang='lat' dir='ltr'><strong>Ilmc</strong></span> <span class='ocrx_word' id='word_1_312' title='bbox 418 2500 682 2539; x_wconf 89' lang='lat' dir='ltr'><strong>annorum</strong></span> <span class='ocrx_word' id='word_1_313' title='bbox 715 2484 835 2537; x_wconf 89' lang='lat' dir='ltr'><strong>Jobi</strong></span> <span class='ocrx_word' id='word_1_314' title='bbox 875 2500 1083 2538; x_wconf 85' lang='lat' dir='ltr'><strong>summa</strong></span> <span class='ocrx_word' id='word_1_315' title='bbox 1127 2498 1300 2555; x_wconf 89' lang='lat' dir='ltr'><strong>neque</strong></span> <span class='ocrx_word' id='word_1_316' title='bbox 1336 2482 1387 2537; x_wconf 88' lang='lat' dir='ltr'><strong>irt</strong></span> <span class='ocrx_word' id='word_1_317' title='bbox 1442 2481 1728 2555; x_wconf 78' lang='lat' dir='ltr'><strong>llebraico,</strong></span> 
     </span>
    </p>
   </div>
   <div class='ocr_carea' id='block_1_43' title="bbox 173 2553 1727 2625">
    <p class='ocr_par' dir='ltr' id='par_1_43' title="bbox 173 2553 1727 2625">
     <span class='ocr_line' id='line_1_43' title="bbox 173 2553 1727 2625; baseline -0.004 -14"><span class='ocrx_word' id='word_1_318' title='bbox 173 2574 321 2625; x_wconf 82' lang='lat' dir='ltr'><strong>neque</strong></span> <span class='ocrx_word' id='word_1_319' title='bbox 368 2558 500 2622; x_wconf 89' lang='lat' dir='ltr'><strong>apud</strong></span> <span class='ocrx_word' id='word_1_320' title='bbox 535 2556 773 2624; x_wconf 67' lang='lat' dir='ltr'><strong>reliquos</strong></span> <span class='ocrx_word' id='word_1_321' title='bbox 820 2556 1045 2622; x_wconf 84' lang='lat' dir='ltr'><strong>interpr.</strong></span> <span class='ocrx_word' id='word_1_322' title='bbox 1089 2553 1286 2620; x_wconf 71' lang='lat' dir='ltr'><strong>exstat,</strong></span> <span class='ocrx_word' id='word_1_323' title='bbox 1320 2565 1384 2625; x_wconf 89' lang='lat' dir='ltr'><strong>ut</strong></span> <span class='ocrx_word' id='word_1_324' title='bbox 1429 2553 1727 2625; x_wconf 83' lang='lat' dir='ltr'><strong>Colbertiui</strong></span> 
     </span>
    </p>
   </div>
   <div class='ocr_carea' id='block_1_44' title="bbox 171 2624 1732 2695">
    <p class='ocr_par' dir='ltr' id='par_1_44' title="bbox 171 2624 1732 2695">
     <span class='ocr_line' id='line_1_44' title="bbox 171 2624 1732 2695; baseline -0.003 -15"><span class='ocrx_word' id='word_1_325' title='bbox 171 2624 347 2681; x_wconf 74' lang='lat' dir='ltr'><strong>codicis</strong></span> <span class='ocrx_word' id='word_1_326' title='bbox 388 2638 550 2695; x_wconf 86' lang='lat' dir='ltr'><strong>atque</strong></span> <span class='ocrx_word' id='word_1_327' title='bbox 591 2627 819 2680; x_wconf 69' lang='lat' dir='ltr'><strong>alterius</strong></span> <span class='ocrx_word' id='word_1_328' title='bbox 852 2625 1005 2695; x_wconf 72' lang='lat' dir='ltr'><strong>lit-git</strong></span> <span class='ocrx_word' id='word_1_329' title='bbox 1040 2624 1362 2693; x_wconf 81' lang='lat' dir='ltr'><strong>llexaplaris</strong></span> <span class='ocrx_word' id='word_1_330' title='bbox 1390 2624 1530 2691; x_wconf 87' lang='lat' dir='ltr'><strong>apud</strong></span> <span class='ocrx_word' id='word_1_331' title='bbox 1557 2624 1732 2677; x_wconf 78' lang='lat' dir='ltr'><strong>Mont-</strong></span> 
     </span>
    </p>
   </div>
   <div class='ocr_carea' id='block_1_45' title="bbox 172 2695 1724 2770">
    <p class='ocr_par' dir='ltr' id='par_1_45' title="bbox 172 2695 1724 2770">
     <span class='ocr_line' id='line_1_45' title="bbox 172 2695 1724 2770; baseline -0.002 -21"><span class='ocrx_word' id='word_1_332' title='bbox 172 2699 445 2751; x_wconf 79' lang='lat' dir='ltr'><strong>lanconiunt</strong></span> <span class='ocrx_word' id='word_1_333' title='bbox 481 2710 606 2749; x_wconf 79' lang='lat' dir='ltr'><strong>nata</strong></span> <span class='ocrx_word' id='word_1_334' title='bbox 656 2705 930 2770; x_wconf 85' lang='lat' dir='ltr'><strong>tcstatur_:</strong></span> <span class='ocrx_word' id='word_1_335' title='bbox 965 2698 1019 2749; x_wconf 74' lang='grc' dir='ltr'>οὐ</span> <span class='ocrx_word' id='word_1_336' title='bbox 1057 2705 1227 2751; x_wconf 73' lang='grc' dir='ltr'><strong>κεῖται</strong></span> <span class='ocrx_word' id='word_1_337' title='bbox 1258 2696 1305 2751; x_wconf 81' lang='grc' dir='ltr'><strong>ἐν</strong></span> <span class='ocrx_word' id='word_1_338' title='bbox 1342 2695 1724 2770; x_wconf 47' lang='grc' dir='ltr'><strong>τῷ-Ἐϐραῐκῷ,</strong></span> 
     </span>
    </p>
   </div>
   <div class='ocr_carea' id='block_1_46' title="bbox 168 2766 1727 2845">
    <p class='ocr_par' dir='ltr' id='par_1_46' title="bbox 168 2766 1727 2845">
     <span class='ocr_line' id='line_1_46' title="bbox 168 2766 1727 2845; baseline -0.003 -23"><span class='ocrx_word' id='word_1_339' title='bbox 168 2769 263 2823; x_wconf 62' lang='grc' dir='ltr'><strong>οὐὂέ</strong></span> <span class='ocrx_word' id='word_1_340' title='bbox 300 2771 434 2845; x_wconf 70' lang='grc' dir='ltr'><strong>παρὰ</strong></span> <span class='ocrx_word' id='word_1_341' title='bbox 468 2776 578 2828; x_wconf 78' lang='grc' dir='ltr'><strong>τοῖς</strong></span> <span class='ocrx_word' id='word_1_342' title='bbox 596 2768 811 2828; x_wconf 72' lang='grc' dir='ltr'><strong>λοιποῖς.</strong></span> <span class='ocrx_word' id='word_1_343' title='bbox 860 2766 970 2821; x_wconf 85' lang='lat' dir='ltr'><strong>Nos</strong></span> <span class='ocrx_word' id='word_1_344' title='bbox 1002 2767 1179 2836; x_wconf 76' lang='lat' dir='ltr'><strong>itaque</strong></span> <span class='ocrx_word' id='word_1_345' title='bbox 1212 2770 1359 2821; x_wconf 81' lang='lat' dir='ltr'><strong>illam</strong></span> <span class='ocrx_word' id='word_1_346' title='bbox 1390 2766 1549 2819; x_wconf 75' lang='lat' dir='ltr'><strong>bbelo</strong></span> <span class='ocrx_word' id='word_1_347' title='bbox 1594 2780 1727 2819; x_wconf 68' lang='grc' dir='ltr'><strong>ροη-</strong></span> 
     </span>
    </p>
   </div>
   <div class='ocr_carea' id='block_1_47' title="bbox 167 2843 397 2891">
    <p class='ocr_par' dir='ltr' id='par_1_47' title="bbox 167 2843 397 2891">
     <span class='ocr_line' id='line_1_47' title="bbox 167 2843 397 2891; baseline 0.004 -1"><span class='ocrx_word' id='word_1_348' title='bbox 167 2843 397 2891; x_wconf 71' lang='lat' dir='ltr'><strong>ludimus.</strong></span> 
     </span>
    </p>
   </div>
   <div class='ocr_carea' id='block_1_48' title="bbox 228 2906 1728 2979">
    <p class='ocr_par' dir='ltr' id='par_1_48' title="bbox 228 2906 1728 2979">
     <span class='ocr_line' id='line_1_48' title="bbox 228 2906 1728 2979; baseline -0.003 -15"><span class='ocrx_word' id='word_1_349' title='bbox 228 2921 247 2947; x_wconf 73' lang='grc' dir='ltr'><strong>ε</strong></span> <span class='ocrx_word' id='word_1_350' title='bbox 278 2911 367 2964; x_wconf 86' lang='lat' dir='ltr'><strong>Hie</strong></span> <span class='ocrx_word' id='word_1_351' title='bbox 405 2909 603 2963; x_wconf 87' lang='lat' dir='ltr'><strong>desinit</strong></span> <span class='ocrx_word' id='word_1_352' title='bbox 652 2907 817 2962; x_wconf 80' lang='lat' dir='ltr'><strong>Ilebr.</strong></span> <span class='ocrx_word' id='word_1_353' title='bbox 872 2907 1333 2979; x_wconf 73' lang='lat' dir='ltr'><strong>archetypunr,et</strong></span> <span class='ocrx_word' id='word_1_354' title='bbox 1384 2906 1474 2976; x_wconf 90' lang='lat' dir='ltr'><strong>qui</strong></span> <span class='ocrx_word' id='word_1_355' title='bbox 1521 2922 1587 2960; x_wconf 83' lang='lat' dir='ltr'><strong>ex</strong></span> <span class='ocrx_word' id='word_1_356' title='bbox 1638 2906 1728 2960; x_wconf 83' lang='lat' dir='ltr'><strong>illo</strong></span> 
     </span>
    </p>
   </div>
   <div class='ocr_carea' id='block_1_49' title="bbox 166 2978 1722 3046">
    <p class='ocr_par' dir='ltr' id='par_1_49' title="bbox 166 2978 1722 3046">
     <span class='ocr_line' id='line_1_49' title="bbox 166 2978 1722 3046; baseline -0.001 -14"><span class='ocrx_word' id='word_1_357' title='bbox 166 2982 535 3034; x_wconf 82' lang='lat' dir='ltr'><strong>transtulerunt</strong></span> <span class='ocrx_word' id='word_1_358' title='bbox 558 2981 886 3045; x_wconf 82' lang='lat' dir='ltr'><strong>interpretes</strong></span> <span class='ocrx_word' id='word_1_359' title='bbox 917 2978 1111 3033; x_wconf 53' lang='grc' dir='ltr'><strong>ϐῆναι.</strong></span> <span class='ocrx_word' id='word_1_360' title='bbox 1141 2981 1273 3044; x_wconf 80' lang='lat' dir='ltr'><strong>Qua:</strong></span> <span class='ocrx_word' id='word_1_361' title='bbox 1295 2978 1722 3046; x_wconf 70' lang='lat' dir='ltr'><strong>subsequmrtur,</strong></span> 
     </span>
    </p>
   </div>
   <div class='ocr_carea' id='block_1_50' title="bbox 164 3049 1727 3120">
    <p class='ocr_par' dir='ltr' id='par_1_50' title="bbox 164 3049 1727 3120">
     <span class='ocr_line' id='line_1_50' title="bbox 164 3049 1727 3120; baseline 0 -21"><span class='ocrx_word' id='word_1_362' title='bbox 164 3051 307 3103; x_wconf 84' lang='lat' dir='ltr'><strong>obelo</strong></span> <span class='ocrx_word' id='word_1_363' title='bbox 345 3052 567 3120; x_wconf 85' lang='lat' dir='ltr'><strong>singulis</strong></span> <span class='ocrx_word' id='word_1_364' title='bbox 608 3050 915 3120; x_wconf 69' lang='lat' dir='ltr'><strong>quibusque</strong></span> <span class='ocrx_word' id='word_1_365' title='bbox 961 3050 1211 3103; x_wconf 84' lang='lat' dir='ltr'><strong>versibus</strong></span> <span class='ocrx_word' id='word_1_366' title='bbox 1250 3057 1549 3118; x_wconf 67' lang='lat' dir='ltr'><strong>praenotata</strong></span> <span class='ocrx_word' id='word_1_367' title='bbox 1586 3049 1727 3120; x_wconf 81' lang='lat' dir='ltr'><strong>apud</strong></span> 
     </span>
    </p>
   </div>
   <div class='ocr_carea' id='block_1_51' title="bbox 166 3119 1728 3189">
    <p class='ocr_par' dir='ltr' id='par_1_51' title="bbox 166 3119 1728 3189">
     <span class='ocr_line' id='line_1_51' title="bbox 166 3119 1728 3189; baseline -0.001 -16"><span class='ocrx_word' id='word_1_368' title='bbox 166 3120 291 3174; x_wconf 74' lang='lat' dir='ltr'><strong>LXX</strong></span> <span class='ocrx_word' id='word_1_369' title='bbox 322 3133 375 3175; x_wconf 87' lang='lat' dir='ltr'><strong>et</strong></span> <span class='ocrx_word' id='word_1_370' title='bbox 418 3119 873 3179; x_wconf 80' lang='lat' dir='ltr'><strong>&#39;I‘lteodotiunem,</strong></span> <span class='ocrx_word' id='word_1_371' title='bbox 910 3135 972 3172; x_wconf 75' lang='lat' dir='ltr'><strong>ex</strong></span> <span class='ocrx_word' id='word_1_372' title='bbox 1022 3120 1247 3189; x_wconf 86' lang='lat' dir='ltr'><strong>Syriaco</strong></span> <span class='ocrx_word' id='word_1_373' title='bbox 1296 3121 1576 3186; x_wconf 81' lang='lat' dir='ltr'><strong>desumpta</strong></span> <span class='ocrx_word' id='word_1_374' title='bbox 1634 3119 1728 3171; x_wconf 89' lang='lat' dir='ltr'><strong>ba-</strong></span> 
     </span>
    </p>
   </div>
   <div class='ocr_carea' id='block_1_52' title="bbox 165 3190 1726 3259">
    <p class='ocr_par' dir='ltr' id='par_1_52' title="bbox 165 3190 1726 3259">
     <span class='ocr_line' id='line_1_52' title="bbox 165 3190 1726 3259; baseline -0.001 -15"><span class='ocrx_word' id='word_1_375' title='bbox 165 3192 359 3246; x_wconf 82' lang='lat' dir='ltr'><strong>bentnr.</strong></span> <span class='ocrx_word' id='word_1_376' title='bbox 411 3192 593 3245; x_wconf 83' lang='lat' dir='ltr'><strong>Placet</strong></span> <span class='ocrx_word' id='word_1_377' title='bbox 640 3206 789 3259; x_wconf 76' lang='lat' dir='ltr'><strong>vero,</strong></span> <span class='ocrx_word' id='word_1_378' title='bbox 841 3191 1275 3259; x_wconf 83' lang='lat' dir='ltr'><strong>quandoquidem</strong></span> <span class='ocrx_word' id='word_1_379' title='bbox 1327 3202 1381 3243; x_wconf 91' lang='lat' dir='ltr'><strong>et</strong></span> <span class='ocrx_word' id='word_1_380' title='bbox 1427 3206 1522 3258; x_wconf 89' lang='lat' dir='ltr'><strong>per</strong></span> <span class='ocrx_word' id='word_1_381' title='bbox 1567 3190 1726 3259; x_wconf 79' lang='lat' dir='ltr'><strong>inane</strong></span> 
     </span>
    </p>
   </div>
   <div class='ocr_carea' id='block_1_53' title="bbox 166 3257 1799 3354">
    <p class='ocr_par' dir='ltr' id='par_1_53' title="bbox 166 3257 1799 3354">
     <span class='ocr_line' id='line_1_53' title="bbox 166 3257 1799 3354; baseline -0.001 -41"><span class='ocrx_word' id='word_1_382' title='bbox 166 3262 605 3354; x_wconf 52' lang='lat' dir='ltr'><strong>paglinsesiiatiurn</strong></span> <span class='ocrx_word' id='word_1_383' title='bbox 640 3257 783 3343; x_wconf 74' lang='lat' dir='ltr'><strong>licet,</strong></span> <span class='ocrx_word' id='word_1_384' title='bbox 808 3257 1007 3354; x_wconf 61' lang='lat' dir='ltr'><strong>veteris</strong></span> <span class='ocrx_word' id='word_1_385' title='bbox 1041 3257 1281 3331; x_wconf 68' lang='lat' dir='ltr'><strong>Vulgata:</strong></span> <span class='ocrx_word' id='word_1_386' title='bbox 1309 3257 1441 3341; x_wconf 75' lang='lat' dir='ltr'><strong>edit.</strong></span> <span class='ocrx_word' id='word_1_387' title='bbox 1474 3276 1539 3313; x_wconf 80' lang='lat' dir='ltr'><strong>ex</strong></span> <span class='ocrx_word' id='word_1_388' title='bbox 1569 3257 1723 3314; x_wconf 66' lang='lat' dir='ltr'><strong>Grte-</strong></span> <span class='ocrx_word' id='word_1_389' title='bbox 1756 3294 1799 3354; x_wconf 78' lang='lat' dir='ltr'><strong>C</strong></span> 
     </span>
    </p>
   </div>
   <div class='ocr_carea' id='block_1_54' title="bbox 166 3331 1723 3401">
    <p class='ocr_par' dir='ltr' id='par_1_54' title="bbox 166 3331 1723 3401">
     <span class='ocr_line' id='line_1_54' title="bbox 166 3331 1723 3401; baseline -0.001 -17"><span class='ocrx_word' id='word_1_390' title='bbox 166 3346 223 3384; x_wconf 71' lang='lat' dir='ltr'><strong>c-i</strong></span> <span class='ocrx_word' id='word_1_391' title='bbox 248 3334 325 3386; x_wconf 85' lang='lat' dir='ltr'><strong>liie</strong></span> <span class='ocrx_word' id='word_1_392' title='bbox 355 3332 855 3401; x_wconf 78' lang='lat' dir='ltr'><strong>interpretationem</strong></span> <span class='ocrx_word' id='word_1_393' title='bbox 892 3332 1048 3396; x_wconf 53' lang='lat' dir='ltr'><strong>hujus</strong></span> <span class='ocrx_word' id='word_1_394' title='bbox 1078 3331 1378 3385; x_wconf 59' lang='lat' dir='ltr'><strong>assurneuti</strong></span> <span class='ocrx_word' id='word_1_395' title='bbox 1411 3346 1723 3399; x_wconf 83' lang='lat' dir='ltr'><strong>apponere:</strong></span> 
     </span>
    </p>
   </div>
   <div class='ocr_carea' id='block_1_55' title="bbox 166 3401 1732 3473">
    <p class='ocr_par' dir='ltr' id='par_1_55' title="bbox 166 3401 1732 3473">
     <span class='ocr_line' id='line_1_55' title="bbox 166 3401 1732 3473; baseline 0 -20"><span class='ocrx_word' id='word_1_396' title='bbox 166 3403 413 3473; x_wconf 77' lang='lat' dir='ltr'><strong>Scriptum</strong></span> <span class='ocrx_word' id='word_1_397' title='bbox 439 3416 510 3457; x_wconf 85' lang='lat' dir='ltr'><strong>est</strong></span> <span class='ocrx_word' id='word_1_398' title='bbox 541 3413 715 3456; x_wconf 84' lang='lat' dir='ltr'><strong>autent</strong></span> <span class='ocrx_word' id='word_1_399' title='bbox 745 3405 991 3473; x_wconf 83' lang='lat' dir='ltr'><strong>quoniam</strong></span> <span class='ocrx_word' id='word_1_400' title='bbox 1016 3402 1100 3454; x_wconf 89' lang='lat' dir='ltr'><strong>hic</strong></span> <span class='ocrx_word' id='word_1_401' title='bbox 1127 3412 1354 3473; x_wconf 87' lang='lat' dir='ltr'><strong>resurget</strong></span> <span class='ocrx_word' id='word_1_402' title='bbox 1380 3418 1493 3453; x_wconf 90' lang='lat' dir='ltr'><strong>cum</strong></span> <span class='ocrx_word' id='word_1_403' title='bbox 1522 3401 1609 3473; x_wconf 86' lang='lat' dir='ltr'><strong>iis,</strong></span> <span class='ocrx_word' id='word_1_404' title='bbox 1643 3402 1732 3469; x_wconf 88' lang='lat' dir='ltr'><strong>qrti</strong></span> 
     </span>
    </p>
   </div>
   <div class='ocr_carea' id='block_1_56' title="bbox 161 3472 1729 3541">
    <p class='ocr_par' dir='ltr' id='par_1_56' title="bbox 161 3472 1729 3541">
     <span class='ocr_line' id='line_1_56' title="bbox 161 3472 1729 3541; baseline 0 -19"><span class='ocrx_word' id='word_1_405' title='bbox 161 3490 186 3522; x_wconf 89' lang='lat' dir='ltr'><strong>a</strong></span> <span class='ocrx_word' id='word_1_406' title='bbox 217 3472 421 3527; x_wconf 80' lang='lat' dir='ltr'><strong>Domino</strong></span> <span class='ocrx_word' id='word_1_407' title='bbox 440 3475 733 3528; x_wconf 86' lang='lat' dir='ltr'><strong>suscitaudi</strong></span> <span class='ocrx_word' id='word_1_408' title='bbox 761 3484 900 3526; x_wconf 80' lang='lat' dir='ltr'><strong>sunt.</strong></span> <span class='ocrx_word' id='word_1_409' title='bbox 931 3474 1060 3535; x_wconf 65' lang='grc' dir='ltr'><strong>υκαι</strong></span> <span class='ocrx_word' id='word_1_410' title='bbox 1087 3472 1393 3541; x_wconf 78' lang='lat' dir='ltr'><strong>sequuntur,</strong></span> <span class='ocrx_word' id='word_1_411' title='bbox 1414 3487 1477 3524; x_wconf 76' lang='lat' dir='ltr'><strong>ea:</strong></span> <span class='ocrx_word' id='word_1_412' title='bbox 1508 3472 1729 3541; x_wconf 69' lang='lat' dir='ltr'><strong>Syriaca</strong></span> 
     </span>
    </p>
   </div>
   <div class='ocr_carea' id='block_1_57' title="bbox 160 3543 1729 3602">
    <p class='ocr_par' dir='ltr' id='par_1_57' title="bbox 160 3543 1729 3602">
     <span class='ocr_line' id='line_1_57' title="bbox 160 3543 1729 3602; baseline 0.001 -10"><span class='ocrx_word' id='word_1_413' title='bbox 160 3545 326 3597; x_wconf 69' lang='lat' dir='ltr'><strong>educta</strong></span> <span class='ocrx_word' id='word_1_414' title='bbox 353 3556 466 3597; x_wconf 86' lang='lat' dir='ltr'><strong>sunt</strong></span> <span class='ocrx_word' id='word_1_415' title='bbox 498 3562 514 3599; x_wconf 93' lang='lat'><em>:</em></span> <span class='ocrx_word' id='word_1_416' title='bbox 542 3543 645 3597; x_wconf 81' lang='lat' dir='ltr'><strong>Job</strong></span> <span class='ocrx_word' id='word_1_417' title='bbox 680 3561 796 3597; x_wconf 73' lang='lat' dir='ltr'><strong>vero</strong></span> <span class='ocrx_word' id='word_1_418' title='bbox 822 3545 1085 3597; x_wconf 88' lang='lat' dir='ltr'><strong>habitabat</strong></span> <span class='ocrx_word' id='word_1_419' title='bbox 1117 3544 1168 3596; x_wconf 87' lang='lat' dir='ltr'><strong>in</strong></span> <span class='ocrx_word' id='word_1_420' title='bbox 1201 3554 1334 3595; x_wconf 86' lang='lat' dir='ltr'><strong>terra</strong></span> <span class='ocrx_word' id='word_1_421' title='bbox 1365 3543 1456 3602; x_wconf 85' lang='lat' dir='ltr'><strong>Us,</strong></span> <span class='ocrx_word' id='word_1_422' title='bbox 1474 3543 1607 3594; x_wconf 86' lang='lat' dir='ltr'><strong>inter</strong></span> <span class='ocrx_word' id='word_1_423' title='bbox 1628 3552 1729 3593; x_wconf 85' lang='lat' dir='ltr'><strong>ter-</strong></span> 
     </span>
    </p>
   </div>
   <div class='ocr_carea' id='block_1_58' title="bbox 160 3610 1731 3675">
    <p class='ocr_par' dir='ltr' id='par_1_58' title="bbox 160 3610 1731 3675">
     <span class='ocr_line' id='line_1_58' title="bbox 160 3610 1731 3675; baseline 0.001 -13"><span class='ocrx_word' id='word_1_424' title='bbox 160 3616 307 3667; x_wconf 74' lang='lat' dir='ltr'><strong>minos</strong></span> <span class='ocrx_word' id='word_1_425' title='bbox 340 3614 497 3669; x_wconf 78' lang='lat' dir='ltr'><strong>Edoni</strong></span> <span class='ocrx_word' id='word_1_426' title='bbox 526 3627 575 3668; x_wconf 81' lang='lat' dir='ltr'><strong>et</strong></span> <span class='ocrx_word' id='word_1_427' title='bbox 611 3614 835 3675; x_wconf 77' lang='lat' dir='ltr'><strong>Ambae,</strong></span> <span class='ocrx_word' id='word_1_428' title='bbox 865 3626 910 3667; x_wconf 86' lang='lat' dir='ltr'><strong>et</strong></span> <span class='ocrx_word' id='word_1_429' title='bbox 936 3624 1087 3667; x_wconf 83' lang='lat' dir='ltr'><strong>antea</strong></span> <span class='ocrx_word' id='word_1_430' title='bbox 1111 3615 1389 3666; x_wconf 80' lang='lat' dir='ltr'><strong>vocabatur</strong></span> <span class='ocrx_word' id='word_1_431' title='bbox 1408 3610 1594 3664; x_wconf 82' lang='lat' dir='ltr'><strong>Jobab.</strong></span> <span class='ocrx_word' id='word_1_432' title='bbox 1626 3611 1731 3664; x_wconf 84' lang='lat' dir='ltr'><strong>llic</strong></span> 
     </span>
    </p>
   </div>
   <div class='ocr_carea' id='block_1_59' title="bbox 162 3683 1730 3754">
    <p class='ocr_par' dir='ltr' id='par_1_59' title="bbox 162 3683 1730 3754">
     <span class='ocr_line' id='line_1_59' title="bbox 162 3683 1730 3754; baseline 0.001 -22"><span class='ocrx_word' id='word_1_433' title='bbox 162 3684 297 3737; x_wconf 71' lang='lat' dir='ltr'><strong>duxit</strong></span> <span class='ocrx_word' id='word_1_434' title='bbox 318 3703 521 3740; x_wconf 73' lang='lat' dir='ltr'><strong>uxorem</strong></span> <span class='ocrx_word' id='word_1_435' title='bbox 552 3686 898 3754; x_wconf 81' lang='lat' dir='ltr'><strong>alienigenan</strong></span> <span class='ocrx_word' id='word_1_436' title='bbox 931 3683 1235 3752; x_wconf 84' lang='lat' dir='ltr'><strong>(Arabem),</strong></span> <span class='ocrx_word' id='word_1_437' title='bbox 1259 3684 1634 3754; x_wconf 58' lang='lat' dir='ltr'><strong>ipsiquenatus</strong></span> <span class='ocrx_word' id='word_1_438' title='bbox 1657 3691 1730 3754; x_wconf 80' lang='lat' dir='ltr'><strong>est</strong></span> 
     </span>
    </p>
   </div>
   <div class='ocr_carea' id='block_1_60' title="bbox 162 3752 1731 3821">
    <p class='ocr_par' dir='ltr' id='par_1_60' title="bbox 162 3752 1731 3821">
     <span class='ocr_line' id='line_1_60' title="bbox 162 3752 1731 3821; baseline 0.003 -19"><span class='ocrx_word' id='word_1_439' title='bbox 162 3754 310 3819; x_wconf 69' lang='lat' dir='ltr'><strong>titius,</strong></span> <span class='ocrx_word' id='word_1_440' title='bbox 353 3760 512 3810; x_wconf 82' lang='lat' dir='ltr'><strong>dictus</strong></span> <span class='ocrx_word' id='word_1_441' title='bbox 566 3752 774 3808; x_wconf 80' lang='lat' dir='ltr'><strong>Ennon.</strong></span> <span class='ocrx_word' id='word_1_442' title='bbox 809 3753 909 3807; x_wconf 86' lang='lat' dir='ltr'><strong>Job</strong></span> <span class='ocrx_word' id='word_1_443' title='bbox 960 3770 1076 3807; x_wconf 74' lang='lat' dir='ltr'><strong>vero</strong></span> <span class='ocrx_word' id='word_1_444' title='bbox 1116 3766 1225 3807; x_wconf 87' lang='lat' dir='ltr'><strong>erat</strong></span> <span class='ocrx_word' id='word_1_445' title='bbox 1255 3752 1397 3821; x_wconf 80' lang='lat' dir='ltr'><strong>[ilius</strong></span> <span class='ocrx_word' id='word_1_446' title='bbox 1427 3752 1599 3819; x_wconf 77' lang='lat' dir='ltr'><strong>Zarrr,</strong></span> <span class='ocrx_word' id='word_1_447' title='bbox 1634 3752 1731 3819; x_wconf 80' lang='lat' dir='ltr'><strong>filii</strong></span> 
     </span>
    </p>
   </div>
   <div class='ocr_carea' id='block_1_61' title="bbox 170 3822 1731 3894">
    <p class='ocr_par' dir='ltr' id='par_1_61' title="bbox 170 3822 1731 3894">
     <span class='ocr_line' id='line_1_61' title="bbox 170 3822 1731 3894; baseline -0.001 -18"><span class='ocrx_word' id='word_1_448' title='bbox 170 3826 375 3885; x_wconf 70' lang='lat' dir='ltr'><strong>ﬁliorum</strong></span> <span class='ocrx_word' id='word_1_449' title='bbox 405 3826 566 3891; x_wconf 87' lang='lat' dir='ltr'><strong>Esau,</strong></span> <span class='ocrx_word' id='word_1_450' title='bbox 597 3836 644 3878; x_wconf 84' lang='lat' dir='ltr'><strong>et</strong></span> <span class='ocrx_word' id='word_1_451' title='bbox 668 3824 835 3878; x_wconf 60' lang='grc' dir='ltr'><strong>Βίαντι</strong></span> <span class='ocrx_word' id='word_1_452' title='bbox 858 3842 875 3886; x_wconf 85' lang='lat'><strong><em>;</em></strong></span> <span class='ocrx_word' id='word_1_453' title='bbox 896 3835 941 3877; x_wconf 77' lang='grc' dir='ltr'><strong>ιιι</strong></span> <span class='ocrx_word' id='word_1_454' title='bbox 975 3827 1081 3891; x_wconf 84' lang='lat' dir='ltr'><strong>ipse</strong></span> <span class='ocrx_word' id='word_1_455' title='bbox 1107 3833 1213 3879; x_wconf 84' lang='lat' dir='ltr'><strong>erat</strong></span> <span class='ocrx_word' id='word_1_456' title='bbox 1244 3830 1452 3894; x_wconf 78' lang='lat' dir='ltr'><strong>quintus</strong></span> <span class='ocrx_word' id='word_1_457' title='bbox 1480 3823 1541 3875; x_wconf 91' lang='lat' dir='ltr'><strong>ab</strong></span> <span class='ocrx_word' id='word_1_458' title='bbox 1566 3822 1731 3875; x_wconf 82' lang='lat' dir='ltr'><strong>Abra-</strong></span> 
     </span>
    </p>
   </div>
   <div class='ocr_carea' id='block_1_62' title="bbox 167 3894 1729 3967">
    <p class='ocr_par' dir='ltr' id='par_1_62' title="bbox 167 3894 1729 3967">
     <span class='ocr_line' id='line_1_62' title="bbox 167 3894 1729 3967; baseline -0.002 -18"><span class='ocrx_word' id='word_1_459' title='bbox 167 3894 301 3967; x_wconf 61' lang='lat' dir='ltr'><strong>ltgmto</strong></span> <span class='ocrx_word' id='word_1_460' title='bbox 329 3898 538 3967; x_wconf 80' lang='lat' dir='ltr'><strong>(Arabs,</strong></span> <span class='ocrx_word' id='word_1_461' title='bbox 573 3900 792 3967; x_wconf 81' lang='lat' dir='ltr'><strong>sextus).</strong></span> <span class='ocrx_word' id='word_1_462' title='bbox 828 3898 893 3949; x_wconf 75' lang='lat' dir='ltr'><strong>Et</strong></span> <span class='ocrx_word' id='word_1_463' title='bbox 925 3897 976 3967; x_wconf 83' lang='lat' dir='ltr'><strong>Iri</strong></span> <span class='ocrx_word' id='word_1_464' title='bbox 1004 3912 1172 3965; x_wconf 84' lang='lat' dir='ltr'><strong>reges,</strong></span> <span class='ocrx_word' id='word_1_465' title='bbox 1200 3897 1303 3967; x_wconf 46' lang='grc' dir='ltr'><strong>χιιιᾲὶ</strong></span> <span class='ocrx_word' id='word_1_466' title='bbox 1345 3902 1629 3967; x_wconf 48' lang='lat' dir='ltr'><strong>regnarunt</strong></span> <span class='ocrx_word' id='word_1_467' title='bbox 1676 3896 1729 3946; x_wconf 88' lang='lat' dir='ltr'><strong>in</strong></span> 
     </span>
    </p>
   </div>
   <div class='ocr_carea' id='block_1_63' title="bbox 172 3962 1726 4037">
    <p class='ocr_par' dir='ltr' id='par_1_63' title="bbox 172 3962 1726 4037">
     <span class='ocr_line' id='line_1_63' title="bbox 172 3962 1726 4037; baseline 0.001 -23"><span class='ocrx_word' id='word_1_468' title='bbox 172 3962 446 4037; x_wconf 47' lang='grc' dir='ltr'><strong>Ιρξαωιιξκὺὶ</strong></span> <span class='ocrx_word' id='word_1_469' title='bbox 489 3967 590 4020; x_wconf 85' lang='lat' dir='ltr'><strong>Job</strong></span> <span class='ocrx_word' id='word_1_470' title='bbox 633 3962 886 4037; x_wconf 80' lang='lat' dir='ltr'><strong>regnavit.</strong></span> <span class='ocrx_word' id='word_1_471' title='bbox 935 3962 1143 4037; x_wconf 70' lang='lat' dir='ltr'><strong>Plinius</strong></span> <span class='ocrx_word' id='word_1_472' title='bbox 1190 3962 1355 4037; x_wconf 57' lang='grc' dir='ltr'><strong>Βαίας</strong></span> <span class='ocrx_word' id='word_1_473' title='bbox 1380 3965 1521 4033; x_wconf 79' lang='lat' dir='ltr'><strong>ﬁlius</strong></span> <span class='ocrx_word' id='word_1_474' title='bbox 1550 3962 1726 4016; x_wconf 86' lang='lat' dir='ltr'><strong>Beor:</strong></span> 
     </span>
    </p>
   </div>
   <div class='ocr_carea' id='block_1_64' title="bbox 172 4032 1725 4105">
    <p class='ocr_par' dir='ltr' id='par_1_64' title="bbox 172 4032 1725 4105">
     <span class='ocr_line' id='line_1_64' title="bbox 172 4032 1725 4105; baseline -0.001 -20"><span class='ocrx_word' id='word_1_475' title='bbox 172 4032 228 4105; x_wconf 62' lang='lat' dir='ltr'><strong>Et</strong></span> <span class='ocrx_word' id='word_1_476' title='bbox 270 4053 438 4090; x_wconf 82' lang='lat' dir='ltr'><strong>nomen</strong></span> <span class='ocrx_word' id='word_1_477' title='bbox 476 4039 616 4091; x_wconf 83' lang='lat' dir='ltr'><strong>urbis</strong></span> <span class='ocrx_word' id='word_1_478' title='bbox 666 4032 817 4090; x_wconf 72' lang='lat' dir='ltr'><strong>istius</strong></span> <span class='ocrx_word' id='word_1_479' title='bbox 862 4036 957 4088; x_wconf 80' lang='lat' dir='ltr'><strong>riri</strong></span> <span class='ocrx_word' id='word_1_480' title='bbox 998 4035 1264 4089; x_wconf 83' lang='lat' dir='ltr'><strong>Dennaba.</strong></span> <span class='ocrx_word' id='word_1_481' title='bbox 1312 4032 1387 4087; x_wconf 82' lang='lat' dir='ltr'><strong>Et</strong></span> <span class='ocrx_word' id='word_1_482' title='bbox 1418 4044 1533 4105; x_wconf 88' lang='lat' dir='ltr'><strong>post</strong></span> <span class='ocrx_word' id='word_1_483' title='bbox 1570 4037 1725 4100; x_wconf 82' lang='lat' dir='ltr'><strong>hunc,</strong></span> 
     </span>
    </p>
   </div>
   <div class='ocr_carea' id='block_1_65' title="bbox 166 4102 1731 4179">
    <p class='ocr_par' dir='ltr' id='par_1_65' title="bbox 166 4102 1731 4179">
     <span class='ocr_line' id='line_1_65' title="bbox 166 4102 1731 4179; baseline 0.002 -26"><span class='ocrx_word' id='word_1_484' title='bbox 166 4102 315 4158; x_wconf 82' lang='lat' dir='ltr'><strong>Jubab</strong></span> <span class='ocrx_word' id='word_1_485' title='bbox 353 4110 443 4162; x_wconf 84' lang='lat' dir='ltr'><strong>iste</strong></span> <span class='ocrx_word' id='word_1_486' title='bbox 481 4111 571 4179; x_wconf 80' lang='lat' dir='ltr'><strong>qui</strong></span> <span class='ocrx_word' id='word_1_487' title='bbox 604 4105 997 4179; x_wconf 58' lang='grc' dir='ltr'><strong>τρίαινα-,ἔσιδε</strong></span> <span class='ocrx_word' id='word_1_488' title='bbox 1033 4117 1080 4160; x_wconf 90' lang='lat' dir='ltr'><strong>et</strong></span> <span class='ocrx_word' id='word_1_489' title='bbox 1109 4116 1222 4179; x_wconf 69' lang='lat' dir='ltr'><strong>post</strong></span> <span class='ocrx_word' id='word_1_490' title='bbox 1262 4105 1387 4167; x_wconf 80' lang='lat' dir='ltr'><strong>Job,</strong></span> <span class='ocrx_word' id='word_1_491' title='bbox 1418 4102 1731 4179; x_wconf 62' lang='lat' dir='ltr'><strong>Asonri,_qui</strong></span> 
     </span>
    </p>
   </div>
   <div class='ocr_carea' id='block_1_66' title="bbox 170 4176 1727 4250">
    <p class='ocr_par' dir='ltr' id='par_1_66' title="bbox 170 4176 1727 4250">
     <span class='ocr_line' id='line_1_66' title="bbox 170 4176 1727 4250; baseline -0.003 -20"><span class='ocrx_word' id='word_1_492' title='bbox 170 4186 265 4250; x_wconf 64' lang='lat' dir='ltr'><strong>{tot</strong></span> <span class='ocrx_word' id='word_1_493' title='bbox 290 4176 512 4250; x_wconf 66' lang='lat' dir='ltr'><strong>princeps</strong></span> <span class='ocrx_word' id='word_1_494' title='bbox 543 4180 598 4231; x_wconf 91' lang='lat' dir='ltr'><strong>in</strong></span> <span class='ocrx_word' id='word_1_495' title='bbox 629 4177 788 4232; x_wconf 84' lang='lat' dir='ltr'><strong>Terra</strong></span> <span class='ocrx_word' id='word_1_496' title='bbox 813 4177 1072 4250; x_wconf 75' lang='lat' dir='ltr'><strong>Theman.</strong></span> <span class='ocrx_word' id='word_1_497' title='bbox 1118 4176 1186 4229; x_wconf 79' lang='lat' dir='ltr'><strong>Et</strong></span> <span class='ocrx_word' id='word_1_498' title='bbox 1227 4188 1340 4250; x_wconf 85' lang='lat' dir='ltr'><strong>post</strong></span> <span class='ocrx_word' id='word_1_499' title='bbox 1374 4176 1727 4250; x_wconf 25' lang='lat' dir='ltr'><strong>eumaddad,</strong></span> 
     </span>
    </p>
   </div>
   <div class='ocr_carea' id='block_1_67' title="bbox 170 4244 1727 4320">
    <p class='ocr_par' dir='ltr' id='par_1_67' title="bbox 170 4244 1727 4320">
     <span class='ocr_line' id='line_1_67' title="bbox 170 4244 1727 4320; baseline 0.002 -27"><span class='ocrx_word' id='word_1_500' title='bbox 170 4244 290 4320; x_wconf 76' lang='lat' dir='ltr'><strong>ﬁlius</strong></span> <span class='ocrx_word' id='word_1_501' title='bbox 319 4244 492 4320; x_wconf 66' lang='lat' dir='ltr'><strong>Barac,</strong></span> <span class='ocrx_word' id='word_1_502' title='bbox 522 4251 603 4301; x_wconf 85' lang='lat' dir='ltr'><strong>hic</strong></span> <span class='ocrx_word' id='word_1_503' title='bbox 630 4258 704 4303; x_wconf 87' lang='lat' dir='ltr'><strong>est</strong></span> <span class='ocrx_word' id='word_1_504' title='bbox 730 4249 821 4319; x_wconf 86' lang='lat' dir='ltr'><strong>qui</strong></span> <span class='ocrx_word' id='word_1_505' title='bbox 844 4248 1128 4320; x_wconf 56' lang='lat' dir='ltr'><strong>occidit,“</strong></span> <span class='ocrx_word' id='word_1_506' title='bbox 1157 4249 1356 4320; x_wconf 73' lang='lat' dir='ltr'><strong>fugavit</strong></span> <span class='ocrx_word' id='word_1_507' title='bbox 1405 4244 1624 4320; x_wconf 63' lang='lat' dir='ltr'><strong>Madiau</strong></span> <span class='ocrx_word' id='word_1_508' title='bbox 1675 4245 1727 4296; x_wconf 89' lang='lat' dir='ltr'><strong>ia</strong></span> 
     </span>
    </p>
   </div>
   <div class='ocr_carea' id='block_1_68' title="bbox 170 4314 1731 4387">
    <p class='ocr_par' dir='ltr' id='par_1_68' title="bbox 170 4314 1731 4387">
     <span class='ocr_line' id='line_1_68' title="bbox 170 4314 1731 4387; baseline 0 -21"><span class='ocrx_word' id='word_1_509' title='bbox 170 4316 357 4380; x_wconf 65' lang='lat' dir='ltr'><strong>planitie</strong></span> <span class='ocrx_word' id='word_1_510' title='bbox 399 4319 543 4373; x_wconf 77' lang='lat' dir='ltr'><strong>Moab</strong></span> <span class='ocrx_word' id='word_1_511' title='bbox 576 4336 594 4372; x_wconf 94' lang='lat'><em>:</em></span> <span class='ocrx_word' id='word_1_512' title='bbox 626 4328 674 4372; x_wconf 85' lang='lat' dir='ltr'><strong>et</strong></span> <span class='ocrx_word' id='word_1_513' title='bbox 722 4314 906 4371; x_wconf 79' lang='lat' dir='ltr'><strong>nomen</strong></span> <span class='ocrx_word' id='word_1_514' title='bbox 964 4318 1102 4371; x_wconf 79' lang='lat' dir='ltr'><strong>urbis</strong></span> <span class='ocrx_word' id='word_1_515' title='bbox 1150 4314 1263 4387; x_wconf 73' lang='lat' dir='ltr'><strong>ejus</strong></span> <span class='ocrx_word' id='word_1_516' title='bbox 1302 4314 1731 4387; x_wconf 60' lang='lat' dir='ltr'><strong>Qetltem.Etea:</strong></span> 
     </span>
    </p>
   </div>
   <div class='ocr_carea' id='block_1_69' title="bbox 170 4385 1729 4461">
    <p class='ocr_par' dir='ltr' id='par_1_69' title="bbox 170 4385 1729 4461">
     <span class='ocr_line' id='line_1_69' title="bbox 170 4385 1729 4461; baseline 0.003 -29"><span class='ocrx_word' id='word_1_517' title='bbox 170 4388 330 4461; x_wconf 54' lang='lat' dir='ltr'><strong>(inmiti:</strong></span> <span class='ocrx_word' id='word_1_518' title='bbox 352 4389 462 4455; x_wconf 80' lang='lat' dir='ltr'><strong>Job,</strong></span> <span class='ocrx_word' id='word_1_519' title='bbox 494 4392 583 4461; x_wconf 76' lang='lat' dir='ltr'><strong>qui</strong></span> <span class='ocrx_word' id='word_1_520' title='bbox 601 4406 721 4443; x_wconf 87' lang='lat' dir='ltr'><strong>eum</strong></span> <span class='ocrx_word' id='word_1_521' title='bbox 754 4398 1126 4461; x_wconf 58' lang='lat' dir='ltr'><strong>emacuerunt,</strong></span> <span class='ocrx_word' id='word_1_522' title='bbox 1159 4385 1497 4461; x_wconf 13' lang='lat' dir='ltr'><strong>erathlphaz</strong></span> <span class='ocrx_word' id='word_1_523' title='bbox 1520 4386 1584 4437; x_wconf 91' lang='lat' dir='ltr'><strong>de</strong></span> <span class='ocrx_word' id='word_1_524' title='bbox 1605 4386 1729 4453; x_wconf 82' lang='lat' dir='ltr'><strong>filiis</strong></span> 
     </span>
    </p>
   </div>
   <div class='ocr_carea' id='block_1_70' title="bbox 175 4452 1730 4523">
    <p class='ocr_par' dir='ltr' id='par_1_70' title="bbox 175 4452 1730 4523">
     <span class='ocr_line' id='line_1_70' title="bbox 175 4452 1730 4523; baseline 0.003 -19"><span class='ocrx_word' id='word_1_525' title='bbox 175 4452 314 4521; x_wconf 73' lang='lat' dir='ltr'><strong>Esau,</strong></span> <span class='ocrx_word' id='word_1_526' title='bbox 341 4469 385 4512; x_wconf 83' lang='lat' dir='ltr'><strong>et</strong></span> <span class='ocrx_word' id='word_1_527' title='bbox 418 4452 515 4515; x_wconf 62' lang='grc' dir='ltr'><strong>τέκ’</strong></span> <span class='ocrx_word' id='word_1_528' title='bbox 544 4460 831 4523; x_wconf 83' lang='lat' dir='ltr'><strong>Themam;</strong></span> <span class='ocrx_word' id='word_1_529' title='bbox 855 4457 1064 4512; x_wconf 83' lang='lat' dir='ltr'><strong>Baldad</strong></span> <span class='ocrx_word' id='word_1_530' title='bbox 1107 4475 1196 4513; x_wconf 72' lang='lat' dir='ltr'><strong>rex</strong></span> <span class='ocrx_word' id='word_1_531' title='bbox 1248 4452 1646 4522; x_wconf 66' lang='lat' dir='ltr'><strong>Sane/imorum,</strong></span> <span class='ocrx_word' id='word_1_532' title='bbox 1679 4464 1730 4508; x_wconf 89' lang='lat' dir='ltr'><strong>et</strong></span> 
     </span>
    </p>
   </div>
   <div class='ocr_carea' id='block_1_71' title="bbox 1905 1987 3431 2060">
    <p class='ocr_par' dir='ltr' id='par_1_71' title="bbox 1905 1987 3431 2060">
     <span class='ocr_line' id='line_1_71' title="bbox 1905 1987 3431 2060; baseline 0.006 -20"><span class='ocrx_word' id='word_1_533' title='bbox 1905 1987 1931 2025; x_wconf 75' lang='grc' dir='ltr'>ἀ</span> <span class='ocrx_word' id='word_1_534' title='bbox 1966 1988 2468 2060; x_wconf 72' lang='lat' dir='ltr'><strong>literniueritleetor</strong></span> <span class='ocrx_word' id='word_1_535' title='bbox 2498 1988 2784 2044; x_wconf 82' lang='lat' dir='ltr'><strong>verborum</strong></span> <span class='ocrx_word' id='word_1_536' title='bbox 2826 1990 3107 2060; x_wconf 81' lang='lat' dir='ltr'><strong>Origenis,</strong></span> <span class='ocrx_word' id='word_1_537' title='bbox 3152 1990 3347 2059; x_wconf 80' lang='lat' dir='ltr'><strong>quibus</strong></span> <span class='ocrx_word' id='word_1_538' title='bbox 3378 1994 3431 2049; x_wconf 91' lang='lat' dir='ltr'><strong>in</strong></span> 
     </span>
    </p>
   </div>
   <div class='ocr_carea' id='block_1_72' title="bbox 1834 2058 3432 2131">
    <p class='ocr_par' dir='ltr' id='par_1_72' title="bbox 1834 2058 3432 2131">
     <span class='ocr_line' id='line_1_72' title="bbox 1834 2058 3432 2131; baseline 0.006 -20"><span class='ocrx_word' id='word_1_539' title='bbox 1834 2060 2009 2114; x_wconf 80' lang='lat' dir='ltr'><strong>lr0nle</strong></span> <span class='ocrx_word' id='word_1_540' title='bbox 2038 2058 2198 2127; x_wconf 83' lang='lat' dir='ltr'><strong>hujus</strong></span> <span class='ocrx_word' id='word_1_541' title='bbox 2232 2059 2352 2113; x_wconf 87' lang='lat' dir='ltr'><strong>libri</strong></span> <span class='ocrx_word' id='word_1_542' title='bbox 2386 2058 2996 2131; x_wconf 73' lang='lat' dir='ltr'><strong>docebamurintegram</strong></span> <span class='ocrx_word' id='word_1_543' title='bbox 3031 2058 3186 2115; x_wconf 79' lang='lat' dir='ltr'><strong>istam</strong></span> <span class='ocrx_word' id='word_1_544' title='bbox 3224 2078 3432 2129; x_wconf 81' lang='lat' dir='ltr'><strong>partem</strong></span> 
     </span>
    </p>
   </div>
   <div class='ocr_carea' id='block_1_73' title="bbox 1834 2132 3426 2198">
    <p class='ocr_par' dir='ltr' id='par_1_73' title="bbox 1834 2132 3426 2198">
     <span class='ocr_line' id='line_1_73' title="bbox 1834 2132 3426 2198; baseline 0.003 -15"><span class='ocrx_word' id='word_1_545' title='bbox 1834 2132 2004 2184; x_wconf 88' lang='lat' dir='ltr'><strong>obelis</strong></span> <span class='ocrx_word' id='word_1_546' title='bbox 2035 2138 2269 2183; x_wconf 83' lang='lat' dir='ltr'><strong>notatam</strong></span> <span class='ocrx_word' id='word_1_547' title='bbox 2312 2132 2503 2186; x_wconf 49' lang='lat' dir='ltr'><strong>abesse</strong></span> <span class='ocrx_word' id='word_1_548' title='bbox 2549 2133 2599 2184; x_wconf 91' lang='lat' dir='ltr'><strong>in</strong></span> <span class='ocrx_word' id='word_1_549' title='bbox 2639 2133 2985 2186; x_wconf 72' lang='lat' dir='ltr'><strong>Hebraeorum</strong></span> <span class='ocrx_word' id='word_1_550' title='bbox 3015 2133 3385 2188; x_wconf 76' lang='lat' dir='ltr'><strong>voluminibus</strong></span> <span class='ocrx_word' id='word_1_551' title='bbox 3409 2176 3426 2198; x_wconf 89' lang='lat'><strong>,</strong></span> 
     </span>
    </p>
   </div>
   <div class='ocr_carea' id='block_1_74' title="bbox 1834 2202 3424 2271">
    <p class='ocr_par' dir='ltr' id='par_1_74' title="bbox 1834 2202 3424 2271">
     <span class='ocr_line' id='line_1_74' title="bbox 1834 2202 3424 2271; baseline 0.007 -22"><span class='ocrx_word' id='word_1_552' title='bbox 1834 2202 2078 2265; x_wconf 79' lang='lat' dir='ltr'><strong>quamvis</strong></span> <span class='ocrx_word' id='word_1_553' title='bbox 2106 2216 2224 2255; x_wconf 88' lang='lat' dir='ltr'><strong>earn</strong></span> <span class='ocrx_word' id='word_1_554' title='bbox 2251 2204 2519 2255; x_wconf 84' lang='lat' dir='ltr'><strong>retineant</strong></span> <span class='ocrx_word' id='word_1_555' title='bbox 2543 2204 2894 2271; x_wconf 76' lang='lat' dir='ltr'><strong>Septuaginta</strong></span> <span class='ocrx_word' id='word_1_556' title='bbox 2941 2203 3274 2271; x_wconf 80' lang='lat' dir='ltr'><strong>Interpretcs</strong></span> <span class='ocrx_word' id='word_1_557' title='bbox 3300 2221 3424 2260; x_wconf 91' lang='lat' dir='ltr'><strong>cum</strong></span> 
     </span>
    </p>
   </div>
   <div class='ocr_carea' id='block_1_75' title="bbox 1834 2271 3431 2343">
    <p class='ocr_par' dir='ltr' id='par_1_75' title="bbox 1834 2271 3431 2343">
     <span class='ocr_line' id='line_1_75' title="bbox 1834 2271 3431 2343; baseline 0.003 -19"><span class='ocrx_word' id='word_1_558' title='bbox 1834 2271 2229 2326; x_wconf 71' lang='lat' dir='ltr'><strong>&#39;l‘heodotionc.</strong></span> <span class='ocrx_word' id='word_1_559' title='bbox 2284 2272 2454 2325; x_wconf 84' lang='lat' dir='ltr'><strong>Porro</strong></span> <span class='ocrx_word' id='word_1_560' title='bbox 2499 2275 2922 2327; x_wconf 86' lang='lat' dir='ltr'><strong>additamentum</strong></span> <span class='ocrx_word' id='word_1_561' title='bbox 2972 2277 3071 2327; x_wconf 85' lang='lat' dir='ltr'><strong>ltoe</strong></span> <span class='ocrx_word' id='word_1_562' title='bbox 3116 2277 3431 2343; x_wconf 86' lang='lat' dir='ltr'><strong>antiquissi-</strong></span> 
     </span>
    </p>
   </div>
   <div class='ocr_carea' id='block_1_76' title="bbox 1835 2345 3433 2412">
    <p class='ocr_par' dir='ltr' id='par_1_76' title="bbox 1835 2345 3433 2412">
     <span class='ocr_line' id='line_1_76' title="bbox 1835 2345 3433 2412; baseline 0.003 -19"><span class='ocrx_word' id='word_1_563' title='bbox 1835 2358 1979 2395; x_wconf 87' lang='lat' dir='ltr'><strong>mum</strong></span> <span class='ocrx_word' id='word_1_564' title='bbox 2006 2356 2127 2394; x_wconf 63' lang='lat' dir='ltr'><strong>esse</strong></span> <span class='ocrx_word' id='word_1_565' title='bbox 2165 2345 2511 2395; x_wconf 86' lang='lat' dir='ltr'><strong>consentiunt</strong></span> <span class='ocrx_word' id='word_1_566' title='bbox 2549 2345 2747 2397; x_wconf 86' lang='lat' dir='ltr'><strong>eruditi</strong></span> <span class='ocrx_word' id='word_1_567' title='bbox 2782 2360 2968 2399; x_wconf 87' lang='lat' dir='ltr'><strong>omnes</strong></span> <span class='ocrx_word' id='word_1_568' title='bbox 3001 2362 3012 2395; x_wconf 73' lang='grc' dir='ltr'>ε</span> <span class='ocrx_word' id='word_1_569' title='bbox 3041 2346 3165 2412; x_wconf 85' lang='lat' dir='ltr'><strong>quia</strong></span> <span class='ocrx_word' id='word_1_570' title='bbox 3201 2351 3433 2400; x_wconf 78' lang='lat' dir='ltr'><strong>utentio-</strong></span> 
     </span>
    </p>
   </div>
   <div class='ocr_carea' id='block_1_77' title="bbox 1834 2412 3421 2484">
    <p class='ocr_par' dir='ltr' id='par_1_77' title="bbox 1834 2412 3421 2484">
     <span class='ocr_line' id='line_1_77' title="bbox 1834 2412 3421 2484; baseline 0.003 -19"><span class='ocrx_word' id='word_1_571' title='bbox 1834 2427 1957 2466; x_wconf 88' lang='lat' dir='ltr'><strong>nem</strong></span> <span class='ocrx_word' id='word_1_572' title='bbox 2006 2412 2125 2484; x_wconf 76' lang='lat' dir='ltr'><strong>ejus</strong></span> <span class='ocrx_word' id='word_1_573' title='bbox 2149 2412 2395 2484; x_wconf 62' lang='lat' dir='ltr'><strong>faciunt,</strong></span> <span class='ocrx_word' id='word_1_574' title='bbox 2439 2414 2684 2484; x_wconf 83' lang='lat' dir='ltr'><strong>Aristeas</strong></span> <span class='ocrx_word' id='word_1_575' title='bbox 2706 2454 2719 2475; x_wconf 92' lang='lat'><strong>,</strong></span> <span class='ocrx_word' id='word_1_576' title='bbox 2750 2414 2937 2476; x_wconf 83' lang='lat' dir='ltr'><strong>Philo,</strong></span> <span class='ocrx_word' id='word_1_577' title='bbox 2969 2426 3020 2468; x_wconf 91' lang='lat' dir='ltr'><strong>et</strong></span> <span class='ocrx_word' id='word_1_578' title='bbox 3065 2415 3378 2484; x_wconf 76' lang='lat' dir='ltr'><strong>Polyhistor</strong></span> <span class='ocrx_word' id='word_1_579' title='bbox 3405 2459 3421 2481; x_wconf 91' lang='lat'><strong>,</strong></span> 
     </span>
    </p>
   </div>
   <div class='ocr_carea' id='block_1_78' title="bbox 1836 2482 3427 2551">
    <p class='ocr_par' dir='ltr' id='par_1_78' title="bbox 1836 2482 3427 2551">
     <span class='ocr_line' id='line_1_78' title="bbox 1836 2482 3427 2551; baseline 0.003 -16"><span class='ocrx_word' id='word_1_580' title='bbox 1836 2491 1971 2536; x_wconf 85' lang='lat' dir='ltr'><strong>teste</strong></span> <span class='ocrx_word' id='word_1_581' title='bbox 2000 2482 2327 2551; x_wconf 83' lang='lat' dir='ltr'><strong>Spanbetnio</strong></span> <span class='ocrx_word' id='word_1_582' title='bbox 2354 2484 2404 2534; x_wconf 91' lang='lat' dir='ltr'><strong>in</strong></span> <span class='ocrx_word' id='word_1_583' title='bbox 2434 2484 2565 2536; x_wconf 87' lang='lat' dir='ltr'><strong>llist.</strong></span> <span class='ocrx_word' id='word_1_584' title='bbox 2584 2483 2729 2547; x_wconf 84' lang='lat' dir='ltr'><strong>Job.,</strong></span> <span class='ocrx_word' id='word_1_585' title='bbox 2755 2499 2801 2537; x_wconf 90' lang='lat' dir='ltr'><strong>c.</strong></span> <span class='ocrx_word' id='word_1_586' title='bbox 2835 2485 2887 2538; x_wconf 74' lang='grc'><strong>4.</strong></span> <span class='ocrx_word' id='word_1_587' title='bbox 2909 2488 3131 2551; x_wconf 63' lang='lat' dir='ltr'><strong>Quantas</strong></span> <span class='ocrx_word' id='word_1_588' title='bbox 3158 2482 3285 2539; x_wconf 59' lang='lat' dir='ltr'><strong>itero</strong></span> <span class='ocrx_word' id='word_1_589' title='bbox 3316 2488 3427 2539; x_wconf 67' lang='lat' dir='ltr'><strong>lui?-</strong></span> 
     </span>
    </p>
   </div>
   <div class='ocr_carea' id='block_1_79' title="bbox 1834 2553 3427 2622">
    <p class='ocr_par' dir='ltr' id='par_1_79' title="bbox 1834 2553 3427 2622">
     <span class='ocr_line' id='line_1_79' title="bbox 1834 2553 3427 2622; baseline 0.004 -17"><span class='ocrx_word' id='word_1_590' title='bbox 1834 2554 1904 2605; x_wconf 89' lang='lat' dir='ltr'><strong>rit</strong></span> <span class='ocrx_word' id='word_1_591' title='bbox 1920 2554 2255 2606; x_wconf 70' lang='lat' dir='ltr'><strong>auctoritatis</strong></span> <span class='ocrx_word' id='word_1_592' title='bbox 2273 2554 2410 2618; x_wconf 86' lang='lat' dir='ltr'><strong>apud</strong></span> <span class='ocrx_word' id='word_1_593' title='bbox 2426 2553 2666 2616; x_wconf 66' lang='lat' dir='ltr'><strong>Graecos,</strong></span> <span class='ocrx_word' id='word_1_594' title='bbox 2685 2555 2823 2606; x_wconf 86' lang='lat' dir='ltr'><strong>scire</strong></span> <span class='ocrx_word' id='word_1_595' title='bbox 2850 2558 3051 2621; x_wconf 78' lang='lat' dir='ltr'><strong>poteris</strong></span> <span class='ocrx_word' id='word_1_596' title='bbox 3076 2572 3138 2608; x_wconf 77' lang='lat' dir='ltr'><strong>ex</strong></span> <span class='ocrx_word' id='word_1_597' title='bbox 3166 2558 3427 2622; x_wconf 68' lang='lat' dir='ltr'><strong>proa&#39;mio</strong></span> 
     </span>
    </p>
   </div>
   <div class='ocr_carea' id='block_1_80' title="bbox 1832 2622 3426 2683">
    <p class='ocr_par' dir='ltr' id='par_1_80' title="bbox 1832 2622 3426 2683">
     <span class='ocr_line' id='line_1_80' title="bbox 1832 2622 3426 2683; baseline 0.005 -8"><span class='ocrx_word' id='word_1_598' title='bbox 1832 2622 2248 2677; x_wconf 66' lang='lat' dir='ltr'><strong>CatenznGrme.</strong></span> <span class='ocrx_word' id='word_1_599' title='bbox 2283 2623 2383 2677; x_wconf 87' lang='lat' dir='ltr'><strong>PP.</strong></span> <span class='ocrx_word' id='word_1_600' title='bbox 2436 2625 2486 2676; x_wconf 90' lang='lat' dir='ltr'><strong>in</strong></span> <span class='ocrx_word' id='word_1_601' title='bbox 2516 2624 2636 2677; x_wconf 65' lang='lat' dir='ltr'><strong>Joh.</strong></span> <span class='ocrx_word' id='word_1_602' title='bbox 2681 2626 2754 2676; x_wconf 84' lang='lat' dir='ltr'><strong>De</strong></span> <span class='ocrx_word' id='word_1_603' title='bbox 2798 2626 2987 2678; x_wconf 81' lang='lat' dir='ltr'><strong>eodem</strong></span> <span class='ocrx_word' id='word_1_604' title='bbox 3035 2626 3426 2683; x_wconf 81' lang='lat' dir='ltr'><strong>additamento</strong></span> 
     </span>
    </p>
   </div>
   <div class='ocr_carea' id='block_1_81' title="bbox 1834 2692 3433 2765">
    <p class='ocr_par' dir='ltr' id='par_1_81' title="bbox 1834 2692 3433 2765">
     <span class='ocr_line' id='line_1_81' title="bbox 1834 2692 3433 2765; baseline 0.004 -20"><span class='ocrx_word' id='word_1_605' title='bbox 1834 2692 1947 2765; x_wconf 75' lang='lat' dir='ltr'><strong>lucc</strong></span> <span class='ocrx_word' id='word_1_606' title='bbox 1990 2695 2153 2748; x_wconf 66' lang='lat' dir='ltr'><strong>hibet</strong></span> <span class='ocrx_word' id='word_1_607' title='bbox 2192 2694 2257 2765; x_wconf 23' lang='lat' dir='ltr'><strong>Si</strong></span> <span class='ocrx_word' id='word_1_608' title='bbox 2298 2694 2661 2765; x_wconf 79' lang='lat' dir='ltr'><strong>Hieronymus</strong></span> <span class='ocrx_word' id='word_1_609' title='bbox 2716 2694 2855 2747; x_wconf 82' lang='lat' dir='ltr'><strong>libro</strong></span> <span class='ocrx_word' id='word_1_610' title='bbox 2909 2696 3278 2761; x_wconf 65' lang='lat' dir='ltr'><strong>Qumsiionum</strong></span> <span class='ocrx_word' id='word_1_611' title='bbox 3328 2698 3433 2752; x_wconf 84' lang='lat' dir='ltr'><strong>lle-</strong></span> 
     </span>
    </p>
   </div>
   <div class='ocr_carea' id='block_1_82' title="bbox 1833 2762 3437 2834">
    <p class='ocr_par' dir='ltr' id='par_1_82' title="bbox 1833 2762 3437 2834">
     <span class='ocr_line' id='line_1_82' title="bbox 1833 2762 3437 2834; baseline 0.004 -19"><span class='ocrx_word' id='word_1_612' title='bbox 1833 2762 2134 2819; x_wconf 77' lang='lat' dir='ltr'><strong>braicarurn</strong></span> <span class='ocrx_word' id='word_1_613' title='bbox 2164 2782 2176 2816; x_wconf 90' lang='lat'><strong>:</strong></span> <span class='ocrx_word' id='word_1_614' title='bbox 2211 2764 2347 2817; x_wconf 82' lang='lat' dir='ltr'><strong>Male</strong></span> <span class='ocrx_word' id='word_1_615' title='bbox 2372 2805 2385 2827; x_wconf 95' lang='lat'><strong>,</strong></span> <span class='ocrx_word' id='word_1_616' title='bbox 2433 2762 2603 2833; x_wconf 82' lang='lat' dir='ltr'><strong>inquit</strong></span> <span class='ocrx_word' id='word_1_617' title='bbox 2629 2806 2643 2826; x_wconf 87' lang='lat'><strong>,</strong></span> <span class='ocrx_word' id='word_1_618' title='bbox 2676 2766 2890 2834; x_wconf 80' lang='lat' dir='ltr'><strong>quidam</strong></span> <span class='ocrx_word' id='word_1_619' title='bbox 2935 2768 3187 2819; x_wconf 80' lang='lat' dir='ltr'><strong>a’stimaut</strong></span> <span class='ocrx_word' id='word_1_620' title='bbox 3232 2766 3330 2819; x_wconf 86' lang='lat' dir='ltr'><strong>Job</strong></span> <span class='ocrx_word' id='word_1_621' title='bbox 3370 2771 3437 2821; x_wconf 87' lang='lat' dir='ltr'><strong>de</strong></span> 
     </span>
    </p>
   </div>
   <div class='ocr_carea' id='block_1_83' title="bbox 1831 2835 3433 2905">
    <p class='ocr_par' dir='ltr' id='par_1_83' title="bbox 1831 2835 3433 2905">
     <span class='ocr_line' id='line_1_83' title="bbox 1831 2835 3433 2905; baseline 0.003 -19"><span class='ocrx_word' id='word_1_622' title='bbox 1831 2853 2013 2905; x_wconf 80' lang='lat' dir='ltr'><strong>genere</strong></span> <span class='ocrx_word' id='word_1_623' title='bbox 2051 2852 2158 2887; x_wconf 76' lang='lat' dir='ltr'><strong>esse</strong></span> <span class='ocrx_word' id='word_1_624' title='bbox 2204 2835 2339 2887; x_wconf 77' lang='lat' dir='ltr'><strong>Esau</strong></span> <span class='ocrx_word' id='word_1_625' title='bbox 2372 2852 2390 2889; x_wconf 90' lang='lat'><strong><em>:</em></strong></span> <span class='ocrx_word' id='word_1_626' title='bbox 2420 2836 2674 2905; x_wconf 83' lang='lat' dir='ltr'><strong>siquidem</strong></span> <span class='ocrx_word' id='word_1_627' title='bbox 2725 2836 2855 2888; x_wconf 84' lang='lat' dir='ltr'><strong>illud</strong></span> <span class='ocrx_word' id='word_1_628' title='bbox 2896 2839 3032 2903; x_wconf 88' lang='lat' dir='ltr'><strong>quod</strong></span> <span class='ocrx_word' id='word_1_629' title='bbox 3074 2838 3124 2888; x_wconf 92' lang='lat' dir='ltr'><strong>in</strong></span> <span class='ocrx_word' id='word_1_630' title='bbox 3172 2840 3276 2904; x_wconf 80' lang='lat' dir='ltr'><strong>[ine</strong></span> <span class='ocrx_word' id='word_1_631' title='bbox 3313 2840 3433 2891; x_wconf 82' lang='lat' dir='ltr'><strong>libri</strong></span> 
     </span>
    </p>
   </div>
   <div class='ocr_carea' id='block_1_84' title="bbox 1831 2907 3431 2973">
    <p class='ocr_par' dir='ltr' id='par_1_84' title="bbox 1831 2907 3431 2973">
     <span class='ocr_line' id='line_1_84' title="bbox 1831 2907 3431 2973; baseline 0.001 -16"><span class='ocrx_word' id='word_1_632' title='bbox 1831 2908 1994 2972; x_wconf 78' lang='lat' dir='ltr'><strong>ipsius</strong></span> <span class='ocrx_word' id='word_1_633' title='bbox 2030 2907 2277 2967; x_wconf 84' lang='lat' dir='ltr'><strong>habetur,</strong></span> <span class='ocrx_word' id='word_1_634' title='bbox 2324 2922 2381 2957; x_wconf 81' lang='lat' dir='ltr'><strong>eo</strong></span> <span class='ocrx_word' id='word_1_635' title='bbox 2406 2908 2544 2973; x_wconf 88' lang='lat' dir='ltr'><strong>quod</strong></span> <span class='ocrx_word' id='word_1_636' title='bbox 2576 2907 2638 2957; x_wconf 86' lang='lat' dir='ltr'><strong>de</strong></span> <span class='ocrx_word' id='word_1_637' title='bbox 2684 2922 2914 2957; x_wconf 85' lang='lat' dir='ltr'><strong>sermone</strong></span> <span class='ocrx_word' id='word_1_638' title='bbox 2958 2907 3097 2973; x_wconf 79' lang='lat' dir='ltr'><strong>Syro</strong></span> <span class='ocrx_word' id='word_1_639' title='bbox 3144 2910 3431 2960; x_wconf 83' lang='lat' dir='ltr'><strong>translatus</strong></span> 
     </span>
    </p>
   </div>
   <div class='ocr_carea' id='block_1_85' title="bbox 1831 2974 3432 3043">
    <p class='ocr_par' dir='ltr' id='par_1_85' title="bbox 1831 2974 3432 3043">
     <span class='ocr_line' id='line_1_85' title="bbox 1831 2974 3432 3043; baseline 0 -14"><span class='ocrx_word' id='word_1_640' title='bbox 1831 2989 1903 3029; x_wconf 83' lang='lat' dir='ltr'><strong>est</strong></span> <span class='ocrx_word' id='word_1_641' title='bbox 1929 2993 1946 3029; x_wconf 88' lang='lat'><strong><em>:</em></strong></span> <span class='ocrx_word' id='word_1_642' title='bbox 1978 2988 2022 3029; x_wconf 84' lang='lat' dir='ltr'><strong>et</strong></span> <span class='ocrx_word' id='word_1_643' title='bbox 2052 2985 2263 3043; x_wconf 86' lang='lat' dir='ltr'><strong>quartus</strong></span> <span class='ocrx_word' id='word_1_644' title='bbox 2283 2979 2346 3027; x_wconf 89' lang='lat' dir='ltr'><strong>sit</strong></span> <span class='ocrx_word' id='word_1_645' title='bbox 2368 2980 2429 3027; x_wconf 90' lang='lat' dir='ltr'><strong>ab</strong></span> <span class='ocrx_word' id='word_1_646' title='bbox 2458 2974 2619 3037; x_wconf 78' lang='lat' dir='ltr'><strong>Esau,</strong></span> <span class='ocrx_word' id='word_1_647' title='bbox 2648 2984 2690 3026; x_wconf 88' lang='lat' dir='ltr'><strong>et</strong></span> <span class='ocrx_word' id='word_1_648' title='bbox 2716 2977 3060 3043; x_wconf 82' lang='lat' dir='ltr'><strong>reliqua,qua:</strong></span> <span class='ocrx_word' id='word_1_649' title='bbox 3077 2978 3143 3028; x_wconf 89' lang='lat' dir='ltr'><strong>ibi</strong></span> <span class='ocrx_word' id='word_1_650' title='bbox 3164 2979 3432 3029; x_wconf 75' lang='lat' dir='ltr'><strong>continen-</strong></span> 
     </span>
    </p>
   </div>
   <div class='ocr_carea' id='block_1_86' title="bbox 1832 3046 3432 3114">
    <p class='ocr_par' dir='ltr' id='par_1_86' title="bbox 1832 3046 3432 3114">
     <span class='ocr_line' id='line_1_86' title="bbox 1832 3046 3432 3114; baseline 0.001 -17"><span class='ocrx_word' id='word_1_651' title='bbox 1832 3058 1917 3099; x_wconf 85' lang='lat' dir='ltr'><strong>tur</strong></span> <span class='ocrx_word' id='word_1_652' title='bbox 1942 3089 1955 3111; x_wconf 86' lang='lat'><strong>,</strong></span> <span class='ocrx_word' id='word_1_653' title='bbox 1991 3049 2039 3099; x_wconf 88' lang='lat' dir='ltr'><strong>in</strong></span> <span class='ocrx_word' id='word_1_654' title='bbox 2079 3046 2309 3097; x_wconf 62' lang='lat' dir='ltr'><strong>llebra’is</strong></span> <span class='ocrx_word' id='word_1_655' title='bbox 2346 3046 2686 3098; x_wconf 82' lang='lat' dir='ltr'><strong>roluntinibus</strong></span> <span class='ocrx_word' id='word_1_656' title='bbox 2726 3062 2827 3097; x_wconf 90' lang='lat' dir='ltr'><strong>non</strong></span> <span class='ocrx_word' id='word_1_657' title='bbox 2864 3047 3129 3098; x_wconf 67' lang='lat' dir='ltr'><strong>habentur.</strong></span> <span class='ocrx_word' id='word_1_658' title='bbox 3170 3047 3432 3114; x_wconf 82' lang='lat' dir='ltr'><strong>Hierony-</strong></span> 
     </span>
    </p>
   </div>
   <div class='ocr_carea' id='block_1_87' title="bbox 1822 3116 3430 3185">
    <p class='ocr_par' dir='ltr' id='par_1_87' title="bbox 1822 3116 3430 3185">
     <span class='ocr_line' id='line_1_87' title="bbox 1822 3116 3430 3185; baseline -0.001 -14"><span class='ocrx_word' id='word_1_659' title='bbox 1822 3131 1919 3171; x_wconf 32' lang='lat' dir='ltr'><strong>‘tno</strong></span> <span class='ocrx_word' id='word_1_660' title='bbox 1938 3116 2315 3185; x_wconf 82' lang='lat' dir='ltr'><strong>adjungcndtts</strong></span> <span class='ocrx_word' id='word_1_661' title='bbox 2341 3116 2732 3185; x_wconf 75' lang='lat' dir='ltr'><strong>Polycltronius</strong></span> <span class='ocrx_word' id='word_1_662' title='bbox 2764 3117 2852 3184; x_wconf 89' lang='lat' dir='ltr'><strong>qtti</strong></span> <span class='ocrx_word' id='word_1_663' title='bbox 2878 3117 3235 3169; x_wconf 82' lang='lat' dir='ltr'><strong>additanrenti</strong></span> <span class='ocrx_word' id='word_1_664' title='bbox 3273 3116 3430 3170; x_wconf 85' lang='lat' dir='ltr'><strong>Iidem</strong></span> 
     </span>
    </p>
   </div>
   <div class='ocr_carea' id='block_1_88' title="bbox 1831 3184 3428 3256">
    <p class='ocr_par' dir='ltr' id='par_1_88' title="bbox 1831 3184 3428 3256">
     <span class='ocr_line' id='line_1_88' title="bbox 1831 3184 3428 3256; baseline 0 -18"><span class='ocrx_word' id='word_1_665' title='bbox 1831 3184 2049 3253; x_wconf 59' lang='lat' dir='ltr'><strong>quoque</strong></span> <span class='ocrx_word' id='word_1_666' title='bbox 2078 3189 2306 3239; x_wconf 51' lang='lat' dir='ltr'><strong>clm‘arit</strong></span> <span class='ocrx_word' id='word_1_667' title='bbox 2336 3188 2416 3238; x_wconf 76' lang='lat' dir='ltr'><strong>Iris</strong></span> <span class='ocrx_word' id='word_1_668' title='bbox 2446 3184 2623 3240; x_wconf 58' lang='lat' dir='ltr'><strong>Verbis</strong></span> <span class='ocrx_word' id='word_1_669' title='bbox 2650 3204 2660 3236; x_wconf 85' lang='lat'><strong>;</strong></span> <span class='ocrx_word' id='word_1_670' title='bbox 2687 3184 3070 3256; x_wconf 77' lang='lat' dir='ltr'><strong>CencaIOgiam,</strong></span> <span class='ocrx_word' id='word_1_671' title='bbox 3103 3202 3216 3256; x_wconf 75' lang='lat' dir='ltr'><strong>qua:</strong></span> <span class='ocrx_word' id='word_1_672' title='bbox 3246 3187 3297 3237; x_wconf 89' lang='lat' dir='ltr'><strong>in</strong></span> <span class='ocrx_word' id='word_1_673' title='bbox 3324 3188 3428 3254; x_wconf 80' lang='lat' dir='ltr'><strong>fine</strong></span> 
     </span>
    </p>
   </div>
   <div class='ocr_carea' id='block_1_89' title="bbox 1833 3255 3430 3327">
    <p class='ocr_par' dir='ltr' id='par_1_89' title="bbox 1833 3255 3430 3327">
     <span class='ocr_line' id='line_1_89' title="bbox 1833 3255 3430 3327; baseline -0.001 -17"><span class='ocrx_word' id='word_1_674' title='bbox 1833 3268 1928 3317; x_wconf 79' lang='lat' dir='ltr'><strong>est.</strong></span> <span class='ocrx_word' id='word_1_675' title='bbox 1958 3259 2164 3325; x_wconf 87' lang='lat' dir='ltr'><strong>quidam</strong></span> <span class='ocrx_word' id='word_1_676' title='bbox 2191 3257 2427 3321; x_wconf 82' lang='lat' dir='ltr'><strong>rejiciunt</strong></span> <span class='ocrx_word' id='word_1_677' title='bbox 2447 3300 2460 3321; x_wconf 85' lang='lat'><strong>,</strong></span> <span class='ocrx_word' id='word_1_678' title='bbox 2496 3258 2616 3324; x_wconf 85' lang='lat' dir='ltr'><strong>quia</strong></span> <span class='ocrx_word' id='word_1_679' title='bbox 2648 3258 2698 3327; x_wconf 78' lang='lat' dir='ltr'><strong>in</strong></span> <span class='ocrx_word' id='word_1_680' title='bbox 2731 3255 2951 3310; x_wconf 73' lang='lat' dir='ltr'><strong>lIebra’o</strong></span> <span class='ocrx_word' id='word_1_681' title='bbox 2977 3275 3076 3309; x_wconf 84' lang='lat' dir='ltr'><strong>non</strong></span> <span class='ocrx_word' id='word_1_682' title='bbox 3100 3255 3430 3327; x_wconf 72' lang='lat' dir='ltr'><strong>reperitur...</strong></span> 
     </span>
    </p>
   </div>
   <div class='ocr_carea' id='block_1_90' title="bbox 1841 3326 3432 3397">
    <p class='ocr_par' dir='ltr' id='par_1_90' title="bbox 1841 3326 3432 3397">
     <span class='ocr_line' id='line_1_90' title="bbox 1841 3326 3432 3397; baseline -0.001 -16"><span class='ocrx_word' id='word_1_683' title='bbox 1841 3327 2081 3381; x_wconf 72' lang='lat' dir='ltr'><strong>Nominis</strong></span> <span class='ocrx_word' id='word_1_684' title='bbox 2114 3328 2507 3380; x_wconf 83' lang='lat' dir='ltr'><strong>similitudinem</strong></span> <span class='ocrx_word' id='word_1_685' title='bbox 2540 3329 2591 3380; x_wconf 86' lang='lat' dir='ltr'><strong>in</strong></span> <span class='ocrx_word' id='word_1_686' title='bbox 2632 3326 2948 3397; x_wconf 51' lang='lat' dir='ltr'><strong>(ient&#39;alogia</strong></span> <span class='ocrx_word' id='word_1_687' title='bbox 2990 3326 3175 3389; x_wconf 79' lang='lat' dir='ltr'><strong>Esau,</strong></span> <span class='ocrx_word' id='word_1_688' title='bbox 3226 3343 3343 3397; x_wconf 70' lang='lat' dir='ltr'><strong>qua:</strong></span> <span class='ocrx_word' id='word_1_689' title='bbox 3378 3329 3432 3380; x_wconf 87' lang='lat' dir='ltr'><strong>in</strong></span> 
     </span>
    </p>
   </div>
   <div class='ocr_carea' id='block_1_91' title="bbox 1838 3396 3431 3465">
    <p class='ocr_par' dir='ltr' id='par_1_91' title="bbox 1838 3396 3431 3465">
     <span class='ocr_line' id='line_1_91' title="bbox 1838 3396 3431 3465; baseline -0.001 -15"><span class='ocrx_word' id='word_1_690' title='bbox 1838 3399 1968 3451; x_wconf 84' lang='lat' dir='ltr'><strong>libro</strong></span> <span class='ocrx_word' id='word_1_691' title='bbox 1999 3398 2254 3451; x_wconf 79' lang='lat' dir='ltr'><strong>Genescos</strong></span> <span class='ocrx_word' id='word_1_692' title='bbox 2276 3408 2439 3450; x_wconf 66' lang='lat' dir='ltr'><strong>exstat</strong></span> <span class='ocrx_word' id='word_1_693' title='bbox 2467 3441 2480 3463; x_wconf 93' lang='lat'><strong>,</strong></span> <span class='ocrx_word' id='word_1_694' title='bbox 2524 3400 2608 3450; x_wconf 86' lang='lat' dir='ltr'><strong>ubi</strong></span> <span class='ocrx_word' id='word_1_695' title='bbox 2649 3396 2836 3450; x_wconf 84' lang='lat' dir='ltr'><strong>Jobabi</strong></span> <span class='ocrx_word' id='word_1_696' title='bbox 2893 3401 3081 3450; x_wconf 87' lang='lat' dir='ltr'><strong>mentio</strong></span> <span class='ocrx_word' id='word_1_697' title='bbox 3126 3396 3431 3465; x_wconf 85' lang='lat' dir='ltr'><strong>ﬁt,ausant</strong></span> 
     </span>
    </p>
   </div>
   <div class='ocr_carea' id='block_1_92' title="bbox 1836 3467 3432 3537">
    <p class='ocr_par' dir='ltr' id='par_1_92' title="bbox 1836 3467 3432 3537">
     <span class='ocr_line' id='line_1_92' title="bbox 1836 3467 3432 3537; baseline 0 -16"><span class='ocrx_word' id='word_1_698' title='bbox 1836 3471 2027 3523; x_wconf 84' lang='lat' dir='ltr'><strong>erroris</strong></span> <span class='ocrx_word' id='word_1_699' title='bbox 2067 3480 2115 3523; x_wconf 89' lang='lat' dir='ltr'><strong>et</strong></span> <span class='ocrx_word' id='word_1_700' title='bbox 2150 3467 2455 3537; x_wconf 85' lang='lat' dir='ltr'><strong>hujusmodi</strong></span> <span class='ocrx_word' id='word_1_701' title='bbox 2511 3470 2694 3521; x_wconf 85' lang='lat' dir='ltr'><strong>scholii</strong></span> <span class='ocrx_word' id='word_1_702' title='bbox 2735 3468 3043 3532; x_wconf 85' lang='lat' dir='ltr'><strong>quibusdam</strong></span> <span class='ocrx_word' id='word_1_703' title='bbox 3106 3470 3384 3533; x_wconf 78' lang='lat' dir='ltr'><strong>prtebuisse</strong></span> <span class='ocrx_word' id='word_1_704' title='bbox 3414 3484 3432 3520; x_wconf 91' lang='lat'><em>:</em></span> 
     </span>
    </p>
   </div>
   <div class='ocr_carea' id='block_1_93' title="bbox 1838 3540 3430 3610">
    <p class='ocr_par' dir='ltr' id='par_1_93' title="bbox 1838 3540 3430 3610">
     <span class='ocr_line' id='line_1_93' title="bbox 1838 3540 3430 3610; baseline -0.001 -20"><span class='ocrx_word' id='word_1_705' title='bbox 1838 3550 2109 3610; x_wconf 86' lang='lat' dir='ltr'><strong>tractuque</strong></span> <span class='ocrx_word' id='word_1_706' title='bbox 2164 3541 2405 3605; x_wconf 80' lang='lat' dir='ltr'><strong>temporis</strong></span> <span class='ocrx_word' id='word_1_707' title='bbox 2462 3549 2677 3608; x_wconf 82' lang='lat' dir='ltr'><strong>postea,</strong></span> <span class='ocrx_word' id='word_1_708' title='bbox 2732 3554 2847 3609; x_wconf 79' lang='lat' dir='ltr'><strong>qua:</strong></span> <span class='ocrx_word' id='word_1_709' title='bbox 2897 3540 3120 3610; x_wconf 86' lang='lat' dir='ltr'><strong>margini</strong></span> <span class='ocrx_word' id='word_1_710' title='bbox 3162 3540 3430 3607; x_wconf 73' lang='lat' dir='ltr'><strong>adscripta</strong></span> 
     </span>
    </p>
   </div>
   <div class='ocr_carea' id='block_1_94' title="bbox 1838 3610 3424 3677">
    <p class='ocr_par' dir='ltr' id='par_1_94' title="bbox 1838 3610 3424 3677">
     <span class='ocr_line' id='line_1_94' title="bbox 1838 3610 3424 3677; baseline -0.001 -15"><span class='ocrx_word' id='word_1_711' title='bbox 1838 3620 2024 3676; x_wconf 86' lang='lat' dir='ltr'><strong>erant,</strong></span> <span class='ocrx_word' id='word_1_712' title='bbox 2075 3612 2128 3662; x_wconf 87' lang='lat' dir='ltr'><strong>in</strong></span> <span class='ocrx_word' id='word_1_713' title='bbox 2184 3611 2302 3661; x_wconf 83' lang='lat' dir='ltr'><strong>libri</strong></span> <span class='ocrx_word' id='word_1_714' title='bbox 2357 3620 2646 3663; x_wconf 75' lang='lat' dir='ltr'><strong>contextum</strong></span> <span class='ocrx_word' id='word_1_715' title='bbox 2687 3610 2749 3661; x_wconf 86' lang='lat' dir='ltr'><strong>ab</strong></span> <span class='ocrx_word' id='word_1_716' title='bbox 2798 3610 2919 3663; x_wconf 81' lang='lat' dir='ltr'><strong>aliis</strong></span> <span class='ocrx_word' id='word_1_717' title='bbox 2965 3620 3232 3677; x_wconf 79' lang='lat' dir='ltr'><strong>assumpta</strong></span> <span class='ocrx_word' id='word_1_718' title='bbox 3275 3625 3424 3675; x_wconf 81' lang='lat' dir='ltr'><strong>esse,</strong></span> 
     </span>
    </p>
   </div>
   <div class='ocr_carea' id='block_1_95' title="bbox 1837 3680 2308 3734">
    <p class='ocr_par' dir='ltr' id='par_1_95' title="bbox 1837 3680 2308 3734">
     <span class='ocr_line' id='line_1_95' title="bbox 1837 3680 2308 3734; baseline -0.004 -1"><span class='ocrx_word' id='word_1_719' title='bbox 1837 3690 2089 3734; x_wconf 82' lang='lat' dir='ltr'><strong>asserunt.</strong></span> <span class='ocrx_word' id='word_1_720' title='bbox 2134 3680 2308 3734; x_wconf 72' lang='lat' dir='ltr'><strong>lilsnr.</strong></span> 
     </span>
    </p>
   </div>
   <div class='ocr_carea' id='block_1_96' title="bbox 1913 3748 3428 3818">
    <p class='ocr_par' dir='ltr' id='par_1_96' title="bbox 1913 3748 3428 3818">
     <span class='ocr_line' id='line_1_96' title="bbox 1913 3748 3428 3818; baseline -0.002 -14"><span class='ocrx_word' id='word_1_721' title='bbox 1913 3762 1935 3788; x_wconf 73' lang='grc' dir='ltr'><strong>ι·</strong></span> <span class='ocrx_word' id='word_1_722' title='bbox 1964 3752 2190 3804; x_wconf 83' lang='lat' dir='ltr'><strong>Additur</strong></span> <span class='ocrx_word' id='word_1_723' title='bbox 2218 3760 2479 3818; x_wconf 75' lang='lat' dir='ltr'><strong>prmterca</strong></span> <span class='ocrx_word' id='word_1_724' title='bbox 2514 3749 2566 3803; x_wconf 91' lang='lat' dir='ltr'><strong>in</strong></span> <span class='ocrx_word' id='word_1_725' title='bbox 2609 3749 2978 3804; x_wconf 80' lang='lat' dir='ltr'><strong>Alexandrino</strong></span> <span class='ocrx_word' id='word_1_726' title='bbox 3011 3750 3201 3803; x_wconf 86' lang='lat' dir='ltr'><strong>codice</strong></span> <span class='ocrx_word' id='word_1_727' title='bbox 3233 3748 3428 3801; x_wconf 72' lang='lat' dir='ltr'><strong>isrlme</strong></span> 
     </span>
    </p>
   </div>
   <div class='ocr_carea' id='block_1_97' title="bbox 1841 3821 3437 3889">
    <p class='ocr_par' dir='ltr' id='par_1_97' title="bbox 1841 3821 3437 3889">
     <span class='ocr_line' id='line_1_97' title="bbox 1841 3821 3437 3889; baseline 0.001 -16"><span class='ocrx_word' id='word_1_728' title='bbox 1841 3835 1947 3875; x_wconf 92' lang='lat' dir='ltr'><strong>non</strong></span> <span class='ocrx_word' id='word_1_729' title='bbox 1979 3822 2286 3889; x_wconf 83' lang='lat' dir='ltr'><strong>spernenda</strong></span> <span class='ocrx_word' id='word_1_730' title='bbox 2320 3821 2539 3879; x_wconf 86' lang='lat' dir='ltr'><strong>lacinia.</strong></span> <span class='ocrx_word' id='word_1_731' title='bbox 2568 3836 2727 3887; x_wconf 82' lang='lat' dir='ltr'><strong>quam</strong></span> <span class='ocrx_word' id='word_1_732' title='bbox 2765 3821 2952 3874; x_wconf 83' lang='lat' dir='ltr'><strong>Latine</strong></span> <span class='ocrx_word' id='word_1_733' title='bbox 2979 3826 3169 3873; x_wconf 85' lang='lat' dir='ltr'><strong>saltem</strong></span> <span class='ocrx_word' id='word_1_734' title='bbox 3204 3829 3437 3889; x_wconf 72' lang='lat' dir='ltr'><strong>prazstat</strong></span> 
     </span>
    </p>
   </div>
   <div class='ocr_carea' id='block_1_98' title="bbox 1840 3889 3440 3961">
    <p class='ocr_par' dir='ltr' id='par_1_98' title="bbox 1840 3889 3440 3961">
     <span class='ocr_line' id='line_1_98' title="bbox 1840 3889 3440 3961; baseline -0.001 -16"><span class='ocrx_word' id='word_1_735' title='bbox 1840 3891 2155 3945; x_wconf 85' lang='lat' dir='ltr'><strong>describere</strong></span> <span class='ocrx_word' id='word_1_736' title='bbox 2187 3908 2201 3944; x_wconf 71' lang='grc' dir='ltr'>ε</span> <span class='ocrx_word' id='word_1_737' title='bbox 2234 3890 2479 3943; x_wconf 80' lang='lat' dir='ltr'><strong>&#39;l&#39;hemam</strong></span> <span class='ocrx_word' id='word_1_738' title='bbox 2517 3892 2657 3956; x_wconf 77' lang='lat' dir='ltr'><strong>ﬁlius</strong></span> <span class='ocrx_word' id='word_1_739' title='bbox 2701 3889 2946 3961; x_wconf 80' lang='lat' dir='ltr'><strong>Eliphaz,</strong></span> <span class='ocrx_word' id='word_1_740' title='bbox 2996 3895 3273 3961; x_wconf 70' lang='lat' dir='ltr'><strong>prwlertus</strong></span> <span class='ocrx_word' id='word_1_741' title='bbox 3300 3889 3440 3943; x_wconf 89' lang='lat' dir='ltr'><strong>ldu-</strong></span> 
     </span>
    </p>
   </div>
   <div class='ocr_carea' id='block_1_99' title="bbox 1839 3960 3443 4031">
    <p class='ocr_par' dir='ltr' id='par_1_99' title="bbox 1839 3960 3443 4031">
     <span class='ocr_line' id='line_1_99' title="bbox 1839 3960 3443 4031; baseline 0.001 -17"><span class='ocrx_word' id='word_1_742' title='bbox 1839 3977 2001 4015; x_wconf 76' lang='lat' dir='ltr'><strong>ma’w.</strong></span> <span class='ocrx_word' id='word_1_743' title='bbox 2050 3961 2152 4014; x_wconf 83' lang='lat' dir='ltr'><strong>Hic</strong></span> <span class='ocrx_word' id='word_1_744' title='bbox 2200 3963 2566 4030; x_wconf 62' lang='lat' dir='ltr'><strong>interpretatur</strong></span> <span class='ocrx_word' id='word_1_745' title='bbox 2612 3976 2675 4014; x_wconf 78' lang='lat' dir='ltr'><strong>ex</strong></span> <span class='ocrx_word' id='word_1_746' title='bbox 2723 3960 2943 4031; x_wconf 80' lang='lat' dir='ltr'><strong>Syriaco</strong></span> <span class='ocrx_word' id='word_1_747' title='bbox 2989 3962 3140 4013; x_wconf 86' lang='lat' dir='ltr'><strong>libro.</strong></span> <span class='ocrx_word' id='word_1_748' title='bbox 3188 3960 3255 4013; x_wconf 87' lang='lat' dir='ltr'><strong>lu</strong></span> <span class='ocrx_word' id='word_1_749' title='bbox 3301 3970 3443 4015; x_wconf 86' lang='lat' dir='ltr'><strong>terra</strong></span> 
     </span>
    </p>
   </div>
   <div class='ocr_carea' id='block_1_100' title="bbox 1836 4030 3429 4100">
    <p class='ocr_par' dir='ltr' id='par_1_100' title="bbox 1836 4030 3429 4100">
     <span class='ocr_line' id='line_1_100' title="bbox 1836 4030 3429 4100; baseline 0.002 -19"><span class='ocrx_word' id='word_1_750' title='bbox 1836 4033 2041 4099; x_wconf 86' lang='lat' dir='ltr'><strong>quidem</strong></span> <span class='ocrx_word' id='word_1_751' title='bbox 2074 4031 2308 4084; x_wconf 79' lang='lat' dir='ltr'><strong>Ausitide</strong></span> <span class='ocrx_word' id='word_1_752' title='bbox 2347 4032 2495 4099; x_wconf 84' lang='lat' dir='ltr'><strong>(Job)</strong></span> <span class='ocrx_word' id='word_1_753' title='bbox 2526 4030 2785 4083; x_wconf 81' lang='lat' dir='ltr'><strong>habitabat</strong></span> <span class='ocrx_word' id='word_1_754' title='bbox 2818 4032 2883 4083; x_wconf 88' lang='lat' dir='ltr'><strong>ad</strong></span> <span class='ocrx_word' id='word_1_755' title='bbox 2927 4032 3055 4099; x_wconf 84' lang='lat' dir='ltr'><strong>fines</strong></span> <span class='ocrx_word' id='word_1_756' title='bbox 3104 4031 3429 4100; x_wconf 70' lang='lat' dir='ltr'><strong>Euphratis.</strong></span> 
     </span>
    </p>
   </div>
   <div class='ocr_carea' id='block_1_101' title="bbox 1843 4100 3432 4171">
    <p class='ocr_par' dir='ltr' id='par_1_101' title="bbox 1843 4100 3432 4171">
     <span class='ocr_line' id='line_1_101' title="bbox 1843 4100 3432 4171; baseline 0.001 -16"><span class='ocrx_word' id='word_1_757' title='bbox 1843 4103 1981 4156; x_wconf 61' lang='lat' dir='ltr'><strong>Olim</strong></span> <span class='ocrx_word' id='word_1_758' title='bbox 2029 4104 2121 4163; x_wconf 74' lang='lat' dir='ltr'><strong>(uit</strong></span> <span class='ocrx_word' id='word_1_759' title='bbox 2168 4118 2349 4155; x_wconf 85' lang='lat' dir='ltr'><strong>nomen</strong></span> <span class='ocrx_word' id='word_1_760' title='bbox 2392 4105 2505 4171; x_wconf 86' lang='lat' dir='ltr'><strong>ejus</strong></span> <span class='ocrx_word' id='word_1_761' title='bbox 2549 4100 2736 4155; x_wconf 85' lang='lat' dir='ltr'><strong>Jobab.</strong></span> <span class='ocrx_word' id='word_1_762' title='bbox 2767 4101 2893 4155; x_wconf 86' lang='lat' dir='ltr'><strong>Erat</strong></span> <span class='ocrx_word' id='word_1_763' title='bbox 2932 4114 3101 4156; x_wconf 88' lang='lat' dir='ltr'><strong>autem</strong></span> <span class='ocrx_word' id='word_1_764' title='bbox 3140 4112 3283 4168; x_wconf 83' lang='lat' dir='ltr'><strong>pater</strong></span> <span class='ocrx_word' id='word_1_765' title='bbox 3312 4105 3432 4171; x_wconf 83' lang='lat' dir='ltr'><strong>ejus</strong></span> 
     </span>
    </p>
   </div>
   <div class='ocr_carea' id='block_1_102' title="bbox 1837 4172 3439 4237">
    <p class='ocr_par' dir='ltr' id='par_1_102' title="bbox 1837 4172 3439 4237">
     <span class='ocr_line' id='line_1_102' title="bbox 1837 4172 3439 4237; baseline -0.001 -10"><span class='ocrx_word' id='word_1_766' title='bbox 1837 4173 2052 4237; x_wconf 85' lang='lat' dir='ltr'><strong>Zareth,</strong></span> <span class='ocrx_word' id='word_1_767' title='bbox 2093 4189 2157 4226; x_wconf 77' lang='lat' dir='ltr'><strong>ea:</strong></span> <span class='ocrx_word' id='word_1_768' title='bbox 2179 4183 2290 4224; x_wconf 88' lang='lat' dir='ltr'><strong>ortu</strong></span> <span class='ocrx_word' id='word_1_769' title='bbox 2324 4172 2485 4225; x_wconf 78' lang='lat' dir='ltr'><strong>Solis.</strong></span> <span class='ocrx_word' id='word_1_770' title='bbox 2517 4172 2783 4227; x_wconf 73' lang='lat' dir='ltr'><strong>Czetermn</strong></span> <span class='ocrx_word' id='word_1_771' title='bbox 2813 4188 2935 4227; x_wconf 87' lang='lat' dir='ltr'><strong>cum</strong></span> <span class='ocrx_word' id='word_1_772' title='bbox 2962 4175 3030 4227; x_wconf 86' lang='lat' dir='ltr'><strong>de</strong></span> <span class='ocrx_word' id='word_1_773' title='bbox 3071 4174 3197 4235; x_wconf 87' lang='lat' dir='ltr'><strong>isto,</strong></span> <span class='ocrx_word' id='word_1_774' title='bbox 3229 4183 3337 4223; x_wconf 90' lang='lat' dir='ltr'><strong>tum</strong></span> <span class='ocrx_word' id='word_1_775' title='bbox 3366 4174 3439 4225; x_wconf 85' lang='lat' dir='ltr'><strong>de</strong></span> 
     </span>
    </p>
   </div>
   <div class='ocr_carea' id='block_1_103' title="bbox 1839 4241 3441 4313">
    <p class='ocr_par' dir='ltr' id='par_1_103' title="bbox 1839 4241 3441 4313">
     <span class='ocr_line' id='line_1_103' title="bbox 1839 4241 3441 4313; baseline -0.002 -16"><span class='ocrx_word' id='word_1_776' title='bbox 1839 4245 2124 4313; x_wconf 69' lang='lat' dir='ltr'><strong>Super-inre</strong></span> <span class='ocrx_word' id='word_1_777' title='bbox 2167 4243 2534 4297; x_wconf 73' lang='lat' dir='ltr'><strong>additamenta</strong></span> <span class='ocrx_word' id='word_1_778' title='bbox 2560 4242 2878 4298; x_wconf 67' lang='lat' dir='ltr'><strong>Griecorurn</strong></span> <span class='ocrx_word' id='word_1_779' title='bbox 2922 4246 3173 4313; x_wconf 85' lang='lat' dir='ltr'><strong>codicum</strong></span> <span class='ocrx_word' id='word_1_780' title='bbox 3203 4241 3441 4313; x_wconf 83' lang='lat' dir='ltr'><strong>veteris-</strong></span> 
     </span>
    </p>
   </div>
   <div class='ocr_carea' id='block_1_104' title="bbox 1837 4311 3431 4384">
    <p class='ocr_par' dir='ltr' id='par_1_104' title="bbox 1837 4311 3431 4384">
     <span class='ocr_line' id='line_1_104' title="bbox 1837 4311 3431 4384; baseline -0.001 -20"><span class='ocrx_word' id='word_1_781' title='bbox 1837 4311 1941 4381; x_wconf 83' lang='lat' dir='ltr'><strong>que</strong></span> <span class='ocrx_word' id='word_1_782' title='bbox 1968 4313 2208 4379; x_wconf 72' lang='lat' dir='ltr'><strong>Vulgata:</strong></span> <span class='ocrx_word' id='word_1_783' title='bbox 2245 4315 2469 4372; x_wconf 61' lang='lat' dir='ltr'><strong>Latinas.</strong></span> <span class='ocrx_word' id='word_1_784' title='bbox 2503 4313 2870 4369; x_wconf 79' lang='lat' dir='ltr'><strong>conferendas</strong></span> <span class='ocrx_word' id='word_1_785' title='bbox 2901 4316 3018 4384; x_wconf 89' lang='lat' dir='ltr'><strong>ipse</strong></span> <span class='ocrx_word' id='word_1_786' title='bbox 3044 4324 3128 4370; x_wconf 77' lang='lat' dir='ltr'><strong>est</strong></span> <span class='ocrx_word' id='word_1_787' title='bbox 3156 4312 3214 4365; x_wconf 89' lang='lat' dir='ltr'><strong>S.</strong></span> <span class='ocrx_word' id='word_1_788' title='bbox 3248 4311 3431 4363; x_wconf 86' lang='lat' dir='ltr'><strong>inter-</strong></span> 
     </span>
    </p>
   </div>
   <div class='ocr_carea' id='block_1_105' title="bbox 1840 4384 2877 4453">
    <p class='ocr_par' dir='ltr' id='par_1_105' title="bbox 1840 4384 2877 4453">
     <span class='ocr_line' id='line_1_105' title="bbox 1840 4384 2877 4453; baseline 0.002 -14"><span class='ocrx_word' id='word_1_789' title='bbox 1840 4400 1959 4453; x_wconf 88' lang='lat' dir='ltr'><strong>pres</strong></span> <span class='ocrx_word' id='word_1_790' title='bbox 1990 4384 2045 4438; x_wconf 91' lang='lat' dir='ltr'><strong>in</strong></span> <span class='ocrx_word' id='word_1_791' title='bbox 2075 4384 2179 4451; x_wconf 79' lang='lat' dir='ltr'><strong>Qu.</strong></span> <span class='ocrx_word' id='word_1_792' title='bbox 2214 4385 2487 4438; x_wconf 85' lang='lat' dir='ltr'><strong>llebraicis</strong></span> <span class='ocrx_word' id='word_1_793' title='bbox 2517 4386 2568 4438; x_wconf 94' lang='lat' dir='ltr'><strong>in</strong></span> <span class='ocrx_word' id='word_1_794' title='bbox 2601 4386 2877 4441; x_wconf 85' lang='lat' dir='ltr'><strong>Genesim.</strong></span> 
     </span>
    </p>
   </div>
   <div class='ocr_carea' id='block_1_106' title="bbox 166 4586 3429 4615">
    <p class='ocr_par' dir='ltr' id='par_1_106' title="bbox 166 4586 3429 4615">
     <span class='ocr_line' id='line_1_106' title="bbox 166 4586 3429 4615; baseline 0 -14"><span class='ocrx_word' id='word_1_795' title='bbox 166 4586 3429 4615; x_wconf 44' lang='grc' dir='ltr'>Μ</span> 
     </span>
    </p>
   </div>
   <div class='ocr_carea' id='block_1_107' title="bbox 812 4723 2776 4815">
    <p class='ocr_par' dir='ltr' id='par_1_107' title="bbox 812 4723 2776 4815">
     <span class='ocr_line' id='line_1_107' title="bbox 812 4723 2776 4815; baseline -0.001 -18"><span class='ocrx_word' id='word_1_796' title='bbox 812 4725 1456 4801; x_wconf 84' lang='lat' dir='ltr'><strong>ADMONITIO</strong></span> <span class='ocrx_word' id='word_1_797' title='bbox 1530 4724 1643 4797; x_wconf 84' lang='lat' dir='ltr'><strong>1N</strong></span> <span class='ocrx_word' id='word_1_798' title='bbox 1724 4724 1995 4796; x_wconf 86' lang='lat' dir='ltr'><strong>OPUS</strong></span> <span class='ocrx_word' id='word_1_799' title='bbox 2076 4723 2776 4815; x_wconf 84' lang='lat' dir='ltr'><strong>SUBSEQUENS.</strong></span> 
     </span>
    </p>
   </div>
   <div class='ocr_carea' id='block_1_108' title="bbox 237 4959 1790 5039">
    <p class='ocr_par' dir='ltr' id='par_1_108' title="bbox 237 4959 1790 5039">
     <span class='ocr_line' id='line_1_108' title="bbox 237 4959 1790 5039; baseline 0.002 -24"><span class='ocrx_word' id='word_1_800' title='bbox 237 4959 534 5021; x_wconf 82' lang='lat' dir='ltr'><strong>Psalmarum</strong></span> <span class='ocrx_word' id='word_1_801' title='bbox 589 4966 833 5022; x_wconf 78' lang='lat' dir='ltr'><strong>volumen</strong></span> <span class='ocrx_word' id='word_1_802' title='bbox 854 4968 1011 5038; x_wconf 72' lang='lat' dir='ltr'><strong>juxta</strong></span> <span class='ocrx_word' id='word_1_803' title='bbox 1032 4967 1395 5039; x_wconf 75' lang='lat' dir='ltr'><strong>Septuaginta</strong></span> <span class='ocrx_word' id='word_1_804' title='bbox 1448 4966 1790 5037; x_wconf 72' lang='lat' dir='ltr'><strong>Interpreles,</strong></span> 
     </span>
    </p>
   </div>
   <div class='ocr_carea' id='block_1_109' title="bbox 1838 4962 3453 5038">
    <p class='ocr_par' dir='ltr' id='par_1_109' title="bbox 1838 4962 3453 5038">
     <span class='ocr_line' id='line_1_109' title="bbox 1838 4962 3453 5038; baseline -0.004 -18"><span class='ocrx_word' id='word_1_805' title='bbox 1838 4968 1994 5021; x_wconf 86' lang='lat' dir='ltr'><strong>semel</strong></span> <span class='ocrx_word' id='word_1_806' title='bbox 2025 4977 2180 5038; x_wconf 86' lang='lat' dir='ltr'><strong>atque</strong></span> <span class='ocrx_word' id='word_1_807' title='bbox 2234 4969 2420 5022; x_wconf 88' lang='lat' dir='ltr'><strong>iterum</strong></span> <span class='ocrx_word' id='word_1_808' title='bbox 2469 4966 2796 5020; x_wconf 84' lang='lat' dir='ltr'><strong>emendatum</strong></span> <span class='ocrx_word' id='word_1_809' title='bbox 2837 4962 2900 5016; x_wconf 89' lang='lat' dir='ltr'><strong>ab</strong></span> <span class='ocrx_word' id='word_1_810' title='bbox 2944 4962 3283 5030; x_wconf 77' lang='lat' dir='ltr'><strong>Hieronymo,</strong></span> <span class='ocrx_word' id='word_1_811' title='bbox 3332 4972 3453 5014; x_wconf 88' lang='lat' dir='ltr'><strong>ante</strong></span> 
     </span>
    </p>
   </div>
   <div class='ocr_carea' id='block_1_110' title="bbox 168 5052 3444 5133">
    <p class='ocr_par' dir='ltr' id='par_1_110' title="bbox 168 5052 3444 5133">
     <span class='ocr_line' id='line_1_110' title="bbox 168 5052 3444 5133; baseline 0 -28"><span class='ocrx_word' id='word_1_812' title='bbox 168 5067 315 5107; x_wconf 70' lang='lat' dir='ltr'><strong>annos</strong></span> <span class='ocrx_word' id='word_1_813' title='bbox 341 5062 530 5115; x_wconf 75' lang='lat' dir='ltr'><strong>circiter</strong></span> <span class='ocrx_word' id='word_1_814' title='bbox 552 5065 752 5126; x_wconf 75' lang='lat' dir='ltr'><strong>decem,</strong></span> <span class='ocrx_word' id='word_1_815' title='bbox 785 5060 844 5113; x_wconf 86' lang='lat' dir='ltr'><strong>J.</strong></span> <span class='ocrx_word' id='word_1_816' title='bbox 879 5058 1002 5113; x_wconf 84' lang='lat' dir='ltr'><strong>Cari</strong></span> <span class='ocrx_word' id='word_1_817' title='bbox 1032 5060 1316 5131; x_wconf 79' lang='lat' dir='ltr'><strong>presbyteri</strong></span> <span class='ocrx_word' id='word_1_818' title='bbox 1331 5060 1505 5114; x_wconf 86' lang='lat' dir='ltr'><strong>studio</strong></span> <span class='ocrx_word' id='word_1_819' title='bbox 1543 5076 1606 5112; x_wconf 86' lang='lat' dir='ltr'><strong>ac</strong></span> <span class='ocrx_word' id='word_1_820' title='bbox 1636 5058 1833 5122; x_wconf 87' lang='lat' dir='ltr'><strong>labore,</strong></span> <span class='ocrx_word' id='word_1_821' title='bbox 1862 5058 2042 5113; x_wconf 75' lang='lat' dir='ltr'><strong>Bonae</strong></span> <span class='ocrx_word' id='word_1_822' title='bbox 2071 5060 2293 5133; x_wconf 82' lang='lat' dir='ltr'><strong>primum</strong></span> <span class='ocrx_word' id='word_1_823' title='bbox 2314 5059 2511 5112; x_wconf 86' lang='lat' dir='ltr'><strong>editum</strong></span> <span class='ocrx_word' id='word_1_824' title='bbox 2541 5066 2612 5109; x_wconf 87' lang='lat' dir='ltr'><strong>est</strong></span> <span class='ocrx_word' id='word_1_825' title='bbox 2646 5055 2885 5108; x_wconf 81' lang='lat' dir='ltr'><strong>:adrlitis</strong></span> <span class='ocrx_word' id='word_1_826' title='bbox 2916 5053 3073 5105; x_wconf 87' lang='lat' dir='ltr'><strong>obelis</strong></span> <span class='ocrx_word' id='word_1_827' title='bbox 3107 5060 3151 5106; x_wconf 87' lang='lat' dir='ltr'><strong>et</strong></span> <span class='ocrx_word' id='word_1_828' title='bbox 3182 5052 3444 5105; x_wconf 82' lang='lat' dir='ltr'><strong>asteriscis</strong></span> 
     </span>
    </p>
   </div>
   <div class='ocr_carea' id='block_1_111' title="bbox 168 5142 3443 5223">
    <p class='ocr_par' dir='ltr' id='par_1_111' title="bbox 168 5142 3443 5223">
     <span class='ocr_line' id='line_1_111' title="bbox 168 5142 3443 5223; baseline 0.001 -30"><span class='ocrx_word' id='word_1_829' title='bbox 168 5142 214 5193; x_wconf 75' lang='lat' dir='ltr'><strong>is</strong></span> <span class='ocrx_word' id='word_1_830' title='bbox 248 5164 306 5198; x_wconf 88' lang='lat' dir='ltr'><strong>eo</strong></span> <span class='ocrx_word' id='word_1_831' title='bbox 336 5148 593 5218; x_wconf 87' lang='lat' dir='ltr'><strong>Psalterio,</strong></span> <span class='ocrx_word' id='word_1_832' title='bbox 628 5154 771 5223; x_wconf 88' lang='lat' dir='ltr'><strong>quod</strong></span> <span class='ocrx_word' id='word_1_833' title='bbox 810 5149 1147 5206; x_wconf 81' lang='lat' dir='ltr'><strong>Gallicanum</strong></span> <span class='ocrx_word' id='word_1_834' title='bbox 1189 5161 1373 5207; x_wconf 75' lang='lat' dir='ltr'><strong>vocant</strong></span> <span class='ocrx_word' id='word_1_835' title='bbox 1416 5162 1610 5206; x_wconf 82' lang='lat' dir='ltr'><strong>veteres</strong></span> <span class='ocrx_word' id='word_1_836' title='bbox 1644 5168 1707 5205; x_wconf 86' lang='lat' dir='ltr'><strong>at:</strong></span> <span class='ocrx_word' id='word_1_837' title='bbox 1738 5152 2045 5206; x_wconf 78' lang='lat' dir='ltr'><strong>recentiores</strong></span> <span class='ocrx_word' id='word_1_838' title='bbox 2075 5153 2372 5221; x_wconf 78' lang='lat' dir='ltr'><strong>scriptores.</strong></span> <span class='ocrx_word' id='word_1_839' title='bbox 2422 5148 2596 5216; x_wconf 88' lang='lat' dir='ltr'><strong>llujus</strong></span> <span class='ocrx_word' id='word_1_840' title='bbox 2632 5145 2822 5198; x_wconf 85' lang='lat' dir='ltr'><strong>eruditi</strong></span> <span class='ocrx_word' id='word_1_841' title='bbox 2850 5144 2971 5197; x_wconf 84' lang='lat' dir='ltr'><strong>Cari</strong></span> <span class='ocrx_word' id='word_1_842' title='bbox 3022 5145 3345 5215; x_wconf 84' lang='lat' dir='ltr'><strong>diligentiam</strong></span> <span class='ocrx_word' id='word_1_843' title='bbox 3389 5145 3443 5195; x_wconf 83' lang='lat' dir='ltr'><strong>in</strong></span> 
     </span>
    </p>
   </div>
   <div class='ocr_carea' id='block_1_112' title="bbox 166 5234 3440 5313">
    <p class='ocr_par' dir='ltr' id='par_1_112' title="bbox 166 5234 3440 5313">
     <span class='ocr_line' id='line_1_112' title="bbox 166 5234 3440 5313; baseline 0.002 -33"><span class='ocrx_word' id='word_1_844' title='bbox 166 5234 351 5290; x_wconf 80' lang='lat' dir='ltr'><strong>edendo</strong></span> <span class='ocrx_word' id='word_1_845' title='bbox 385 5244 572 5311; x_wconf 73' lang='lat' dir='ltr'><strong>duplici</strong></span> <span class='ocrx_word' id='word_1_846' title='bbox 623 5244 943 5311; x_wconf 82' lang='lat' dir='ltr'><strong>Hieronymi</strong></span> <span class='ocrx_word' id='word_1_847' title='bbox 972 5241 1254 5309; x_wconf 85' lang='lat' dir='ltr'><strong>Psalterio,</strong></span> <span class='ocrx_word' id='word_1_848' title='bbox 1290 5254 1345 5297; x_wconf 87' lang='lat' dir='ltr'><strong>ut</strong></span> <span class='ocrx_word' id='word_1_849' title='bbox 1393 5244 1763 5308; x_wconf 79' lang='lat' dir='ltr'><strong>imitaremur;</strong></span> <span class='ocrx_word' id='word_1_850' title='bbox 1813 5245 2156 5313; x_wconf 87' lang='lat' dir='ltr'><strong>nonnilrilque</strong></span> <span class='ocrx_word' id='word_1_851' title='bbox 2203 5242 2508 5312; x_wconf 85' lang='lat' dir='ltr'><strong>castigatius</strong></span> <span class='ocrx_word' id='word_1_852' title='bbox 2540 5249 2586 5291; x_wconf 88' lang='lat' dir='ltr'><strong>et</strong></span> <span class='ocrx_word' id='word_1_853' title='bbox 2614 5236 2818 5289; x_wconf 80' lang='lat' dir='ltr'><strong>auctius</strong></span> <span class='ocrx_word' id='word_1_854' title='bbox 2874 5240 3017 5304; x_wconf 84' lang='lat' dir='ltr'><strong>apud</strong></span> <span class='ocrx_word' id='word_1_855' title='bbox 3064 5256 3158 5290; x_wconf 79' lang='lat' dir='ltr'><strong>nos</strong></span> <span class='ocrx_word' id='word_1_856' title='bbox 3189 5235 3440 5304; x_wconf 85' lang='lat' dir='ltr'><strong>prodiret,</strong></span> 
     </span>
    </p>
   </div>
   <div class='ocr_carea' id='block_1_113' title="bbox 165 5330 3443 5413">
    <p class='ocr_par' dir='ltr' id='par_1_113' title="bbox 165 5330 3443 5413">
     <span class='ocr_line' id='line_1_113' title="bbox 165 5330 3443 5413; baseline -0.003 -23"><span class='ocrx_word' id='word_1_857' title='bbox 165 5333 462 5397; x_wconf 56' lang='lat' dir='ltr'><strong>‘ll&#39;amplures</strong></span> <span class='ocrx_word' id='word_1_858' title='bbox 484 5337 880 5407; x_wconf 84' lang='lat' dir='ltr'><strong>antiquissimos</strong></span> <span class='ocrx_word' id='word_1_859' title='bbox 905 5337 1109 5391; x_wconf 77' lang='lat' dir='ltr'><strong>codices</strong></span> <span class='ocrx_word' id='word_1_860' title='bbox 1132 5352 1254 5391; x_wconf 88' lang='lat' dir='ltr'><strong>mss.</strong></span> <span class='ocrx_word' id='word_1_861' title='bbox 1288 5339 1686 5406; x_wconf 77' lang='lat' dir='ltr'><strong>perquisivimus</strong></span> <span class='ocrx_word' id='word_1_862' title='bbox 1716 5342 1783 5393; x_wconf 90' lang='lat' dir='ltr'><strong>ad</strong></span> <span class='ocrx_word' id='word_1_863' title='bbox 1804 5342 2095 5413; x_wconf 85' lang='lat' dir='ltr'><strong>supplenda</strong></span> <span class='ocrx_word' id='word_1_864' title='bbox 2125 5357 2205 5404; x_wconf 86' lang='lat' dir='ltr'><strong>ea,</strong></span> <span class='ocrx_word' id='word_1_865' title='bbox 2257 5353 2371 5406; x_wconf 78' lang='lat' dir='ltr'><strong>qua:</strong></span> <span class='ocrx_word' id='word_1_866' title='bbox 2420 5344 2527 5387; x_wconf 88' lang='lat' dir='ltr'><strong>tum</strong></span> <span class='ocrx_word' id='word_1_867' title='bbox 2576 5334 2628 5385; x_wconf 84' lang='lat' dir='ltr'><strong>in</strong></span> <span class='ocrx_word' id='word_1_868' title='bbox 2662 5338 2827 5394; x_wconf 69' lang='lat' dir='ltr'><strong>textu,</strong></span> <span class='ocrx_word' id='word_1_869' title='bbox 2851 5340 2958 5384; x_wconf 87' lang='lat' dir='ltr'><strong>tum</strong></span> <span class='ocrx_word' id='word_1_870' title='bbox 2990 5332 3041 5385; x_wconf 89' lang='lat' dir='ltr'><strong>in</strong></span> <span class='ocrx_word' id='word_1_871' title='bbox 3078 5333 3237 5402; x_wconf 83' lang='lat' dir='ltr'><strong>signis</strong></span> <span class='ocrx_word' id='word_1_872' title='bbox 3268 5330 3443 5381; x_wconf 71' lang='grc' dir='ltr'><strong>υιιίιοο</strong></span> 
     </span>
    </p>
   </div>
   <div class='ocr_carea' id='block_1_114' title="bbox 164 5419 3434 5503">
    <p class='ocr_par' dir='ltr' id='par_1_114' title="bbox 164 5419 3434 5503">
     <span class='ocr_line' id='line_1_114' title="bbox 164 5419 3434 5503; baseline 0 -33"><span class='ocrx_word' id='word_1_873' title='bbox 164 5434 269 5470; x_wconf 81' lang='lat' dir='ltr'><strong>ma</strong></span> <span class='ocrx_word' id='word_1_874' title='bbox 296 5431 342 5474; x_wconf 83' lang='lat' dir='ltr'><strong>et</strong></span> <span class='ocrx_word' id='word_1_875' title='bbox 376 5430 730 5483; x_wconf 81' lang='lat' dir='ltr'><strong>asteriscorum</strong></span> <span class='ocrx_word' id='word_1_876' title='bbox 768 5428 944 5481; x_wconf 84' lang='lat' dir='ltr'><strong>deesse</strong></span> <span class='ocrx_word' id='word_1_877' title='bbox 991 5429 1320 5483; x_wconf 75' lang='lat' dir='ltr'><strong>videbantur.</strong></span> <span class='ocrx_word' id='word_1_878' title='bbox 1356 5429 1663 5483; x_wconf 76' lang='lat' dir='ltr'><strong>Sabidium</strong></span> <span class='ocrx_word' id='word_1_879' title='bbox 1709 5447 1829 5503; x_wconf 88' lang='lat' dir='ltr'><strong>ergo</strong></span> <span class='ocrx_word' id='word_1_880' title='bbox 1875 5433 2202 5485; x_wconf 88' lang='lat' dir='ltr'><strong>ministrante</strong></span> <span class='ocrx_word' id='word_1_881' title='bbox 2231 5425 2374 5478; x_wconf 88' lang='lat' dir='ltr'><strong>haud</strong></span> <span class='ocrx_word' id='word_1_882' title='bbox 2420 5422 2666 5477; x_wconf 84' lang='lat' dir='ltr'><strong>mediocri</strong></span> <span class='ocrx_word' id='word_1_883' title='bbox 2710 5422 2859 5490; x_wconf 72' lang='lat' dir='ltr'><strong>c0p’a</strong></span> <span class='ocrx_word' id='word_1_884' title='bbox 2902 5431 3123 5474; x_wconf 74' lang='lat' dir='ltr'><strong>ceterum</strong></span> <span class='ocrx_word' id='word_1_885' title='bbox 3173 5419 3434 5486; x_wconf 72' lang='lat' dir='ltr'><strong>radicum,</strong></span> 
     </span>
    </p>
   </div>
   <div class='ocr_carea' id='block_1_115' title="bbox 166 5504 3441 5589">
    <p class='ocr_par' dir='ltr' id='par_1_115' title="bbox 166 5504 3441 5589">
     <span class='ocr_line' id='line_1_115' title="bbox 166 5504 3441 5589; baseline 0.001 -27"><span class='ocrx_word' id='word_1_886' title='bbox 166 5504 275 5562; x_wconf 74' lang='lat' dir='ltr'><strong>Cari</strong></span> <span class='ocrx_word' id='word_1_887' title='bbox 294 5517 413 5571; x_wconf 71' lang='lat' dir='ltr'><strong>votis</strong></span> <span class='ocrx_word' id='word_1_888' title='bbox 448 5520 799 5588; x_wconf 78' lang='lat' dir='ltr'><strong>fecimussatis</strong></span> <span class='ocrx_word' id='word_1_889' title='bbox 824 5518 952 5586; x_wconf 72' lang='lat' dir='ltr'><strong>,‘qui</strong></span> <span class='ocrx_word' id='word_1_890' title='bbox 978 5521 1154 5575; x_wconf 82' lang='lat' dir='ltr'><strong>eodem</strong></span> <span class='ocrx_word' id='word_1_891' title='bbox 1175 5537 1298 5573; x_wconf 88' lang='lat' dir='ltr'><strong>mss.</strong></span> <span class='ocrx_word' id='word_1_892' title='bbox 1328 5521 1579 5575; x_wconf 87' lang='lat' dir='ltr'><strong>librorum</strong></span> <span class='ocrx_word' id='word_1_893' title='bbox 1602 5522 2087 5576; x_wconf 69' lang='lat' dir='ltr'><strong>destitutusauxilio</strong></span> <span class='ocrx_word' id='word_1_894' title='bbox 2100 5522 2291 5589; x_wconf 80' lang='lat' dir='ltr'><strong>fatetur</strong></span> <span class='ocrx_word' id='word_1_895' title='bbox 2319 5516 2617 5568; x_wconf 76' lang='lat' dir='ltr'><strong>inchoatum</strong></span> <span class='ocrx_word' id='word_1_896' title='bbox 2640 5528 2670 5563; x_wconf 89' lang='lat' dir='ltr'><strong>a</strong></span> <span class='ocrx_word' id='word_1_897' title='bbox 2699 5527 2913 5581; x_wconf 81' lang='lat' dir='ltr'><strong>scapus,</strong></span> <span class='ocrx_word' id='word_1_898' title='bbox 2937 5514 3057 5565; x_wconf 83' lang='lat' dir='ltr'><strong>aliis</strong></span> <span class='ocrx_word' id='word_1_899' title='bbox 3071 5512 3441 5583; x_wconf 77' lang='lat' dir='ltr'><strong>perﬁciendum</strong></span> 
     </span>
    </p>
   </div>
   <div class='ocr_carea' id='block_1_116' title="bbox 168 5601 3440 5680">
    <p class='ocr_par' dir='ltr' id='par_1_116' title="bbox 168 5601 3440 5680">
     <span class='ocr_line' id='line_1_116' title="bbox 168 5601 3440 5680; baseline 0.001 -27"><span class='ocrx_word' id='word_1_900' title='bbox 168 5604 437 5664; x_wconf 79' lang='lat' dir='ltr'><strong>tradidisse.</strong></span> <span class='ocrx_word' id='word_1_901' title='bbox 474 5613 694 5679; x_wconf 87' lang='lat' dir='ltr'><strong>Horum,</strong></span> <span class='ocrx_word' id='word_1_902' title='bbox 727 5612 919 5680; x_wconf 83' lang='lat' dir='ltr'><strong>inquit,</strong></span> <span class='ocrx_word' id='word_1_903' title='bbox 952 5612 1294 5669; x_wconf 87' lang='lat' dir='ltr'><strong>Psalmorum</strong></span> <span class='ocrx_word' id='word_1_904' title='bbox 1340 5613 1478 5666; x_wconf 82' lang='lat' dir='ltr'><strong>tituli</strong></span> <span class='ocrx_word' id='word_1_905' title='bbox 1512 5627 1575 5667; x_wconf 79' lang='lat' dir='ltr'><strong>ex</strong></span> <span class='ocrx_word' id='word_1_906' title='bbox 1610 5628 1740 5669; x_wconf 90' lang='lat' dir='ltr'><strong>mss.</strong></span> <span class='ocrx_word' id='word_1_907' title='bbox 1771 5612 2048 5668; x_wconf 87' lang='lat' dir='ltr'><strong>codicibus</strong></span> <span class='ocrx_word' id='word_1_908' title='bbox 2077 5619 2131 5663; x_wconf 91' lang='lat' dir='ltr'><strong>et</strong></span> <span class='ocrx_word' id='word_1_909' title='bbox 2159 5606 2489 5661; x_wconf 83' lang='lat' dir='ltr'><strong>Cassiodoro</strong></span> <span class='ocrx_word' id='word_1_910' title='bbox 2516 5648 2529 5669; x_wconf 91' lang='lat'><strong>,</strong></span> <span class='ocrx_word' id='word_1_911' title='bbox 2576 5609 2837 5672; x_wconf 89' lang='lat' dir='ltr'><strong>quantum</strong></span> <span class='ocrx_word' id='word_1_912' title='bbox 2885 5602 3103 5670; x_wconf 88' lang='lat' dir='ltr'><strong>quidem</strong></span> <span class='ocrx_word' id='word_1_913' title='bbox 3138 5602 3309 5666; x_wconf 72' lang='lat' dir='ltr'><strong>licuit,</strong></span> <span class='ocrx_word' id='word_1_914' title='bbox 3344 5601 3440 5656; x_wconf 84' lang='lat' dir='ltr'><strong>sed</strong></span> 
     </span>
    </p>
   </div>
   <div class='ocr_carea' id='block_1_117' title="bbox 171 5695 3441 5783">
    <p class='ocr_par' dir='ltr' id='par_1_117' title="bbox 171 5695 3441 5783">
     <span class='ocr_line' id='line_1_117' title="bbox 171 5695 3441 5783; baseline -0.002 -28"><span class='ocrx_word' id='word_1_915' title='bbox 171 5708 265 5752; x_wconf 76' lang='lat' dir='ltr'><strong>non</strong></span> <span class='ocrx_word' id='word_1_916' title='bbox 283 5716 517 5773; x_wconf 80' lang='lat' dir='ltr'><strong>quantum</strong></span> <span class='ocrx_word' id='word_1_917' title='bbox 547 5708 848 5781; x_wconf 87' lang='lat' dir='ltr'><strong>oportebat</strong></span> <span class='ocrx_word' id='word_1_918' title='bbox 877 5721 941 5764; x_wconf 86' lang='lat' dir='ltr'><strong>ac</strong></span> <span class='ocrx_word' id='word_1_919' title='bbox 958 5711 1281 5783; x_wconf 85' lang='lat' dir='ltr'><strong>optabamus</strong></span> <span class='ocrx_word' id='word_1_920' title='bbox 1319 5706 1464 5778; x_wconf 86' lang='lat' dir='ltr'><strong>(eum</strong></span> <span class='ocrx_word' id='word_1_921' title='bbox 1508 5707 1561 5765; x_wconf 87' lang='lat' dir='ltr'><strong>id</strong></span> <span class='ocrx_word' id='word_1_922' title='bbox 1596 5708 1672 5763; x_wconf 91' lang='lat' dir='ltr'><strong>rei</strong></span> <span class='ocrx_word' id='word_1_923' title='bbox 1704 5708 1884 5780; x_wconf 88' lang='lat' dir='ltr'><strong>plures</strong></span> <span class='ocrx_word' id='word_1_924' title='bbox 1922 5703 2359 5773; x_wconf 78' lang='lat' dir='ltr'><strong>oculatiorcsque</strong></span> <span class='ocrx_word' id='word_1_925' title='bbox 2388 5701 2552 5766; x_wconf 81' lang='lat' dir='ltr'><strong>viros,</strong></span> <span class='ocrx_word' id='word_1_926' title='bbox 2586 5712 2653 5761; x_wconf 80' lang='lat' dir='ltr'><strong>at;</strong></span> <span class='ocrx_word' id='word_1_927' title='bbox 2682 5695 2827 5767; x_wconf 85' lang='lat' dir='ltr'><strong>ipsos</strong></span> <span class='ocrx_word' id='word_1_928' title='bbox 2858 5699 3256 5768; x_wconf 82' lang='lat' dir='ltr'><strong>manuscriptos</strong></span> <span class='ocrx_word' id='word_1_929' title='bbox 3283 5696 3441 5759; x_wconf 41' lang='lat' dir='ltr'><strong>cudi“</strong></span> 
     </span>
    </p>
   </div>
  </div>
