3960 6208
527 185 636 242 H9

1493 177 1552 234 S.
1599 173 1976 233 lllERONYMl
2019 172 2252 231 DIVINA
2294 169 2774 228 BIBLIOTIIECA.
3706 173 3762 229 12

531 317 656 367 vos,
687 299 889 370 quibus
921 297 1058 353 forte
1086 295 1240 352 labor
1272 294 1373 348 iste
1410 291 1666 357 desudat,
1707 305 1868 361 quam
1909 305 2004 344 eos
2032 290 2122 358 qui
2151 292 2200 350 Λ
2229 289 2409 344 dinem
2433 287 2798 358 perspexerit,
2819 285 2886 341 de
2907 285 3150 342 llebrteis
3179 285 3556 344 voluminibus
3583 286 3797 347 additum

531 391 865 460 exemplaria
888 385 1190 442 istiusmodi
1217 383 1419 439 habere
1451 383 1742 448 voluerint,
1774 391 1832 436 ut
1850 396 1971 452 qua:
2002 381 2126 436 dili-

530 491 725 553 genter
755 478 1057 543 emendavi,
1090 493 1212 531 cum
1238 490 1366 530 cura
1399 482 1456 528 et
1499 475 1779 543 diligentia
1813 483 1838 510 ³
1869 472 2128 528 lranscri-

532 578 746 630 bantur.
778 572 937 626 Notet
960 570 1062 624 sihi
1098 568 1466 638 unusquisque
1495 567 1576 621 vel
1599 567 1871 636 jacenlcm
1895 567 2120 630 lineam,

471 711 484 730 ,
533 668 622 721 vel
651 668 801 736 signa
835 665 1096 720 radiantia
1130 682 1142 719 :
1172 663 1224 718 id
1247 672 1356 731 est,
1387 663 1415 702 ἲν
1448 663 1531 718 vel
1565 662 1754 717 ohelos
1788 676 1830 714 ἡ
1883 662 1964 715 vel
1987 669 2132 714 aste-

527 762 700 816 riscos
845 759 908 813 Et
939 759 1268 829 ubicumque
1288 759 1485 814 viderit
1514 757 1779 826 virgulam
1811 754 2126 825 praeceden-

531 861 638 907 lettt
679 868 761 917 θ,
795 851 862 905 ab
890 867 952 905 ea
986 867 1156 922 usque
1187 851 1252 905 ad
1279 850 1386 904 duo
1415 858 1610 919 puttcla
1653 852 1674 918 ζ
1719 862 1840 916 qua:
1880 848 2116 914 impres-

415 949 438 966 ⁸
529 945 720 1006 simus.
754 943 962 998 sciatin
996 943 1348 1011 Septuaginta
1375 939 1792 996 translatoribus
1817 938 1922 1008 [Αἰ.
1947 937 2117 992 inter-

526 1032 790 1105 prclibus']
817 1033 938 1101 plus
963 1033 1173 1088 haberi.
1211 1033 1308 1088 Ubi
1337 1042 1519 1087 autem
1548 1030 1724 1084 stella:
1863 1029 2116 1084 similitu-

599 1200 625 1227 ⁸
656 1190 820 1244 Vetus
851 1188 1020 1244 editio
1043 1188 1169 1242 anni
1194 1185 1356 1253 υθέ,
1387 1186 1560 1242 active
1581 1183 1739 1241 habet
1767 1183 2118 1238 transcribunt

527 1263 698 1318 ferme
730 1263 949 1314 rectius.

605 1335 629 1371 δ
658 1332 976 1386 Addidintus
1002 1331 1079 1384 vel
1110 1329 1378 1390 voculam.
1404 1342 1524 1396 qum
1542 1327 1752 1392 deerat,
1779 1341 1845 1382 ex
1869 1325 2122 1392 Palatini,

529 1405 773 1473 Regium,
793 1403 1133 1470 aliorumque
1162 1401 1423 1454 librorum
1448 1400 1798 1473 auctoritate.

599 1470 633 1512 ε’
656 1475 882 1527 Palatio.
940 1487 1040 1526 ms.
1070 1473 1126 1526 τὸ
1159 1488 1318 1534 usque
1351 1470 1736 1539 prietermittit.

595 1545 620 1580 ἀ
651 1544 794 1598 Idem
829 1558 956 1606 ms.,
980 1543 1170 1596 ridere.
1202 1541 1452 1595 Diximus
1483 1555 1619 1594 vero
1642 1539 1708 1594 ad
1731 1539 2002 1608 geminam
2033 1540 2120 1595 isti

529 1618 854 1670 sententiam
907 1615 959 1668 in
1000 1612 1316 1680 [trililﬂllOlle
1350 1611 1598 1664 Psaltet-ii
1635 1626 1701 1664 ex
1749 1610 2016 1666 l‘lebraico
2052 1612 2118 1666 ad

524 1684 920 1756 Sophrouium,
947 1682 1121 1738 videri
1153 1683 1310 1736 nobis
1333 1681 1620 1752 legendum
1649 1690 1697 1735 et
1720 1682 1950 1735 invidere
1981 1698 1999 1736 :
2031 1697 2122 1737 ea-

2234 383 2471 443 noverit,
2499 394 2655 450 atque
2686 391 2708 417 ε
2746 394 2918 450 usque
2946 378 3016 434 ad
3047 380 3154 433 duo
3185 388 3382 450 puncta
3409 421 3425 445 ,
3468 380 3623 448 juxta
3648 382 3800 437 'l‘heo-

2232 470 2474 527 dotionis
2495 471 2775 525 dumtaxat
2804 470 3101 526 editionem
3137 513 3151 536 ,
3200 472 3292 541 qui
3344 471 3688 542 simplicitate
3714 489 3803 531 ser-

2234 563 2412 619 monis
2444 577 2474 616 a
2529 562 2885 632 Septuaginta
2938 562 3330 630 interpretibus
3380 577 3488 618 non
3526 561 3796 621 discordat.

2235 656 2360 712 llarc
2397 672 2527 725 ergo
2568 664 2624 711 et
2658 655 2814 710 vobis
2858 663 2911 710 et
2958 653 3209 709 studioso
3263 651 3462 725 cuique
3516 654 3702 712 fecisse
3729 673 3801 712 nte

2232 749 2436 813 sciens,
2467 763 2572 803 non
2605 748 2821 818 ambigo
2844 748 3043 802 multos
3065 747 3201 814 fore,
3230 747 3324 818 qui
3357 748 3440 803 vel
3470 747 3665 802 invidia
3691 789 3704 814 ,
3734 751 3801 802 vel

2241 841 2533 912 supercilio
2557 840 3104 895 malintcontemnerc
3122 836 3148 874 (³
3170 838 3337 894 videri
3373 840 3802 910 praclara,quant

2242 934 2476 1000 discere,
2501 933 2650 988 etde
2677 932 2985 988 turbulento
3013 932 3184 1002 magis
3208 931 3385 986 rivulo
3443 931 3575 1004 [ΑΙ.
3628 931 3800 1004 rivo].

2241 1041 2404 1100 quam
2433 1027 2501 1082 de
2532 1027 2822 1098 purissimo
2845 1027 2991 1082 fonte
3021 1035 3230 1096 potare.

2227 1201 2332 1254 que
2361 1200 2482 1241 esse
2508 1184 2664 1240 Plinii
2697 1182 2881 1249 verba,
2907 1199 3027 1255 qua:
3051 1183 3102 1237 in
3137 1198 3236 1238 sua
3269 1183 3605 1255 transtulerit
3633 1183 3688 1240 S.
3712 1183 3798 1239 Pa-

2235 1269 2336 1312 ter.
2371 1257 2439 1312 Et
2481 1272 2615 1310 vero
2655 1256 2707 1310 in
2735 1257 2838 1309 alia
2885 1254 3206 1324 praefatione
3248 1254 3477 1310 inferius
3523 1255 3802 1310 reCudctula

2233 1329 2284 1382 in
2310 1329 2478 1382 libros
2499 1326 2952 1396 Paralipomenon
2989 1326 3142 1395 juxta
3185 1324 3330 1380 LXX
3362 1367 3378 1388 ,
3427 1327 3528 1380 sub
3570 1325 3720 1382 linem
3746 1326 3803 1379 de

2231 1401 2331 1454 hac
2360 1402 2472 1470 ipsa
2507 1395 2746 1470 lectione
2795 1395 3084 1470 lidejpssor
3105 1397 3644 1470 Saipsentetdoctor
3671 1413 3799 1451 acce-

2232 1470 2346 1531 dit.
2379 1466 2467 1523 itbi
2509 1469 2576 1522 de
2608 1470 2826 1522 nomine
2882 1466 3120 1521 Plinium
3171 1467 3392 1520 laudat:
3431 1467 3639 1537 Optima
3685 1471 3802 1520 enim

2229 1557 2467 1610 quicque,
2495 1548 2550 1592 ut
2578 1541 2652 1592 ait
2680 1537 2907 1606 Plinius,
2941 1539 3140 1592 malunt
3163 1548 3506 1604 contemnere,
3528 1550 3575 1592 et
3601 1539 3803 1594 inridere

2226 1612 2483 1682 plerique,
2507 1627 2665 1680 quant
2695 1611 2915 1664 discere.

1964 1917 2406 2003 INCIPIT

1014 2097 1710 2243 LIBER
1802 2093 3292 2242 PSALMORUM

2079 2339 2285 2384 JUXTA

1372 2487 1969 2566 SEPTUAGIN
1974 2485 2120 2558 TA
2195 2485 2310 2558 IN
2323 2487 2393 2556 T
2408 2483 2983 2556 EBPRETES

1252 2645 1344 2693 ΑΒ
1377 2640 1822 2692 HIERONYMO
1859 2638 2108 2688 SEMEL
2142 2637 2230 2689 ET
2267 2636 2563 2687 I'I‘ERUM
2607 2635 3086 2698 EMENDATUS

1088 2751 1286 2829 Atque
1315 2749 1383 2809 in
1412 2747 1526 2808 hac
1555 2745 1826 2808 editione
1853 2742 2062 2804 Obelis
2093 2752 2149 2803 et
2181 2743 2516 2804 Asteriscis
2549 2741 2622 2804 ab
2654 2743 2858 2806 eodem
2881 2742 3266 2808 illustratus.

1949 2961 2090 3024 PSA
2101 2959 2309 3022 LMUS
2351 2959 2402 3020 Ι.

817 3101 841 3127 ⁸³
874 3087 1327 3146 GALLICANUM
1367 3085 1834 3144 PSALTERIUM.

601 3206 792 3259 Beatus
814 3203 911 3264 vir,
932 3202 1019 3271 qui
1052 3217 1153 3253 non
1185 3200 1310 3252 abiit
1343 3201 1397 3252 in
1430 3198 1651 3252 consilio
1674 3200 1975 3270 impiorum,
2008 3201 2131 3254 etin

532 3302 611 3353 ria
637 3305 967 3370 peccatorum
999 3309 1102 3346 non
1127 3293 1267 3346 stetit
1292 3309 1310 3345 :
1333 3289 1361 3330 ι)
1391 3302 1437 3344 et
1463 3293 1515 3344 in
1539 3289 1785 3346 cathedra
1829 3293 2132 3362 pestilentire

691 3391 821 3444 edit.

532 3409 634 3446 non
664 3409 821 3445 seau.

607 3482 713 3536 Sed
744 3481 795 3533 in
825 3481 933 3548 lege
960 3475 1175 3530 Dontini
1214 3474 1452 3528 voluntas
1493 3477 1605 3545 ejus
1644 3489 1661 3528 :
1696 3473 1816 3528 etin
1868 3475 1978 3546 lege
2021 3479 2132 3546 ejus

535 3575 862 3630 meditabitur
890 3574 972 3626 die
1000 3589 1060 3624 ac
1085 3579 1249 3624 nocte.

615 3669 680 3722 Et
705 3667 818 3732 erit,
854 3675 1112 3736 tamquam
1139 3659 1356 3733 lignum,
1381 3677 1420 3717 —:
1447 3661 1586 3733 quod
1621 3664 1642 3732 ζ
1675 3661 1969 3731 plantatum
1993 3673 2134 3719 -Ηδι

536 3777 684 3817 secus
705 3760 947 3813 decursus
974 3774 1226 3829 aquarum
1258 3756 1436 3826 :quad
1466 3756 1689 3828 [ructant
1716 3770 1870 3810 suum
1891 3755 2035 3810 dabit
2072 3757 2127 3811 in

537 3865 762 3924 tempore
789 3869 904 3905 suo.

610 3945 880 4011 lit/“alium
911 3948 1022 4016 ejus
1060 3960 1162 3998 non
1189 3943 1382 4014 deﬂuat
1425 3956 1445 3998 :
1481 3952 1528 3998 et
1573 3944 1745 3998 omnia
1791 3959 2129 4016 quacumque

535 4042 707 4110 faciet,
741 4037 1198 4109 prosperabuntur.

607 4208 631 4236 °
665 4200 718 4253 lu
751 4213 850 4251 ms.
888 4194 1056 4265 Regio
1093 4194 1325 4265 5.‘i6l_ac
1372 4193 1424 4247 in
1463 4191 1780 4248 Coihertino
1799 4193 1956 4265 2200
1985 4193 2126 4249 hanc

538 4272 768 4341 legimus
791 4263 1119 4341 epigraphcu
1147 4267 1197 4341 in
1230 4263 1589 4341 l‘rontehujus
1613 4265 1866 4341 editionis
1892 4281 1905 4315 :
1934 4263 2124 4334 Incipit

2572 3097 2593 3126 ι·
2618 3083 2906 3142 ROMANU
2919 3085 2962 3140 ll
3004 3084 3476 3146 PSALTERIUM.

2308 3201 2503 3256 Beatus
2532 3200 2632 3265 vir,
2657 3200 2750 3270 qui
2775 3214 2881 3254 non
2905 3199 3038 3254 abiit
3069 3201 3122 3254 in
3149 3202 3380 3258 consilio
3411 3203 3706 3276 impiorum
3725 3249 3739 3272 ,
3767 3215 3814 3261 et

2236 3296 2289 3351 in
2320 3297 2404 3350 via
2436 3303 2780 3364 peccatorum
2807 3308 2913 3351 non
2939 3295 3089 3350 stetit
3114 3311 3126 3347 :
3153 3304 3209 3351 et
3247 3296 3300 3351 in
3350 3298 3608 3356 cathedra
3661 3301 3816 3372 pesti-

2238 3387 2418 3444 lentize
2450 3404 2556 3442 non
2588 3387 2752 3442 sedit.

2307 3479 2413 3534 Sed
2443 3480 2495 3534 in
2529 3480 2647 3550 lege
2672 3479 2884 3534 Domini
2919 3479 3020 3534 luit
3051 3479 3304 3536 voluntas
3333 3482 3456 3553 ejus
3485 3501 3497 3538 :
3541 3491 3595 3540 et
3626 3483 3679 3539 in
3707 3483 3817 3554 lege

2238 3572 2356 3642 ejus
2388 3571 2736 3626 meditabitur
2765 3571 2853 3626 die
2881 3585 2944 3626 ac
2974 3581 3154 3628 nocte.

2311 3666 2376 3722 Et
2405 3667 2529 3732 erit,
2557 3675 2831 3738 tamquam
2862 3667 3086 3738 lignum,
3118 3667 3261 3740 quod
3285 3667 3589 3739 plantatum
3631 3680 3715 3727 est
3739 3683 3818 3726 se-

2235 3775 2332 3816 cus
2358 3760 2623 3816 decursus
2645 3777 2929 3833 aquarum.

2306 3853 2459 3920 Quod
2485 3853 2714 3908 fructum
2747 3869 2905 3908 suum
2937 3854 3087 3909 dabit
3126 3854 3178 3909 in
3211 3863 3460 3926 tempore
3481 3873 3581 3913 suo
3614 3877 3626 3912 :
3662 3866 3716 3913 et
3745 3855 3818 3910 lo-

2231 3944 2362 3999 lium
2387 3943 2505 4014 ejus
2537 3960 2644 4000 non
2675 3943 2908 4015 decidet,
2937 3953 2992 4001 et
3017 3945 3197 4002 omnia
3226 3962 3583 4020 quaecumque
3609 3946 3812 4012 fecerit,

2233 4035 2716 4106 prosperabuntur.

2229 4196 2388 4266 igitur
2417 4195 2484 4251 de
2511 4195 2611 4251 hac
2642 4196 2753 4256 ipsa
2781 4197 3155 4264 recognitione
3176 4196 3426 4254 Psalterii
3451 4198 3526 4254 ait
3567 4198 3630 4255 S.
3668 4199 3819 4254 Pater

2230 4267 2323 4322 lib.
2362 4282 2411 4320 χι
2435 4278 2625 4320 contra
2645 4266 2897 4321 Ruﬁnum
2928 4308 2941 4326 .
2986 4267 3301 4322 Psalterium
3345 4270 3820 4324 emendatissimum

532 4332 852 4396 Psalterium
885 4332 1346 4408 ite‘translatione
1376 4333 1715 4408 Septuaginta
1757 4332 2121 4408 Interpretuin,
2218 4343 2374 4407 juxta
2421 4335 2570 4391 LXX
2619 4339 2921 4408 interpretes
2967 4349 3142 4393 nostra
3187 4339 3364 4392 labore
3400 4340 3602 4393 (ludunt
3653 4341 3819 4395 Roma

531 4412 856 4482 emendatum
877 4427 908 4463 a
931 4409 988 4462 S.
1020 4407 1072 4460 11
1081 4409 1342 4482 ieronymo
1365 4404 1676 4482 presbytero,
1702 4407 1752 4458 in
1775 4421 1922 4458 noro.
1942 4405 2128 4482 Pnste-
2219 4404 2492 4482 suscepit:
2519 4424 2626 4462 non
2661 4409 2730 4482 ita
2756 4404 3107 4478 accipiendos
3137 4421 3220 4463 est
3240 4455 3253 4475 ,
3283 4409 3435 4482 quasi
3475 4411 3536 4482 in
3567 4411 3688 4482 ejus
3722 4412 3818 4466 Ec-

533 4485 734 4538 riot-om
767 4481 1062 4534 editionem
1112 4474 1376 4531 vocabant
1428 4474 1744 4530 Psalterium
1774 4474 2122 4530 emendatum

534 4573 566 4607 ιι
599 4570 749 4617 navo,
777 4551 826 4602 id
851 4563 954 4610 est,
985 4550 1047 4601 de
1079 4563 1226 4600 novo.
1261 4547 1440 4602 MART.

608 4624 636 4662 b
671 4624 764 4677 Ms.
797 4621 1143 4675 Colhertinus
1172 4635 1224 4671 n.
1255 4619 1396 4672 2200
1432 4617 1570 4672 male
1601 4625 1751 4671 notat
1775 4617 1989 4672 ohelum
2023 4631 2121 4684 pro

531 4695 911 4763 conjunctione
939 4703 1146 4763 et,qu:e
1174 4689 1373 4763 legitur
1393 4689 1447 4742 in
1476 4690 1722 4763 llebrteo.
1742 4688 1996 4763 Similem
2018 4704 2120 4743 nts.

530 4757 717 4820 ltaliuit
745 4766 937 4829 Carus,
963 4757 1055 4831 qui
1086 4757 1400 4828 pt'azttOIavit
1421 4761 1606 4831 etipse
1634 4759 1852 4831 obelum
1884 4757 1950 4812 ad
1971 4773 2122 4831 cam-

531 4838 653 4888 dem
686 4829 1023 4899 particulam.
1058 4832 1162 4886 Alii
1187 4846 1316 4885 mss.
1343 4847 1474 4897 pure
1499 4829 1685 4899 legunt
1708 4829 1914 4900 absque
1936 4830 2120 4884 obelo.

534 4905 711 4960 ΜΑῐιτ.

611 4987 632 5011 υ
665 4977 964 5028 Romanum
994 4979 1096 5027 hoc.
1125 4973 1344 5036 dicitur,
1375 4970 1520 5041 quod
1552 4970 1668 5025 sive
1710 4971 1958 5036 Damasi,
2007 4969 2122 5041 sive

533 5045 764 5098 aliorum
806 5047 965 5097 etiam
1015 5045 1082 5099 de
1131 5043 1273 5099 Urhe
1322 5040 1624 5095 amicorum
1676 5055 1864 5110 rogatu
1907 5041 1958 5095 in
1999 5040 2119 5108 ejus

530 5123 680 5169 certe
709 5114 958 5167 Ecclesia:
991 5117 1217 5178 gratiam
1249 5124 1411 5180 atque
1443 5127 1598 5165 usum
1637 5111 1794 5166 fuerit
1826 5111 1895 5165 ah
1927 5112 2114 5164 lliero-

535 5183 1167 5256 nytnoielahorattutt,rut
1197 5200 1260 5237 ex
1299 5184 1487 5256 primis
1519 5183 1700 5256 statim
1745 5183 1955 5256 prologi
1988 5197 2115 5235 ver-

532 5251 614 5308 bis
642 5255 954 5306 didicimus:
986 5251 1298 5306 Psalterium
1326 5252 1503 5306 Remis
1522 5253 1718 5306 (ludum
1733 5254 1926 5321 positus
1946 5267 2118 5305 emen-

535 5327 718 5377 dnrant
743 5334 787 5378 et
801 5327 954 5394 juxta
983 5322 1126 5375 LXX
1161 5325 1484 5392 interpretes,
1515 5323 1630 5376 licet
1659 5325 1852 5378 cursim
1877 5363 1892 5384 ,
1933 5339 2121 5390 magna

532 5395 666 5448 illud
699 5412 760 5447 ex
789 5404 931 5462 parte
961 5409 1303 5447 corraserant.
1338 5394 1580 5447 Alterum
1605 5394 1778 5447 obelis
1793 5405 1953 5462 atque
1971 5403 2114 5446 aste-

533 5465 689 5518 riscis
719 5465 1054 5518 distinctum.
1081 5474 1134 5517 ct
1161 5464 1447 5532 posteriori
1473 5465 1908 5531 accuratior'tque
1936 5463 2118 5517 studio

531 5550 560 5585 a
593 5535 649 5586 S.
678 5534 905 5588 Doctore
932 5536 996 5587 ad
1023 5535 1268 5589 Grtccum
1292 5536 1592 5603 llexaplare
1606 5533 2113 5602 emendatum,GaI-

531 5603 764 5674 licanum
793 5619 854 5657 ea
883 5605 950 5658 de
977 5619 1138 5657 causa
1185 5605 1420 5674 dicitur,
1476 5605 1619 5672 quod
1669 5621 1734 5659 eo
1788 5605 2112 5674 jampridem

536 5671 811 5732 litllicana
856 5674 1092 5730 Ecclesia
1134 5674 1185 5728 in
1224 5673 1421 5728 divinis
1450 5671 1646 5730 ol‘ticiis
1691 5671 1803 5732 usa'
1831 5671 1934 5732 est.
1974 5675 2110 5732 Cum

2227 4477 2409 4533 clesi:e
2436 4494 2606 4560 .usum
2665 4478 3035 4560 hoc.quoque
3079 4477 3358 4548 acceptum
3412 4477 3820 4560 luissejdicat:

2227 4564 2347 4616 qum
2371 4553 2550 4615 priore
2570 4553 2907 4604 correctione
2921 4560 3195 4613 contenta,
3221 4563 3338 4604 eam
3361 4553 3819 4607 tenetetiamnum

2227 4619 2279 4672 itt
2307 4618 2847 4694 YulicanahasiliCa;
2877 4620 2973 4694 sed
3009 4621 3136 4675 illud
3172 4619 3333 4676 modo
3361 4622 3652 4694 signilicat,
3675 4622 3820 4694 quod

2232 4690 2536 4764 et_llot_nam
2571 4690 2812 4745 laborem
2827 4690 2981 4764 hunc
3017 4707 3171 4764 suum
3186 4693 3564 4764 transmiserit
3593 4690 3824 4764 :qtiem-

2231 4759 2522 4814 admodum
2559 4770 2615 4814 et
2656 4762 2906 4829 superius
2942 4763 3140 4816 laudati
3186 4761 3416 4816 Palatini
3455 4759 3662 4818 codicis
3694 4775 3819 4818 nota

2171 4886 2178 4893 ,
2228 4830 2453 4886 indicat.
2484 4831 2596 4885 Hoc
2625 4845 2786 4900 porro
2811 4830 3142 4886 Gallicanum
3176 4833 3498 4888 Psalterium
3529 4849 3656 4889 cum
3688 4835 3824 4891 ohe"-

2232 4901 2298 4975 lis
2337 4911 2500 4975 atque
2527 4903 2802 4975 asteriscis
2839 4904 3232 4958 commentario
3261 4903 3527 4959 Brunouis
3574 4906 3823 4975 episcOpi

2229 4973 2632 5045 llerhipolensis
2671 4972 2991 5045 illustratum
3041 4977 3216 5037 primo
3243 4977 3389 5044 typis
3421 4972 3701 5045 vulgatum
3736 4972 3822 5030 est

2227 5058 2370 5097 anno
2401 5043 2558 5106 1694,
2589 5059 2651 5096 ac
2671 5043 2870 5098 deinde
2897 5057 3040 5098 anno
3072 5045 3242 5110 lGlS,
3271 5043 3322 5099 itt
3352 5043 3691 5101 Bibliotheca
3715 5045 3823 5101 Pa-

2227 5121 2368 5168 trum
2391 5112 2731 5177 Coloitiensi,
2762 5125 2907 5166 tomo
2937 5129 2986 5167 xt
3017 5129 3262 5170 recusum
3293 5131 3357 5171 ex
3385 5115 3612 5170 Joannis
3638 5116 3826 5171 Coch-

2227 5185 2308 5258 lzci
2338 5183 3120 5258 recogttitione._Al_it_t_tt_t_hujus
3149 5185 3445 5241 editionem
3492 5188 3625 5258 anni
3679 5186 3822 5242 1559

2228 5253 2412 5326 laudat
2438 5253 2701 5310 Usscrius'
2719 5255 2785 5310 de
2809 5253 2951 5309 LXX
2980 5258 3252 5320 versione,
3276 5259 3454 5326 capite
3482 5255 3536 5311 9.
3569 5257 3824 5326 Denique

2226 5325 2387 5398 aliam
2423 5339 2546 5398 ven.
2570 5327 2780 5398 cardin.
2807 5326 3128 5398 'l‘lAIOIIlt‘ISltIS
3152 5369 3169 5395 ,
3209 5327 3310 5381 sub
3333 5328 3554 5382 nomine
3589 5325 3822 5398 losephi

2223 5392 2400 5465 stiria:
2423 5394 2544 5449 Cari
2576 5395 2878 5465 presbyteri
2901 5410 2934 5450 e
2964 5392 3237 5453 Vaticanis
3275 5412 3404 5452 mss.
3445 5412 3664 5452 summa
3704 5392 3825 5452 stlt-

2221 5463 2313 5517 dio
2334 5479 2396 5519 ac
2427 5463 2702 5539 diligentia
2724 5463 3069 5539 concinnavit
3093 5508 3109 5532 ,
3129 5483 3314 5539 quam
3369 5478 3426 5522 et
3468 5468 3823 5523 Martianzeus

2222 5533 2606 5602 usui-naviget
2635 5549 2735 5592 nos
2765 5537 2834 5592 de
2867 5539 3033 5595 verbo
3075 5537 3144 5594 ad
3170 5533 3414 5594 'vcrbum
3461 5539 3823 5595 continenter

2219 5604 2592 5676 expendimus.
