3960 6208
186 256 258 314 ηθ

1466 265 1669 321 LIBER
1709 262 2151 324 PSALMORUM.

3338 269 3444 326 {50

238 374 361 445 Deus,
406 381 593 450 jndex
619 384 826 451 iustus,
859 380 1007 450 fartis
1036 394 1077 434 -ε
1121 388 1168 434 et
1194 382 1395 451 patiens
1432 380 1455 448 1
1496 379 1744 451 numquid
1769 382 1823 441 Α
1920 379 2087 451 Deus,
2116 378 2279 450 judex
2305 379 2508 449 justus,
2562 379 2723 436 fortis
2750 390 2805 436 et
2848 380 3176 453 longanimis
3211 398 3223 435 :
3277 398 3442 438 num-

190 468 371 525 irascitur
401 492 495 545 per
517 475 767 547 singulos
793 474 900 529 dies
924 475 950 527 .9

244 564 335 619 Nisi
358 569 585 620 conversi
613 569 851 639 fueritis,
884 568 1121 637 gladium
1159 585 1309 622 suum
1348 567 1562 623 vibrabit
1595 584 1615 623 .'
1655 585 1739 623 ar-

187 676 277 714 cton
295 677 426 715 suum
454 662 699 728 tetendit,
727 673 774 716 et
807 665 1002 730 paravit
1024 660 1193 715 illum.

242 750 293 805 Et
314 752 360 805 in
389 768 446 806 ea
477 754 689 823 pararit
718 769 843 807 rasa
878 753 1058 807 mortis
1086 768 1104 811 ε
1130 752 1347 823 sagittas
1384 768 1502 807 suas
1550 752 1737 806 arden-

184 843 285 897 tibus
310 841 492 909 eﬂ'ecit.

236 933 347 989 Ecce
372 936 619 1004 parturiit
668 937 978 1006 iniustitiam
1014 942 1077 1005 ξεξεζ
1123 946 1147 974 ﬂ
1177 946 1225 993 et
1257 937 1279 1004 1
1314 938 1546 1009 concepit
1589 936 1738 992 dolo-

176 1044 275 1091 rem.
302 1038 345 1082 et
368 1030 566 1100 peperit
595 1029 948 1097 iniquitatem.

228 1120 403 1174 Locum
424 1122 658 1191 aperuit,
684 1131 733 1176 et
760 1120 939 1188 elj'odit
966 1138 1115 1189 eum;
1144 1133 1193 1177 et
1222 1122 1403 1177 incidit
1433 1122 1484 1176 in
1510 1130 1732 1193 faveam,

170 1233 297 1287 quem
320 1218 456 1286 fecit.

226 1307 543 1363 (.‘anrertetur
566 1310 721 1364 dolor
741 1315 855 1382 ejus
881 1311 934 1366 in
961 1322 1116 1385 caput
1143 1313 1257 1383 ejus
1282 1329 1300 1378 ;
1322 1322 1369 1365 et
1410 1313 1462 1365 in
1492 1312 1728 1367 verticem

163 1404 303 1472 ipsius
330 1404 579 1473 iniquitas
605 1406 718 1474 ejus
741 1405 1033 1460 descendet.

219 1493 508 1564 Can/itebor
561 1494 782 1552 Domina
831 1498 1111 1552 secundum
1158 1499 1419 1569 justitiam
1459 1499 1571 1569 ejus
1615 1511 1634 1551 .'
1681 1506 1730 1551 et

156 1589 355 1658 psallunt
386 1590 585 1643 nomini
608 1587 820 1642 Domini
844 1591 1106 1646 altissimi.

1849 471 1977 542 quid
2010 473 2264 527 irascitur
2295 489 2395 543 per
2424 473 2666 544 singulos
2695 473 2847 529 dies?

1917 562 2032 618 Nisi
2060 566 2477 630 convertamini,
2508 566 2746 633 gladium
2780 582 2937 621 suum
2966 564 3219 634 vibrat-it,
3251 580 3439 622 arcum

1844 668 2003 711 suum
2030 657 2282 721 tetendit,
2331 667 2385 713 et
2419 659 2626 728 paravit
2657 659 2829 714 illum.

1916 750 1984 805 Et
2008 751 2059 805 in
2093 752 2208 820 ipso
2240 753 2449 820 paravit
2483 768 2608 808 vasa
2634 753 2826 810 mortis
2862 774 2876 809 :
2922 754 3146 826 sagittas
3177 770 3304 811 suas
3354 770 3441 810 ar-

1844 839 2103 898 dentibus
2129 852 2154 890 κ
2186 842 2389 899 cﬁ'ecit.

1917 935 2060 991 Ecce
2106 936 2355 1003 parturiit
2390 936 2709 1007 injusutiam
2739 955 2754 995 :
2789 939 3039 1009 concepit
3081 939 3350 1009 dolorem,
3381 948 3438 997 et

1846 1029 2061 1097 peperit
2093 1027 2455 1099 iniquitatem.

1914 1120 2117 1177 Laeum
2160 1122 2395 1191 aperuit.
2433 1134 2485 1179 et
2527 1124 2715 1180 cll'odit
2746 1140 2868 1181 cum
2903 1144 2917 1182 :
2948 1136 3002 1183 et
3027 1126 3231 1183 incidet
3271 1128 3325 1183 itt
3358 1128 3439 1184 Γο-

1842 1228 2022 1281 veam,
2054 1230 2214 1285 quam
2265 1216 2417 1271 fecit.

1910 1306 2274 1363 Couvertetur
2302 1305 2327 1343 ¹³
2358 1307 2518 1364 dolor
2548 1308 2665 1379 ejus
2689 1311 2741 1365 in
2770 1320 2934 1381 caput
2962 1311 3113 1383 ejus;
3146 1323 3200 1367 et
3230 1311 3283 1368 in
3314 1328 3435 1369 vcr-

1844 1399 2007 1457 ticem
2042 1400 2166 1471 ejus
2196 1402 2452 1469 iniquitas
2477 1402 2595 1472 ejus
2625 1403 2939 1459 descendet.

1910 1494 2226 1549 Conlitebor
2273 1494 2503 1550 Domino
2543 1496 2842 1552 secundum
2885 1499 3148 1568 justitiam
3180 1498 3301 1568 ejus
3338 1515 3350 1553 :
3381 1506 3435 1554 et

1843 1584 2071 1653 psallam
2103 1585 2309 1641 nomini
2343 1585 2557 1641 Domini
2590 1588 2878 1643 Altissimi.

1498 1677 1857 1745 PSALMUS
1900 1677 2066 1739 Vill.

217 1802 266 1841 IN
290 1784 313 1823 ι’
336 1802 490 1841 ritum
515 1830 531 1853 ,
588 1800 688 1840 PRO
726 1801 1123 1842 roncuunmus
1144 1834 1157 1855 ,
1202 1802 1437 1841 PSALNUS
1475 1801 1654 1841 DM‘ID.

216 1878 447 1943 Domine,
482 1878 737 1933 Dominus
766 1890 964 1943 noster,
988 1895 1141 1948 quam
1187 1877 1498 1933 admirabile
1528 1884 1603 1929 est
1637 1890 1730 1929 no-

151 1988 256 2025 men
282 1984 424 2025 tuum
451 1976 504 2025 in
532 1972 778 2026 universa
806 1983 943 2025 terra
969 1972 990 2023 .'

218 2066 468 2132 Quoniam
494 2065 698 2120 elevata
728 2075 801 2119 est
830 2064 1213 2136 magniﬁcentia
1242 2072 1328 2116 tua
1358 2079 1510 2134 super
1553 2060 1726 2117 caelos.

216 2244 297 2300 Ex
322 2263 407 2301 ore
426 2246 707 2315 infantium
729 2252 775 2299 et
812 2254 834 2283 ε
871 2244 1188 2309 lactentium,
1212 2240 1471 2313 perfecisti
1498 2239 1726 2307 laudent,

152 2350 349 2411 propter
371 2340 606 2394 inimicas
648 2348 765 2393 tuas
797 2351 816 2391 :
851 2347 904 2390 ut
956 2337 1193 2392 destruas
1240 2334 1507 2388 inimicum
1552 2343 1600 2389 et
1649 2332 1732 2387 ul-

154 2442 326 2486 torem.

219 2524 468 2589 Quoniam
514 2524 691 2578 videbo
731 2522 887 2577 caelos
914 2518 941 2558 ἀ
972 2527 1035 2587 ἓξ(
1069 2530 1182 2575 tuos
1212 2521 1231 2588 1
1265 2536 1423 2592 opera
1448 2519 1731 2590 digitorum

150 2626 341 2671 tuarum
367 2634 386 2683 ;
415 2619 593 2672 lunam
621 2625 671 2671 et
697 2615 874 2671 stellas
905 2630 1019 2685 quia
1049 2628 1101 2668 -ι
1138 2625 1190 2667 tu
1220 2613 1242 2680 1
1274 2613 1534 2683 fundasti.

218 2713 353 2777 Quid
380 2724 451 2767 est
474 2713 650 2778 homo,
681 2714 819 2782 quod
847 2728 1042 2767 memor
1070 2728 1124 2768 es
1149 2712 1261 2782 ejus
1284 2712 1311 2767 2’
1335 2722 1425 2766 aut
1462 2710 1603 2780 ﬁlius
1632 2710 1728 2765 Ita-

146 2804 313 2866 minis.
347 2806 590 2876 quoniam
616 2807 795 2860 t'isitas
822 2822 941 2859 eum
961 2807 987 2859 ?

213 2895 452 2954 Itinuisti
495 2915 613 2955 eum
654 2898 815 2966 paulo
865 2900 1035 2954 minus
1082 2900 1144 2954 ab
1175 2899 1372 2972 angelis
1417 2899 1636 2972 :gloria
1683 2906 1730 2951 ct

144 2989 329 3045 honore
354 2992 609 3047 coronast'i
637 3008 757 3045 eum
790 3008 806 3043 :
854 3006 913 3046 -ιν
954 3000 976 3029 ε
1007 3000 1052 3045 et
1081 2992 1103 3059 1
1137 2991 1456 3047 constituisti
1485 3007 1605 3045 eum
1641 3006 1732 3045 suo

144 3097 227 3147 per
252 3098 408 3151 opera
429 3100 681 3137 manuum
708 3093 935 3137 tuarum.

209 3174 398 3231 Omnia
420 3177 678 3246 subjecisti
728 3176 820 3233 sub
877 3176 1089 3245 pedibus
1118 3179 1231 3249 ejus
1260 3193 1279 3232 :
1328 3192 1442 3232 oves
1486 3185 1533 3231 et
1578 3176 1725 3232 boves

138 3266 419 3336 unieersas,
446 3270 660 3341 insuper
693 3279 741 3323 et
788 3286 978 3339 pecora
1004 3270 1197 3337 campi.

207 3356 451 3417 Yolucres
471 3364 606 3428 caeli,
640 3371 688 3418 et
719 3364 883 3432 pisces
906 3362 1064 3417 maris
1091 3377 1110 3414 :
1138 3360 1228 3433 qui
1260 3361 1616 3434 perambulant
1643 3378 1723 3417 se-

136 3450 277 3503 mites
314 3456 487 3511 maris.

201 3540 432 3612 Domine,
460 3544 720 3603 Dominus
746 3556 941 3612 noster,
968 3563 1126 3618 quam
1150 3545 1459 3602 admirabile
1497 3555 1571 3602 est
1619 3563 1718 3601 tta-

132 3646 243 3686 men
276 3645 412 3691 tuum
441 3640 491 3693 in
520 3639 765 3695 universa
792 3639 968 3694 terra!

1760 1782 1809 1843 Β
2014 1793 2067 1832 IN
2108 1793 2305 1844 rtueu,
2349 1794 2448 1836 eno
2499 1776 2511 1815 ί
2559 1793 2756 1849 t..tssts,
2799 1794 3031 1836 I'SALXUS
3073 1797 3253 1837 D.\VID.

1915 1871 2165 1941 Domine,
2217 1873 2475 1930 Dominus
2519 1886 2729 1939 noster,
2776 1891 2937 1944 quam
2978 1874 3300 1931 admirabile
3350 1852 3435 1933 est

1836 1978 2037 2020 nomen
2071 1975 2222 2021 tuum
2251 1967 2304 2021 in
2338 1968 2595 2023 universa
2626 1971 2803 2023 terra!

1905 2057 2174 2124 Quoniam
2228 2058 2434 2115 elevata
2488 2069 2573 2116 est
2635 2061 3040 2132 magniﬁcentia
3090 2072 3215 2131 tua,
3266 2079 3432 2133 super

1839 2150 2029 2205 ctelos.

1910 2242 1987 2296 Ex
2017 2258 2115 2299 ore
2142 2243 2425 2300 infantium
2453 2255 2507 2301 et
2533 2246 2844 2302 lactentium
2878 2247 3151 2317 perfecisti
3179 2247 3422 2323 Iaudem,

1833 2346 2057 2405 propter
2078 2334 2331 2394 inimicos
2360 2346 2521 2394 tuos:
2555 2348 2613 2394 ut
2640 2339 2895 2395 destruas
2928 2340 3207 2395 inimicum
3250 2351 3304 2396 et
3330 2342 3427 2397 de-

1834 2425 2130 2482 feusorem.

1905 2520 2174 2585 Quoniam
2202 2520 2395 2577 videbo
2419 2522 2609 2591 caules,
2643 2526 2810 2593 opera
2840 2523 3131 2595 digitorum
3168 2532 3381 2581 tuorum
3412 2542 3425 2580 :

1831 2609 2018 2667 lunam
2044 2620 2102 2668 et
2138 2614 2354 2679 stellas,
2387 2629 2522 2684 quas
2551 2624 2605 2668 tu
2636 2616 2897 2672 fundasti.

1903 2706 2041 2772 Quid
2076 2717 2161 2762 est
2212 2707 2397 2774 homo,
2448 2709 2593 2778 quod
2627 2707 2756 2781 [Με.
2805 2710 3088 2783 quoniam]
3119 2728 3327 2768 memor
3369 2728 3430 2769 es

1832 2797 1993 2868 ejus?
2023 2810 2112 2853 aut
2142 2799 2287 2854 ﬁlius
2317 2799 2578 2867 hominis,
2610 2801 2867 2870 quoniam
2900 2802 3084 2858 visitas
3116 2819 3238 2858 eum
3263 2806 3286 2855 τ

1904 2890 2142 2946 Minuisti
2171 2907 2292 2947 cum
2326 2893 2491 2961 paulo
2514 2893 2691 2948 minus
2714 2894 2781 2947 ab
2804 2895 3223 2965 attgelis:gloria
3250 2905 3304 2951 et
3332 2895 3431 2951 lto-

1832 2994 1968 3037 nore
2016 2984 2291 3038 coranasti
2340 2997 2463 3037 eum
2519 3000 2533 3035 :
2589 2994 2644 3039 et
2700 2985 3034 3041 constituisti
3086 3001 3210 3042 eum
3263 3003 3431 3057 super

1833 3090 2001 3149 opera
2031 3090 2286 3130 manuum
2315 3086 2552 3131 tuarum.

1906 3167 2098 3223 Omnia
2130 3168 2415 3236 subjecisti
2440 3168 2541 3223 sub
2565 3168 2793 3239 pedibus
2815 3168 2933 3239 eius
2961 3187 2976 3229 :
3016 3186 3145 3227 oves
3172 3182 3226 3227 et
3264 3172 3431 3230 boves

1836 3263 2141 3331 universas,
2167 3262 2394 3334 insuper
2415 3272 2470 3319 et
2499 3280 2694 3333 pecora
2727 3265 2925 3336 campi.

1906 3356 2168 3413 Volucres
2193 3357 2344 3423 cmli,
2380 3367 2435 3413 et
2466 3358 2643 3429 pisces
2675 3359 2877 3424 maris;
2912 3359 3005 3430 qui
3048 3360 3432 3431 perambulant

1834 3453 2059 3507 semitas
2089 3451 2280 3506 maris.

1903 3545 2153 3612 Domine,
2188 3544 2447 3601 Dominus
2481 3544 2605 3617 [Μδ.
2645 3544 2807 3616 Deus]
2855 3554 3065 3611 noster,
3116 3561 3278 3617 quam
3324 3546 3427 3601 ad-

1831 3639 2080 3696 mirabile
2104 3648 2189 3695 est
2216 3654 2416 3695 nomen
2454 3647 2601 3694 tuum
2637 3638 2691 3695 in
2724 3638 2975 3695 universa
3011 3641 3189 3695 terra!

1510 3732 1774 3795 PSALM
1782 3733 1872 3794 US
1915 3733 2031 3795 ΙΧ.

161 3839 210 3878 ts
249 3843 435 3899 “Mil,
494 3847 596 3889 eno
635 3847 895 3890 oceanus
938 3833 955 3871 τ
999 3849 1156 3903 mut,
1220 3849 1455 3891 PSALNUS
1496 3851 1675 3895 nsvm.

196 3917 481 3991 Conﬁtebar
518 3941 575 3981 -θ
630 3928 722 3981 tibi
771 3928 792 3995 1
834 3926 1075 3995 Domine,
1124 3929 1177 3982 in
1220 3938 1326 3984 tota
1374 3929 1529 3984 corde
1558 3946 1671 3986 mea
1698 3946 1718 3985 :

134 4013 341 4068 narrabo
373 4018 541 4072 omnia
572 4018 838 4074 mirabilia
866 4031 975 4075 tua.

188 4098 421 4164 laetabor
444 4120 490 4165 et
517 4111 784 4167 exsultabo
812 4111 867 4166 in
897 4124 943 4168 te
966 4126 986 4166 .'
1004 4112 1226 4183 psallam
1252 4115 1448 4170 nomini
1474 4122 1590 4182 tua,
1624 4115 1716 4171 Al-

128 4188 323 4251 tissime.

188 4285 251 4341 In
275 4296 613 4351 convertenda
638 4298 906 4353 inimicum
938 4315 1103 4353 meum
1126 4308 1430 4371 retrorsum,
1466 4299 1708 4370 inﬁrma-

133 4372 299 4433 bunter
320 4393 362 4439 e.‘
389 4387 623 4456 peribunt
650 4407 682 4441 α
711 4389 844 4459 [acie
866 4400 975 4443 tua.

190 4469 434 4534 Quoniam
469 4483 639 4549 fecisti
666 4483 930 4554 judicium
957 4500 1124 4540 meum
1166 4494 1215 4541 et
1240 4500 1449 4541 causam
1490 4503 1655 4543 meam
1685 4505 1705 4542 .'

135 4561 282 4619 Edisti
304 4584 453 4640 super
480 4573 747 4643 thronum,
786 4590 837 4629 -ξ
873 4576 963 4646 qui
997 4576 1016 4644 1
1049 4578 1250 4645 iudicas
1270 4580 1554 4649 justitiam.

1825 3851 1878 3891 IN
1921 3852 2113 3901 ΓΙΝΕΗ,
2145 3841 2157 3887 l
2199 3852 2441 3893 PROPTER
2480 3853 2717 3894 OCCULTA
2758 3853 2883 3894 HI.”
2910 3879 2923 3904 ,
2967 3854 3201 3893 ΡέΑιιιυε
3240 3854 3420 3894 ωνω.

1893 3927 2210 3984 Coulitebor
2254 3929 2383 3996 tibi,
2430 3929 2677 3997 Domine,
2732 3931 2784 3985 in
2844 3939 2958 3985 tato
3008 3930 3173 3986 corde
3226 3946 3354 3986 meo
3410 3949 3424 3987 :

1821 4019 2058 4074 narrabo
2098 4020 2280 4075 omnia
2316 4019 2581 4074 mirabilia
2612 4030 2721 4075 tua.

1889 4112 2140 4168 Lmtabor
2177 4123 2233 4169 et
2278 4113 2560 4171 exsultabo
2605 4114 2657 4169 in
2688 4124 2780 4171 te:
2815 4114 3037 4186 psallam
3074 4114 3275 4171 nomini
3302 4124 3428 4189 tuo,

1818 4204 2094 4263 Alt'ssimc
2126 4222 2139 4259 :

1892 4297 1949 4351 ln
1978 4296 2345 4353 convertenda
2383 4297 2657 4354 inimicum
2691 4312 2868 4355 meum
2902 4308 3223 4363 retrorsum,
3264 4296 3419 4352 inllr-

1819 4388 2111 4446 mabuutur
2138 4400 2191 4445 et
2216 4389 2427 4459 perient
2458 4407 2483 4442 a
2518 4389 2651 4446 facie
2684 4401 2793 4446 tua.

1886 4484 2151 4553 Quoniam
2173 4470 2347 4541 feciin
2374 4484 2636 4555 judicium
2664 4502 2839 4543 meum
2867 4494 2922 4542 et
2946 4500 3161 4542 causam
3192 4496 3367 4537 meam
3398 4499 3414 4538 :

1810 4580 1968 4635 sedes
1995 4578 2122 4649 [πε.
2149 4578 2363 4649 sediSIil
2392 4594 2556 4651 super
2580 4580 2856 4649 thronum,
2884 4580 2977 4652 qui
2999 4578 3214 4650 judicas
3244 4576 3416 4645 arqui-

1718 4676 1728 4685 ’
1808 4683 1994 4731 tatem.

196 4840 436 4927 {lterum
465 4858 511 4903 et
546 4850 835 4927 _c_0pu_lam,
868 4852 1094 4921 pra-lixa
1119 4854 1282 4927 etiam
1316 4856 1604 4921 aSIerisco,
1636 4873 1701 4912 ex
1730 4866 1785 4927 D
1814 4854 2119 4927 lerpt'clibus
2151 4855 2387 4911 additum
2413 4866 2485 4912 est
2535 4859 2629 4913 sub
2674 4861 2938 4923 asterisco,
2970 4867 3076 4914 etc.

138 4901 305 4995 ἶξςεὶο,
332 4901 504 4995 quem:
545 4901 898 4995 Maitianze'us
951 4901 1698 4995 respuit,-ins.—sulleciitius:

128 4989 329 5061 fugiente
352 5004 450 5042 nos
482 4991 709 5061 insuper
739 4993 969 5048 Hebrteo
1001 4989 1322 5056 textn’mn.
1365 4996 1472 5053 Sed
1505 5006 1563 5053 et
1602 4989 1702 5051 Pal

124 5044 300 5136 latinus
340 5061 479 5126 apud
523 5044 631 5136 ne;
658 5044 711 5116 et
740 5044 1701 5136 'iéspbtii'ifis'm'énéisi

118 5131 421 5184 asteriscum
452 5134 683 5187 omittit.

176 5189 201 5276 ξ’
235 5194 394 5276 Iacet
422 5201 661 5258 Palatio.
692 5218 796 5259 ms.
826 5204 881 5258 in
904 5206 1083 5274 ﬁnem.

176 5274 197 5301 ε
236 5268 373 5349 idern
406 5268 914 5349 ιηετειᾳειαηιὶιηᾳξ
953 5286 1063 5331 tum
1094 5280 1534 5349 praepositionem
1570 5280 1697 5338 sub-

119 5341 557 5443 "rﬁt'jizirif
586 5341 1583 5443 ρεηωίζτοξεξξεξξεέὶνςγελεεείεεξ-

224 5413 710 5491 ᾼηῃριειιάᾳιιυω
756 5425 812 5472 et
859 5413 1220 5491 blartianzeus'
1250 5413 1455 5489 laudat,
1500 5424 1699 5479 lliera-

114 5484 337 5561 g'ymipd
370 5484 518 5541 hunc
550 5484 928 5561 locum_verba
957 5490 1011 5544 in
1038 5492 1197 5557 epist.
1231 5494 1297 5549 ad
1342 5484 1607 5550 Sutiniam
1641 5508 1695 5549 et

113 5542 376 5632 freti-lam.
402 5574 570 5632 Anum.
595 5560 635 5632 r'l
670 5558 983 5632 :“Quoniam
1020 5542 1206 5632 ridebo
1249 5542 1401 5619 rte/os
1451 5574 1566 5619 tuos
1599 5582 1617 5617 :
1644 5576 1693 5619 et

54 5680 55 5687 η
108 5622 413 5699 illicitisun
433 5639 555 5683 litos
585 5631 641 5682 in
668 5622 854 5683 Grieco
879 5648 984 5684 non
1006 5630 1209 5688 habeat.
1244 5636 1436 5688 Verum
1466 5646 1572 5699 est;
1600 5638 1692 5689 sed

44 5710 53 5769 δέ
103 5692 146 5776 tu
169 5692 382 5752 Debita
404 5700 617 5776 legitur
643 5716 915 5776 sarisam,
946 5704 1083 5776 quod
1117 5706 1486 5776 interpretatur
1512 5692 1690 5760 cielos

40 5792 43 5849 ἶ
102 5772 202 5822 tuos
232 5782 248 5835 ξ
293 5780 338 5824 et
375 5774 441 5825 de
464 5772 695 5827 editione
723 5770 1096 5831 Tlteodationis
1129 5776 1183 5830 in
1226 5770 1578 5848 Septuaginta
1610 5780 1690 5830 ἕης

1885 4925 2056 5000 {Pro
2076 4926 2238 4980 obelo
2256 4931 2574 4984 asteriseum
2600 4947 2797 5000 nupera
2816 4930 3017 4985 codicis
3043 4926 3401 5000 Alexandrini

1807 4995 1978 5069 editio
2008 4998 2092 5051 ltic
2120 5000 2358 5066 apponit.
2392 4995 2729 5054 Palatintts'e
2758 5003 2976 5069 regione
3000 4999 3251 5053 vet'siCuIi
3270 4999 3400 5053 Dia-

1806 5068 2011 5137 psalma
2060 5070 2317 5136 ascribit,
2353 5080 2640 5141 utrumque
2688 5081 2873 5124 contra
2923 5069 3244 5125 hodiernum
3294 5070 3402 5127 lle-

1805 5141 2011 5193 braenm
2044 5148 2269 5193 textum.

1882 5208 1901 5247 τ
1946 5210 2107 5264 Deest
2132 5211 2182 5263 in
2214 5209 2461 5264 Palatino
2492 5224 2591 5275 mls.
2630 5224 2732 5263 vox
2758 5209 2876 5279 ﬁlii.

1880 5290 1905 5327 ϐ
1947 5280 2092 5335 Idem
2137 5295 2263 5345 nis.,
2310 5289 2551 5349 aperatns
2584 5290 2680 5346 est,
2727 5297 2834 5345 quo
2864 5282 2990 5337 item
3025 5282 3192 5337 verba
3229 5281 3400 5335 utitur

1807 5349 2037 5406 inferius
2086 5365 2182 5418 pro
2214 5351 2354 5418 fecit,
2387 5364 2508 5401 cum
2544 5351 2861 5419 Augustino,
2901 5366 3007 5407 etv.

1883 5418 1909 5457 ιι
1954 5424 2029 5474 lix
2082 5420 2411 5489 Augustino,
2447 5429 2502 5472 et
2534 5418 2775 5487 pressius
2814 5420 3004 5477 Grazco
3033 5426 3203 5489 πόλιοὴ
3253 5421 3398 5474 labar

1807 5500 1892 5548 est
1922 5490 1976 5545 in
2025 5483 2323 5543 Verituettsi
2373 5502 2476 5542 ms.
2511 5483 2610 5558 pro
2650 5491 2823 5557 dator,
2870 5505 2922 5548 ct
2972 5511 3094 5548 mox
3124 5483 3399 5546 descendat

1806 5578 1907 5631 pro
1940 5560 2235 5631 descendet.

1889 5631 1898 5666 ί
1945 5632 2116 5705 _l_dem,
2156 5626 2262 5705 P_ro
2286 5629 2633 5686 torcularibus
2664 5629 2912 5705 I’salmns
2944 5636 3045 5705 ip-i
3081 5632 3267 5688 David.

1879 5698 2497 5777 J_'l‘otum‘\’et’onens.
2559 5718 2665 5758 ms.
2734 5702 2826 5758 hic
2897 5698 3111 5762 titulum
3176 5712 3399 5777 jratter-

1795 5774 1983 5832 mittit.
