  <div class='ocr_page' id='page_1' title='image "/cluster/home/n/w/nwhite01/storage/ocr_20150623/29/uva.x000826564/075.png"; bbox 0 0 3960 6208; ppageno 0'>
   <div class='ocr_carea' id='block_1_1' title="bbox 557 212 3836 289">
    <p class='ocr_par' dir='ltr' id='par_1_1' title="bbox 557 212 3836 289">
     <span class='ocr_line' id='line_1_1' title="bbox 557 212 3836 289; baseline -0.004 -3"><span class='ocrx_word' id='word_1_1' title='bbox 557 229 662 289; x_wconf 74' lang='grc'><strong>155</strong></span> <span class='ocrx_word' id='word_1_2' title='bbox 1503 212 1512 223; x_wconf 72' lang='grc'><strong>’</strong></span> <span class='ocrx_word' id='word_1_3' title='bbox 1547 226 1606 284; x_wconf 90' lang='lat' dir='ltr'><strong>S.</strong></span> <span class='ocrx_word' id='word_1_4' title='bbox 1650 222 2037 282; x_wconf 74' lang='grc' dir='ltr'><strong>ΙΙΙΕΒΟΝΥΜΙ</strong></span> <span class='ocrx_word' id='word_1_5' title='bbox 2077 221 2310 279; x_wconf 81' lang='lat' dir='ltr'><strong>DlVlNA</strong></span> <span class='ocrx_word' id='word_1_6' title='bbox 2351 219 2827 278; x_wconf 75' lang='lat' dir='ltr'><strong>BlBLlOTllECA.</strong></span> <span class='ocrx_word' id='word_1_7' title='bbox 3748 220 3836 275; x_wconf 73' lang='grc' dir='ltr'><strong>ιεσ</strong></span> 
     </span>
    </p>
   </div>
   <div class='ocr_carea' id='block_1_2' title="bbox 544 330 3834 419">
    <p class='ocr_par' dir='ltr' id='par_1_2' title="bbox 544 330 3834 419">
     <span class='ocr_line' id='line_1_2' title="bbox 544 330 3834 419; baseline -0.005 -15"><span class='ocrx_word' id='word_1_8' title='bbox 544 357 724 405; x_wconf 77' lang='lat' dir='ltr'><strong>serunt</strong></span> <span class='ocrx_word' id='word_1_9' title='bbox 762 348 976 419; x_wconf 78' lang='lat' dir='ltr'><strong>sagittas</strong></span> <span class='ocrx_word' id='word_1_10' title='bbox 999 356 1026 386; x_wconf 72' lang='grc' dir='ltr'>α</span> <span class='ocrx_word' id='word_1_11' title='bbox 1053 361 1176 402; x_wconf 85' lang='lat' dir='ltr'><strong>suas</strong></span> <span class='ocrx_word' id='word_1_12' title='bbox 1204 343 1256 399; x_wconf 89' lang='lat' dir='ltr'><strong>in</strong></span> <span class='ocrx_word' id='word_1_13' title='bbox 1284 342 1528 416; x_wconf 75' lang='lat' dir='ltr'><strong>pharetra</strong></span> <span class='ocrx_word' id='word_1_14' title='bbox 1560 358 1579 397; x_wconf 90' lang='lat'><strong><em>:</em></strong></span> <span class='ocrx_word' id='word_1_15' title='bbox 1610 351 1665 395; x_wconf 85' lang='lat' dir='ltr'><strong>ut</strong></span> <span class='ocrx_word' id='word_1_16' title='bbox 1693 341 1937 413; x_wconf 84' lang='lat' dir='ltr'><strong>sagittent</strong></span> <span class='ocrx_word' id='word_1_17' title='bbox 1966 340 2021 394; x_wconf 89' lang='lat' dir='ltr'><strong>in</strong></span> <span class='ocrx_word' id='word_1_18' title='bbox 2056 338 2146 394; x_wconf 86' lang='lat' dir='ltr'><strong>ob-</strong></span> <span class='ocrx_word' id='word_1_19' title='bbox 2173 340 2225 401; x_wconf 83' lang='lat' dir='ltr'><strong>A</strong></span> <span class='ocrx_word' id='word_1_20' title='bbox 2252 335 2470 409; x_wconf 89' lang='lat' dir='ltr'><strong>derunt]</strong></span> <span class='ocrx_word' id='word_1_21' title='bbox 2500 350 2687 392; x_wconf 86' lang='lat' dir='ltr'><strong>arcum</strong></span> <span class='ocrx_word' id='word_1_22' title='bbox 2718 352 2734 388; x_wconf 89' lang='lat'><strong>:</strong></span> <span class='ocrx_word' id='word_1_23' title='bbox 2767 341 3092 404; x_wconf 81' lang='lat' dir='ltr'><strong>paraverunt</strong></span> <span class='ocrx_word' id='word_1_24' title='bbox 3122 331 3346 404; x_wconf 74' lang='lat' dir='ltr'><strong>sagittas</strong></span> <span class='ocrx_word' id='word_1_25' title='bbox 3371 331 3395 369; x_wconf 74' lang='lat'><strong>&#39;-</strong></span> <span class='ocrx_word' id='word_1_26' title='bbox 3421 345 3549 388; x_wconf 80' lang='lat' dir='ltr'><strong>suas</strong></span> <span class='ocrx_word' id='word_1_27' title='bbox 3586 332 3637 388; x_wconf 90' lang='lat' dir='ltr'><strong>in</strong></span> <span class='ocrx_word' id='word_1_28' title='bbox 3665 330 3834 403; x_wconf 53' lang='lat' dir='ltr'><strong>pltare.</strong></span> 
     </span>
    </p>
   </div>
   <div class='ocr_carea' id='block_1_3' title="bbox 542 424 3512 499">
    <p class='ocr_par' dir='ltr' id='par_1_3' title="bbox 542 424 3512 499">
     <span class='ocr_line' id='line_1_3' title="bbox 542 424 3512 499; baseline -0.006 0"><span class='ocrx_word' id='word_1_29' title='bbox 542 459 696 499; x_wconf 89' lang='lat' dir='ltr'><strong>scuro</strong></span> <span class='ocrx_word' id='word_1_30' title='bbox 720 452 885 498; x_wconf 90' lang='lat' dir='ltr'><strong>rectos</strong></span> <span class='ocrx_word' id='word_1_31' title='bbox 913 440 1089 496; x_wconf 85' lang='lat' dir='ltr'><strong>corde.</strong></span> <span class='ocrx_word' id='word_1_32' title='bbox 2252 437 2335 485; x_wconf 88' lang='lat' dir='ltr'><strong>tra</strong></span> <span class='ocrx_word' id='word_1_33' title='bbox 2364 446 2376 482; x_wconf 88' lang='lat'><strong>:</strong></span> <span class='ocrx_word' id='word_1_34' title='bbox 2408 438 2468 483; x_wconf 88' lang='lat' dir='ltr'><strong>ut</strong></span> <span class='ocrx_word' id='word_1_35' title='bbox 2495 428 2753 499; x_wconf 83' lang='lat' dir='ltr'><strong>sagittcut</strong></span> <span class='ocrx_word' id='word_1_36' title='bbox 2781 426 2835 481; x_wconf 91' lang='lat' dir='ltr'><strong>in</strong></span> <span class='ocrx_word' id='word_1_37' title='bbox 2862 426 3095 481; x_wconf 83' lang='lat' dir='ltr'><strong>obscuro</strong></span> <span class='ocrx_word' id='word_1_38' title='bbox 3120 432 3298 480; x_wconf 85' lang='lat' dir='ltr'><strong>rectos</strong></span> <span class='ocrx_word' id='word_1_39' title='bbox 3322 424 3512 480; x_wconf 78' lang='lat' dir='ltr'><strong>corde.</strong></span> 
     </span>
    </p>
   </div>
   <div class='ocr_carea' id='block_1_4' title="bbox 618 518 3834 605">
    <p class='ocr_par' dir='ltr' id='par_1_4' title="bbox 618 518 3834 605">
     <span class='ocr_line' id='line_1_4' title="bbox 618 518 3834 605; baseline -0.004 -16"><span class='ocrx_word' id='word_1_40' title='bbox 618 535 911 601; x_wconf 81' lang='lat' dir='ltr'><strong>Quoniam,</strong></span> <span class='ocrx_word' id='word_1_41' title='bbox 940 548 1057 605; x_wconf 77' lang='lat' dir='ltr'><strong>qua:</strong></span> <span class='ocrx_word' id='word_1_42' title='bbox 1092 531 1375 603; x_wconf 76' lang='lat' dir='ltr'><strong>perfecisti,</strong></span> <span class='ocrx_word' id='word_1_43' title='bbox 1414 531 1779 585; x_wconf 74' lang='lat' dir='ltr'><strong>destruxerunt</strong></span> <span class='ocrx_word' id='word_1_44' title='bbox 1823 541 1842 582; x_wconf 92' lang='lat'><strong><em>:</em></strong></span> <span class='ocrx_word' id='word_1_45' title='bbox 1873 527 2051 597; x_wconf 85' lang='lat' dir='ltr'><strong>justus</strong></span> <span class='ocrx_word' id='word_1_46' title='bbox 2078 539 2141 579; x_wconf 59' lang='grc' dir='ltr'><strong><em>σιν</em></strong></span> <span class='ocrx_word' id='word_1_47' title='bbox 2321 522 2614 592; x_wconf 86' lang='lat' dir='ltr'><strong>Quoniam,</strong></span> <span class='ocrx_word' id='word_1_48' title='bbox 2664 537 2826 592; x_wconf 83' lang='lat' dir='ltr'><strong>quem</strong></span> <span class='ocrx_word' id='word_1_49' title='bbox 2855 519 3146 593; x_wconf 51' lang='lat' dir='ltr'><strong>hiet-fecisti</strong></span> <span class='ocrx_word' id='word_1_50' title='bbox 3176 563 3191 589; x_wconf 93' lang='lat'><strong>,</strong></span> <span class='ocrx_word' id='word_1_51' title='bbox 3244 519 3631 576; x_wconf 76' lang='lat' dir='ltr'><strong>destruxeruut</strong></span> <span class='ocrx_word' id='word_1_52' title='bbox 3675 518 3834 590; x_wconf 69' lang='lat' dir='ltr'><strong>justus</strong></span> 
     </span>
    </p>
   </div>
   <div class='ocr_carea' id='block_1_5' title="bbox 553 614 2794 696">
    <p class='ocr_par' dir='ltr' id='par_1_5' title="bbox 553 614 2794 696">
     <span class='ocr_line' id='line_1_5' title="bbox 553 614 2794 696; baseline -0.006 -14"><span class='ocrx_word' id='word_1_53' title='bbox 553 637 725 682; x_wconf 87' lang='lat' dir='ltr'><strong>autem</strong></span> <span class='ocrx_word' id='word_1_54' title='bbox 752 626 773 694; x_wconf 93' lang='lat'><strong>1</strong></span> <span class='ocrx_word' id='word_1_55' title='bbox 805 624 933 693; x_wconf 83' lang='lat' dir='ltr'><strong>quid</strong></span> <span class='ocrx_word' id='word_1_56' title='bbox 956 626 1077 696; x_wconf 75' lang='lat' dir='ltr'><strong>fecit</strong></span> <span class='ocrx_word' id='word_1_57' title='bbox 1099 625 1125 678; x_wconf 66' lang='lat'><strong>.9</strong></span> <span class='ocrx_word' id='word_1_58' title='bbox 1622 632 1635 640; x_wconf 80' lang='lat'><em>‘</em></span> <span class='ocrx_word' id='word_1_59' title='bbox 2254 623 2436 670; x_wconf 87' lang='lat' dir='ltr'><strong>autem</strong></span> <span class='ocrx_word' id='word_1_60' title='bbox 2467 614 2595 685; x_wconf 88' lang='lat' dir='ltr'><strong>quid</strong></span> <span class='ocrx_word' id='word_1_61' title='bbox 2620 614 2794 670; x_wconf 79' lang='lat' dir='ltr'><strong>fecit?</strong></span> 
     </span>
    </p>
   </div>
   <div class='ocr_carea' id='block_1_6' title="bbox 619 703 3830 790">
    <p class='ocr_par' dir='ltr' id='par_1_6' title="bbox 619 703 3830 790">
     <span class='ocr_line' id='line_1_6' title="bbox 619 703 3830 790; baseline -0.004 -17"><span class='ocrx_word' id='word_1_62' title='bbox 619 716 877 774; x_wconf 81' lang='lat' dir='ltr'><strong>Dominus</strong></span> <span class='ocrx_word' id='word_1_63' title='bbox 904 719 958 773; x_wconf 89' lang='lat' dir='ltr'><strong>in</strong></span> <span class='ocrx_word' id='word_1_64' title='bbox 978 718 1167 790; x_wconf 87' lang='lat' dir='ltr'><strong>templo</strong></span> <span class='ocrx_word' id='word_1_65' title='bbox 1195 726 1374 774; x_wconf 91' lang='lat' dir='ltr'><strong>sancto</strong></span> <span class='ocrx_word' id='word_1_66' title='bbox 1402 734 1497 772; x_wconf 89' lang='lat' dir='ltr'><strong>suo</strong></span> <span class='ocrx_word' id='word_1_67' title='bbox 1523 734 1541 772; x_wconf 92' lang='lat'><strong><em>:</em></strong></span> <span class='ocrx_word' id='word_1_68' title='bbox 1564 714 1821 770; x_wconf 90' lang='lat' dir='ltr'><strong>Dominus</strong></span> <span class='ocrx_word' id='word_1_69' title='bbox 1846 714 1901 769; x_wconf 89' lang='lat' dir='ltr'><strong>in</strong></span> <span class='ocrx_word' id='word_1_70' title='bbox 1924 713 2050 769; x_wconf 67' lang='lat' dir='ltr'><strong>creto</strong></span> <span class='ocrx_word' id='word_1_71' title='bbox 2072 727 2153 767; x_wconf 86' lang='lat' dir='ltr'><strong>se-</strong></span> <span class='ocrx_word' id='word_1_72' title='bbox 2330 708 2594 763; x_wconf 87' lang='lat' dir='ltr'><strong>Dominus</strong></span> <span class='ocrx_word' id='word_1_73' title='bbox 2624 706 2677 763; x_wconf 89' lang='lat' dir='ltr'><strong>in</strong></span> <span class='ocrx_word' id='word_1_74' title='bbox 2704 706 2908 778; x_wconf 85' lang='lat' dir='ltr'><strong>templo</strong></span> <span class='ocrx_word' id='word_1_75' title='bbox 2947 715 3136 763; x_wconf 87' lang='lat' dir='ltr'><strong>sancto</strong></span> <span class='ocrx_word' id='word_1_76' title='bbox 3164 720 3304 763; x_wconf 87' lang='lat' dir='ltr'><strong>suo:</strong></span> <span class='ocrx_word' id='word_1_77' title='bbox 3335 704 3599 761; x_wconf 85' lang='lat' dir='ltr'><strong>Dominus</strong></span> <span class='ocrx_word' id='word_1_78' title='bbox 3628 703 3683 760; x_wconf 93' lang='lat' dir='ltr'><strong>in</strong></span> <span class='ocrx_word' id='word_1_79' title='bbox 3710 705 3830 761; x_wconf 79' lang='lat' dir='ltr'><strong>ctelo</strong></span> 
     </span>
    </p>
   </div>
   <div class='ocr_carea' id='block_1_7' title="bbox 558 801 2587 887">
    <p class='ocr_par' dir='ltr' id='par_1_7' title="bbox 558 801 2587 887">
     <span class='ocr_line' id='line_1_7' title="bbox 558 801 2587 887; baseline -0.005 -21"><span class='ocrx_word' id='word_1_80' title='bbox 558 814 649 869; x_wconf 84' lang='lat' dir='ltr'><strong>des</strong></span> <span class='ocrx_word' id='word_1_81' title='bbox 676 816 814 887; x_wconf 93' lang='lat' dir='ltr'><strong><em>ejus.</em></strong></span> <span class='ocrx_word' id='word_1_82' title='bbox 1347 818 1353 825; x_wconf 80' lang='lat'><strong>&#39;</strong></span> <span class='ocrx_word' id='word_1_83' title='bbox 2260 801 2421 858; x_wconf 85' lang='lat' dir='ltr'><strong>sedes</strong></span> <span class='ocrx_word' id='word_1_84' title='bbox 2446 801 2587 871; x_wconf 84' lang='lat' dir='ltr'><strong>ejus.</strong></span> 
     </span>
    </p>
   </div>
   <div class='ocr_carea' id='block_1_8' title="bbox 621 890 3833 980">
    <p class='ocr_par' dir='ltr' id='par_1_8' title="bbox 621 890 3833 980">
     <span class='ocr_line' id='line_1_8' title="bbox 621 890 3833 980; baseline -0.004 -20"><span class='ocrx_word' id='word_1_85' title='bbox 621 904 774 961; x_wconf 85' lang='lat' dir='ltr'><strong>Oculi</strong></span> <span class='ocrx_word' id='word_1_86' title='bbox 797 907 911 980; x_wconf 88' lang='lat' dir='ltr'><strong>ejus</strong></span> <span class='ocrx_word' id='word_1_87' title='bbox 947 919 1009 961; x_wconf 79' lang='grc' dir='ltr'><strong>-ε-</strong></span> <span class='ocrx_word' id='word_1_88' title='bbox 1048 905 1103 960; x_wconf 93' lang='lat' dir='ltr'><strong>in</strong></span> <span class='ocrx_word' id='word_1_89' title='bbox 1139 920 1421 977; x_wconf 83' lang='lat' dir='ltr'><strong>pauperem</strong></span> <span class='ocrx_word' id='word_1_90' title='bbox 1467 904 1489 974; x_wconf 99' lang='lat'><strong>1</strong></span> <span class='ocrx_word' id='word_1_91' title='bbox 1519 903 1804 976; x_wconf 86' lang='lat' dir='ltr'><strong>respiciunt</strong></span> <span class='ocrx_word' id='word_1_92' title='bbox 1839 918 1858 957; x_wconf 90' lang='lat'><strong><em>:</em></strong></span> <span class='ocrx_word' id='word_1_93' title='bbox 1885 898 2149 974; x_wconf 72' lang='lat' dir='ltr'><strong>palpebras</strong></span> <span class='ocrx_word' id='word_1_94' title='bbox 2326 892 2478 950; x_wconf 90' lang='lat' dir='ltr'><strong>Oculi</strong></span> <span class='ocrx_word' id='word_1_95' title='bbox 2509 892 2629 962; x_wconf 82' lang='lat' dir='ltr'><strong>ejus</strong></span> <span class='ocrx_word' id='word_1_96' title='bbox 2658 892 2711 947; x_wconf 90' lang='lat' dir='ltr'><strong>in</strong></span> <span class='ocrx_word' id='word_1_97' title='bbox 2737 906 3030 964; x_wconf 80' lang='lat' dir='ltr'><strong><em>pauperem</em></strong></span> <span class='ocrx_word' id='word_1_98' title='bbox 3060 891 3363 964; x_wconf 88' lang='lat' dir='ltr'><strong>respiciunt</strong></span> <span class='ocrx_word' id='word_1_99' title='bbox 3392 910 3407 947; x_wconf 87' lang='lat'><strong>:</strong></span> <span class='ocrx_word' id='word_1_100' title='bbox 3438 890 3712 964; x_wconf 69' lang='lat' dir='ltr'><strong>palpebra:</strong></span> <span class='ocrx_word' id='word_1_101' title='bbox 3736 892 3833 962; x_wconf 84' lang='lat' dir='ltr'><strong>ejus</strong></span> 
     </span>
    </p>
   </div>
   <div class='ocr_carea' id='block_1_9' title="bbox 546 985 3104 1072">
    <p class='ocr_par' dir='ltr' id='par_1_9' title="bbox 546 985 3104 1072">
     <span class='ocr_line' id='line_1_9' title="bbox 546 985 3104 1072; baseline -0.004 -20"><span class='ocrx_word' id='word_1_102' title='bbox 546 999 660 1069; x_wconf 87' lang='lat' dir='ltr'><strong>ejus</strong></span> <span class='ocrx_word' id='word_1_103' title='bbox 682 996 1005 1069; x_wconf 74' lang='lat' dir='ltr'><strong><em>interrogant</em></strong></span> <span class='ocrx_word' id='word_1_104' title='bbox 1036 996 1176 1067; x_wconf 73' lang='lat' dir='ltr'><strong>filios</strong></span> <span class='ocrx_word' id='word_1_105' title='bbox 1200 996 1487 1052; x_wconf 83' lang='lat' dir='ltr'><strong>hominum.</strong></span> <span class='ocrx_word' id='word_1_106' title='bbox 2257 986 2597 1058; x_wconf 89' lang='lat' dir='ltr'><strong>interrogant</strong></span> <span class='ocrx_word' id='word_1_107' title='bbox 2628 985 2768 1042; x_wconf 80' lang='lat' dir='ltr'><strong>illius</strong></span> <span class='ocrx_word' id='word_1_108' title='bbox 2800 987 3104 1072; x_wconf 78' lang='lat' dir='ltr'><strong>hominum.</strong></span> 
     </span>
    </p>
   </div>
   <div class='ocr_carea' id='block_1_10' title="bbox 620 1076 3832 1162">
    <p class='ocr_par' dir='ltr' id='par_1_10' title="bbox 620 1076 3832 1162">
     <span class='ocr_line' id='line_1_10' title="bbox 620 1076 3832 1162; baseline -0.003 -18"><span class='ocrx_word' id='word_1_109' title='bbox 620 1089 878 1145; x_wconf 77' lang='lat' dir='ltr'><strong>Dominus</strong></span> <span class='ocrx_word' id='word_1_110' title='bbox 908 1091 1194 1162; x_wconf 90' lang='lat' dir='ltr'><strong>interrogat</strong></span> <span class='ocrx_word' id='word_1_111' title='bbox 1227 1091 1430 1162; x_wconf 87' lang='lat' dir='ltr'><strong>justum</strong></span> <span class='ocrx_word' id='word_1_112' title='bbox 1465 1098 1513 1145; x_wconf 92' lang='lat' dir='ltr'><strong>et</strong></span> <span class='ocrx_word' id='word_1_113' title='bbox 1548 1089 1772 1159; x_wconf 84' lang='lat' dir='ltr'><strong>impium</strong></span> <span class='ocrx_word' id='word_1_114' title='bbox 1802 1105 1823 1143; x_wconf 89' lang='lat'><strong><em>:</em></strong></span> <span class='ocrx_word' id='word_1_115' title='bbox 1856 1102 1913 1144; x_wconf 61' lang='grc' dir='ltr'><strong>σθ-</strong></span> <span class='ocrx_word' id='word_1_116' title='bbox 1949 1086 1980 1126; x_wconf 69' lang='grc' dir='ltr'>ιι</span> <span class='ocrx_word' id='word_1_117' title='bbox 2007 1085 2096 1157; x_wconf 85' lang='lat' dir='ltr'><strong>qui</strong></span> <span class='ocrx_word' id='word_1_118' title='bbox 2122 1084 2144 1153; x_wconf 92' lang='lat'><strong>1</strong></span> <span class='ocrx_word' id='word_1_119' title='bbox 2339 1079 2597 1137; x_wconf 89' lang='lat' dir='ltr'><strong>Dominus</strong></span> <span class='ocrx_word' id='word_1_120' title='bbox 2629 1081 2926 1152; x_wconf 84' lang='lat' dir='ltr'><strong>interrogat</strong></span> <span class='ocrx_word' id='word_1_121' title='bbox 2950 1079 3156 1150; x_wconf 85' lang='lat' dir='ltr'><strong>justum</strong></span> <span class='ocrx_word' id='word_1_122' title='bbox 3185 1088 3240 1134; x_wconf 88' lang='lat' dir='ltr'><strong>et</strong></span> <span class='ocrx_word' id='word_1_123' title='bbox 3264 1076 3490 1148; x_wconf 80' lang='lat' dir='ltr'><strong>impium</strong></span> <span class='ocrx_word' id='word_1_124' title='bbox 3516 1092 3532 1132; x_wconf 86' lang='lat'><strong>:</strong></span> <span class='ocrx_word' id='word_1_125' title='bbox 3562 1076 3654 1149; x_wconf 87' lang='lat' dir='ltr'><strong>qui</strong></span> <span class='ocrx_word' id='word_1_126' title='bbox 3678 1086 3832 1134; x_wconf 85' lang='lat' dir='ltr'><strong>autem</strong></span> 
     </span>
    </p>
   </div>
   <div class='ocr_carea' id='block_1_11' title="bbox 547 1170 3459 1251">
    <p class='ocr_par' dir='ltr' id='par_1_11' title="bbox 547 1170 3459 1251">
     <span class='ocr_line' id='line_1_11' title="bbox 547 1170 3459 1251; baseline -0.003 -18"><span class='ocrx_word' id='word_1_127' title='bbox 547 1190 718 1236; x_wconf 83' lang='lat' dir='ltr'><strong>autent</strong></span> <span class='ocrx_word' id='word_1_128' title='bbox 746 1180 917 1251; x_wconf 78' lang='lat' dir='ltr'><strong>diligit</strong></span> <span class='ocrx_word' id='word_1_129' title='bbox 939 1180 1281 1251; x_wconf 86' lang='lat' dir='ltr'><strong>iniquitatem,</strong></span> <span class='ocrx_word' id='word_1_130' title='bbox 1310 1180 1417 1235; x_wconf 89' lang='lat' dir='ltr'><strong>odit</strong></span> <span class='ocrx_word' id='word_1_131' title='bbox 1437 1180 1664 1234; x_wconf 86' lang='lat' dir='ltr'><strong>animam</strong></span> <span class='ocrx_word' id='word_1_132' title='bbox 1682 1196 1853 1234; x_wconf 87' lang='lat' dir='ltr'><strong>suam.</strong></span> <span class='ocrx_word' id='word_1_133' title='bbox 2259 1172 2439 1242; x_wconf 80' lang='lat' dir='ltr'><strong>diligit</strong></span> <span class='ocrx_word' id='word_1_134' title='bbox 2460 1171 2825 1242; x_wconf 82' lang='lat' dir='ltr'><strong>iniquitatem,</strong></span> <span class='ocrx_word' id='word_1_135' title='bbox 2858 1170 2976 1227; x_wconf 92' lang='lat' dir='ltr'><strong>odit</strong></span> <span class='ocrx_word' id='word_1_136' title='bbox 3004 1170 3243 1226; x_wconf 87' lang='lat' dir='ltr'><strong>animam</strong></span> <span class='ocrx_word' id='word_1_137' title='bbox 3276 1184 3459 1225; x_wconf 82' lang='lat' dir='ltr'><strong>suam.</strong></span> 
     </span>
    </p>
   </div>
   <div class='ocr_carea' id='block_1_12' title="bbox 620 1260 3832 1349">
    <p class='ocr_par' dir='ltr' id='par_1_12' title="bbox 620 1260 3832 1349">
     <span class='ocr_line' id='line_1_12' title="bbox 620 1260 3832 1349; baseline -0.003 -24"><span class='ocrx_word' id='word_1_138' title='bbox 620 1270 775 1327; x_wconf 89' lang='lat' dir='ltr'><strong>Pluet</strong></span> <span class='ocrx_word' id='word_1_139' title='bbox 825 1287 980 1341; x_wconf 87' lang='lat' dir='ltr'><strong>super</strong></span> <span class='ocrx_word' id='word_1_140' title='bbox 1021 1281 1311 1342; x_wconf 81' lang='lat' dir='ltr'><strong>peccatores</strong></span> <span class='ocrx_word' id='word_1_141' title='bbox 1346 1270 1592 1343; x_wconf 85' lang='lat' dir='ltr'><strong>laqueos,</strong></span> <span class='ocrx_word' id='word_1_142' title='bbox 1640 1270 1777 1342; x_wconf 87' lang='lat' dir='ltr'><strong>ignis</strong></span> <span class='ocrx_word' id='word_1_143' title='bbox 1805 1274 1871 1337; x_wconf 68' lang='lat'><em>&gt;2&lt;</em></span> <span class='ocrx_word' id='word_1_144' title='bbox 1908 1278 1955 1324; x_wconf 90' lang='lat' dir='ltr'><strong>et</strong></span> <span class='ocrx_word' id='word_1_145' title='bbox 1988 1268 2010 1336; x_wconf 95' lang='lat'><strong>1</strong></span> <span class='ocrx_word' id='word_1_146' title='bbox 2041 1267 2148 1349; x_wconf 57' lang='lat' dir='ltr'><strong>sul-</strong></span> <span class='ocrx_word' id='word_1_147' title='bbox 2331 1264 2475 1320; x_wconf 86' lang='lat' dir='ltr'><strong>Pluit</strong></span> <span class='ocrx_word' id='word_1_148' title='bbox 2508 1262 2637 1337; x_wconf 66' lang='lat' dir='ltr'><strong>[11s.</strong></span> <span class='ocrx_word' id='word_1_149' title='bbox 2671 1262 2848 1335; x_wconf 86' lang='lat' dir='ltr'><strong>Pluet]</strong></span> <span class='ocrx_word' id='word_1_150' title='bbox 2875 1277 3037 1333; x_wconf 85' lang='lat' dir='ltr'><strong><em>super</em></strong></span> <span class='ocrx_word' id='word_1_151' title='bbox 3067 1271 3383 1332; x_wconf 87' lang='lat' dir='ltr'><strong>peceatores</strong></span> <span class='ocrx_word' id='word_1_152' title='bbox 3402 1262 3626 1332; x_wconf 87' lang='lat' dir='ltr'><strong>laqueos</strong></span> <span class='ocrx_word' id='word_1_153' title='bbox 3650 1279 3662 1314; x_wconf 91' lang='lat'><strong>:</strong></span> <span class='ocrx_word' id='word_1_154' title='bbox 3686 1260 3832 1332; x_wconf 79' lang='lat' dir='ltr'><strong>ignis,</strong></span> 
     </span>
    </p>
   </div>
   <div class='ocr_carea' id='block_1_13' title="bbox 541 1354 3835 1436">
    <p class='ocr_par' dir='ltr' id='par_1_13' title="bbox 541 1354 3835 1436">
     <span class='ocr_line' id='line_1_13' title="bbox 541 1354 3835 1436; baseline -0.002 -19"><span class='ocrx_word' id='word_1_155' title='bbox 541 1355 852 1436; x_wconf 65' lang='lat' dir='ltr'><strong>phur}a(et&#39;1</strong></span> <span class='ocrx_word' id='word_1_156' title='bbox 870 1363 1084 1435; x_wconf 89' lang='lat' dir='ltr'><strong>spiritus</strong></span> <span class='ocrx_word' id='word_1_157' title='bbox 1113 1361 1492 1434; x_wconf 79' lang='lat' dir='ltr'><strong>procellarum,</strong></span> <span class='ocrx_word' id='word_1_158' title='bbox 1519 1378 1641 1435; x_wconf 87' lang='lat' dir='ltr'><strong>pars</strong></span> <span class='ocrx_word' id='word_1_159' title='bbox 1669 1360 1856 1417; x_wconf 83' lang='lat' dir='ltr'><strong>colicis</strong></span> <span class='ocrx_word' id='word_1_160' title='bbox 1878 1378 2073 1417; x_wconf 88' lang='lat' dir='ltr'><strong>eorum.</strong></span> <span class='ocrx_word' id='word_1_161' title='bbox 2256 1357 2486 1430; x_wconf 82' lang='lat' dir='ltr'><strong>sulphur</strong></span> <span class='ocrx_word' id='word_1_162' title='bbox 2533 1355 2666 1429; x_wconf 77' lang='lat' dir='ltr'><strong>lMs.</strong></span> <span class='ocrx_word' id='word_1_163' title='bbox 2726 1364 2783 1411; x_wconf 89' lang='lat' dir='ltr'><strong>ct</strong></span> <span class='ocrx_word' id='word_1_164' title='bbox 2821 1354 3073 1429; x_wconf 84' lang='lat' dir='ltr'><strong>sulphur]</strong></span> <span class='ocrx_word' id='word_1_165' title='bbox 3116 1365 3173 1412; x_wconf 90' lang='lat' dir='ltr'><strong><em>et</em></strong></span> <span class='ocrx_word' id='word_1_166' title='bbox 3218 1355 3443 1425; x_wconf 88' lang='lat' dir='ltr'><strong>spiritus</strong></span> <span class='ocrx_word' id='word_1_167' title='bbox 3492 1355 3835 1427; x_wconf 79' lang='lat' dir='ltr'><strong>procellarum</strong></span> 
     </span>
    </p>
   </div>
   <div class='ocr_carea' id='block_1_14' title="bbox 2254 1440 3353 1523">
    <p class='ocr_par' dir='ltr' id='par_1_14' title="bbox 2254 1440 3353 1523">
     <span class='ocr_line' id='line_1_14' title="bbox 2254 1440 3353 1523; baseline -0.003 -19"><span class='ocrx_word' id='word_1_168' title='bbox 2254 1448 2386 1523; x_wconf 75' lang='grc' dir='ltr'><strong>[Μι.</strong></span> <span class='ocrx_word' id='word_1_169' title='bbox 2420 1440 2723 1519; x_wconf 62' lang='lat' dir='ltr'><strong>procellae],</strong></span> <span class='ocrx_word' id='word_1_170' title='bbox 2757 1462 2882 1519; x_wconf 90' lang='lat' dir='ltr'><strong>pars</strong></span> <span class='ocrx_word' id='word_1_171' title='bbox 2924 1446 3111 1504; x_wconf 89' lang='lat' dir='ltr'><strong>calicis</strong></span> <span class='ocrx_word' id='word_1_172' title='bbox 3138 1462 3353 1504; x_wconf 90' lang='lat' dir='ltr'><strong>eorum.</strong></span> 
     </span>
    </p>
   </div>
   <div class='ocr_carea' id='block_1_15' title="bbox 464 1538 3838 1624">
    <p class='ocr_par' dir='ltr' id='par_1_15' title="bbox 464 1538 3838 1624">
     <span class='ocr_line' id='line_1_15' title="bbox 464 1538 3838 1624; baseline -0 -28"><span class='ocrx_word' id='word_1_173' title='bbox 464 1615 474 1624; x_wconf 37' lang='lat'><strong><em>.</em></strong></span> <span class='ocrx_word' id='word_1_174' title='bbox 621 1540 885 1609; x_wconf 89' lang='lat' dir='ltr'><strong>Quoniam</strong></span> <span class='ocrx_word' id='word_1_175' title='bbox 914 1543 1094 1616; x_wconf 86' lang='lat' dir='ltr'><strong>justus</strong></span> <span class='ocrx_word' id='word_1_176' title='bbox 1131 1538 1420 1611; x_wconf 83' lang='lat' dir='ltr'><strong>Dominus,</strong></span> <span class='ocrx_word' id='word_1_177' title='bbox 1464 1551 1487 1581; x_wconf 72' lang='grc' dir='ltr'><strong>ο</strong></span> <span class='ocrx_word' id='word_1_178' title='bbox 1535 1557 1585 1597; x_wconf 64' lang='lat' dir='ltr'><strong>-z~</strong></span> <span class='ocrx_word' id='word_1_179' title='bbox 1628 1551 1675 1597; x_wconf 90' lang='lat' dir='ltr'><strong>et</strong></span> <span class='ocrx_word' id='word_1_180' title='bbox 1719 1542 1741 1610; x_wconf 96' lang='lat'><strong>1</strong></span> <span class='ocrx_word' id='word_1_181' title='bbox 1779 1542 2018 1615; x_wconf 87' lang='lat' dir='ltr'><strong>justitias</strong></span> <span class='ocrx_word' id='word_1_182' title='bbox 2067 1542 2145 1596; x_wconf 87' lang='lat' dir='ltr'><strong>di-</strong></span> <span class='ocrx_word' id='word_1_183' title='bbox 2323 1543 2587 1612; x_wconf 87' lang='lat' dir='ltr'><strong>Quoniam</strong></span> <span class='ocrx_word' id='word_1_184' title='bbox 2613 1541 2793 1612; x_wconf 84' lang='lat' dir='ltr'><strong>justus</strong></span> <span class='ocrx_word' id='word_1_185' title='bbox 2813 1540 3088 1608; x_wconf 89' lang='lat' dir='ltr'><strong>Dominus</strong></span> <span class='ocrx_word' id='word_1_186' title='bbox 3109 1540 3377 1613; x_wconf 78' lang='lat' dir='ltr'><strong>justitiam</strong></span> <span class='ocrx_word' id='word_1_187' title='bbox 3400 1539 3594 1598; x_wconf 79' lang='lat' dir='ltr'><strong>dilexit</strong></span> <span class='ocrx_word' id='word_1_188' title='bbox 3643 1558 3656 1595; x_wconf 90' lang='lat'><strong>:</strong></span> <span class='ocrx_word' id='word_1_189' title='bbox 3696 1539 3838 1612; x_wconf 66' lang='lat' dir='ltr'><strong>tequi-</strong></span> 
     </span>
    </p>
   </div>
   <div class='ocr_carea' id='block_1_16' title="bbox 545 1632 2949 1707">
    <p class='ocr_par' dir='ltr' id='par_1_16' title="bbox 545 1632 2949 1707">
     <span class='ocr_line' id='line_1_16' title="bbox 545 1632 2949 1707; baseline 0 -18"><span class='ocrx_word' id='word_1_190' title='bbox 545 1632 671 1690; x_wconf 77' lang='lat' dir='ltr'><strong>lexit</strong></span> <span class='ocrx_word' id='word_1_191' title='bbox 703 1648 724 1690; x_wconf 91' lang='lat'><strong><em>:</em></strong></span> <span class='ocrx_word' id='word_1_192' title='bbox 742 1633 1036 1706; x_wconf 77' lang='lat' dir='ltr'><strong>tequitatem</strong></span> <span class='ocrx_word' id='word_1_193' title='bbox 1063 1634 1188 1690; x_wconf 74' lang='lat' dir='ltr'><strong>vidit</strong></span> <span class='ocrx_word' id='word_1_194' title='bbox 1213 1634 1381 1690; x_wconf 80' lang='lat' dir='ltr'><strong>vultus</strong></span> <span class='ocrx_word' id='word_1_195' title='bbox 1407 1636 1545 1707; x_wconf 84' lang='lat' dir='ltr'><strong><em>ejus.</em></strong></span> <span class='ocrx_word' id='word_1_196' title='bbox 2252 1644 2417 1693; x_wconf 87' lang='lat' dir='ltr'><strong>tatem</strong></span> <span class='ocrx_word' id='word_1_197' title='bbox 2440 1634 2581 1691; x_wconf 83' lang='lat' dir='ltr'><strong>vidit</strong></span> <span class='ocrx_word' id='word_1_198' title='bbox 2606 1635 2784 1692; x_wconf 85' lang='lat' dir='ltr'><strong>vultus</strong></span> <span class='ocrx_word' id='word_1_199' title='bbox 2809 1635 2949 1707; x_wconf 82' lang='lat' dir='ltr'><strong>eius.</strong></span> 
     </span>
    </p>
   </div>
   <div class='ocr_carea' id='block_1_17' title="bbox 1940 1726 2461 1790">
    <p class='ocr_par' dir='ltr' id='par_1_17' title="bbox 1940 1726 2461 1790">
     <span class='ocr_line' id='line_1_17' title="bbox 1940 1726 2461 1790; baseline -0.004 -1"><span class='ocrx_word' id='word_1_200' title='bbox 1940 1726 2302 1790; x_wconf 78' lang='lat' dir='ltr'><strong>PSALMUS</strong></span> <span class='ocrx_word' id='word_1_201' title='bbox 2345 1727 2461 1789; x_wconf 83' lang='lat' dir='ltr'><strong>XI.</strong></span> 
     </span>
    </p>
   </div>
   <div class='ocr_carea' id='block_1_18' title="bbox 746 1823 3740 1919">
    <p class='ocr_par' dir='ltr' id='par_1_18' title="bbox 746 1823 3740 1919">
     <span class='ocr_line' id='line_1_18' title="bbox 746 1823 3740 1919; baseline -0.003 -32"><span class='ocrx_word' id='word_1_202' title='bbox 746 1847 797 1887; x_wconf 72' lang='lat' dir='ltr'><strong>IN</strong></span> <span class='ocrx_word' id='word_1_203' title='bbox 836 1846 1032 1900; x_wconf 70' lang='lat' dir='ltr'><strong>FINEI,</strong></span> <span class='ocrx_word' id='word_1_204' title='bbox 1072 1845 1174 1887; x_wconf 74' lang='lat' dir='ltr'><strong>PRO</strong></span> <span class='ocrx_word' id='word_1_205' title='bbox 1210 1844 1456 1898; x_wconf 75' lang='lat' dir='ltr'><strong>OCTAVA,</strong></span> <span class='ocrx_word' id='word_1_206' title='bbox 1497 1844 1733 1887; x_wconf 71' lang='lat' dir='ltr'><strong>PSALIIUS</strong></span> <span class='ocrx_word' id='word_1_207' title='bbox 1772 1843 1953 1884; x_wconf 68' lang='lat' dir='ltr'><strong>DAVID.</strong></span> <span class='ocrx_word' id='word_1_208' title='bbox 2168 1858 2216 1919; x_wconf 76' lang='grc' dir='ltr'><strong>Β</strong></span> <span class='ocrx_word' id='word_1_209' title='bbox 2348 1842 2403 1884; x_wconf 71' lang='grc' dir='ltr'><strong>ια</strong></span> <span class='ocrx_word' id='word_1_210' title='bbox 2461 1841 2624 1882; x_wconf 59' lang='lat' dir='ltr'><strong>FIDE!</strong></span> <span class='ocrx_word' id='word_1_211' title='bbox 2665 1841 2767 1882; x_wconf 76' lang='grc' dir='ltr'><strong>Ριιο</strong></span> <span class='ocrx_word' id='word_1_212' title='bbox 2803 1840 3011 1883; x_wconf 65' lang='lat' dir='ltr'><strong>OCTAVA</strong></span> <span class='ocrx_word' id='word_1_213' title='bbox 3059 1823 3073 1862; x_wconf 69' lang='grc' dir='ltr'><strong>ί</strong></span> <span class='ocrx_word' id='word_1_214' title='bbox 3113 1839 3238 1892; x_wconf 78' lang='lat' dir='ltr'><strong>DIE,</strong></span> <span class='ocrx_word' id='word_1_215' title='bbox 3279 1839 3513 1881; x_wconf 67' lang='lat' dir='ltr'><strong>PSALIUS</strong></span> <span class='ocrx_word' id='word_1_216' title='bbox 3553 1839 3740 1880; x_wconf 63' lang='grc' dir='ltr'><strong>υλνιυ.</strong></span> 
     </span>
    </p>
   </div>
   <div class='ocr_carea' id='block_1_19' title="bbox 618 1936 3837 2017">
    <p class='ocr_par' dir='ltr' id='par_1_19' title="bbox 618 1936 3837 2017">
     <span class='ocr_line' id='line_1_19' title="bbox 618 1936 3837 2017; baseline -0.004 -15"><span class='ocrx_word' id='word_1_217' title='bbox 618 1944 834 2002; x_wconf 79' lang='lat' dir='ltr'><strong>Saluum</strong></span> <span class='ocrx_word' id='word_1_218' title='bbox 866 1960 922 2001; x_wconf 52' lang='grc' dir='ltr'><strong>σι</strong></span> <span class='ocrx_word' id='word_1_219' title='bbox 950 1946 1073 2014; x_wconf 89' lang='lat' dir='ltr'><strong>me1</strong></span> <span class='ocrx_word' id='word_1_220' title='bbox 1106 1945 1209 2017; x_wconf 78' lang='lat' dir='ltr'><strong>fac,</strong></span> <span class='ocrx_word' id='word_1_221' title='bbox 1237 1945 1482 2014; x_wconf 87' lang='lat' dir='ltr'><strong>Domine,</strong></span> <span class='ocrx_word' id='word_1_222' title='bbox 1514 1946 1764 2016; x_wconf 88' lang='lat' dir='ltr'><strong>quoniam</strong></span> <span class='ocrx_word' id='word_1_223' title='bbox 1812 1942 2000 2015; x_wconf 79' lang='lat' dir='ltr'><strong>defecit</strong></span> <span class='ocrx_word' id='word_1_224' title='bbox 2028 1958 2152 1997; x_wconf 82' lang='lat' dir='ltr'><strong>san-</strong></span> <span class='ocrx_word' id='word_1_225' title='bbox 2323 1940 2545 1999; x_wconf 73' lang='lat' dir='ltr'><strong>Salvum</strong></span> <span class='ocrx_word' id='word_1_226' title='bbox 2575 1955 2663 1997; x_wconf 89' lang='lat' dir='ltr'><strong>me</strong></span> <span class='ocrx_word' id='word_1_227' title='bbox 2686 1939 2792 2008; x_wconf 82' lang='lat' dir='ltr'><strong>lac,</strong></span> <span class='ocrx_word' id='word_1_228' title='bbox 2819 1938 3070 2005; x_wconf 87' lang='lat' dir='ltr'><strong>Domine,</strong></span> <span class='ocrx_word' id='word_1_229' title='bbox 3093 1938 3349 2009; x_wconf 90' lang='lat' dir='ltr'><strong>quoniam</strong></span> <span class='ocrx_word' id='word_1_230' title='bbox 3371 1936 3566 1994; x_wconf 79' lang='lat' dir='ltr'><strong>deiecit</strong></span> <span class='ocrx_word' id='word_1_231' title='bbox 3587 1945 3837 1994; x_wconf 87' lang='lat' dir='ltr'><strong>sanctus:</strong></span> 
     </span>
    </p>
   </div>
   <div class='ocr_carea' id='block_1_20' title="bbox 547 2029 3805 2110">
    <p class='ocr_par' dir='ltr' id='par_1_20' title="bbox 547 2029 3805 2110">
     <span class='ocr_line' id='line_1_20' title="bbox 547 2029 3805 2110; baseline -0.003 -16"><span class='ocrx_word' id='word_1_232' title='bbox 547 2048 658 2094; x_wconf 83' lang='lat' dir='ltr'><strong>etus</strong></span> <span class='ocrx_word' id='word_1_233' title='bbox 688 2053 709 2093; x_wconf 92' lang='lat'><strong><em>:</em></strong></span> <span class='ocrx_word' id='word_1_234' title='bbox 733 2038 981 2110; x_wconf 85' lang='lat' dir='ltr'><strong>quoniam</strong></span> <span class='ocrx_word' id='word_1_235' title='bbox 1013 2037 1285 2094; x_wconf 66' lang='lat' dir='ltr'><strong>diminuta!</strong></span> <span class='ocrx_word' id='word_1_236' title='bbox 1321 2047 1441 2094; x_wconf 79' lang='lat' dir='ltr'><strong>sunt</strong></span> <span class='ocrx_word' id='word_1_237' title='bbox 1478 2038 1720 2093; x_wconf 80' lang='lat' dir='ltr'><strong>veritates</strong></span> <span class='ocrx_word' id='word_1_238' title='bbox 1753 2053 1786 2091; x_wconf 93' lang='lat' dir='ltr'><strong>a</strong></span> <span class='ocrx_word' id='word_1_239' title='bbox 1816 2035 1941 2107; x_wconf 81' lang='lat' dir='ltr'><strong>[iliis</strong></span> <span class='ocrx_word' id='word_1_240' title='bbox 1973 2033 2145 2090; x_wconf 88' lang='lat' dir='ltr'><strong>Itomi-</strong></span> <span class='ocrx_word' id='word_1_241' title='bbox 2255 2032 2513 2106; x_wconf 90' lang='lat' dir='ltr'><strong>quoniam</strong></span> <span class='ocrx_word' id='word_1_242' title='bbox 2543 2033 2829 2089; x_wconf 66' lang='lat' dir='ltr'><strong>diminuta:</strong></span> <span class='ocrx_word' id='word_1_243' title='bbox 2856 2041 2983 2088; x_wconf 87' lang='lat' dir='ltr'><strong>sunt</strong></span> <span class='ocrx_word' id='word_1_244' title='bbox 3007 2032 3269 2088; x_wconf 78' lang='lat' dir='ltr'><strong>veritates</strong></span> <span class='ocrx_word' id='word_1_245' title='bbox 3295 2046 3327 2086; x_wconf 85' lang='lat' dir='ltr'><strong>a</strong></span> <span class='ocrx_word' id='word_1_246' title='bbox 3359 2030 3484 2086; x_wconf 84' lang='lat' dir='ltr'><strong>ﬁliis</strong></span> <span class='ocrx_word' id='word_1_247' title='bbox 3511 2029 3805 2087; x_wconf 82' lang='lat' dir='ltr'><strong>hominum.</strong></span> 
     </span>
    </p>
   </div>
   <div class='ocr_carea' id='block_1_21' title="bbox 547 2122 3840 2197">
    <p class='ocr_par' dir='ltr' id='par_1_21' title="bbox 547 2122 3840 2197">
     <span class='ocr_line' id='line_1_21' title="bbox 547 2122 3840 2197; baseline -0.002 -11"><span class='ocrx_word' id='word_1_248' title='bbox 547 2148 694 2187; x_wconf 83' lang='lat' dir='ltr'><strong>num.</strong></span> <span class='ocrx_word' id='word_1_249' title='bbox 2328 2127 2480 2183; x_wconf 80' lang='lat' dir='ltr'><strong>Vana</strong></span> <span class='ocrx_word' id='word_1_250' title='bbox 2515 2125 2680 2182; x_wconf 89' lang='lat' dir='ltr'><strong>locuti</strong></span> <span class='ocrx_word' id='word_1_251' title='bbox 2723 2134 2851 2182; x_wconf 92' lang='lat' dir='ltr'><strong>sunt</strong></span> <span class='ocrx_word' id='word_1_252' title='bbox 2894 2124 3024 2197; x_wconf 78' lang='lat' dir='ltr'><strong>[Ms.</strong></span> <span class='ocrx_word' id='word_1_253' title='bbox 3059 2124 3274 2181; x_wconf 88' lang='lat' dir='ltr'><strong>locutus</strong></span> <span class='ocrx_word' id='word_1_254' title='bbox 3319 2122 3450 2196; x_wconf 88' lang='lat' dir='ltr'><strong>est],</strong></span> <span class='ocrx_word' id='word_1_255' title='bbox 3483 2124 3840 2196; x_wconf 74' lang='lat' dir='ltr'><strong>unusquisque</strong></span> 
     </span>
    </p>
   </div>
   <div class='ocr_carea' id='block_1_22' title="bbox 627 2217 3839 2297">
    <p class='ocr_par' dir='ltr' id='par_1_22' title="bbox 627 2217 3839 2297">
     <span class='ocr_line' id='line_1_22' title="bbox 627 2217 3839 2297; baseline -0.002 -17"><span class='ocrx_word' id='word_1_256' title='bbox 627 2222 779 2280; x_wconf 86' lang='lat' dir='ltr'><strong>Vana</strong></span> <span class='ocrx_word' id='word_1_257' title='bbox 801 2223 961 2280; x_wconf 88' lang='lat' dir='ltr'><strong>locuti</strong></span> <span class='ocrx_word' id='word_1_258' title='bbox 981 2222 1599 2297; x_wconf 79' lang='lat' dir='ltr'><strong>sunt,.unusquisquead</strong></span> <span class='ocrx_word' id='word_1_259' title='bbox 1620 2222 1923 2295; x_wconf 74' lang='lat' dir='ltr'><strong>proximum</strong></span> <span class='ocrx_word' id='word_1_260' title='bbox 1946 2235 2099 2276; x_wconf 87' lang='lat' dir='ltr'><strong>suum</strong></span> <span class='ocrx_word' id='word_1_261' title='bbox 2132 2236 2151 2282; x_wconf 85' lang='lat'><strong><em>;</em></strong></span> <span class='ocrx_word' id='word_1_262' title='bbox 2256 2219 2323 2276; x_wconf 90' lang='lat' dir='ltr'><strong>ad</strong></span> <span class='ocrx_word' id='word_1_263' title='bbox 2351 2220 2657 2291; x_wconf 78' lang='lat' dir='ltr'><strong>proximum</strong></span> <span class='ocrx_word' id='word_1_264' title='bbox 2689 2225 2850 2275; x_wconf 88' lang='lat' dir='ltr'><strong>suum</strong></span> <span class='ocrx_word' id='word_1_265' title='bbox 2875 2234 2890 2274; x_wconf 90' lang='lat'><strong>:</strong></span> <span class='ocrx_word' id='word_1_266' title='bbox 2921 2218 3064 2275; x_wconf 82' lang='lat' dir='ltr'><strong>labia</strong></span> <span class='ocrx_word' id='word_1_267' title='bbox 3092 2218 3282 2274; x_wconf 81' lang='lat' dir='ltr'><strong>dolosa</strong></span> <span class='ocrx_word' id='word_1_268' title='bbox 3332 2217 3385 2273; x_wconf 89' lang='lat' dir='ltr'><strong>in</strong></span> <span class='ocrx_word' id='word_1_269' title='bbox 3414 2217 3582 2274; x_wconf 88' lang='lat' dir='ltr'><strong>corde</strong></span> <span class='ocrx_word' id='word_1_270' title='bbox 3608 2228 3663 2275; x_wconf 89' lang='lat' dir='ltr'><strong>et</strong></span> <span class='ocrx_word' id='word_1_271' title='bbox 3691 2217 3839 2274; x_wconf 85' lang='lat' dir='ltr'><strong>corde</strong></span> 
     </span>
    </p>
   </div>
   <div class='ocr_carea' id='block_1_23' title="bbox 548 2311 2785 2387">
    <p class='ocr_par' dir='ltr' id='par_1_23' title="bbox 548 2311 2785 2387">
     <span class='ocr_line' id='line_1_23' title="bbox 548 2311 2785 2387; baseline -0.002 -15"><span class='ocrx_word' id='word_1_272' title='bbox 548 2316 686 2373; x_wconf 86' lang='lat' dir='ltr'><strong>labia</strong></span> <span class='ocrx_word' id='word_1_273' title='bbox 710 2315 912 2387; x_wconf 87' lang='lat' dir='ltr'><strong>dolosa,</strong></span> <span class='ocrx_word' id='word_1_274' title='bbox 936 2318 990 2372; x_wconf 90' lang='lat' dir='ltr'><strong>in</strong></span> <span class='ocrx_word' id='word_1_275' title='bbox 1012 2318 1167 2374; x_wconf 87' lang='lat' dir='ltr'><strong>corde</strong></span> <span class='ocrx_word' id='word_1_276' title='bbox 1190 2328 1241 2374; x_wconf 89' lang='lat' dir='ltr'><strong>et</strong></span> <span class='ocrx_word' id='word_1_277' title='bbox 1265 2319 1423 2373; x_wconf 88' lang='lat' dir='ltr'><strong>corde</strong></span> <span class='ocrx_word' id='word_1_278' title='bbox 1448 2315 1473 2355; x_wconf 75' lang='grc' dir='ltr'><em>δ</em></span> <span class='ocrx_word' id='word_1_279' title='bbox 1499 2316 1659 2372; x_wconf 87' lang='lat' dir='ltr'><strong>locuti</strong></span> <span class='ocrx_word' id='word_1_280' title='bbox 1690 2325 1809 2371; x_wconf 82' lang='lat' dir='ltr'><strong>sunt</strong></span> <span class='ocrx_word' id='word_1_281' title='bbox 1842 2315 1864 2384; x_wconf 95' lang='lat'><strong>1</strong></span> <span class='ocrx_word' id='word_1_282' title='bbox 2256 2311 2423 2370; x_wconf 86' lang='lat' dir='ltr'><strong>locuti</strong></span> <span class='ocrx_word' id='word_1_283' title='bbox 2455 2321 2581 2368; x_wconf 90' lang='lat' dir='ltr'><strong>sunt</strong></span> <span class='ocrx_word' id='word_1_284' title='bbox 2620 2312 2785 2367; x_wconf 85' lang='lat' dir='ltr'><strong>mala.</strong></span> 
     </span>
    </p>
   </div>
   <div class='ocr_carea' id='block_1_24' title="bbox 622 2399 3839 2484">
    <p class='ocr_par' dir='ltr' id='par_1_24' title="bbox 622 2399 3839 2484">
     <span class='ocr_line' id='line_1_24' title="bbox 622 2399 3839 2484; baseline -0.004 -18"><span class='ocrx_word' id='word_1_285' title='bbox 622 2408 906 2480; x_wconf 83' lang='lat' dir='ltr'><strong>Dispetdat</strong></span> <span class='ocrx_word' id='word_1_286' title='bbox 929 2408 1182 2484; x_wconf 80' lang='lat' dir='ltr'><strong>Dominus</strong></span> <span class='ocrx_word' id='word_1_287' title='bbox 1202 2410 1440 2467; x_wconf 79' lang='lat' dir='ltr'><strong>uniuersa</strong></span> <span class='ocrx_word' id='word_1_288' title='bbox 1462 2409 1599 2465; x_wconf 86' lang='lat' dir='ltr'><strong>labia</strong></span> <span class='ocrx_word' id='word_1_289' title='bbox 1621 2408 1826 2478; x_wconf 85' lang='lat' dir='ltr'><strong>dolosa,</strong></span> <span class='ocrx_word' id='word_1_290' title='bbox 1844 2416 1901 2464; x_wconf 88' lang='lat' dir='ltr'><strong>et</strong></span> <span class='ocrx_word' id='word_1_291' title='bbox 1920 2407 2151 2482; x_wconf 86' lang='lat' dir='ltr'><strong>linguam</strong></span> <span class='ocrx_word' id='word_1_292' title='bbox 2260 2412 2263 2415; x_wconf 77' lang='grc'><em>’</em></span> <span class='ocrx_word' id='word_1_293' title='bbox 2327 2403 2617 2476; x_wconf 87' lang='lat' dir='ltr'><strong>Disperdat</strong></span> <span class='ocrx_word' id='word_1_294' title='bbox 2675 2403 2938 2460; x_wconf 83' lang='lat' dir='ltr'><strong>Dominus</strong></span> <span class='ocrx_word' id='word_1_295' title='bbox 2975 2402 3229 2459; x_wconf 82' lang='lat' dir='ltr'><strong>universa</strong></span> <span class='ocrx_word' id='word_1_296' title='bbox 3270 2399 3410 2458; x_wconf 80' lang='lat' dir='ltr'><strong>labia</strong></span> <span class='ocrx_word' id='word_1_297' title='bbox 3434 2399 3625 2459; x_wconf 83' lang='lat' dir='ltr'><strong>dolosa</strong></span> <span class='ocrx_word' id='word_1_298' title='bbox 3665 2409 3719 2459; x_wconf 90' lang='lat' dir='ltr'><strong>ct</strong></span> <span class='ocrx_word' id='word_1_299' title='bbox 3751 2400 3839 2457; x_wconf 90' lang='lat' dir='ltr'><strong>lin-</strong></span> 
     </span>
    </p>
   </div>
   <div class='ocr_carea' id='block_1_25' title="bbox 552 2492 2875 2573">
    <p class='ocr_par' dir='ltr' id='par_1_25' title="bbox 552 2492 2875 2573">
     <span class='ocr_line' id='line_1_25' title="bbox 552 2492 2875 2573; baseline -0.002 -18"><span class='ocrx_word' id='word_1_300' title='bbox 552 2498 964 2573; x_wconf 82' lang='lat' dir='ltr'><strong>mugniloquam,</strong></span> <span class='ocrx_word' id='word_1_301' title='bbox 2253 2512 2413 2569; x_wconf 86' lang='lat' dir='ltr'><strong>gnam</strong></span> <span class='ocrx_word' id='word_1_302' title='bbox 2448 2492 2875 2568; x_wconf 82' lang='lat' dir='ltr'><strong>magniloquam.</strong></span> 
     </span>
    </p>
   </div>
   <div class='ocr_carea' id='block_1_26' title="bbox 627 2585 3844 2664">
    <p class='ocr_par' dir='ltr' id='par_1_26' title="bbox 627 2585 3844 2664">
     <span class='ocr_line' id='line_1_26' title="bbox 627 2585 3844 2664; baseline -0.002 -18"><span class='ocrx_word' id='word_1_303' title='bbox 627 2592 730 2658; x_wconf 81' lang='lat' dir='ltr'><strong>Qui</strong></span> <span class='ocrx_word' id='word_1_304' title='bbox 755 2592 999 2646; x_wconf 67' lang='lat' dir='ltr'><strong>dixerunt</strong></span> <span class='ocrx_word' id='word_1_305' title='bbox 1043 2606 1061 2644; x_wconf 90' lang='lat'><strong><em>:</em></strong></span> <span class='ocrx_word' id='word_1_306' title='bbox 1096 2588 1355 2663; x_wconf 77' lang='lat' dir='ltr'><strong>Linguam</strong></span> <span class='ocrx_word' id='word_1_307' title='bbox 1395 2600 1623 2647; x_wconf 84' lang='lat' dir='ltr'><strong>nostram</strong></span> <span class='ocrx_word' id='word_1_308' title='bbox 1666 2590 2150 2664; x_wconf 84' lang='lat' dir='ltr'><strong>magni/icabimus,</strong></span> <span class='ocrx_word' id='word_1_309' title='bbox 2324 2590 2426 2659; x_wconf 86' lang='lat' dir='ltr'><strong>Qui</strong></span> <span class='ocrx_word' id='word_1_310' title='bbox 2453 2588 2712 2646; x_wconf 84' lang='lat' dir='ltr'><strong>dixerunt</strong></span> <span class='ocrx_word' id='word_1_311' title='bbox 2742 2605 2756 2644; x_wconf 91' lang='lat'><strong>:</strong></span> <span class='ocrx_word' id='word_1_312' title='bbox 2785 2588 3054 2659; x_wconf 80' lang='lat' dir='ltr'><strong>Linguam</strong></span> <span class='ocrx_word' id='word_1_313' title='bbox 3102 2596 3345 2644; x_wconf 89' lang='lat' dir='ltr'><strong>nostram</strong></span> <span class='ocrx_word' id='word_1_314' title='bbox 3388 2585 3844 2659; x_wconf 79' lang='lat' dir='ltr'><strong>magniﬁcabinms</strong></span> 
     </span>
    </p>
   </div>
   <div class='ocr_carea' id='block_1_27' title="bbox 554 2677 3840 2756">
    <p class='ocr_par' dir='ltr' id='par_1_27' title="bbox 554 2677 3840 2756">
     <span class='ocr_line' id='line_1_27' title="bbox 554 2677 3840 2756; baseline -0.001 -20"><span class='ocrx_word' id='word_1_315' title='bbox 554 2682 693 2737; x_wconf 87' lang='lat' dir='ltr'><strong>labia</strong></span> <span class='ocrx_word' id='word_1_316' title='bbox 721 2692 901 2737; x_wconf 85' lang='lat' dir='ltr'><strong>nostra</strong></span> <span class='ocrx_word' id='word_1_317' title='bbox 924 2725 937 2751; x_wconf 89' lang='lat'><strong>,</strong></span> <span class='ocrx_word' id='word_1_318' title='bbox 968 2698 1003 2735; x_wconf 90' lang='lat' dir='ltr'><strong>a</strong></span> <span class='ocrx_word' id='word_1_319' title='bbox 1040 2682 1188 2738; x_wconf 83' lang='lat' dir='ltr'><strong>nobis</strong></span> <span class='ocrx_word' id='word_1_320' title='bbox 1212 2695 1374 2739; x_wconf 89' lang='lat' dir='ltr'><strong>sunt:</strong></span> <span class='ocrx_word' id='word_1_321' title='bbox 1398 2685 1511 2752; x_wconf 86' lang='lat' dir='ltr'><strong>quis</strong></span> <span class='ocrx_word' id='word_1_322' title='bbox 1551 2692 1726 2739; x_wconf 83' lang='lat' dir='ltr'><strong>noster</strong></span> <span class='ocrx_word' id='word_1_323' title='bbox 1756 2682 2010 2738; x_wconf 87' lang='lat' dir='ltr'><strong>Dominus</strong></span> <span class='ocrx_word' id='word_1_324' title='bbox 2037 2682 2153 2738; x_wconf 78' lang='lat' dir='ltr'><strong>est?</strong></span> <span class='ocrx_word' id='word_1_325' title='bbox 2257 2681 2387 2756; x_wconf 82' lang='lat' dir='ltr'><strong>[.lls.</strong></span> <span class='ocrx_word' id='word_1_326' title='bbox 2421 2678 2931 2752; x_wconf 75' lang='lat' dir='ltr'><strong>magniﬁeavimus],</strong></span> <span class='ocrx_word' id='word_1_327' title='bbox 2968 2679 3109 2735; x_wconf 83' lang='lat' dir='ltr'><strong>labia</strong></span> <span class='ocrx_word' id='word_1_328' title='bbox 3131 2687 3338 2750; x_wconf 80' lang='lat' dir='ltr'><strong>nostra,</strong></span> <span class='ocrx_word' id='word_1_329' title='bbox 3372 2677 3386 2729; x_wconf 74' lang='grc' dir='ltr'><strong>ἱ</strong></span> <span class='ocrx_word' id='word_1_330' title='bbox 3426 2694 3458 2734; x_wconf 80' lang='lat' dir='ltr'><strong>a</strong></span> <span class='ocrx_word' id='word_1_331' title='bbox 3487 2679 3649 2736; x_wconf 83' lang='lat' dir='ltr'><strong>nobis</strong></span> <span class='ocrx_word' id='word_1_332' title='bbox 3687 2688 3840 2735; x_wconf 86' lang='lat' dir='ltr'><strong>sunt:</strong></span> 
     </span>
    </p>
   </div>
   <div class='ocr_carea' id='block_1_28' title="bbox 2257 2770 3037 2844">
    <p class='ocr_par' dir='ltr' id='par_1_28' title="bbox 2257 2770 3037 2844">
     <span class='ocr_line' id='line_1_28' title="bbox 2257 2770 3037 2844; baseline -0.003 -17"><span class='ocrx_word' id='word_1_333' title='bbox 2257 2773 2379 2844; x_wconf 85' lang='lat' dir='ltr'><strong>quis</strong></span> <span class='ocrx_word' id='word_1_334' title='bbox 2409 2780 2595 2828; x_wconf 90' lang='lat' dir='ltr'><strong>noster</strong></span> <span class='ocrx_word' id='word_1_335' title='bbox 2620 2781 2705 2828; x_wconf 86' lang='lat' dir='ltr'><strong>est</strong></span> <span class='ocrx_word' id='word_1_336' title='bbox 2732 2770 2993 2827; x_wconf 89' lang='lat' dir='ltr'><strong>Dominus</strong></span> <span class='ocrx_word' id='word_1_337' title='bbox 3010 2770 3037 2825; x_wconf 83' lang='lat'><strong>?</strong></span> 
     </span>
    </p>
   </div>
   <div class='ocr_carea' id='block_1_29' title="bbox 627 2860 3842 2938">
    <p class='ocr_par' dir='ltr' id='par_1_29' title="bbox 627 2860 3842 2938">
     <span class='ocr_line' id='line_1_29' title="bbox 627 2860 3842 2938; baseline -0.001 -21"><span class='ocrx_word' id='word_1_338' title='bbox 627 2860 851 2934; x_wconf 87' lang='lat' dir='ltr'><strong><em>Propter</em></strong></span> <span class='ocrx_word' id='word_1_339' title='bbox 890 2862 1151 2920; x_wconf 86' lang='lat' dir='ltr'><strong>miseriam</strong></span> <span class='ocrx_word' id='word_1_340' title='bbox 1194 2861 1410 2936; x_wconf 86' lang='lat' dir='ltr'><strong>inopum</strong></span> <span class='ocrx_word' id='word_1_341' title='bbox 1444 2872 1494 2937; x_wconf 86' lang='lat' dir='ltr'><strong>et</strong></span> <span class='ocrx_word' id='word_1_342' title='bbox 1533 2863 1774 2938; x_wconf 83' lang='lat' dir='ltr'><strong>gemitum</strong></span> <span class='ocrx_word' id='word_1_343' title='bbox 1829 2876 2151 2936; x_wconf 75' lang='lat' dir='ltr'><strong>pauperum,</strong></span> <span class='ocrx_word' id='word_1_344' title='bbox 2328 2864 2554 2937; x_wconf 82' lang='lat' dir='ltr'><strong>Propter</strong></span> <span class='ocrx_word' id='word_1_345' title='bbox 2586 2863 2861 2921; x_wconf 85' lang='lat' dir='ltr'><strong>miseriam</strong></span> <span class='ocrx_word' id='word_1_346' title='bbox 2882 2864 3125 2934; x_wconf 86' lang='lat' dir='ltr'><strong>inopum,</strong></span> <span class='ocrx_word' id='word_1_347' title='bbox 3157 2872 3213 2919; x_wconf 89' lang='lat' dir='ltr'><strong>et</strong></span> <span class='ocrx_word' id='word_1_348' title='bbox 3240 2862 3502 2935; x_wconf 82' lang='lat' dir='ltr'><strong>gemitum</strong></span> <span class='ocrx_word' id='word_1_349' title='bbox 3529 2877 3842 2934; x_wconf 80' lang='lat' dir='ltr'><strong>pauperum,</strong></span> 
     </span>
    </p>
   </div>
   <div class='ocr_carea' id='block_1_30' title="bbox 554 2953 3209 3030">
    <p class='ocr_par' dir='ltr' id='par_1_30' title="bbox 554 2953 3209 3030">
     <span class='ocr_line' id='line_1_30' title="bbox 554 2953 3209 3030; baseline -0.002 -17"><span class='ocrx_word' id='word_1_350' title='bbox 554 2972 691 3013; x_wconf 88' lang='lat' dir='ltr'><strong>nunc</strong></span> <span class='ocrx_word' id='word_1_351' title='bbox 717 2972 1016 3030; x_wconf 76' lang='lat' dir='ltr'><strong>exsurgant,</strong></span> <span class='ocrx_word' id='word_1_352' title='bbox 1046 2956 1171 3011; x_wconf 86' lang='lat' dir='ltr'><strong>dicit</strong></span> <span class='ocrx_word' id='word_1_353' title='bbox 1201 2954 1481 3013; x_wconf 82' lang='lat' dir='ltr'><strong>Dominus.</strong></span> <span class='ocrx_word' id='word_1_354' title='bbox 2255 2970 2400 3012; x_wconf 90' lang='lat' dir='ltr'><strong>nunc</strong></span> <span class='ocrx_word' id='word_1_355' title='bbox 2424 2968 2737 3028; x_wconf 77' lang='lat' dir='ltr'><strong>exsurgam,</strong></span> <span class='ocrx_word' id='word_1_356' title='bbox 2766 2954 2901 3012; x_wconf 86' lang='lat' dir='ltr'><strong>dicit</strong></span> <span class='ocrx_word' id='word_1_357' title='bbox 2927 2953 3209 3009; x_wconf 88' lang='lat' dir='ltr'><strong>Dominus.</strong></span> 
     </span>
    </p>
   </div>
   <div class='ocr_carea' id='block_1_31' title="bbox 624 3045 3845 3124">
    <p class='ocr_par' dir='ltr' id='par_1_31' title="bbox 624 3045 3845 3124">
     <span class='ocr_line' id='line_1_31' title="bbox 624 3045 3845 3124; baseline -0.002 -18"><span class='ocrx_word' id='word_1_358' title='bbox 624 3046 830 3106; x_wconf 78' lang='lat' dir='ltr'><strong>Ponant</strong></span> <span class='ocrx_word' id='word_1_359' title='bbox 852 3050 905 3106; x_wconf 91' lang='lat' dir='ltr'><strong>in</strong></span> <span class='ocrx_word' id='word_1_360' title='bbox 936 3048 1157 3105; x_wconf 84' lang='lat' dir='ltr'><strong>salutari</strong></span> <span class='ocrx_word' id='word_1_361' title='bbox 1187 3063 1205 3103; x_wconf 89' lang='lat'><strong><em>:</em></strong></span> <span class='ocrx_word' id='word_1_362' title='bbox 1230 3048 1554 3120; x_wconf 74' lang='lat' dir='ltr'><strong>ﬁducialiter</strong></span> <span class='ocrx_word' id='word_1_363' title='bbox 1578 3065 1733 3124; x_wconf 86' lang='lat' dir='ltr'><strong>agant</strong></span> <span class='ocrx_word' id='word_1_364' title='bbox 1761 3048 1814 3104; x_wconf 88' lang='lat' dir='ltr'><strong>in</strong></span> <span class='ocrx_word' id='word_1_365' title='bbox 1839 3064 1918 3105; x_wconf 92' lang='lat' dir='ltr'><strong><em>eo.</em></strong></span> <span class='ocrx_word' id='word_1_366' title='bbox 2327 3051 2532 3108; x_wconf 85' lang='lat' dir='ltr'><strong>Ponatn</strong></span> <span class='ocrx_word' id='word_1_367' title='bbox 2563 3065 2731 3122; x_wconf 88' lang='lat' dir='ltr'><strong>super</strong></span> <span class='ocrx_word' id='word_1_368' title='bbox 2761 3046 2788 3088; x_wconf 71' lang='grc' dir='ltr'><strong>ιι</strong></span> <span class='ocrx_word' id='word_1_369' title='bbox 2813 3048 3055 3106; x_wconf 84' lang='lat' dir='ltr'><strong>salutare</strong></span> <span class='ocrx_word' id='word_1_370' title='bbox 3077 3061 3259 3106; x_wconf 87' lang='lat' dir='ltr'><strong>meum</strong></span> <span class='ocrx_word' id='word_1_371' title='bbox 3290 3062 3305 3102; x_wconf 89' lang='lat'><strong>:</strong></span> <span class='ocrx_word' id='word_1_372' title='bbox 3338 3045 3675 3105; x_wconf 78' lang='lat' dir='ltr'><strong>ﬁducialiter</strong></span> <span class='ocrx_word' id='word_1_373' title='bbox 3700 3059 3845 3118; x_wconf 74' lang='lat' dir='ltr'><strong>agam</strong></span> 
     </span>
    </p>
   </div>
   <div class='ocr_carea' id='block_1_32' title="bbox 1894 3157 2427 3205">
    <p class='ocr_par' dir='ltr' id='par_1_32' title="bbox 1894 3157 2427 3205">
     <span class='ocr_line' id='line_1_32' title="bbox 1894 3157 2427 3205; baseline -0.013 0"><span class='ocrx_word' id='word_1_374' title='bbox 1894 3200 1899 3205; x_wconf 91' lang='lat'><strong>.</strong></span> <span class='ocrx_word' id='word_1_375' title='bbox 2258 3159 2313 3199; x_wconf 87' lang='grc' dir='ltr'><strong>ιη</strong></span> <span class='ocrx_word' id='word_1_376' title='bbox 2338 3157 2427 3200; x_wconf 90' lang='lat' dir='ltr'><strong>eo.</strong></span> 
     </span>
    </p>
   </div>
   <div class='ocr_carea' id='block_1_33' title="bbox 628 3222 3849 3312">
    <p class='ocr_par' dir='ltr' id='par_1_33' title="bbox 628 3222 3849 3312">
     <span class='ocr_line' id='line_1_33' title="bbox 628 3222 3849 3312; baseline 0 -31"><span class='ocrx_word' id='word_1_377' title='bbox 628 3223 852 3298; x_wconf 81' lang='lat' dir='ltr'><strong>Eloquia</strong></span> <span class='ocrx_word' id='word_1_378' title='bbox 878 3222 1111 3305; x_wconf 88' lang='lat' dir='ltr'><strong>Domini,</strong></span> <span class='ocrx_word' id='word_1_379' title='bbox 1141 3225 1346 3297; x_wconf 85' lang='lat' dir='ltr'><strong>eloquia</strong></span> <span class='ocrx_word' id='word_1_380' title='bbox 1374 3235 1523 3283; x_wconf 87' lang='lat' dir='ltr'><strong>casta</strong></span> <span class='ocrx_word' id='word_1_381' title='bbox 1543 3241 1562 3281; x_wconf 89' lang='lat'><strong><em>:</em></strong></span> <span class='ocrx_word' id='word_1_382' title='bbox 1583 3236 1856 3301; x_wconf 89' lang='lat' dir='ltr'><strong>argentum</strong></span> <span class='ocrx_word' id='word_1_383' title='bbox 1879 3228 1998 3300; x_wconf 86' lang='lat' dir='ltr'><strong>igne</strong></span> <span class='ocrx_word' id='word_1_384' title='bbox 2021 3243 2147 3285; x_wconf 68' lang='grc' dir='ltr'><strong>επα-</strong></span> <span class='ocrx_word' id='word_1_385' title='bbox 2179 3247 2227 3312; x_wconf 78' lang='lat' dir='ltr'>C</span> <span class='ocrx_word' id='word_1_386' title='bbox 2329 3233 2558 3306; x_wconf 83' lang='lat' dir='ltr'><strong>Eloquia</strong></span> <span class='ocrx_word' id='word_1_387' title='bbox 2594 3234 2832 3303; x_wconf 88' lang='lat' dir='ltr'><strong>Domini,</strong></span> <span class='ocrx_word' id='word_1_388' title='bbox 2882 3232 3098 3306; x_wconf 82' lang='lat' dir='ltr'><strong>eloquia</strong></span> <span class='ocrx_word' id='word_1_389' title='bbox 3144 3243 3297 3290; x_wconf 83' lang='lat' dir='ltr'><strong>costa</strong></span> <span class='ocrx_word' id='word_1_390' title='bbox 3331 3251 3344 3287; x_wconf 87' lang='lat'><strong>:</strong></span> <span class='ocrx_word' id='word_1_391' title='bbox 3394 3241 3705 3305; x_wconf 72' lang='lat' dir='ltr'><strong>argentum,</strong></span> <span class='ocrx_word' id='word_1_392' title='bbox 3739 3233 3849 3304; x_wconf 73' lang='lat' dir='ltr'><strong>ig..e</strong></span> 
     </span>
    </p>
   </div>
   <div class='ocr_carea' id='block_1_34' title="bbox 552 3316 3527 3399">
    <p class='ocr_par' dir='ltr' id='par_1_34' title="bbox 552 3316 3527 3399">
     <span class='ocr_line' id='line_1_34' title="bbox 552 3316 3527 3399; baseline 0.002 -27"><span class='ocrx_word' id='word_1_393' title='bbox 552 3317 833 3384; x_wconf 86' lang='lat' dir='ltr'><strong>minatum,</strong></span> <span class='ocrx_word' id='word_1_394' title='bbox 868 3316 1141 3387; x_wconf 86' lang='lat' dir='ltr'><strong>probatum</strong></span> <span class='ocrx_word' id='word_1_395' title='bbox 1171 3328 1194 3356; x_wconf 72' lang='grc' dir='ltr'><strong>ο</strong></span> <span class='ocrx_word' id='word_1_396' title='bbox 1223 3329 1395 3386; x_wconf 66' lang='lat' dir='ltr'><strong>terror,</strong></span> <span class='ocrx_word' id='word_1_397' title='bbox 1422 3330 1706 3392; x_wconf 87' lang='lat' dir='ltr'><strong>purgatum</strong></span> <span class='ocrx_word' id='word_1_398' title='bbox 1724 3322 2039 3392; x_wconf 66' lang='lat' dir='ltr'><strong>srptuplunt.</strong></span> <span class='ocrx_word' id='word_1_399' title='bbox 2251 3327 2620 3383; x_wconf 80' lang='lat' dir='ltr'><strong>examinatum</strong></span> <span class='ocrx_word' id='word_1_400' title='bbox 2648 3336 2843 3396; x_wconf 70' lang='lat' dir='ltr'><strong>terrm,</strong></span> <span class='ocrx_word' id='word_1_401' title='bbox 2870 3337 3159 3399; x_wconf 73' lang='lat' dir='ltr'><strong>purgatum</strong></span> <span class='ocrx_word' id='word_1_402' title='bbox 3189 3326 3527 3397; x_wconf 83' lang='lat' dir='ltr'><strong>septnplum.</strong></span> 
     </span>
    </p>
   </div>
   <div class='ocr_carea' id='block_1_35' title="bbox 628 3406 3851 3492">
    <p class='ocr_par' dir='ltr' id='par_1_35' title="bbox 628 3406 3851 3492">
     <span class='ocr_line' id='line_1_35' title="bbox 628 3406 3851 3492; baseline 0.003 -28"><span class='ocrx_word' id='word_1_403' title='bbox 628 3407 728 3477; x_wconf 85' lang='lat' dir='ltr'><strong>Tu,</strong></span> <span class='ocrx_word' id='word_1_404' title='bbox 754 3406 996 3477; x_wconf 86' lang='lat' dir='ltr'><strong>Domine,</strong></span> <span class='ocrx_word' id='word_1_405' title='bbox 1026 3410 1251 3465; x_wconf 79' lang='lat' dir='ltr'><strong>serrast</strong></span> <span class='ocrx_word' id='word_1_406' title='bbox 1273 3426 1390 3478; x_wconf 91' lang='lat' dir='ltr'><strong>nos,</strong></span> <span class='ocrx_word' id='word_1_407' title='bbox 1408 3419 1457 3465; x_wconf 91' lang='lat' dir='ltr'><strong>et</strong></span> <span class='ocrx_word' id='word_1_408' title='bbox 1482 3411 1743 3469; x_wconf 71' lang='lat' dir='ltr'><strong>custodias</strong></span> <span class='ocrx_word' id='word_1_409' title='bbox 1792 3430 1888 3469; x_wconf 88' lang='lat' dir='ltr'><strong>nos</strong></span> <span class='ocrx_word' id='word_1_410' title='bbox 1938 3430 1970 3469; x_wconf 90' lang='lat' dir='ltr'><strong>a</strong></span> <span class='ocrx_word' id='word_1_411' title='bbox 1994 3428 2148 3486; x_wconf 84' lang='lat' dir='ltr'><strong>gene-</strong></span> <span class='ocrx_word' id='word_1_412' title='bbox 2326 3418 2429 3489; x_wconf 90' lang='lat' dir='ltr'><strong>Tu,</strong></span> <span class='ocrx_word' id='word_1_413' title='bbox 2460 3418 2978 3486; x_wconf 78' lang='lat' dir='ltr'><strong>Domine,servaltis</strong></span> <span class='ocrx_word' id='word_1_414' title='bbox 2993 3428 3161 3476; x_wconf 88' lang='lat' dir='ltr'><strong>noset</strong></span> <span class='ocrx_word' id='word_1_415' title='bbox 3189 3417 3466 3476; x_wconf 81' lang='lat' dir='ltr'><strong>custodies</strong></span> <span class='ocrx_word' id='word_1_416' title='bbox 3495 3433 3619 3487; x_wconf 88' lang='lat' dir='ltr'><strong>nos,</strong></span> <span class='ocrx_word' id='word_1_417' title='bbox 3649 3433 3851 3492; x_wconf 78' lang='lat' dir='ltr'><strong>agone-</strong></span> 
     </span>
    </p>
   </div>
   <div class='ocr_carea' id='block_1_36' title="bbox 551 3500 3347 3584">
    <p class='ocr_par' dir='ltr' id='par_1_36' title="bbox 551 3500 3347 3584">
     <span class='ocr_line' id='line_1_36' title="bbox 551 3500 3347 3584; baseline 0.003 -25"><span class='ocrx_word' id='word_1_418' title='bbox 551 3500 755 3555; x_wconf 84' lang='lat' dir='ltr'><strong>ratione</strong></span> <span class='ocrx_word' id='word_1_419' title='bbox 784 3500 881 3554; x_wconf 81' lang='lat' dir='ltr'><strong>hac</strong></span> <span class='ocrx_word' id='word_1_420' title='bbox 905 3500 958 3554; x_wconf 84' lang='lat' dir='ltr'><strong>in</strong></span> <span class='ocrx_word' id='word_1_421' title='bbox 984 3511 1257 3557; x_wconf 66' lang='lat' dir='ltr'><strong>aeternum.</strong></span> <span class='ocrx_word' id='word_1_422' title='bbox 2249 3510 2469 3568; x_wconf 86' lang='lat' dir='ltr'><strong>ratione</strong></span> <span class='ocrx_word' id='word_1_423' title='bbox 2495 3510 2597 3569; x_wconf 83' lang='lat' dir='ltr'><strong>hac</strong></span> <span class='ocrx_word' id='word_1_424' title='bbox 2628 3512 2681 3566; x_wconf 89' lang='lat' dir='ltr'><strong>in</strong></span> <span class='ocrx_word' id='word_1_425' title='bbox 2714 3509 2845 3584; x_wconf 59' lang='grc' dir='ltr'><strong>[Ωιι.</strong></span> <span class='ocrx_word' id='word_1_426' title='bbox 2874 3521 2931 3568; x_wconf 88' lang='lat' dir='ltr'><strong>et</strong></span> <span class='ocrx_word' id='word_1_427' title='bbox 2954 3508 3032 3582; x_wconf 89' lang='lat' dir='ltr'><strong>in]</strong></span> <span class='ocrx_word' id='word_1_428' title='bbox 3060 3519 3347 3568; x_wconf 75' lang='lat' dir='ltr'><strong>aeternum.</strong></span> 
     </span>
    </p>
   </div>
   <div class='ocr_carea' id='block_1_37' title="bbox 624 3593 3848 3671">
    <p class='ocr_par' dir='ltr' id='par_1_37' title="bbox 624 3593 3848 3671">
     <span class='ocr_line' id='line_1_37' title="bbox 624 3593 3848 3671; baseline 0.003 -23"><span class='ocrx_word' id='word_1_429' title='bbox 624 3593 695 3648; x_wconf 86' lang='lat' dir='ltr'><strong>In</strong></span> <span class='ocrx_word' id='word_1_430' title='bbox 716 3593 936 3649; x_wconf 79' lang='lat' dir='ltr'><strong>circuitu</strong></span> <span class='ocrx_word' id='word_1_431' title='bbox 966 3594 1117 3666; x_wconf 78' lang='lat' dir='ltr'><strong>inspii</strong></span> <span class='ocrx_word' id='word_1_432' title='bbox 1149 3593 1416 3650; x_wconf 85' lang='lat' dir='ltr'><strong>ambulant</strong></span> <span class='ocrx_word' id='word_1_433' title='bbox 1446 3595 1778 3653; x_wconf 83' lang='lat' dir='ltr'><strong>:secundum</strong></span> <span class='ocrx_word' id='word_1_434' title='bbox 1817 3594 2148 3655; x_wconf 82' lang='lat' dir='ltr'><strong>altitudinem</strong></span> <span class='ocrx_word' id='word_1_435' title='bbox 2198 3624 2203 3631; x_wconf 91' lang='grc'><strong>·</strong></span> <span class='ocrx_word' id='word_1_436' title='bbox 2319 3602 2377 3659; x_wconf 86' lang='lat' dir='ltr'><strong>In</strong></span> <span class='ocrx_word' id='word_1_437' title='bbox 2404 3603 2637 3660; x_wconf 85' lang='lat' dir='ltr'><strong>circuitu</strong></span> <span class='ocrx_word' id='word_1_438' title='bbox 2679 3603 2831 3671; x_wconf 89' lang='lat' dir='ltr'><strong>impii</strong></span> <span class='ocrx_word' id='word_1_439' title='bbox 2858 3600 2876 3641; x_wconf 73' lang='grc' dir='ltr'><strong>ι</strong></span> <span class='ocrx_word' id='word_1_440' title='bbox 2918 3603 3202 3661; x_wconf 83' lang='lat' dir='ltr'><strong>ambulant</strong></span> <span class='ocrx_word' id='word_1_441' title='bbox 3233 3620 3248 3657; x_wconf 89' lang='lat'><strong>:</strong></span> <span class='ocrx_word' id='word_1_442' title='bbox 3279 3601 3581 3660; x_wconf 88' lang='lat' dir='ltr'><strong>secundum</strong></span> <span class='ocrx_word' id='word_1_443' title='bbox 3609 3602 3848 3661; x_wconf 45' lang='lat' dir='ltr'><strong>altitudie</strong></span> 
     </span>
    </p>
   </div>
   <div class='ocr_carea' id='block_1_38' title="bbox 551 3691 3460 3768">
    <p class='ocr_par' dir='ltr' id='par_1_38' title="bbox 551 3691 3460 3768">
     <span class='ocr_line' id='line_1_38' title="bbox 551 3691 3460 3768; baseline 0.001 -19"><span class='ocrx_word' id='word_1_444' title='bbox 551 3704 693 3749; x_wconf 85' lang='lat' dir='ltr'><strong>tuam</strong></span> <span class='ocrx_word' id='word_1_445' title='bbox 715 3692 1071 3767; x_wconf 86' lang='lat' dir='ltr'><strong>multiplicasti</strong></span> <span class='ocrx_word' id='word_1_446' title='bbox 1095 3694 1235 3766; x_wconf 77' lang='lat' dir='ltr'><strong>ﬁlios</strong></span> <span class='ocrx_word' id='word_1_447' title='bbox 1262 3691 1557 3750; x_wconf 80' lang='lat' dir='ltr'><strong>hominum.</strong></span> <span class='ocrx_word' id='word_1_448' title='bbox 2253 3711 2375 3754; x_wconf 90' lang='lat' dir='ltr'><strong>nem</strong></span> <span class='ocrx_word' id='word_1_449' title='bbox 2406 3705 2551 3753; x_wconf 88' lang='lat' dir='ltr'><strong>tuam</strong></span> <span class='ocrx_word' id='word_1_450' title='bbox 2575 3696 2947 3768; x_wconf 88' lang='lat' dir='ltr'><strong>multiplicasti</strong></span> <span class='ocrx_word' id='word_1_451' title='bbox 2979 3696 3122 3755; x_wconf 81' lang='lat' dir='ltr'><strong>ﬁlios</strong></span> <span class='ocrx_word' id='word_1_452' title='bbox 3150 3694 3460 3754; x_wconf 82' lang='lat' dir='ltr'><strong>hominum.</strong></span> 
     </span>
    </p>
   </div>
   <div class='ocr_carea' id='block_1_39' title="bbox 1925 3790 2493 3855">
    <p class='ocr_par' dir='ltr' id='par_1_39' title="bbox 1925 3790 2493 3855">
     <span class='ocr_line' id='line_1_39' title="bbox 1925 3790 2493 3855; baseline 0 -3"><span class='ocrx_word' id='word_1_453' title='bbox 1925 3790 2284 3855; x_wconf 84' lang='lat' dir='ltr'><strong>PSALMUS</strong></span> <span class='ocrx_word' id='word_1_454' title='bbox 2325 3790 2493 3854; x_wconf 78' lang='lat' dir='ltr'><strong>XII.‘</strong></span> 
     </span>
    </p>
   </div>
   <div class='ocr_carea' id='block_1_40' title="bbox 955 3892 3711 3967">
    <p class='ocr_par' dir='ltr' id='par_1_40' title="bbox 955 3892 3711 3967">
     <span class='ocr_line' id='line_1_40' title="bbox 955 3892 3711 3967; baseline 0.001 -20"><span class='ocrx_word' id='word_1_455' title='bbox 955 3906 1009 3948; x_wconf 70' lang='lat' dir='ltr'><strong>lli</strong></span> <span class='ocrx_word' id='word_1_456' title='bbox 1046 3906 1238 3958; x_wconf 73' lang='lat' dir='ltr'><strong>rtxsu,</strong></span> <span class='ocrx_word' id='word_1_457' title='bbox 1279 3905 1515 3949; x_wconf 72' lang='lat' dir='ltr'><strong>PSALIUS</strong></span> <span class='ocrx_word' id='word_1_458' title='bbox 1551 3907 1734 3950; x_wconf 72' lang='lat' dir='ltr'><strong>DAVlD.</strong></span> <span class='ocrx_word' id='word_1_459' title='bbox 2395 3909 2448 3950; x_wconf 78' lang='lat' dir='ltr'><strong>tn</strong></span> <span class='ocrx_word' id='word_1_460' title='bbox 2486 3908 2672 3961; x_wconf 76' lang='lat' dir='ltr'><strong>rtnsu,</strong></span> <span class='ocrx_word' id='word_1_461' title='bbox 2713 3908 2950 3950; x_wconf 70' lang='lat' dir='ltr'><strong>rssLuus</strong></span> <span class='ocrx_word' id='word_1_462' title='bbox 2986 3908 3148 3949; x_wconf 78' lang='lat' dir='ltr'><strong>nmo</strong></span> <span class='ocrx_word' id='word_1_463' title='bbox 3187 3892 3316 3967; x_wconf 76' lang='lat' dir='ltr'><strong>[Ms.</strong></span> <span class='ocrx_word' id='word_1_464' title='bbox 3358 3908 3459 3951; x_wconf 78' lang='lat' dir='ltr'><strong>IPSI</strong></span> <span class='ocrx_word' id='word_1_465' title='bbox 3496 3892 3711 3966; x_wconf 57' lang='grc' dir='ltr'><strong>ουτω.</strong></span> 
     </span>
    </p>
   </div>
   <div class='ocr_carea' id='block_1_41' title="bbox 627 3990 3849 4079">
    <p class='ocr_par' dir='ltr' id='par_1_41' title="bbox 627 3990 3849 4079">
     <span class='ocr_line' id='line_1_41' title="bbox 627 3990 3849 4079; baseline -0.001 -19"><span class='ocrx_word' id='word_1_466' title='bbox 627 4002 923 4077; x_wconf 82' lang='lat' dir='ltr'><strong>Usgueguo,</strong></span> <span class='ocrx_word' id='word_1_467' title='bbox 954 4002 974 4043; x_wconf 70' lang='grc' dir='ltr'>ί</span> <span class='ocrx_word' id='word_1_468' title='bbox 1007 4001 1260 4071; x_wconf 84' lang='lat' dir='ltr'><strong>Domine,</strong></span> <span class='ocrx_word' id='word_1_469' title='bbox 1300 3990 1617 4062; x_wconf 63' lang='lat' dir='ltr'><strong>obliviscelis</strong></span> <span class='ocrx_word' id='word_1_470' title='bbox 1652 4021 1734 4063; x_wconf 89' lang='lat' dir='ltr'><strong>me</strong></span> <span class='ocrx_word' id='word_1_471' title='bbox 1758 4006 1811 4061; x_wconf 91' lang='lat' dir='ltr'><strong>in</strong></span> <span class='ocrx_word' id='word_1_472' title='bbox 1837 4006 2039 4079; x_wconf 75' lang='lat' dir='ltr'><strong>linem?</strong></span> <span class='ocrx_word' id='word_1_473' title='bbox 2062 4024 2150 4064; x_wconf 88' lang='lat' dir='ltr'><strong>us-</strong></span> <span class='ocrx_word' id='word_1_474' title='bbox 2329 4003 2620 4078; x_wconf 82' lang='lat' dir='ltr'><strong>Usquequo</strong></span> <span class='ocrx_word' id='word_1_475' title='bbox 2642 4046 2659 4074; x_wconf 94' lang='lat'><strong>,</strong></span> <span class='ocrx_word' id='word_1_476' title='bbox 2707 4004 2957 4072; x_wconf 89' lang='lat' dir='ltr'><strong>Domine,</strong></span> <span class='ocrx_word' id='word_1_477' title='bbox 3010 3993 3353 4064; x_wconf 82' lang='lat' dir='ltr'><strong>Oblivisceris</strong></span> <span class='ocrx_word' id='word_1_478' title='bbox 3395 4023 3484 4064; x_wconf 87' lang='lat' dir='ltr'><strong>me</strong></span> <span class='ocrx_word' id='word_1_479' title='bbox 3539 4008 3592 4063; x_wconf 93' lang='lat' dir='ltr'><strong>in</strong></span> <span class='ocrx_word' id='word_1_480' title='bbox 3643 4007 3808 4063; x_wconf 74' lang='lat' dir='ltr'><strong>ﬁttcm</strong></span> <span class='ocrx_word' id='word_1_481' title='bbox 3838 4023 3849 4058; x_wconf 92' lang='lat'><strong>:</strong></span> 
     </span>
    </p>
   </div>
   <div class='ocr_carea' id='block_1_42' title="bbox 552 4094 3855 4172">
    <p class='ocr_par' dir='ltr' id='par_1_42' title="bbox 552 4094 3855 4172">
     <span class='ocr_line' id='line_1_42' title="bbox 552 4094 3855 4172; baseline 0.002 -24"><span class='ocrx_word' id='word_1_482' title='bbox 552 4110 751 4167; x_wconf 79' lang='lat' dir='ltr'><strong>queque</strong></span> <span class='ocrx_word' id='word_1_483' title='bbox 776 4094 963 4151; x_wconf 77' lang='lat' dir='ltr'><strong>avertis</strong></span> <span class='ocrx_word' id='word_1_484' title='bbox 985 4095 1168 4167; x_wconf 81' lang='lat' dir='ltr'><strong>facient</strong></span> <span class='ocrx_word' id='word_1_485' title='bbox 1194 4104 1338 4151; x_wconf 86' lang='lat' dir='ltr'><strong>tuam</strong></span> <span class='ocrx_word' id='word_1_486' title='bbox 1365 4114 1396 4151; x_wconf 88' lang='lat' dir='ltr'><strong>a</strong></span> <span class='ocrx_word' id='word_1_487' title='bbox 1422 4113 1504 4154; x_wconf 87' lang='lat' dir='ltr'><strong>me</strong></span> <span class='ocrx_word' id='word_1_488' title='bbox 1526 4099 1553 4153; x_wconf 81' lang='lat'><strong><em>?</em></strong></span> <span class='ocrx_word' id='word_1_489' title='bbox 2252 4113 2538 4171; x_wconf 81' lang='lat' dir='ltr'><strong>quousque</strong></span> <span class='ocrx_word' id='word_1_490' title='bbox 2565 4096 2694 4172; x_wconf 72' lang='grc' dir='ltr'><strong>[Μι.</strong></span> <span class='ocrx_word' id='word_1_491' title='bbox 2720 4097 3025 4172; x_wconf 86' lang='lat' dir='ltr'><strong>usquequo]</strong></span> <span class='ocrx_word' id='word_1_492' title='bbox 3053 4098 3258 4156; x_wconf 81' lang='lat' dir='ltr'><strong>avertis</strong></span> <span class='ocrx_word' id='word_1_493' title='bbox 3283 4098 3470 4157; x_wconf 81' lang='lat' dir='ltr'><strong>faciem</strong></span> <span class='ocrx_word' id='word_1_494' title='bbox 3499 4108 3649 4157; x_wconf 86' lang='lat' dir='ltr'><strong>tuam</strong></span> <span class='ocrx_word' id='word_1_495' title='bbox 3666 4116 3699 4155; x_wconf 86' lang='lat' dir='ltr'><strong>a</strong></span> <span class='ocrx_word' id='word_1_496' title='bbox 3732 4100 3855 4157; x_wconf 79' lang='lat' dir='ltr'><strong>me?</strong></span> 
     </span>
    </p>
   </div>
   <div class='ocr_carea' id='block_1_43' title="bbox 626 4186 3854 4267">
    <p class='ocr_par' dir='ltr' id='par_1_43' title="bbox 626 4186 3854 4267">
     <span class='ocr_line' id='line_1_43' title="bbox 626 4186 3854 4267; baseline 0.002 -26"><span class='ocrx_word' id='word_1_497' title='bbox 626 4186 889 4255; x_wconf 80' lang='lat' dir='ltr'><strong>Quamdiu</strong></span> <span class='ocrx_word' id='word_1_498' title='bbox 929 4202 1121 4259; x_wconf 86' lang='lat' dir='ltr'><strong>ponant</strong></span> <span class='ocrx_word' id='word_1_499' title='bbox 1147 4187 1367 4244; x_wconf 88' lang='lat' dir='ltr'><strong>consilia</strong></span> <span class='ocrx_word' id='word_1_500' title='bbox 1406 4188 1462 4244; x_wconf 87' lang='lat' dir='ltr'><strong>in</strong></span> <span class='ocrx_word' id='word_1_501' title='bbox 1497 4188 1673 4244; x_wconf 90' lang='lat' dir='ltr'><strong>anima</strong></span> <span class='ocrx_word' id='word_1_502' title='bbox 1713 4204 1827 4246; x_wconf 85' lang='lat' dir='ltr'><strong>mea</strong></span> <span class='ocrx_word' id='word_1_503' title='bbox 1856 4204 1877 4245; x_wconf 90' lang='lat'><strong><em>:</em></strong></span> <span class='ocrx_word' id='word_1_504' title='bbox 1913 4187 2149 4245; x_wconf 82' lang='lat' dir='ltr'><strong>dolorem</strong></span> <span class='ocrx_word' id='word_1_505' title='bbox 2323 4192 2591 4262; x_wconf 80' lang='lat' dir='ltr'><strong>Quamdiu</strong></span> <span class='ocrx_word' id='word_1_506' title='bbox 2614 4207 2813 4264; x_wconf 88' lang='lat' dir='ltr'><strong>ponam</strong></span> <span class='ocrx_word' id='word_1_507' title='bbox 2834 4192 3123 4250; x_wconf 87' lang='lat' dir='ltr'><strong>consilium</strong></span> <span class='ocrx_word' id='word_1_508' title='bbox 3144 4192 3196 4248; x_wconf 90' lang='lat' dir='ltr'><strong>in</strong></span> <span class='ocrx_word' id='word_1_509' title='bbox 3219 4192 3399 4249; x_wconf 82' lang='lat' dir='ltr'><strong>anima</strong></span> <span class='ocrx_word' id='word_1_510' title='bbox 3428 4208 3547 4250; x_wconf 87' lang='lat' dir='ltr'><strong>mea</strong></span> <span class='ocrx_word' id='word_1_511' title='bbox 3572 4192 3709 4267; x_wconf 66' lang='grc' dir='ltr'><strong>[Νι.</strong></span> <span class='ocrx_word' id='word_1_512' title='bbox 3735 4194 3854 4249; x_wconf 76' lang='lat' dir='ltr'><strong>atii-</strong></span> 
     </span>
    </p>
   </div>
   <div class='ocr_carea' id='block_1_44' title="bbox 550 4278 3716 4357">
    <p class='ocr_par' dir='ltr' id='par_1_44' title="bbox 550 4278 3716 4357">
     <span class='ocr_line' id='line_1_44' title="bbox 550 4278 3716 4357; baseline 0.002 -24"><span class='ocrx_word' id='word_1_513' title='bbox 550 4280 604 4334; x_wconf 87' lang='lat' dir='ltr'><strong>in</strong></span> <span class='ocrx_word' id='word_1_514' title='bbox 624 4278 779 4334; x_wconf 88' lang='lat' dir='ltr'><strong>corde</strong></span> <span class='ocrx_word' id='word_1_515' title='bbox 805 4295 919 4335; x_wconf 90' lang='lat' dir='ltr'><strong>meo</strong></span> <span class='ocrx_word' id='word_1_516' title='bbox 947 4296 1037 4351; x_wconf 93' lang='lat' dir='ltr'><strong>per</strong></span> <span class='ocrx_word' id='word_1_517' title='bbox 1058 4280 1193 4336; x_wconf 86' lang='lat' dir='ltr'><strong>diem</strong></span> <span class='ocrx_word' id='word_1_518' title='bbox 1214 4281 1241 4337; x_wconf 74' lang='grc' dir='ltr'><em>γ</em></span> <span class='ocrx_word' id='word_1_519' title='bbox 2251 4299 2394 4341; x_wconf 85' lang='lat' dir='ltr'><strong>mam</strong></span> <span class='ocrx_word' id='word_1_520' title='bbox 2425 4281 2625 4357; x_wconf 83' lang='lat' dir='ltr'><strong>meum]</strong></span> <span class='ocrx_word' id='word_1_521' title='bbox 2651 4299 2666 4337; x_wconf 87' lang='lat'><strong>:</strong></span> <span class='ocrx_word' id='word_1_522' title='bbox 2699 4281 2946 4340; x_wconf 76' lang='lat' dir='ltr'><strong>dolorem</strong></span> <span class='ocrx_word' id='word_1_523' title='bbox 2979 4283 3033 4339; x_wconf 90' lang='lat' dir='ltr'><strong>in</strong></span> <span class='ocrx_word' id='word_1_524' title='bbox 3065 4283 3229 4340; x_wconf 87' lang='lat' dir='ltr'><strong>corde</strong></span> <span class='ocrx_word' id='word_1_525' title='bbox 3251 4298 3374 4340; x_wconf 89' lang='lat' dir='ltr'><strong>meo</strong></span> <span class='ocrx_word' id='word_1_526' title='bbox 3404 4298 3502 4355; x_wconf 89' lang='lat' dir='ltr'><strong>per</strong></span> <span class='ocrx_word' id='word_1_527' title='bbox 3524 4282 3716 4340; x_wconf 78' lang='lat' dir='ltr'><strong>diem?</strong></span> 
     </span>
    </p>
   </div>
   <div class='ocr_carea' id='block_1_45' title="bbox 625 4369 3858 4449">
    <p class='ocr_par' dir='ltr' id='par_1_45' title="bbox 625 4369 3858 4449">
     <span class='ocr_line' id='line_1_45' title="bbox 625 4369 3858 4449; baseline 0.001 -22"><span class='ocrx_word' id='word_1_528' title='bbox 625 4369 901 4443; x_wconf 78' lang='lat' dir='ltr'><strong>Usqueqno</strong></span> <span class='ocrx_word' id='word_1_529' title='bbox 925 4372 1241 4428; x_wconf 72' lang='lat' dir='ltr'><strong>exaltabitur</strong></span> <span class='ocrx_word' id='word_1_530' title='bbox 1261 4372 1501 4429; x_wconf 86' lang='lat' dir='ltr'><strong>inimicus</strong></span> <span class='ocrx_word' id='word_1_531' title='bbox 1529 4389 1672 4430; x_wconf 88' lang='lat' dir='ltr'><strong>meus</strong></span> <span class='ocrx_word' id='word_1_532' title='bbox 1692 4389 1848 4445; x_wconf 88' lang='lat' dir='ltr'><strong>super</strong></span> <span class='ocrx_word' id='word_1_533' title='bbox 1872 4376 1993 4431; x_wconf 81' lang='lat' dir='ltr'><strong>me?</strong></span> <span class='ocrx_word' id='word_1_534' title='bbox 2017 4374 2143 4434; x_wconf 86' lang='lat' dir='ltr'><strong>Res-</strong></span> <span class='ocrx_word' id='word_1_535' title='bbox 2321 4376 2615 4449; x_wconf 88' lang='lat' dir='ltr'><strong>Usquequo</strong></span> <span class='ocrx_word' id='word_1_536' title='bbox 2642 4377 2972 4435; x_wconf 78' lang='lat' dir='ltr'><strong>exaltabitur</strong></span> <span class='ocrx_word' id='word_1_537' title='bbox 3020 4377 3275 4434; x_wconf 89' lang='lat' dir='ltr'><strong>inimicus</strong></span> <span class='ocrx_word' id='word_1_538' title='bbox 3324 4393 3482 4434; x_wconf 90' lang='lat' dir='ltr'><strong>meus</strong></span> <span class='ocrx_word' id='word_1_539' title='bbox 3520 4392 3693 4449; x_wconf 87' lang='lat' dir='ltr'><strong>super</strong></span> <span class='ocrx_word' id='word_1_540' title='bbox 3723 4394 3813 4434; x_wconf 87' lang='lat' dir='ltr'><strong>me</strong></span> <span class='ocrx_word' id='word_1_541' title='bbox 3835 4378 3858 4431; x_wconf 76' lang='lat' dir='ltr'><strong>l</strong></span> 
     </span>
    </p>
   </div>
   <div class='ocr_carea' id='block_1_46' title="bbox 549 4452 3597 4541">
    <p class='ocr_par' dir='ltr' id='par_1_46' title="bbox 549 4452 3597 4541">
     <span class='ocr_line' id='line_1_46' title="bbox 549 4452 3597 4541; baseline 0.002 -22"><span class='ocrx_word' id='word_1_542' title='bbox 549 4463 662 4535; x_wconf 87' lang='lat' dir='ltr'><strong>pice</strong></span> <span class='ocrx_word' id='word_1_543' title='bbox 694 4478 748 4519; x_wconf 54' lang='grc' dir='ltr'><strong>-θ</strong></span> <span class='ocrx_word' id='word_1_544' title='bbox 789 4475 839 4520; x_wconf 89' lang='lat' dir='ltr'><strong><em>et</em></strong></span> <span class='ocrx_word' id='word_1_545' title='bbox 871 4464 893 4534; x_wconf 92' lang='lat'><strong>1</strong></span> <span class='ocrx_word' id='word_1_546' title='bbox 920 4465 1112 4521; x_wconf 69' lang='lat' dir='ltr'><strong>exaudi</strong></span> <span class='ocrx_word' id='word_1_547' title='bbox 1135 4481 1238 4532; x_wconf 87' lang='lat' dir='ltr'><strong>me,</strong></span> <span class='ocrx_word' id='word_1_548' title='bbox 1267 4464 1488 4522; x_wconf 89' lang='lat' dir='ltr'><strong>Domine</strong></span> <span class='ocrx_word' id='word_1_549' title='bbox 1520 4464 1664 4523; x_wconf 86' lang='lat' dir='ltr'><strong>Deus</strong></span> <span class='ocrx_word' id='word_1_550' title='bbox 1684 4482 1847 4524; x_wconf 87' lang='lat' dir='ltr'><strong>nteus.</strong></span> <span class='ocrx_word' id='word_1_551' title='bbox 1873 4477 1899 4516; x_wconf 74' lang='grc' dir='ltr'>ε</span> <span class='ocrx_word' id='word_1_552' title='bbox 2144 4452 2150 4457; x_wconf 64' lang='grc'><em>’</em></span> <span class='ocrx_word' id='word_1_553' title='bbox 2242 4468 2480 4541; x_wconf 83' lang='lat' dir='ltr'><strong>Respice</strong></span> <span class='ocrx_word' id='word_1_554' title='bbox 2506 4484 2519 4523; x_wconf 92' lang='lat'>:</span> <span class='ocrx_word' id='word_1_555' title='bbox 2550 4478 2605 4525; x_wconf 93' lang='lat' dir='ltr'><strong>et</strong></span> <span class='ocrx_word' id='word_1_556' title='bbox 2633 4469 2830 4525; x_wconf 80' lang='lat' dir='ltr'><strong>exaudi</strong></span> <span class='ocrx_word' id='word_1_557' title='bbox 2858 4482 2968 4536; x_wconf 88' lang='lat' dir='ltr'><strong>me,</strong></span> <span class='ocrx_word' id='word_1_558' title='bbox 2990 4467 3220 4526; x_wconf 90' lang='lat' dir='ltr'><strong>Domine</strong></span> <span class='ocrx_word' id='word_1_559' title='bbox 3248 4468 3391 4525; x_wconf 90' lang='lat' dir='ltr'><strong>Deus</strong></span> <span class='ocrx_word' id='word_1_560' title='bbox 3421 4483 3597 4526; x_wconf 87' lang='lat' dir='ltr'><strong>mens.</strong></span> 
     </span>
    </p>
   </div>
   <div class='ocr_carea' id='block_1_47' title="bbox 621 4602 3856 4696">
    <p class='ocr_par' dir='ltr' id='par_1_47' title="bbox 621 4602 3856 4696">
     <span class='ocr_line' id='line_1_47' title="bbox 621 4602 3856 4696; baseline 0 -38"><span class='ocrx_word' id='word_1_561' title='bbox 621 4612 648 4642; x_wconf 78' lang='grc' dir='ltr'>ι</span> <span class='ocrx_word' id='word_1_562' title='bbox 677 4602 904 4696; x_wconf 59' lang='lat' dir='ltr'><strong>Videtur</strong></span> <span class='ocrx_word' id='word_1_563' title='bbox 932 4604 1195 4696; x_wconf 59' lang='lat' dir='ltr'><strong>asterisco</strong></span> <span class='ocrx_word' id='word_1_564' title='bbox 1239 4603 1620 4696; x_wconf 65' lang='lat' dir='ltr'><strong>illustrandum</strong></span> <span class='ocrx_word' id='word_1_565' title='bbox 1659 4621 1961 4678; x_wconf 88' lang='lat' dir='ltr'><strong>pronomen</strong></span> <span class='ocrx_word' id='word_1_566' title='bbox 1994 4606 2100 4664; x_wconf 81' lang='lat' dir='ltr'><strong>ltoc</strong></span> <span class='ocrx_word' id='word_1_567' title='bbox 2124 4647 2139 4674; x_wconf 94' lang='lat'><strong>,</strong></span> <span class='ocrx_word' id='word_1_568' title='bbox 2170 4634 2226 4696; x_wconf 79' lang='lat' dir='ltr'><strong>D</strong></span> <span class='ocrx_word' id='word_1_569' title='bbox 2322 4604 2545 4692; x_wconf 40' lang='lat' dir='ltr'><strong>{Tacet</strong></span> <span class='ocrx_word' id='word_1_570' title='bbox 2572 4606 2875 4696; x_wconf 61' lang='lat' dir='ltr'><strong>Yeroneus.</strong></span> <span class='ocrx_word' id='word_1_571' title='bbox 2909 4621 3209 4696; x_wconf 59' lang='lat' dir='ltr'><strong>prottnmeti</strong></span> <span class='ocrx_word' id='word_1_572' title='bbox 3241 4624 3366 4661; x_wconf 87' lang='lat' dir='ltr'><strong>suas</strong></span> <span class='ocrx_word' id='word_1_573' title='bbox 3390 4622 3410 4661; x_wconf 93' lang='lat'><strong><em>:</em></strong></span> <span class='ocrx_word' id='word_1_574' title='bbox 3431 4606 3499 4662; x_wconf 91' lang='lat' dir='ltr'><strong>de</strong></span> <span class='ocrx_word' id='word_1_575' title='bbox 3526 4622 3634 4691; x_wconf 84' lang='lat' dir='ltr'><strong>quo</strong></span> <span class='ocrx_word' id='word_1_576' title='bbox 3669 4604 3729 4696; x_wconf 73' lang='lat' dir='ltr'><strong>in</strong></span> <span class='ocrx_word' id='word_1_577' title='bbox 3760 4622 3856 4674; x_wconf 80' lang='lat' dir='ltr'><strong>op-</strong></span> 
     </span>
    </p>
   </div>
   <div class='ocr_carea' id='block_1_48' title="bbox 553 4673 3857 4750">
    <p class='ocr_par' dir='ltr' id='par_1_48' title="bbox 553 4673 3857 4750">
     <span class='ocr_line' id='line_1_48' title="bbox 553 4673 3857 4750; baseline 0 -20"><span class='ocrx_word' id='word_1_578' title='bbox 553 4691 699 4745; x_wconf 81' lang='lat' dir='ltr'><strong>suas,</strong></span> <span class='ocrx_word' id='word_1_579' title='bbox 719 4673 862 4750; x_wconf 70' lang='lat' dir='ltr'><strong>quod</strong></span> <span class='ocrx_word' id='word_1_580' title='bbox 885 4674 1232 4750; x_wconf 83' lang='lat' dir='ltr'><strong>in_ltodierno</strong></span> <span class='ocrx_word' id='word_1_581' title='bbox 1252 4675 1470 4750; x_wconf 62' lang='lat' dir='ltr'><strong>quiritam</strong></span> <span class='ocrx_word' id='word_1_582' title='bbox 1500 4673 1733 4750; x_wconf 60' lang='lat' dir='ltr'><strong>Henrico</strong></span> <span class='ocrx_word' id='word_1_583' title='bbox 1755 4688 2000 4746; x_wconf 89' lang='lat' dir='ltr'><strong>resonat,</strong></span> <span class='ocrx_word' id='word_1_584' title='bbox 2032 4673 2142 4734; x_wconf 92' lang='lat' dir='ltr'><strong>non</strong></span> <span class='ocrx_word' id='word_1_585' title='bbox 2170 4673 2225 4696; x_wconf 81' lang='grc'><strong>³¹</strong></span> <span class='ocrx_word' id='word_1_586' title='bbox 2251 4678 2423 4750; x_wconf 89' lang='lat' dir='ltr'><strong>posita</strong></span> <span class='ocrx_word' id='word_1_587' title='bbox 2451 4678 2704 4734; x_wconf 80' lang='lat' dir='ltr'><strong>versione</strong></span> <span class='ocrx_word' id='word_1_588' title='bbox 2741 4673 3000 4735; x_wconf 81' lang='lat' dir='ltr'><strong>diximus.</strong></span> <span class='ocrx_word' id='word_1_589' title='bbox 3036 4679 3207 4735; x_wconf 76' lang='lat' dir='ltr'><strong>&quot;allt‘l</strong></span> <span class='ocrx_word' id='word_1_590' title='bbox 3237 4686 3519 4750; x_wconf 64' lang='lat' dir='ltr'><strong>prator-ca</strong></span> <span class='ocrx_word' id='word_1_591' title='bbox 3540 4679 3595 4733; x_wconf 86' lang='lat' dir='ltr'><strong>in</strong></span> <span class='ocrx_word' id='word_1_592' title='bbox 3627 4673 3857 4731; x_wconf 69' lang='lat' dir='ltr'><strong>obscura</strong></span> 
     </span>
    </p>
   </div>
   <div class='ocr_carea' id='block_1_49' title="bbox 552 4744 3860 4821">
    <p class='ocr_par' dir='ltr' id='par_1_49' title="bbox 552 4744 3860 4821">
     <span class='ocr_line' id='line_1_49' title="bbox 552 4744 3860 4821; baseline 0.001 -22"><span class='ocrx_word' id='word_1_593' title='bbox 552 4744 820 4821; x_wconf 72' lang='lat' dir='ltr'><strong>autemet</strong></span> <span class='ocrx_word' id='word_1_594' title='bbox 843 4747 895 4800; x_wconf 92' lang='lat' dir='ltr'><strong>in</strong></span> <span class='ocrx_word' id='word_1_595' title='bbox 924 4744 1118 4821; x_wconf 69' lang='lat' dir='ltr'><strong>Grmco</strong></span> <span class='ocrx_word' id='word_1_596' title='bbox 1142 4753 1243 4803; x_wconf 83' lang='grc' dir='ltr'><strong>τῶν</strong></span> <span class='ocrx_word' id='word_1_597' title='bbox 1265 4744 1433 4814; x_wconf 76' lang='lat' dir='ltr'><strong>LXX,</strong></span> <span class='ocrx_word' id='word_1_598' title='bbox 1463 4755 1519 4802; x_wconf 90' lang='lat' dir='ltr'><strong>et</strong></span> <span class='ocrx_word' id='word_1_599' title='bbox 1546 4747 1707 4804; x_wconf 86' lang='lat' dir='ltr'><strong>lacile</strong></span> <span class='ocrx_word' id='word_1_600' title='bbox 1732 4763 1801 4805; x_wconf 77' lang='lat' dir='ltr'><strong>ex</strong></span> <span class='ocrx_word' id='word_1_601' title='bbox 1829 4744 2025 4821; x_wconf 86' lang='lat' dir='ltr'><strong>Aquila</strong></span> <span class='ocrx_word' id='word_1_602' title='bbox 2051 4758 2146 4806; x_wconf 81' lang='lat' dir='ltr'><strong>aut</strong></span> <span class='ocrx_word' id='word_1_603' title='bbox 2247 4744 2391 4814; x_wconf 77' lang='lat' dir='ltr'><strong>luna,</strong></span> <span class='ocrx_word' id='word_1_604' title='bbox 2423 4765 2524 4820; x_wconf 87' lang='lat' dir='ltr'><strong>pro</strong></span> <span class='ocrx_word' id='word_1_605' title='bbox 2562 4750 2617 4803; x_wconf 88' lang='lat' dir='ltr'><strong>in</strong></span> <span class='ocrx_word' id='word_1_606' title='bbox 2654 4751 2879 4821; x_wconf 80' lang='lat' dir='ltr'><strong>obscuro</strong></span> <span class='ocrx_word' id='word_1_607' title='bbox 2901 4759 3110 4806; x_wconf 87' lang='lat' dir='ltr'><strong>tantum</strong></span> <span class='ocrx_word' id='word_1_608' title='bbox 3142 4767 3156 4803; x_wconf 89' lang='lat'><strong>:</strong></span> <span class='ocrx_word' id='word_1_609' title='bbox 3192 4744 3353 4821; x_wconf 73' lang='lat' dir='ltr'><strong>idque</strong></span> <span class='ocrx_word' id='word_1_610' title='bbox 3383 4765 3448 4804; x_wconf 77' lang='lat' dir='ltr'><strong>ex</strong></span> <span class='ocrx_word' id='word_1_611' title='bbox 3484 4748 3687 4804; x_wconf 82' lang='lat' dir='ltr'><strong>Gr.ceo</strong></span> <span class='ocrx_word' id='word_1_612' title='bbox 3732 4771 3860 4805; x_wconf 72' lang='grc' dir='ltr'><strong>σιω-</strong></span> 
     </span>
    </p>
   </div>
   <div class='ocr_carea' id='block_1_50' title="bbox 551 4815 2115 4961">
    <p class='ocr_par' dir='ltr' id='par_1_50' title="bbox 551 4815 2105 4961">
     <span class='ocr_line' id='line_1_50' title="bbox 551 4815 1912 4888; baseline 0 -17"><span class='ocrx_word' id='word_1_613' title='bbox 551 4815 878 4888; x_wconf 78' lang='lat' dir='ltr'><strong>Symmaclto</strong></span> <span class='ocrx_word' id='word_1_614' title='bbox 907 4817 1211 4887; x_wconf 73' lang='lat' dir='ltr'><strong>suppletur.</strong></span> <span class='ocrx_word' id='word_1_615' title='bbox 1898 4815 1912 4821; x_wconf 86' lang='grc'><em>’</em></span> 
     </span>
     <span class='ocr_line' id='line_1_51' title="bbox 627 4886 2105 4961; baseline 0.005 -20"><span class='ocrx_word' id='word_1_616' title='bbox 627 4886 655 4926; x_wconf 69' lang='grc' dir='ltr'>δ</span> <span class='ocrx_word' id='word_1_617' title='bbox 679 4888 907 4961; x_wconf 71' lang='lat' dir='ltr'><strong>Qitelum</strong></span> <span class='ocrx_word' id='word_1_618' title='bbox 940 4887 1354 4961; x_wconf 64' lang='lat' dir='ltr'><strong>prsetertniltunt</strong></span> <span class='ocrx_word' id='word_1_619' title='bbox 1382 4886 1657 4944; x_wconf 86' lang='lat' dir='ltr'><strong>Palatinus</strong></span> <span class='ocrx_word' id='word_1_620' title='bbox 1688 4903 1790 4945; x_wconf 87' lang='lat' dir='ltr'><strong>ms.</strong></span> <span class='ocrx_word' id='word_1_621' title='bbox 1821 4898 1877 4946; x_wconf 87' lang='lat' dir='ltr'><strong>et</strong></span> <span class='ocrx_word' id='word_1_622' title='bbox 1904 4889 2105 4961; x_wconf 83' lang='lat' dir='ltr'><strong>Carus.</strong></span> 
     </span>
    </p>
   </div>
   <div class='ocr_carea' id='block_1_51' title="bbox 2292 4815 3856 4961">
    <p class='ocr_par' dir='ltr' id='par_1_51' title="bbox 2292 4815 3856 4961">
     <span class='ocr_line' id='line_1_52' title="bbox 2292 4815 3856 4897; baseline -0.002 -21"><span class='ocrx_word' id='word_1_623' title='bbox 2292 4815 2439 4897; x_wconf 64' lang='grc' dir='ltr'><strong>αμένῄ</strong></span> <span class='ocrx_word' id='word_1_624' title='bbox 2480 4823 2821 4878; x_wconf 87' lang='lat' dir='ltr'><strong>eonteutiose</strong></span> <span class='ocrx_word' id='word_1_625' title='bbox 2860 4820 3062 4877; x_wconf 84' lang='lat' dir='ltr'><strong>factum</strong></span> <span class='ocrx_word' id='word_1_626' title='bbox 3118 4815 3332 4875; x_wconf 88' lang='lat' dir='ltr'><strong>videtur</strong></span> <span class='ocrx_word' id='word_1_627' title='bbox 3381 4821 3452 4875; x_wconf 67' lang='grc' dir='ltr'>ιώ</span> <span class='ocrx_word' id='word_1_628' title='bbox 3509 4821 3856 4890; x_wconf 80' lang='lat' dir='ltr'><strong>Augustino.</strong></span> 
     </span>
     <span class='ocr_line' id='line_1_53' title="bbox 2300 4889 3259 4961; baseline -0.003 -14"><span class='ocrx_word' id='word_1_629' title='bbox 2300 4893 2465 4947; x_wconf 78' lang='lat' dir='ltr'><strong>idesis</strong></span> <span class='ocrx_word' id='word_1_630' title='bbox 2492 4889 2650 4961; x_wconf 79' lang='lat' dir='ltr'><strong>Tomi</strong></span> <span class='ocrx_word' id='word_1_631' title='bbox 2679 4892 2839 4957; x_wconf 86' lang='lat' dir='ltr'><strong>hujus</strong></span> <span class='ocrx_word' id='word_1_632' title='bbox 2867 4892 3259 4961; x_wconf 65' lang='lat' dir='ltr'><strong>praelationem.</strong></span> 
     </span>
    </p>
   </div>
   <div class='ocr_carea' id='block_1_52' title="bbox 630 4957 3661 5040">
    <p class='ocr_par' dir='ltr' id='par_1_52' title="bbox 630 4957 3661 5040">
     <span class='ocr_line' id='line_1_54' title="bbox 630 4957 3661 5040; baseline 0 -27"><span class='ocrx_word' id='word_1_633' title='bbox 630 4957 783 5040; x_wconf 47' lang='grc' dir='ltr'><strong>ο,</strong></span> <span class='ocrx_word' id='word_1_634' title='bbox 807 4967 1004 5030; x_wconf 64' lang='lat' dir='ltr'><strong>praeter</strong></span> <span class='ocrx_word' id='word_1_635' title='bbox 1029 4958 1246 5015; x_wconf 88' lang='lat' dir='ltr'><strong>obelum</strong></span> <span class='ocrx_word' id='word_1_636' title='bbox 1272 4959 1436 5015; x_wconf 90' lang='lat' dir='ltr'><strong>etiam</strong></span> <span class='ocrx_word' id='word_1_637' title='bbox 1479 4970 1527 5015; x_wconf 91' lang='lat' dir='ltr'><strong>et</strong></span> <span class='ocrx_word' id='word_1_638' title='bbox 1567 4963 1816 5031; x_wconf 87' lang='lat' dir='ltr'><strong>copulam</strong></span> <span class='ocrx_word' id='word_1_639' title='bbox 1865 4960 2008 5019; x_wconf 87' lang='lat' dir='ltr'><strong>idem</strong></span> <span class='ocrx_word' id='word_1_640' title='bbox 2037 4979 2141 5021; x_wconf 88' lang='lat' dir='ltr'><strong>ms.</strong></span> <span class='ocrx_word' id='word_1_641' title='bbox 2326 4962 2342 5040; x_wconf 64' lang='grc' dir='ltr'>ξ</span> <span class='ocrx_word' id='word_1_642' title='bbox 2365 4961 2521 5040; x_wconf 60' lang='lat' dir='ltr'><strong>idem</strong></span> <span class='ocrx_word' id='word_1_643' title='bbox 2553 4958 2682 5040; x_wconf 83' lang='lat' dir='ltr'><strong>ms._,</strong></span> <span class='ocrx_word' id='word_1_644' title='bbox 2714 4961 2822 5018; x_wconf 89' lang='lat' dir='ltr'><strong>Pro</strong></span> <span class='ocrx_word' id='word_1_645' title='bbox 2845 4957 3025 5040; x_wconf 80' lang='lat' dir='ltr'><strong>octavo</strong></span> <span class='ocrx_word' id='word_1_646' title='bbox 3054 4959 3299 5040; x_wconf 78' lang='lat' dir='ltr'><strong>Psalmns</strong></span> <span class='ocrx_word' id='word_1_647' title='bbox 3331 4961 3433 5029; x_wconf 86' lang='lat' dir='ltr'><strong>ipsi</strong></span> <span class='ocrx_word' id='word_1_648' title='bbox 3467 4960 3661 5040; x_wconf 56' lang='lat' dir='ltr'><strong>David.</strong></span> 
     </span>
    </p>
   </div>
   <div class='ocr_carea' id='block_1_53' title="bbox 555 5032 3864 5106">
    <p class='ocr_par' dir='ltr' id='par_1_53' title="bbox 555 5032 3864 5106">
     <span class='ocr_line' id='line_1_55' title="bbox 555 5032 3864 5106; baseline 0.002 -24"><span class='ocrx_word' id='word_1_649' title='bbox 555 5032 776 5106; x_wconf 66' lang='lat' dir='ltr'><strong>omittit.</strong></span> <span class='ocrx_word' id='word_1_650' title='bbox 885 5099 898 5106; x_wconf 85' lang='lat'>_</span> <span class='ocrx_word' id='word_1_651' title='bbox 923 5099 935 5106; x_wconf 36' lang='lat'><em>.</em></span> <span class='ocrx_word' id='word_1_652' title='bbox 1017 5100 1034 5106; x_wconf 87' lang='lat'>_</span> <span class='ocrx_word' id='word_1_653' title='bbox 1203 5099 1238 5106; x_wconf 85' lang='lat'>_</span> <span class='ocrx_word' id='word_1_654' title='bbox 1286 5100 1299 5106; x_wconf 89' lang='lat'><em>_</em></span> <span class='ocrx_word' id='word_1_655' title='bbox 1360 5098 1376 5106; x_wconf 86' lang='lat'><em>_</em></span> <span class='ocrx_word' id='word_1_656' title='bbox 1805 5102 1833 5106; x_wconf 79' lang='lat'><em>_</em></span> <span class='ocrx_word' id='word_1_657' title='bbox 2051 5103 2061 5106; x_wconf 90' lang='lat'><em>_</em></span> <span class='ocrx_word' id='word_1_658' title='bbox 2264 5103 2274 5106; x_wconf 16' lang='lat'><strong>4</strong></span> <span class='ocrx_word' id='word_1_659' title='bbox 2324 5032 2697 5106; x_wconf 77' lang='lat' dir='ltr'><strong>iVeronensis</strong></span> <span class='ocrx_word' id='word_1_660' title='bbox 2720 5049 2850 5106; x_wconf 72' lang='lat' dir='ltr'><strong>ius,</strong></span> <span class='ocrx_word' id='word_1_661' title='bbox 2882 5034 3023 5106; x_wconf 86' lang='lat' dir='ltr'><strong>apud</strong></span> <span class='ocrx_word' id='word_1_662' title='bbox 3050 5049 3142 5088; x_wconf 92' lang='lat' dir='ltr'><strong>nos</strong></span> <span class='ocrx_word' id='word_1_663' title='bbox 3171 5049 3189 5086; x_wconf 91' lang='lat'><strong><em>:</em></strong></span> <span class='ocrx_word' id='word_1_664' title='bbox 3216 5033 3412 5089; x_wconf 85' lang='lat' dir='ltr'><strong>iterum</strong></span> <span class='ocrx_word' id='word_1_665' title='bbox 3447 5048 3557 5087; x_wconf 93' lang='lat' dir='ltr'><strong>uno</strong></span> <span class='ocrx_word' id='word_1_666' title='bbox 3580 5049 3611 5088; x_wconf 90' lang='lat' dir='ltr'><strong>e</strong></span> <span class='ocrx_word' id='word_1_667' title='bbox 3634 5034 3864 5090; x_wconf 77' lang='lat' dir='ltr'><strong>Latinis</strong></span> 
     </span>
    </p>
   </div>
   <div class='ocr_carea' id='block_1_54' title="bbox 620 5097 2920 5183">
    <p class='ocr_par' dir='ltr' id='par_1_54' title="bbox 620 5097 2920 5183">
     <span class='ocr_line' id='line_1_56' title="bbox 620 5097 2920 5183; baseline 0.003 -29"><span class='ocrx_word' id='word_1_668' title='bbox 620 5097 972 5183; x_wconf 43' lang='lat' dir='ltr'><strong>fidequeliic</strong></span> <span class='ocrx_word' id='word_1_669' title='bbox 1017 5100 1159 5157; x_wconf 88' lang='lat' dir='ltr'><strong>bene</strong></span> <span class='ocrx_word' id='word_1_670' title='bbox 1203 5098 1483 5157; x_wconf 74' lang='lat' dir='ltr'><strong>Palatinus</strong></span> <span class='ocrx_word' id='word_1_671' title='bbox 1532 5117 1637 5158; x_wconf 86' lang='lat' dir='ltr'><strong>ms.</strong></span> <span class='ocrx_word' id='word_1_672' title='bbox 1689 5111 1747 5160; x_wconf 92' lang='lat' dir='ltr'><strong>et</strong></span> <span class='ocrx_word' id='word_1_673' title='bbox 1794 5102 1968 5160; x_wconf 86' lang='lat' dir='ltr'><strong>Carus</strong></span> <span class='ocrx_word' id='word_1_674' title='bbox 2017 5103 2140 5161; x_wconf 87' lang='lat' dir='ltr'><strong>sine</strong></span> <span class='ocrx_word' id='word_1_675' title='bbox 2248 5097 2920 5183; x_wconf 52' lang='lat' dir='ltr'><strong>Augustinoconcinente.</strong></span> 
     </span>
    </p>
   </div>
   <div class='ocr_carea' id='block_1_55' title="bbox 551 5169 3584 5243">
    <p class='ocr_par' dir='ltr' id='par_1_55' title="bbox 551 5169 3584 5243">
     <span class='ocr_line' id='line_1_57' title="bbox 551 5169 3584 5243; baseline 0.001 -16"><span class='ocrx_word' id='word_1_676' title='bbox 551 5169 1042 5243; x_wconf 28' lang='lat' dir='ltr'><strong>asterisco‘legunt.</strong></span> <span class='ocrx_word' id='word_1_677' title='bbox 1216 5239 1249 5243; x_wconf 40' lang='grc' dir='ltr'>η</span> <span class='ocrx_word' id='word_1_678' title='bbox 1420 5241 1427 5243; x_wconf 14' lang='grc' dir='ltr'><strong>Α</strong></span> <span class='ocrx_word' id='word_1_679' title='bbox 2317 5169 2540 5243; x_wconf 49' lang='lat' dir='ltr'><strong>Fldem,</strong></span> <span class='ocrx_word' id='word_1_680' title='bbox 2566 5174 2620 5228; x_wconf 90' lang='lat' dir='ltr'><strong>iu</strong></span> <span class='ocrx_word' id='word_1_681' title='bbox 2650 5175 2868 5229; x_wconf 87' lang='lat' dir='ltr'><strong>salutari</strong></span> <span class='ocrx_word' id='word_1_682' title='bbox 2891 5174 3192 5237; x_wconf 75' lang='lat' dir='ltr'><strong>dumtaxat,</strong></span> <span class='ocrx_word' id='word_1_683' title='bbox 3218 5174 3421 5243; x_wconf 73' lang='lat' dir='ltr'><strong>alisque</strong></span> <span class='ocrx_word' id='word_1_684' title='bbox 3450 5190 3584 5229; x_wconf 86' lang='lat' dir='ltr'><strong>meo.</strong></span> 
     </span>
    </p>
   </div>
   <div class='ocr_carea' id='block_1_56' title="bbox 624 5239 3863 5315">
    <p class='ocr_par' dir='ltr' id='par_1_56' title="bbox 624 5239 3863 5315">
     <span class='ocr_line' id='line_1_58' title="bbox 624 5239 3863 5315; baseline 0.003 -25"><span class='ocrx_word' id='word_1_685' title='bbox 624 5254 650 5279; x_wconf 82' lang='grc' dir='ltr'><strong>ο·</strong></span> <span class='ocrx_word' id='word_1_686' title='bbox 672 5242 773 5311; x_wconf 80' lang='lat' dir='ltr'><strong>Qui</strong></span> <span class='ocrx_word' id='word_1_687' title='bbox 804 5240 1103 5315; x_wconf 78' lang='lat' dir='ltr'><strong>Palatinum</strong></span> <span class='ocrx_word' id='word_1_688' title='bbox 1129 5239 1375 5315; x_wconf 79' lang='lat' dir='ltr'><strong>codicem</strong></span> <span class='ocrx_word' id='word_1_689' title='bbox 1400 5241 1715 5315; x_wconf 86' lang='lat' dir='ltr'><strong>descripsit,</strong></span> <span class='ocrx_word' id='word_1_690' title='bbox 1747 5253 1977 5313; x_wconf 82' lang='lat' dir='ltr'><strong>temere,</strong></span> <span class='ocrx_word' id='word_1_691' title='bbox 2006 5261 2137 5301; x_wconf 88' lang='lat' dir='ltr'><strong>suo-</strong></span> <span class='ocrx_word' id='word_1_692' title='bbox 2319 5242 2338 5282; x_wconf 78' lang='grc' dir='ltr'>Ῑ</span> <span class='ocrx_word' id='word_1_693' title='bbox 2368 5245 2423 5299; x_wconf 89' lang='lat' dir='ltr'><strong>lu</strong></span> <span class='ocrx_word' id='word_1_694' title='bbox 2449 5246 2626 5299; x_wconf 78' lang='lat' dir='ltr'><strong>futuro</strong></span> <span class='ocrx_word' id='word_1_695' title='bbox 2656 5245 2798 5301; x_wconf 84' lang='lat' dir='ltr'><strong>idem</strong></span> <span class='ocrx_word' id='word_1_696' title='bbox 2830 5260 2957 5314; x_wconf 88' lang='lat' dir='ltr'><strong>ms.,</strong></span> <span class='ocrx_word' id='word_1_697' title='bbox 3000 5239 3358 5305; x_wconf 68' lang='lat' dir='ltr'><strong>ambulabunt,</strong></span> <span class='ocrx_word' id='word_1_698' title='bbox 3404 5259 3528 5315; x_wconf 73' lang='lat' dir='ltr'><strong>qum</strong></span> <span class='ocrx_word' id='word_1_699' title='bbox 3570 5244 3863 5313; x_wconf 65' lang='lat' dir='ltr'><strong>Hexapla-</strong></span> 
     </span>
    </p>
   </div>
   <div class='ocr_carea' id='block_1_57' title="bbox 549 5312 3863 5388">
    <p class='ocr_par' dir='ltr' id='par_1_57' title="bbox 549 5312 3863 5388">
     <span class='ocr_line' id='line_1_59' title="bbox 549 5312 3863 5388; baseline 0.001 -20"><span class='ocrx_word' id='word_1_700' title='bbox 549 5329 656 5388; x_wconf 82' lang='lat' dir='ltr'><strong>que</strong></span> <span class='ocrx_word' id='word_1_701' title='bbox 683 5327 779 5382; x_wconf 78' lang='lat' dir='ltr'><strong>pro</strong></span> <span class='ocrx_word' id='word_1_702' title='bbox 802 5320 965 5383; x_wconf 87' lang='lat' dir='ltr'><strong>captu</strong></span> <span class='ocrx_word' id='word_1_703' title='bbox 987 5312 1149 5368; x_wconf 83' lang='lat' dir='ltr'><strong>verba</strong></span> <span class='ocrx_word' id='word_1_704' title='bbox 1172 5314 1288 5369; x_wconf 72' lang='lat' dir='ltr'><strong>hmc</strong></span> <span class='ocrx_word' id='word_1_705' title='bbox 1312 5325 1558 5388; x_wconf 83' lang='lat' dir='ltr'><strong>nectens,</strong></span> <span class='ocrx_word' id='word_1_706' title='bbox 1586 5312 1668 5371; x_wconf 74' lang='lat' dir='ltr'><strong>sic</strong></span> <span class='ocrx_word' id='word_1_707' title='bbox 1688 5312 1990 5388; x_wconf 83' lang='lat' dir='ltr'><strong>depravat:</strong></span> <span class='ocrx_word' id='word_1_708' title='bbox 2018 5333 2141 5388; x_wconf 87' lang='lat' dir='ltr'><strong>pro-</strong></span> <span class='ocrx_word' id='word_1_709' title='bbox 2243 5315 2384 5388; x_wconf 84' lang='lat' dir='ltr'><strong>rium</strong></span> <span class='ocrx_word' id='word_1_710' title='bbox 2410 5326 2496 5373; x_wconf 87' lang='lat' dir='ltr'><strong>est</strong></span> <span class='ocrx_word' id='word_1_711' title='bbox 2520 5316 2685 5388; x_wconf 84' lang='lat' dir='ltr'><strong>lectio</strong></span> <span class='ocrx_word' id='word_1_712' title='bbox 2711 5312 3095 5388; x_wconf 87' lang='lat' dir='ltr'><strong>Interpretum.</strong></span> <span class='ocrx_word' id='word_1_713' title='bbox 3120 5317 3264 5388; x_wconf 84' lang='lat' dir='ltr'><strong>_&#39;|‘nm</strong></span> <span class='ocrx_word' id='word_1_714' title='bbox 3290 5312 3574 5388; x_wconf 76' lang='lat' dir='ltr'><strong>secundum</strong></span> <span class='ocrx_word' id='word_1_715' title='bbox 3601 5312 3863 5372; x_wconf 74' lang='lat' dir='ltr'><strong>rnulritu-</strong></span> 
     </span>
    </p>
   </div>
   <div class='ocr_carea' id='block_1_58' title="bbox 549 5384 3861 5459">
    <p class='ocr_par' dir='ltr' id='par_1_58' title="bbox 549 5384 3861 5459">
     <span class='ocr_line' id='line_1_60' title="bbox 549 5384 3861 5459; baseline 0.001 -21"><span class='ocrx_word' id='word_1_716' title='bbox 549 5384 725 5459; x_wconf 69' lang='lat' dir='ltr'><strong>ltatnm</strong></span> <span class='ocrx_word' id='word_1_717' title='bbox 765 5399 875 5456; x_wconf 87' lang='lat' dir='ltr'><strong>per,</strong></span> <span class='ocrx_word' id='word_1_718' title='bbox 924 5393 1255 5459; x_wconf 82' lang='lat' dir='ltr'><strong>repurgatmn</strong></span> <span class='ocrx_word' id='word_1_719' title='bbox 1304 5386 1619 5459; x_wconf 64' lang='lat' dir='ltr'><strong>septuplum.</strong></span> <span class='ocrx_word' id='word_1_720' title='bbox 1662 5384 1783 5457; x_wconf 73' lang='lat' dir='ltr'><strong>qua:</strong></span> <span class='ocrx_word' id='word_1_721' title='bbox 1828 5387 1993 5459; x_wconf 87' lang='lat' dir='ltr'><strong>lectio</strong></span> <span class='ocrx_word' id='word_1_722' title='bbox 2018 5384 2140 5459; x_wconf 69' lang='grc' dir='ltr'><strong>Ἠε-</strong></span> <span class='ocrx_word' id='word_1_723' title='bbox 2244 5386 2439 5459; x_wconf 84' lang='lat' dir='ltr'><strong>dinem,</strong></span> <span class='ocrx_word' id='word_1_724' title='bbox 2472 5384 2944 5459; x_wconf 73' lang='lat' dir='ltr'><strong>proaltitudiném,</strong></span> <span class='ocrx_word' id='word_1_725' title='bbox 2975 5403 3094 5455; x_wconf 75' lang='lat' dir='ltr'><strong>qua:</strong></span> <span class='ocrx_word' id='word_1_726' title='bbox 3119 5385 3278 5459; x_wconf 84' lang='lat' dir='ltr'><strong><em>hujus</em></strong></span> <span class='ocrx_word' id='word_1_727' title='bbox 3310 5385 3467 5439; x_wconf 91' lang='lat' dir='ltr'><strong>unice</strong></span> <span class='ocrx_word' id='word_1_728' title='bbox 3493 5396 3579 5459; x_wconf 60' lang='lat' dir='ltr'><strong>est</strong></span> <span class='ocrx_word' id='word_1_729' title='bbox 3608 5390 3861 5453; x_wconf 72' lang='lat' dir='ltr'><strong>co-lims,</strong></span> 
     </span>
    </p>
   </div>
   <div class='ocr_carea' id='block_1_59' title="bbox 552 5453 3866 5528">
    <p class='ocr_par' dir='ltr' id='par_1_59' title="bbox 552 5453 3866 5528">
     <span class='ocr_line' id='line_1_61' title="bbox 552 5453 3866 5528; baseline 0.001 -19"><span class='ocrx_word' id='word_1_730' title='bbox 552 5453 993 5528; x_wconf 64' lang='lat' dir='ltr'><strong>nraettnt_&#39;tex_t_tttti</strong></span> <span class='ocrx_word' id='word_1_731' title='bbox 1037 5453 1151 5508; x_wconf 82' lang='lat' dir='ltr'><strong>sive</strong></span> <span class='ocrx_word' id='word_1_732' title='bbox 1182 5454 1344 5528; x_wconf 80' lang='lat' dir='ltr'><strong>etiam</strong></span> <span class='ocrx_word' id='word_1_733' title='bbox 1372 5453 1621 5512; x_wconf 76' lang='lat' dir='ltr'><strong>Griecum</strong></span> <span class='ocrx_word' id='word_1_734' title='bbox 1653 5453 1760 5512; x_wconf 62' lang='lat' dir='ltr'><strong>n&#39;on</strong></span> <span class='ocrx_word' id='word_1_735' title='bbox 1810 5458 2137 5528; x_wconf 87' lang='lat' dir='ltr'><strong>attendenti,</strong></span> <span class='ocrx_word' id='word_1_736' title='bbox 2243 5458 2366 5528; x_wconf 82' lang='lat' dir='ltr'><strong>sive</strong></span> <span class='ocrx_word' id='word_1_737' title='bbox 2396 5456 2582 5528; x_wconf 85' lang='lat' dir='ltr'><strong>lectio,</strong></span> <span class='ocrx_word' id='word_1_738' title='bbox 2611 5457 2746 5523; x_wconf 83' lang='lat' dir='ltr'><strong>sive,</strong></span> <span class='ocrx_word' id='word_1_739' title='bbox 2774 5467 2830 5528; x_wconf 89' lang='lat' dir='ltr'><strong>ut</strong></span> <span class='ocrx_word' id='word_1_740' title='bbox 2861 5453 3050 5526; x_wconf 78' lang='lat' dir='ltr'><strong>putare</strong></span> <span class='ocrx_word' id='word_1_741' title='bbox 3081 5458 3287 5521; x_wconf 85' lang='lat' dir='ltr'><strong>malint,</strong></span> <span class='ocrx_word' id='word_1_742' title='bbox 3309 5470 3487 5510; x_wconf 87' lang='lat' dir='ltr'><strong>error.</strong></span> <span class='ocrx_word' id='word_1_743' title='bbox 3516 5456 3698 5528; x_wconf 77' lang='lat' dir='ltr'><strong>Tacet</strong></span> <span class='ocrx_word' id='word_1_744' title='bbox 3724 5474 3866 5515; x_wconf 84' lang='lat' dir='ltr'><strong>vero</strong></span> 
     </span>
    </p>
   </div>
   <div class='ocr_carea' id='block_1_60' title="bbox 552 5522 3862 5595">
    <p class='ocr_par' dir='ltr' id='par_1_60' title="bbox 552 5522 3862 5595">
     <span class='ocr_line' id='line_1_62' title="bbox 552 5522 3862 5595; baseline 0.003 -18"><span class='ocrx_word' id='word_1_745' title='bbox 552 5522 709 5595; x_wconf 75' lang='lat' dir='ltr'><strong>facile</strong></span> <span class='ocrx_word' id='word_1_746' title='bbox 738 5524 919 5595; x_wconf 80' lang='lat' dir='ltr'><strong>fraudi</strong></span> <span class='ocrx_word' id='word_1_747' title='bbox 941 5539 1064 5580; x_wconf 84' lang='lat' dir='ltr'><strong>esse</strong></span> <span class='ocrx_word' id='word_1_748' title='bbox 1093 5524 1376 5595; x_wconf 77' lang='lat' dir='ltr'><strong>potuisset.</strong></span> <span class='ocrx_word' id='word_1_749' title='bbox 2123 5522 2132 5528; x_wconf 86' lang='grc'><em>’</em></span> <span class='ocrx_word' id='word_1_750' title='bbox 2245 5525 2335 5582; x_wconf 84' lang='lat' dir='ltr'><strong>hic</strong></span> <span class='ocrx_word' id='word_1_751' title='bbox 2362 5527 2560 5589; x_wconf 87' lang='lat' dir='ltr'><strong>editor,</strong></span> <span class='ocrx_word' id='word_1_752' title='bbox 2592 5528 2680 5595; x_wconf 92' lang='lat' dir='ltr'><strong>qui</strong></span> <span class='ocrx_word' id='word_1_753' title='bbox 2729 5522 3117 5582; x_wconf 80' lang='lat' dir='ltr'><strong>minutissimas</strong></span> <span class='ocrx_word' id='word_1_754' title='bbox 3166 5540 3410 5593; x_wconf 67' lang='lat' dir='ltr'><strong>quasque</strong></span> <span class='ocrx_word' id='word_1_755' title='bbox 3442 5526 3739 5584; x_wconf 76' lang='lat' dir='ltr'><strong>variantes</strong></span> <span class='ocrx_word' id='word_1_756' title='bbox 3776 5534 3862 5586; x_wconf 80' lang='lat' dir='ltr'><strong>te-</strong></span> 
     </span>
    </p>
   </div>
   <div class='ocr_carea' id='block_1_61' title="bbox 627 5592 3863 5672">
    <p class='ocr_par' dir='ltr' id='par_1_61' title="bbox 627 5592 3863 5672">
     <span class='ocr_line' id='line_1_63' title="bbox 627 5592 3863 5672; baseline 0.003 -25"><span class='ocrx_word' id='word_1_757' title='bbox 627 5593 647 5631; x_wconf 72' lang='grc' dir='ltr'>ί</span> <span class='ocrx_word' id='word_1_758' title='bbox 683 5594 870 5672; x_wconf 75' lang='lat' dir='ltr'><strong>Denuo</strong></span> <span class='ocrx_word' id='word_1_759' title='bbox 898 5592 1107 5672; x_wconf 41' lang='lat' dir='ltr'><strong>fallitur;</strong></span> <span class='ocrx_word' id='word_1_760' title='bbox 1142 5592 1345 5651; x_wconf 88' lang='lat' dir='ltr'><strong>codicis</strong></span> <span class='ocrx_word' id='word_1_761' title='bbox 1396 5595 1623 5651; x_wconf 85' lang='lat' dir='ltr'><strong>Palatini</strong></span> <span class='ocrx_word' id='word_1_762' title='bbox 1668 5595 2004 5667; x_wconf 86' lang='lat' dir='ltr'><strong>descriptor,</strong></span> <span class='ocrx_word' id='word_1_763' title='bbox 2036 5599 2130 5672; x_wconf 92' lang='lat' dir='ltr'><strong>qui</strong></span> <span class='ocrx_word' id='word_1_764' title='bbox 2239 5596 2470 5672; x_wconf 63' lang='lat' dir='ltr'><strong>ctiones,</strong></span> <span class='ocrx_word' id='word_1_765' title='bbox 2501 5592 2666 5672; x_wconf 81' lang='lat' dir='ltr'><strong>immo</strong></span> <span class='ocrx_word' id='word_1_766' title='bbox 2692 5608 2747 5655; x_wconf 87' lang='lat' dir='ltr'><strong>et</strong></span> <span class='ocrx_word' id='word_1_767' title='bbox 2773 5599 3073 5669; x_wconf 79' lang='lat' dir='ltr'><strong>scripturas</strong></span> <span class='ocrx_word' id='word_1_768' title='bbox 3094 5597 3159 5652; x_wconf 87' lang='lat' dir='ltr'><strong>ad</strong></span> <span class='ocrx_word' id='word_1_769' title='bbox 3188 5592 3468 5653; x_wconf 64' lang='lat' dir='ltr'><strong>lastidium</strong></span> <span class='ocrx_word' id='word_1_770' title='bbox 3499 5612 3683 5668; x_wconf 74' lang='lat' dir='ltr'><strong>usque</strong></span> <span class='ocrx_word' id='word_1_771' title='bbox 3714 5616 3863 5657; x_wconf 80' lang='lat' dir='ltr'><strong>cou-</strong></span> 
     </span>
    </p>
   </div>
   <div class='ocr_carea' id='block_1_62' title="bbox 547 5661 2649 5739">
    <p class='ocr_par' dir='ltr' id='par_1_62' title="bbox 547 5661 2649 5739">
     <span class='ocr_line' id='line_1_64' title="bbox 547 5661 2649 5739; baseline 0.004 -23"><span class='ocrx_word' id='word_1_772' title='bbox 547 5675 734 5739; x_wconf 70' lang='lat' dir='ltr'><strong>vocetn</strong></span> <span class='ocrx_word' id='word_1_773' title='bbox 763 5661 923 5739; x_wconf 79' lang='lat' dir='ltr'><strong>hanc,</strong></span> <span class='ocrx_word' id='word_1_774' title='bbox 957 5662 1195 5739; x_wconf 41' lang='lat' dir='ltr'><strong>Domi-ne.</strong></span> <span class='ocrx_word' id='word_1_775' title='bbox 1222 5680 1353 5739; x_wconf 67' lang='lat' dir='ltr'><strong>veru</strong></span> <span class='ocrx_word' id='word_1_776' title='bbox 1390 5675 1674 5739; x_wconf 64' lang='lat' dir='ltr'><strong>prmttetat.</strong></span> <span class='ocrx_word' id='word_1_777' title='bbox 1714 5736 1729 5739; x_wconf 25' lang='lat'><strong>4</strong></span> <span class='ocrx_word' id='word_1_778' title='bbox 1764 5738 1769 5739; x_wconf 14' lang='grc' dir='ltr'>ί</span> <span class='ocrx_word' id='word_1_779' title='bbox 1857 5661 1871 5667; x_wconf 80' lang='grc'><em>’</em></span> <span class='ocrx_word' id='word_1_780' title='bbox 1916 5738 1919 5739; x_wconf 16' lang='grc' dir='ltr'><em>ν</em></span> <span class='ocrx_word' id='word_1_781' title='bbox 1990 5661 2001 5667; x_wconf 77' lang='grc'><em>’</em></span> <span class='ocrx_word' id='word_1_782' title='bbox 2055 5661 2073 5672; x_wconf 84' lang='grc'><em>’</em></span> <span class='ocrx_word' id='word_1_783' title='bbox 2106 5729 2129 5739; x_wconf 16' lang='grc' dir='ltr'><em>ν,</em></span> <span class='ocrx_word' id='word_1_784' title='bbox 2244 5668 2393 5724; x_wconf 85' lang='lat' dir='ltr'><strong>tinuo</strong></span> <span class='ocrx_word' id='word_1_785' title='bbox 2435 5661 2649 5739; x_wconf 79' lang='lat' dir='ltr'><strong>ingerit.</strong></span> 
     </span>
    </p>
   </div>
   <div class='ocr_carea' id='block_1_63' title="bbox 619 5729 2136 5816">
    <p class='ocr_par' dir='ltr' id='par_1_63' title="bbox 619 5729 2136 5816">
     <span class='ocr_line' id='line_1_65' title="bbox 619 5729 2136 5816; baseline 0.013 -35"><span class='ocrx_word' id='word_1_786' title='bbox 619 5742 646 5781; x_wconf 84' lang='lat' dir='ltr'><strong>s</strong></span> <span class='ocrx_word' id='word_1_787' title='bbox 677 5730 722 5787; x_wconf 74' lang='grc' dir='ltr'>Ε</span> <span class='ocrx_word' id='word_1_788' title='bbox 750 5731 967 5801; x_wconf 74' lang='lat' dir='ltr'><strong>regione</strong></span> <span class='ocrx_word' id='word_1_789' title='bbox 994 5732 1209 5803; x_wconf 86' lang='lat' dir='ltr'><strong>ponitur</strong></span> <span class='ocrx_word' id='word_1_790' title='bbox 1228 5732 1283 5790; x_wconf 91' lang='lat' dir='ltr'><strong>in</strong></span> <span class='ocrx_word' id='word_1_791' title='bbox 1313 5729 1541 5793; x_wconf 80' lang='lat' dir='ltr'><strong>Palatia.</strong></span> <span class='ocrx_word' id='word_1_792' title='bbox 1573 5751 1675 5795; x_wconf 87' lang='lat' dir='ltr'><strong>ms.</strong></span> <span class='ocrx_word' id='word_1_793' title='bbox 1700 5729 2136 5816; x_wconf 35' lang='lat' dir='ltr'><strong>Diapsattnangj</strong></span> 
     </span>
    </p>
   </div>
  </div>
