3960 6208
151 292 230 355 1⁸ὄῖ
1384 293 1586 356 LIBER
1624 296 1729 358 PSA

1865 299 2069 362 DRUM.

3290 310 3395 373 I58

212 411 427 467 lllumina
458 411 641 469 oculos
686 426 861 480 meos,
899 426 962 467 ne
1002 427 1243 484 umquam
1286 414 1611 469 obdormiam
1648 416 1702 471 in
1727 417 1782 478 Α
1879 418 2130 477 lllumina
2158 422 2350 478 oculos
2380 436 2554 491 meos,
2585 437 2655 481 ne
2682 437 2935 497 umquam
2967 427 3310 486 obdormiam
3342 433 3395 486 in

163 514 290 560 morte
314 522 329 559 :
351 523 406 560 ne
422 505 634 577 quando
659 505 805 560 dicat
837 506 1081 561 inimicus
1102 523 1244 563 meus
1267 524 1286 562 :
1310 504 1572 562 Prwvalui
1600 510 1700 564 ad-

166 618 299 657 ναίω
315 618 433 657 eum.

220 693 547 761 Quitribulant
574 710 692 760 me,
722 694 1079 762 exsultabunt,
1111 696 1159 750 si
1198 704 1369 751 motus
1390 699 1538 767 fuero
1570 712 1705 769 :ego

163 797 297 841 autem
311 789 357 842 in
386 786 748 841 misericordia
772 799 859 842 tua
888 790 1106 858 speravi.

212 880 471 936 Exsultabit
504 897 595 935 cor
616 897 787 935 meum
818 883 870 934 in
892 880 1114 935 salutari
1144 889 1265 948 tuo;
1289 882 1507 936 cantabo
1530 882 1710 937 Domi-

158 976 313 1047 no,qui
336 991 387 1030 -ξ
418 983 445 1012 ⁸
483 974 618 1029 bona
651 974 675 1042 1
702 974 884 1029 tribuit
913 974 1040 1029 mihi
1071 989 1130 1030 αε-
1167 984 1216 1030 et
1249 976 1471 1047 psallam
1500 974 1699 1030 nomini

157 1067 323 1123 Domini
342 1067 585 1123 altissimi
619 1067 642 1135 1

1804 523 1982 571 morte
2032 515 2161 587 [Με.
2210 517 2517 588 mortem]:
2564 532 2634 575 ne
2684 521 2900 591 quando
2950 522 3097 579 dicat
3151 524 3398 581 inimicus

1806 622 1963 663 meus
1991 622 2006 662 ε
2037 606 2303 665 Praevalui
2331 608 2593 668 adversus
2625 627 2770 668 eum.

1874 696 1979 765 Qui
2026 699 2286 755 tribulant
2331 715 2440 766 me,
2473 702 2847 775 exsultabant,
2898 706 2943 761 si
2974 716 3157 763 motus
3192 708 3347 764 lucro
3377 725 3395 763 :

1808 803 1911 860 ego
1939 800 2118 847 autem
2144 792 2197 847 in
2224 802 2312 848 tua
2331 795 2707 852 misericordia
2729 800 2963 868 sperabo
2989 800 3115 871 [Ms.
3140 802 3401 873 Speravi].

1882 882 2190 940 Exsultabit
2222 885 2349 958 [Με.
2382 888 2707 962 exsultavit]
2740 906 2836 947 cor
2879 908 3058 949 meum
3092 895 3144 948 in
3178 896 3403 953 salutari

1804 982 1931 1043 tuo;
1981 977 2213 1033 cantabo
2262 978 2517 1046 Domino,
2562 982 2654 1051 qui
2702 982 2842 1038 bona
2893 985 3085 1041 tribuit
3131 988 3309 1045 mihi:
3352 997 3408 1045 et

1806 1068 2031 1125 psallam
2059 1070 2266 1127 nomini
2296 1071 2506 1129 Domini
2534 1074 2809 1133 altissimi.

1469 1134 1830 1202 PSALMUS
1863 1139 2039 1201 XIII.

505 1263 561 1303 IN
588 1262 784 1314 FINEI,
824 1257 1060 1301 PSALIUS
1090 1257 1271 1299 DAVID.

203 1335 327 1391 Dicit
349 1336 603 1408 insipiens
622 1340 676 1394 in
699 1339 855 1393 corde
881 1353 976 1391 suo
1003 1352 1023 1390 :
1055 1334 1177 1390 Non
1202 1343 1276 1390 est
1323 1333 1486 1390 Deus.

204 1427 422 1501 Coi-rupti
449 1440 569 1485 sunt
600 1446 659 1487 σθ
688 1438 734 1486 et
762 1430 785 1499 1
818 1428 1185 1485 abominabiles
1199 1428 1325 1499 facti
1348 1438 1465 1483 sunt
1494 1429 1547 1482 in
1598 1437 1710 1483 stu-

145 1520 225 1577 diis
273 1519 299 1559 b
342 1522 497 1591 suis1
529 1540 631 1579 non
658 1534 731 1579 est
759 1524 851 1595 qui
870 1523 1027 1595 faciat
1048 1522 1269 1591 bonum,
1299 1539 1403 1578 non
1434 1530 1513 1577 est
1548 1538 1707 1593 usque

144 1614 200 1668 ad
229 1631 377 1668 unum
410 1618 432 1686 ζ

203 1706 432 1761 Dominus
463 1706 530 1762 de
554 1707 682 1762 caelo
711 1707 977 1779 prospexit
1006 1722 1159 1779 super
1208 1706 1347 1776 filios
1386 1706 1657 1763 hominum
1682 1723 1702 1763 :

151 1801 381 1867 strideat,
408 1801 454 1854 si
483 1810 559 1855 est
601 1800 902 1872 intelligens
929 1814 985 1856 +
1020 1808 1113 1855 aut
1147 1800 1171 1868 1
1200 1799 1463 1870 requirens
1518 1798 1707 1855 Deum.

206 1892 373 1948 Omnes
402 1892 816 1961 declinaverunt,
849 1892 1009 1947 simul
1033 1892 1246 1947 inutiles
1272 1892 1399 1963 facti
1422 1900 1541 1947 sunt
1569 1908 1714 1946 :non

139 1996 205 2041 est
222 1988 301 2059 qui
323 1987 472 2058 faciat
494 1988 705 2053 bonum,
732 2003 835 2042 non
858 1996 934 2041 est
964 2003 1121 2057 usque
1143 1988 1212 2040 ad
1241 2002 1425 2040 unum.
1451 1995 1474 2023 ε

200 2073 224 2115 ά
253 2094 309 2133 -ξ-
333 2078 642 2152 Sepulcrum
669 2090 856 2151 patens
880 2088 955 2134 est
974 2088 1153 2149 guttur
1182 2094 1360 2133 eorum
1387 2078 1490 2145 1+
1517 2074 1714 2147 linguis

140 2171 235 2226 suis
269 2172 439 2228 dolose
466 2172 734 2245 agebant1
767 2188 827 2227 σεο
858 2188 1103 2227 uenenum
1132 2170 1375 2242 aspidum
1428 2169 1521 2223 sub
1561 2169 1714 2223 labiis

144 2283 297 2321 eorum
336 2268 357 2336 1

207 2374 259 2415 -:—
294 2359 521 2428 Quorum
547 2376 603 2414 os
633 2358 994 2414 maledictione
1022 2364 1070 2412 et
1126 2354 1477 2411 amaritudine
1505 2354 1718 2426 plenum

146 2456 250 2523 (αξ
293 2470 349 2510 -εν
376 2457 570 2512 veloces
610 2456 768 2527 pedes
816 2470 994 2510 eorum
1045 2454 1113 2509 ad
1166 2452 1542 2523 effundendum
1593 2466 1719 2507 san-

148 2546 325 2615 guine”!
351 2546 374 2614 ἒ

211 2655 265 2694 +
288 2638 537 2696 Contritio
559 2648 605 2693 et
630 2639 913 2710 infelicitas
939 2638 993 2692 in
1026 2637 1124 2693 viis
1152 2652 1330 2693 eorum
1360 2640 1383 2708 ζ
1415 2651 1475 2691 οξ-
1510 2643 1558 2691 et
1585 2637 1721 2691 viam

147 2733 268 2800 pacis
292 2750 393 2789 non
420 2744 767 2805 cognoverunt
796 2733 819 2801 1
854 2748 912 2788 σθ
935 2748 1036 2788 non
1058 2740 1133 2788 est
1159 2732 1313 2787 timor
1340 2731 1438 2787 Dei
1462 2739 1580 2786 ante
1599 2746 1721 2786 ocu-

149 2823 213 2877 los
256 2840 426 2879 eorum
459 2823 482 2892 1

208 2914 385 2971 Nonne
403 2923 709 2987 cognoscent
732 2929 929 2981 omnes,
950 2915 1040 2984 qui
1063 2920 1341 2986 aperantur
1356 2913 1680 2983 iniquitatem
1703 2929 1722 2969 :

145 3006 220 3075 qui
249 3008 484 3062 deuorant
512 3006 711 3079 plebem
740 3021 927 3071 meum,
957 3006 1088 3060 sicut
1111 3022 1279 3060 escam
1306 3005 1458 3077 panis
1486 3004 1512 3057 ει

209 3107 233 3135 ε
260 3096 537 3153 Dominum
570 3116 672 3152 non
697 3098 1060 3151 invocaverunt
1080 3098 1219 3152 :illic
1250 3097 1632 3169 trepidat'erunt
1655 3097 1721 3150 ti-

142 3207 269 3245 more
298 3208 360 3247 ~2—
384 3192 467 3247 ubi
494 3207 602 3245 non
630 3199 738 3246 erat
763 3191 920 3245 timor
944 3191 967 3258 1

208 3283 459 3351 Quoniam
505 3283 758 3339 Dominus
789 3284 843 3337 in
888 3283 1214 3354 generatione
1234 3285 1383 3356 justa
1407 3292 1483 3337 est
1516 3296 1535 3336 :
1564 3282 1733 3336 consi-

145 3375 261 3430 lium
286 3378 450 3448 inapis
472 3376 783 3448 confudistis
798 3376 1077 3448 :quoniam
1090 3372 1346 3429 Dominus
1373 3390 1488 3445 spes
1502 3378 1613 3447 ejus
1633 3383 1726 3429 est.

206 3577 333 3643 Quis
364 3580 501 3634 dabit
529 3595 597 3635 ea:
626 3578 759 3635 Sion
788 3578 1017 3634 salutare
1060 3574 1267 3634 Israel?
1312 3575 1443 3634 Cum
1485 3575 1724 3630 auerterit

138 3667 387 3727 Dominus
414 3674 759 3746 captivitatem
788 3670 951 3745 plebis
974 3686 1101 3741 suaz,
1152 3670 1427 3729 exsultabit
1469 3667 1632 3724 Jacob
1657 3682 1721 3723 σι-

135 3772 179 3818 et
212 3765 233 3835 1
268 3767 522 3823 lambitur
567 3764 764 3824 Israel.

1733 1653 1784 1716 B

1969 1257 2022 1296 tu
2052 1258 2216 1300 rmsu
2247 1260 2481 1302 pssuus
2509 1263 2667 1304 nmo
2704 1249 2724 1322 [
2749 1248 2856 1307 Ms.
2888 1266 2986 1308 IPSI
3013 1256 3225 1326 mmo].

1884 1332 2069 1389 Dixit'
2098 1334 2364 1406 insipiens
2391 1338 2445 1394 in
2472 1339 2640 1397 corde
2662 1356 2791 1397 suo:
2817 1342 2933 1398 Non
2962 1356 3045 1400 est
3068 1346 3231 1403 Deus.
3273 1346 3397 1403 Cor-

1812 1426 1959 1496 rupti
1974 1436 2123 1496 sunt,
2145 1436 2197 1485 et
2222 1429 2621 1489 abominabiles
2646 1432 2771 1490 laeti
2804 1444 2931 1491 sunt
2956 1437 3011 1493 in
3040 1440 3407 1497 voluntatibus

1811 1518 1947 1574 suis.

1885 1608 2001 1665 Non
2034 1620 2117 1667 est
2136 1612 2227 1683 qui
2256 1612 2421 1670 faciat
2445 1615 2674 1671 bonum:
2699 1632 2808 1674 non
2826 1628 3091 1691 estusque
3122 1624 3188 1679 ad
3215 1641 3413 1682 unum.

1886 1704 2149 1762 Dominus
2178 1706 2248 1763 de
2274 1708 2415 1765 coelo
2439 1711 2721 1781 prospexit
2744 1727 2910 1783 super
2936 1714 3075 1770 ﬁlios
3099 1716 3410 1776 hominum:

1815 1804 1875 1852 ut
1894 1796 2104 1865 videat,
2146 1799 2191 1854 si
2244 1808 2328 1855 est
2373 1794 2717 1873 intelligens,
2773 1816 2866 1859 aut
2895 1807 3179 1877 requirens
3215 1809 3409 1867 Deum.

1886 1888 2089 1944 Omnes
2137 1890 2571 1961 declinaverunt,
2628 1894 2790 1950 simul
2842 1898 3061 1970 inutiles
3085 1899 3209 1955 facti
3241 1912 3408 1957 sunt:

1816 1995 1923 2036 non
1954 1988 2037 2036 est
2065 1981 2155 2051 qui
2184 1981 2345 2038 faciat
2372 1983 2596 2051 bonum,
2622 2001 2731 2041 non
2759 1998 2843 2044 est
2868 2004 3040 2061 usque
3058 1991 3123 2046 ad
3150 2008 3335 2049 unum.

1886 2072 2205 2142 Sepulcrum
2238 2083 2429 2145 patens
2455 2085 2538 2132 est
2561 2086 2746 2148 guttur
2794 2093 3016 2150 eorum,
3073 2083 3273 2154 linguis
3302 2086 3417 2141 suis

1816 2164 2005 2223 dolose
2032 2166 2292 2238 agebant:
2312 2184 2582 2227 venenum
2608 2172 2858 2243 aspidum
2881 2176 2983 2230 sub
3014 2176 3173 2234 labiis
3198 2193 3421 2238 eorum;

1890 2359 2131 2428 Quorum
2161 2374 2225 2417 os
2255 2362 2671 2433 maledictione,
2706 2374 2756 2420 et
2809 2366 3172 2425 amaritudine
3198 2370 3418 2440 plenum

1820 2461 1903 2510 est
1921 2471 1932 2507 :
1951 2455 2166 2511 veloces
2181 2456 2350 2525 pedes
2364 2472 2553 2513 eorum
2580 2459 2647 2513 ad
2666 2459 3051 2517 cﬂ'uudendum
3069 2465 3386 2534 sanguinem
3399 2504 3417 2521 .

1892 2631 2161 2691 Contritio
2211 2645 2266 2691 et
2323 2634 2615 2691 infelicitas
2660 2637 2716 2692 in
2773 2637 2878 2694 viis
2927 2653 3115 2695 eorum
3145 2652 3232 2697 :et
3277 2642 3423 2699 viam

1823 2729 1970 2797 pacis
2018 2743 2130 2784 non
2180 2736 2554 2801 cognoverunt
2599 2745 2752 2787 :non
2807 2739 2894 2787 est
2922 2731 3088 2788 timor
3138 2732 3236 2790 Dei
3291 2743 3422 2792 ante

1824 2819 2012 2876 oculos
2033 2835 2248 2876 eorum.

1895 2910 2083 2966 Nonne
2099 2922 2669 2982 cognoscentomnes,
2700 2914 2791 2984 qui
2834 2923 3137 2984 operantur
3165 2914 3425 2987 iniquita-

1749 3030 1796 3094 ρ
1828 3009 1967 3059 tem:
1989 3002 2079 3071 qui
2096 3000 2398 3058 devorantz
2422 3004 2633 3074 plebem
2653 3019 2855 3073 meam,
2871 3006 3017 3061 sicut
3034 3019 3213 3062 escam
3236 3008 3427 3078 panis?

1904 3092 2074 3149 Deum
2104 3092 2248 3164 [Με.
2273 3093 2593 3166 Dominum]
2614 3110 2720 3151 non
2739 3095 3125 3153 invocaverunt
3146 3114 3161 3151 :
3182 3098 3291 3155 illic
3313 3107 3425 3155 tre-

1833 3186 2156 3258 pidaverunt
2183 3186 2398 3251 timore,
2429 3186 2519 3243 ubi
2548 3202 2655 3243 non
2686 3196 2806 3243 erat
2844 3188 3029 3245 timor.

1904 3280 2169 3349 Quoniam
2192 3280 2335 3337 Deus
2365 3280 2420 3337 in
2448 3280 2805 3352 generatione
2826 3282 2969 3351 justa
2995 3291 3079 3338 est
3103 3300 3117 3337 :
3140 3284 3429 3342 consilium

1836 3373 2013 3445 inopis
2034 3371 2063 3409 ¹ι
2083 3372 2405 3431 confudistis
2426 3414 2445 3443 ,
2496 3376 2749 3446 quoniam
2784 3375 2966 3447 Deus[
2996 3375 3100 3431 Ms.
3132 3379 3388 3435 Dominus
3418 3380 3431 3451 |

1835 3482 1963 3538 spes
1992 3466 2109 3537 ejus
2133 3476 2239 3523 est.

1903 3558 2036 3629 Quis
2062 3559 2212 3615 dabit
2236 3574 2302 3615 ex
2328 3558 2459 3615 Sion
2490 3558 2729 3617 salutare
2772 3559 2980 3617 Israel?
3005 3561 3143 3618 Dum
3166 3562 3183 3602 ί
3219 3572 3431 3622 avertet

1832 3654 2093 3711 Dominus
2117 3653 2486 3723 captivitatem
2514 3652 2689 3723 plebis
2715 3667 2849 3708 suae.

1902 3747 2139 3803 Laetetur
2165 3745 2359 3813 Jacob,
2395 3753 2451 3803 et
2475 3745 2715 3802 exsultet
2760 3746 2952 3803 Israel.

1495 3828 1858 3910 PSALMUS
1896 3819 2073 3884 le.

696 3931 929 3974 Ρελιιωε
976 3933 1076 3974 DA"
1085 3932 1159 3973 1D.

200 4004 445 4077 Domine,
472 4010 586 4081 quis
609 4008 865 4065 habitabit
891 4010 944 4064 in
972 4006 1305 4065 tabernaculo
1334 4008 1468 4064 tuo?
1504 4021 1563 4063 ἡ
1590 4008 1722 4077 aut:

138 4098 246 4164 quis
273 4105 546 4171 requiescet
574 4104 629 4155 in
670 4110 841 4157 monte
869 4112 1045 4157 sancto
1069 4104 1196 4157 tuo?

203 4223 230 4251 ⁸
257 4216 415 4284 Quod
444 4226 524 4274 est
552 4219 607 4274 in
635 4219 865 4274 chrmo
890 4217 1119 4274 verbum
1231 4258 1247 4285 ,
1279 4232 1403 4273 cum
1436 4216 1589 4283 alibi,
1615 4223 1725 4269 tum

143 4282 223 4340 hic
252 4282 408 4345 certe
430 4291 555 4356 loci,
588 4290 858 4361 signiﬁcat
886 4290 1197 4361 benefacere,
1226 4282 1729 4361 remunerarib‘or-

142 4364 281 4413 tasse
310 4361 449 4417 adeo
490 4358 663 4428 vero,
677 4376 790 4432 quo
819 4373 947 4427 νος,
979 4360 1143 4428 bona,
1171 4368 1529 4431 przenotatur,
1561 4358 1729 4413 satius

142 4439 282 4502 esset
305 4434 565 4502 expungi.

2211 3914 2263 3955 ιη
2300 3912 2494 3965 rinnu,
2532 3895 2546 3946 ἱ
2586 3910 2821 3954 ΡεΑιιιυε
2861 3913 3042 3955 navit).

1910 3995 2167 4063 Domine,
2222 3991 2343 4063 quis
2383 3989 2654 4045 habitabit
2684 3990 2739 4044 in
2792 3990 3140 4048 tabernaculo
3183 3994 3314 4051 tuo?
3342 4004 3438 4053 aut

1833 4095 1959 4167 quis
1980 4088 2284 4162 requiescet
2312 4086 2365 4140 in
2397 4094 2585 4141 monte
2614 4094 2803 4141 sancto
2832 4085 2966 4140 tuo?

1833 4219 2025 4281 patens
2073 4201 2875 4281 estguttur_eorum,“linguis
2919 4203 3033 4259 suis
3064 4204 3254 4281 dolose
3280 4222 3427 4281 age-

1835 4271 1982 4355 bant,
2012 4278 2179 4350 quinti
2198 4271 2395 4355 psalmi
2421 4282 2557 4355 su_nt:
2761 4271 2933 4327 autem
2977 4277 3115 4342 quod
3144 4271 3379 4355 sequitur
3408 4294 3430 4329 .-

1833 4343 2113 4408 Veneuum
2136 4343 2378 4415 aspidum
2410 4345 2511 4417 su_b
2543 4343 2699 4398 labiis
2725 4360 2936 4417 eorum,
2978 4343 3239 4417 centesimi
3266 4347 3427 4417 trige-

1830 4424 1947 4476 simi
1971 4421 2093 4475 noni
2116 4417 2302 4489 psalmi
2323 4424 2418 4469 est.
2449 4415 2771 4489 Rursumque
2791 4416 2929 4489 quod
2951 4416 3139 4469 dicitur
3157 4415 3428 4489 :Quorum

206 4497 232 4535 δ
255 4501 361 4555 sed
380 4485 565 4575 'n'eq‘aé
585 4504 639 4558 in
664 4502 855 4559 Graeco
877 4501 1095 4557 additur
1114 4501 1247 4557 suis:
1269 4499 1534 4557 llebraice
1556 4509 1733 4553 autem
1761 4499 1817 4560 D
1840 4511 1900 4547 os
1929 4485 2310 4575 maledimio‘ne
2338 4495 2393 4541 et
2414 4485 2773 4575 amaritudine
2803 4488 3178 4575 plenumrest,‘
3204 4487 3268 4538 de
3296 4503 3433 4540 nono

144 4575 404 4657 61.1.7473:
430 4613 443 4647 :
468 4595 562 4650 sed
586 4596 677 4666 qui
718 4595 825 4649 suis
848 4597 1078 4664 primum
1110 4592 1336 4658 addidit,
1369 4592 1586 4646 videtur
1615 4590 1744 4644 sub-

145 4685 724 4751 seuuentemllebraici
745 4695 1035 4741 contextus
1060 4701 1244 4743 vocem
1267 4693 1375 4763 79x,
1401 4686 1497 4738 lien
1516 4683 1744 4753 negandi

149 4777 463 4848 particulam
494 4794 593 4846 pro
622 4778 741 4832 Item
769 4778 968 4833 sufﬁxo
998 4779 1297 4848 accepisse,
1333 4789 1499 4847 atque
1528 4790 1631 4830 una
1661 4790 1747 4848 se-

148 4844 223 4920 rie
242 4844 613 4906 continua-sse.
650 4850 932 4904 Palatinus
959 4844 1306 4920 supra—atque
1334 4844 1472 4903 infra
1498 4848 1549 4902 iu
1574 4846 1746 4901 versi-

148 4912 244 4968 bus
273 4920 611 4976 ascribendis
639 4935 749 4976 non
772 4920 940 4976 semel
967 4912 1172 4987 peccat.

179 4996 242 5063 ne
266 4988 322 5043 In
350 4989 596 5063 Palatino
619 4991 740 5063 haec
769 4986 1061 5063 apponitur
1077 5004 1143 5045 ex
1171 4988 1358 5053 minio,
1389 4997 1447 5063 et
1483 4986 1747 5063 grandio-

148 5055 299 5130 l’ibps
327 5064 487 5130 paulo
518 5061 716 5117 litteris
760 5055 888 5116 nota
924 5077 939 5116 :
975 5059 1046 5113 Hi
1086 5070 1197 5114 octo
1226 5076 1396 5114 versus
1432 5055 1749 5113 in'llebraeis

148 5127 403 5201 codicibus
437 5150 538 5187 non
565 5133 861 5186 habentur:
890 5141 945 5187 et
974 5140 1384 5201 consequenter
1406 5131 1600 5201 singuli
1630 5131 1746 5184 sin-

147 5199 284 5263 gulis
306 5202 481 5257 obelis
502 5203 915 5258 contodiuntur.
938 5200 1138 5256 Notum
1166 5199 1223 5256 et
1244 5200 1559 5270 Hieronymi
1579 5199 1747 5269 ipsius

148 5271 517 5327 testimonium
544 5273 877 5327 Praelatione
922 5273 1042 5327 libri
1083 5286 1168 5326 xvr
1197 5270 1657 5326 Commentarior.
1694 5271 1746 5325 in

145 5334 373 5399 Isaiam:
408 5344 599 5399 Omnes
650 5343 870 5398 Graeciae
896 5342 1250 5409 Tractatores,
1283 5342 1370 5412 qui
1395 5341 1542 5395 nobis
1570 5342 1748 5394 erudi-

148 5416 297 5468 tionis
329 5431 443 5470 sum
482 5416 537 5469 in
569 5412 813 5469 Psalmos
855 5412 1261 5468 Commentarios
1290 5413 1628 5483 reliquerunt,
1658 5413 1751 5483 hos

150 5486 421 5539 farsiculos
464 5502 587 5541 veru
626 5493 912 5550 annotant,
958 5493 1109 5555 atque
1163 5482 1477 5553 praetereunt
1506 5499 1524 5536 :
1553 5482 1749 5549 liquido

152 5556 447 5625 conﬁtentes
469 5559 523 5610 in
550 5556 809 5611 Hebraico
839 5572 938 5609 non
960 5554 1156 5619 haberi,
1172 5571 1278 5625 nec
1304 5570 1410 5607 esse
1437 5554 1493 5607 in
1538 5562 1749 5625 septua-

151 5625 198 5693 gi
231 5622 281 5677 ta
302 5624 704 5699 lnterpretibus,
730 5626 821 5679 sed
842 5628 895 5679 in
918 5627 1140 5699 editione
1170 5623 1417 5699 Vulgata,
1436 5639 1552 5694 qum
1574 5622 1751 5677 (ἔναιρε

153 5717 206 5751 zs
224 5703 281 5757 νὴ
310 5694 525 5765 dicitur,
563 5707 610 5752 et
642 5699 694 5751 in
723 5707 833 5752 toto
854 5698 970 5750 orbe
993 5698 1196 5751 diversa
1217 5694 1311 5750 esi.
1338 5694 1753 5749 Docueratvero

154 5770 308 5838 paulo
358 5772 641 5838 superius,
689 5783 757 5822 ex
784 5783 891 5839 quo
932 5769 1161 5839 quisque
1206 5768 1328 5822 loco
1360 5779 1550 5839 versus
1576 5771 1752 5839 _essct

152 5834 346 5897 iscitus
380 5859 394 5895 :
428 5834 594 5907 Nam,
629 5834 829 5911 inquit,
868 5834 974 5893 duo
1005 5834 1159 5908 primi
1188 5853 1360 5896 versus
1385 5852 1403 5893 :
1428 5834 1747 5907 Sepulcrum

430 5935 718 6000 ΡΑτιιοι.
767 5932 1010 5997 XXIX.

1848 4564 2055 4633 psalmo
2075 4566 2334 4633 sumptum
2364 4564 2458 4610 est.
2491 4555 2615 4609 Tres
2637 4565 2807 4609 autem
2828 4556 3061 4633 versiculi
3090 4558 3178 4633 qui
3207 4572 3435 4624 sequun-

1848 4626 1951 4697 tur,
1976 4626 2202 4687 veloces
2220 4626 2386 4697 pedes
2407 4642 2622 4697 eorum,
2651 4643 2831 4697 usque,
2866 4627 3006 4680 viam
3034 4629 3181 4695 pacis
3208 4642 3313 4697 non
3340 4641 3434 4697 co-

1846 4695 2170 4773 gndverunt,
2194 4695 2257 4773 in.
2278 4696 2421 4773 Isaia
2440 4696 2689 4773 propheta
2708 4695 2894 4773 reperi,
2919 4704 3023 4751 etc.
3046 4695 3437 4773 Supposititius

1848 4766 2212 4844 Hieronymus
2244 4769 2297 4844 in
2330 4766 2682 4844 Breviarioiu
2729 4766 3165 4844 psalmosetiam
3187 4766 3435 4844 dechu-

1848 4835 2131 4899 terononiio
2160 4841 2377 4896 asciscit
2402 4882 2418 4905 ,
2468 4839 2613 4909 quod
2643 4853 2672 4891 a
2695 4838 2809 4892 veri
2842 4835 2987 4891 omni
3019 4838 3204 4909 specie
3246 4836 3434 4909 distat.

1919 4913 1947 4952 ἀ
1978 4915 2054 4970 De
2081 4922 2202 4969 octo
2230 4906 2663 4966 versibns'obelo
2695 4909 2782 4962 hic
2814 4906 3123 4975 prmnotatis
3156 4906 3276 4960 fuse
3326 4906 3440 4962 dis-

1848 4995 2003 5059 putat
2034 4985 2418 5059 Hieronymus
2432 4978 2885 5059 Arespondensuad
2914 4975 3123 5059 objecta
3158 4976 3438 5059 Eustqchii

1850 5046 2097 5127 virginis,
2132 5046 2399 5127 promtnio
2426 5046 2732 5127 Comment.
2769 5048 3051 5127 l_ib._xv1in
3069 5046 3440 5105 lsaiam.Con-

1850 5116 1991 5184 sulat
2020 5116 2197 5182 locum
2223 5126 2447 5179 citatum
2474 5122 2565 5190 qui
2589 5120 2840 5190 voluerit.
2872 5116 3047 5171 Msnr.

1925 5199 2213 5253 °Alterum
2246 5196 2332 5248 hic
2380 5188 2585 5259 etpost
2638 5188 3062 5259 subsequentem
3113 5190 3440 5245 versiculum

1853 5268 2183 5335 Diapsalma,
2211 5266 2280 5320 ad
2306 5262 2430 5319 libri
2446 5257 2609 5335 eram
2638 5257 2867 5335 Palatin.
2902 5273 3006 5312 ms.
3050 5261 3274 5335 apponit

1858 5372 1867 5389 .
1929 5327 2282 5394 f'Veronens.
2312 5347 2415 5387 ms.
2440 5327 2761 5397 imprudens,
2794 5337 2849 5383 et
2878 5344 3007 5384 mox
3038 5328 3399 5396 affectionibus
3423 5371 3441 5398 ,

1852 5427 1952 5482 pro
1980 5404 2331 5482 voluntatibus
2360 5419 2379 5455 :
2403 5399 2740 5482 continenter
2767 5412 2835 5453 ex
2879 5400 3204 5482 Augustino.

1928 5465 1952 5529 ἐς
1979 5480 2124 5533 Idem
2139 5490 2243 5547 ms.
2265 5465 2781 5547 devorantpopplum
2801 5465 2993 5537 utme
3004 5478 3069 5547 _ut
3083 5470 3252 5522 cibum
3276 5472 3450 5547 panis.

1927 5548 1956 5587 ιι
1990 5550 2193 5601 Vitiose
2221 5543 2419 5597 lectum
2460 5539 2654 5593 minori
2684 5552 2915 5596 numero
2945 5555 2977 5596 e
3004 5539 3310 5595 Veronensi
3341 5558 3449 5599 ms.

1854 5615 2156 5689 confudisti.

1935 5678 2043 5742 i'ln
2089 5683 2283 5739 eodem
2316 5694 2419 5735 ms.
2453 5679 2636 5734 avertit
2664 5692 2681 5732 :
2707 5687 2761 5733 et
2791 5678 2845 5733 in
2873 5678 3001 5751 line,
3039 5679 3329 5736 Exsultabit
3356 5681 3459 5738 Ja-

1857 5760 1971 5826 cob,
1997 5767 2045 5813 et
2070 5755 2342 5826 (celabitur
2354 5750 2542 5807 Israel.

1936 5819 2202 5897 i'Vct'bis,
2230 5826 2281 5880 in
2307 5823 2496 5897 ﬁnem,
2530 5819 2914 5896 pratermissis
2936 5866 2953 5894 ,
3000 5822 3056 5881 in
3104 5822 3305 5879 Veron.
3358 5837 3467 5907 ms.

2986 5919 3025 5984 5
