3960 6208
514 199 615 256 159

1501 185 1560 242 S.
1601 180 1973 240 lllERONYMl
2011 179 2244 239 DIVINA
2281 179 2760 245 BIBLIOTHECA.
3019 183 3047 223 η’

3708 189 3816 247 140.

583 313 688 382 Qui
714 309 1005 384 ingreditur
1032 306 1144 362 sine
1167 300 1375 358 macula
1398 307 1476 353 :et
1495 305 1739 369 Operatur
1757 295 2049 369 justitiam:
2076 303 2102 334 ιι
2132 297 2181 358 Α
2278 296 2380 367 Qui
2414 298 2717 384 ingreditur
2736 300 2857 358 sine
2886 300 3121 369 macula,
3164 308 3220 358 et
3239 310 3497 373 operatur
3516 302 3798 375 justitiam.

590 423 651 461 οξ
682 405 787 471 Qui
814 403 835 471 1
864 399 1095 471 loquitur
1145 394 1409 449 veritatem
1458 391 1513 446 in
1540 389 1697 445 corde
1724 403 1815 444 suo
1837 402 1857 442 :
1887 387 1974 460 qui
2002 402 2106 442 non

516 502 620 574 egit
644 500 822 554 dolum
846 497 901 551 in
930 494 1108 564 lingua
1132 506 1253 547 sua.

588 592 699 647 Nec
726 590 845 662 fecit
874 587 1109 656 proximo
1144 598 1239 638 suo
1268 579 1461 636 malum
1493 594 1513 635 :
1542 586 1589 634 et
1623 575 1954 649 opprobrium
2004 582 2108 628 non

513 686 706 755 accepit
729 682 975 736 adversus
998 676 1264 750 proximos
1292 689 1436 729 suos.

581 779 661 832 Ad
684 775 903 831 nihilum
925 774 1174 827 deductus
1199 776 1275 822 est
1296 767 1349 821 in
1371 770 1648 835 conspectu
1671 765 1783 835 ejus
1803 759 2060 830 malignus
2081 771 2101 812 :

510 873 742 928 timentes
771 875 943 921 autem
969 862 1286 927 Dominum,
1318 855 1602 930 gloriﬁcat.

584 1065 643 1105 σξη
677 1047 777 1115 Qui
808 1046 831 1115 1
848 1040 1038 1119 juratb
1062 1040 1436 1112 proximosuo,
1468 1043 1518 1090 et
1546 1049 1652 1089 non
1669 1031 1897 1101 decipit:
1926 1042 1977 1083 οξ
2013 1026 2104 1097 qui

512 1144 535 1212 1
569 1141 841 1213 pecuniam
865 1153 1010 1192 suam
1037 1151 1139 1189 non
1164 1132 1304 1186 dedit
1334 1129 1402 1184 ad
1433 1142 1666 1196 usuram,
1699 1133 1747 1181 et
1770 1130 1987 1178 munera
2013 1134 2102 1175 su-

506 1251 599 1306 per
632 1244 653 1272 ο
678 1233 1025 1293 innocentem,
1057 1241 1161 1280 nou
1188 1221 1411 1292 accepit.

575 1388 674 1458 Qui
703 1386 832 1460 facit
860 1382 970 1440 liceo
997 1397 1017 1438 :
1040 1396 1144 1438 non
1169 1377 1453 1436 movebitur
1478 1375 1534 1432 in
1556 1380 1835 1431 teternum.

2280 391 2382 460 Qui
2416 382 2659 465 loquitur
2678 392 2959 452 veritatem
2992 395 3047 452 in
3068 394 3235 454 corde
3260 410 3398 454 suo:
3433 407 3489 455 et
3521 392 3653 471 (iis.
3677 399 3801 475 qui]

2210 498 2319 542 non
2342 484 2449 556 egit
2476 484 2661 542 dolum
2694 487 2747 543 in
2779 486 2959 559 lingua
2995 503 3112 544 sua.

2280 576 2391 633 Nec
2419 576 2545 633 fecit
2577 581 2824 649 proximo
2851 596 2952 636 suo
2976 580 3174 635 inalum
3197 597 3209 634 :
3234 588 3289 638 et
3314 578 3671 654 opprobrium
3697 599 3799 640 non

2209 669 2421 740 accepit
2450 670 2711 729 adversus
2742 673 3051 744 proximum
3079 687 3260 730 suum.

2279 763 2362 820 Ad
2394 764 2619 821 nihilum
2647 765 2913 823 deductus
2956 773 3041 824 est
3089 768 3140 823 iu
3189 777 3488 840 conspectu
3521 769 3642 841 ejus
3693 787 3800 827 ma-

2208 857 2386 928 lignus
2416 876 2430 912 :
2458 848 2711 916 timentes
2749 869 2929 916 autem
2960 856 3272 930 Dominum,
3298 860 3631 934 magniﬁcat.
3665 858 3794 936 [11s.

2206 948 2514 1022 giorilicat].

2276 1042 2377 1110 Qui
2403 1042 2551 1114 jurat
2580 1045 2830 1115 proximo
2862 1054 3055 1113 suo,et
3093 1060 3200 1103 non
3246 1046 3451 1120 decipit
3473 1043 3494 1086 τ
3529 1064 3654 1105 eum
3677 1068 3689 1102 :
3713 1048 3795 1121 qui

2206 1136 2490 1204 pecuniam
2522 1151 2676 1193 suam
2705 1153 2813 1194 non
2841 1139 2994 1195 dedit
3016 1140 3083 1196 ad
3111 1157 3356 1213 usuram,
3383 1152 3441 1201 et
3469 1160 3693 1200 munera
3711 1158 3795 1199 su-

2207 1242 2303 1298 per
2342 1226 2688 1286 innocentem
2730 1246 2836 1287 non
2880 1232 3111 1304 accepit.

2276 1321 2376 1390 Qui
2414 1321 2544 1379 facit
2589 1312 2874 1383 hmczuon
2922 1325 3510 1401 commovebiturHls.
3558 1330 3794 1390 movebi-

2205 1420 2291 1469 tur
2316 1411 2335 1485 ]
2367 1413 2423 1469 in
2452 1425 2742 1473 aeternum.

1887 1546 2245 1611 PSALMUS
2287 1549 2430 1613 XV.

856 1662 885 1704 ιι
914 1677 1096 1722 'riruu
1120 1671 1416 1718 insomnio
1439 1668 1538 1712 irai
1559 1667 1742 1711 νΑνω.

573 1788 830 1843 Conserva
851 1798 953 1848 me,
996 1778 1216 1833 Domine
1234 1818 1250 1845 ,
1280 1774 1525 1847 quoniam
1563 1769 1763 1843 speravi
1792 1767 1845 1822 in
1873 1776 1961 1822 te:
1987 1765 2098 1820 dixi

500 1880 749 1944 Domino,
781 1873 927 1930 Deus
952 1886 1099 1926 meus
1124 1886 1178 1924 es
1204 1875 1281 1936 tu,
1310 1865 1555 1935 quoniam
1585 1862 1839 1917 bonorum
1866 1872 2097 1914 meorum

500 1990 606 2029 non
635 1985 769 2043 eges.

570 2064 802 2131 Sanctis,
834 2061 925 2133 qui
949 2065 1069 2114 sunt
1091 2057 1144 2111 in
1167 2064 1305 2111 terra
1328 2058 1352 2091 ο
1383 2051 1495 2120 ejus
1520 2049 1544 2118 1
1567 2045 1866 2116 miriﬁcavit
1985 2054 2090 2096 om-

495 2175 587 2215 nes
611 2158 634 2227 1
659 2155 949 2211 voluntates
972 2166 1110 2206 meas
1131 2149 1186 2203 in
1215 2148 1311 2203 eis.

567 2248 939 2319 Multiplicatte
967 2252 1089 2298 sunt
1130 2240 1459 2310 inﬁrmitates
1484 2251 1660 2291 eorum
1691 2249 1711 2289 :
1735 2241 1914 2304 postea
1944 2243 2094 2285 acce-

769 2349 811 2393 l.

769 2349 811 2393 t.

493 2344 1039 2504 ("gguc'bngregabo
1060 2422 1421 2483 conventicula
1436 2436 1615 2478 eorum
1635 2419 1701 2474 de
1724 2416 2093 2489 sanguinibus:

490 2549 584 2589 nec
607 2546 795 2588 memor
815 2545 903 2584 ero
924 2524 1192 2582 nominum
1216 2537 1415 2590 eorum,
1449 2534 1542 2590 per
1580 2516 1720 2573 labia
1747 2532 1881 2570 mea.

563 2712 843 2776 Dominus,
868 2721 989 2778 pars
1011 2699 1331 2759 haereditatis
1353 2710 1479 2752 metu
1505 2703 1554 2750 et
1580 2693 1757 2750 colicis
1783 2693 1918 2748 mei:
1940 2700 1994 2747 tu
2011 2706 2086 2761 es,

488 2808 576 2882 qui
601 2805 837 2862 restitues
865 2797 1218 2857 luereditatem
1250 2807 1419 2847 meam
1449 2788 1598 2845 mihi.

562 2984 738 3040 Funes
766 2981 1058 3037 ceciderunt
1105 2973 1236 3030 mihi
1272 2974 1327 3027 in
1373 2968 1649 3045 praeclaris
1676 2982 1697 3024 :
1721 2975 1775 3022 et
1801 2979 1863 3023 σιν
1888 2965 2027 3021 enim
2055 2964 2078 3035 1

488 3075 768 3131 [accreditas
798 3088 911 3127 mea
937 3068 1195 3140 praeclara
1222 3074 1300 3120 est
1326 3065 1477 3118 mihi.

559 3165 872 3221 Benedicam
901 3160 1185 3213 Dominum
1227 3156 1315 3222 qui
1355 3153 1535 3208 tribuit
1557 3153 1686 3208 mihi
1723 3153 2042 3209 intellectum
2065 3166 2086 3206 :

487 3262 730 3330 insuper,
776 3263 827 3309 et
870 3266 1034 3321 usque
1061 3249 1132 3303 ad
1156 3256 1386 3315 noctem,
1417 3245 1783 3314 increpita-unt
1820 3258 1902 3298 me
1938 3257 2087 3298 renes

488 3352 612 3405 mei.

561 3437 909 3494 Providebain
938 3433 1216 3488 Dominum
1255 3432 1314 3486 in
1358 3438 1635 3502 conspectu
1687 3443 1805 3484 meo
1849 3444 2084 3501 semper:

487 3531 731 3603 quoniam
756 3544 789 3580 a
818 3524 1020 3580 dextris
1045 3530 1123 3577 est
1141 3521 1291 3589 mihi,
1322 3536 1388 3576 ne
1418 3532 1758 3576 conmoveer.

561 3622 784 3691 Propter
805 3617 902 3671 hoc
926 3617 1152 3671 (relatum
1175 3623 1251 3669 est
1274 3629 1364 3668 cor
1386 3628 1574 3681 meum,
1605 3624 1657 3667 et
1680 3612 1958 3668 exsultavit
1979 3611 2084 3667 lin-

488 3730 591 3784 gua
620 3727 731 3765 mea
758 3724 818 3765 ὴ
838 3709 1052 3779 insuper
1079 3708 1101 3777 1
1127 3714 1176 3760 et
1201 3720 1325 3761 caro
1351 3720 1468 3760 mea
1494 3705 1773 3775 requiescet
1793 3702 1848 3758 in
1875 3718 1985 3776 spe.

564 3804 941 3873 Quoniamnon
965 3798 1285 3870 derelinques
1313 3799 1541 3853 animum
1565 3813 1729 3852 meum
1757 3798 1811 3851 in
1834 3797 2047 3867 inferna
2065 3812 2084 3851 :

489 3917 578 3957 nec
602 3899 753 3953 dabis
781 3905 1017 3952 sanctum
1045 3903 1190 3948 tuum
1219 3893 1391 3949 videre
1440 3893 1843 3964 corruptionem.

561 3994 731 4050 Notas
764 3992 893 4047 milii
935 3989 1103 4061 fecisti
1130 3990 1238 4042 vias
1268 3988 1407 4055 vitea,
1438 3984 1750 4059 adimplebis
1778 4001 1861 4040 me
1905 3984 2115 4041 laetitia-

487 4107 603 4145 cum
626 4086 775 4143 vultu
812 4095 900 4140 tuo
932 4099 948 4141 :
977 4081 1340 4139 delectationes
1366 4080 1420 4135 in
1450 4079 1664 4135 dextera
1699 4085 1790 4132 tua
1825 4091 1887 4133 αε-
1921 4090 2086 4146 usque

492 4183 513 4252 1
545 4183 599 4238 in
628 4180 805 4252 ﬁnem.

2424 1658 2451 1700 Β
2477 1667 2533 1708 in
2580 1668 2764 1711 rrruu
2804 1666 3203 1728 mSCRlP'fiGlB,
3241 1663 3345 1717 ipsi
3393 1676 3573 1720 navus.

2268 1763 2544 1824 Conserva
2592 1782 2697 1840 me,
2730 1768 2994 1839 Domine,
3053 1776 3309 1847 quoniam
3359 1778 3414 1835 in
3448 1788 3501 1837 te
3531 1782 3787 1853 speravi:

2197 1856 2312 1913 dixi
2358 1859 2606 1933 Domino,
2657 1862 2796 1919 Deus
2823 1878 2976 1922 meus
3004 1878 3065 1924 es
3097 1874 3175 1937 tu,
3221 1871 3479 1942 quoniam
3526 1870 3791 1935 bonorum

2199 1964 2442 2007 ineorum
2475 1967 2582 2010 non
2612 1953 2822 2028 indiges
2850 1956 2968 2031 [Ms
3006 1959 3189 2034 eges].

2266 2044 2481 2103 Sanctis
2511 2050 2602 2120 qui
2632 2048 2685 2106 in
2736 2061 2875 2108 terra
2907 2063 3027 2109 sunt
3080 2056 3223 2126 ejus,
3253 2059 3564 2119 miriﬁcavit
3611 2080 3792 2124 omnes

2194 2137 2500 2195 voluntates
2530 2156 2679 2199 meas
2708 2145 2850 2201 inter
2872 2145 3032 2221 illos[
3061 2146 3165 2205 Ms.
3202 2150 3256 2207 in
3286 2152 3392 2209 illis
3418 2153 3460 2227 ].

2264 2232 2634 2305 Multiplieataa
2665 2248 2791 2294 sunt
2818 2241 2964 2296 enim
2997 2241 3140 2314 [Ms.
3168 2254 3272 2301 tac.
3303 2247 3481 2322 enim]
3506 2250 3790 2311 inﬁrmita-

2195 2331 2277 2382 tes
2309 2339 2497 2382 eornm
2535 2344 2549 2383 :
2582 2340 2769 2402 postea
2798 2333 3265 2394 acceleraverunt.

2262 2417 2382 2474 Non
2411 2422 2757 2493 congregabo
2782 2427 3165 2484 conventicula
3193 2445 3380 2488 eorum
3408 2432 3478 2489 de
3522 2436 3790 2509 sanguini-

2192 2512 2329 2570 bus:
2361 2530 2461 2572 nec
2492 2532 2702 2574 memor
2729 2534 2825 2575 ero
2857 2522 3174 2595 nominumf
3216 2523 3323 2581 Ms.
3347 2528 3595 2587 omnium
3620 2530 3639 2603 ]
3669 2532 3789 2590 illo-

2192 2620 2312 2662 rum
2339 2647 2353 2673 ,
2385 2623 2480 2677 per
2509 2606 2653 2666 labia
2679 2627 2820 2668 mea.

2264 2698 2546 2769 Dominus,
2566 2712 2691 2773 pars
2711 2705 3044 2763 lunrcditatis
3062 2711 3460 2769 memetcalicis
3485 2716 3590 2771 mei
3617 2734 3629 2771 :
3664 2727 3788 2776 tuos

2189 2793 2281 2864 qui
2298 2794 2583 2851 restituisti
2599 2795 2731 2869 [Ms.
2748 2800 3024 2875 restitues]
3044 2802 3179 2859 mihi
3199 2805 3574 2866 imreditatem
3590 2826 3785 2868 meam.

2262 2882 2442 2943 Funes
2493 2888 2810 2947 ceciderunt
2859 2891 2990 2949 mihi
3024 2893 3077 2949 in
3108 2897 3420 2966 praeclaris:
3454 2904 3654 2960 etenim
3678 2904 3787 2961 hie-

2189 2976 2394 3036 reditas
2423 2993 2539 3035 mea
2568 2983 2831 3051 prieeiara
2866 2995 2950 3041 est
2980 2985 3136 3043 mihi.

2111 3041 2158 3105 (ἶ
2260 3041 2583 3130 Benedieani
2598 3073 2907 3144 Dominum,
2933 3079 3024 3149 qui
3049 3041 3181 3137 mihi
3200 3081 3386 3140 tribuit
3412 3084 3742 3144 intellectum
3767 3106 3783 3144 :

2188 3160 2413 3233 insuper
2435 3209 2450 3234 ,
2501 3162 2529 3203 ιι
2554 3174 2610 3223 et
2640 3183 2811 3240 usque
2839 3168 2906 3225 ad
2934 3183 3172 3242 noctem,
3229 3177 3648 3251 iucrepaverunt
3699 3198 3786 3240 me

2187 3264 2347 3311 renes
2391 3256 2519 3312 mei.

2258 3346 2611 3405 Providebam
2636 3348 2922 3410 Dominum
2947 3355 2999 3412 in
3026 3370 3319 3435 conspectu
3353 3377 3496 3431 meo,
3527 3370 3782 3439 semper:

2184 3439 2440 3510 quoniam
2473 3455 2500 3495 a
2533 3441 2740 3499 dextris
2771 3456 2852 3502 est
2885 3448 3036 3516 mihi,
3063 3465 3131 3505 ne
3159 3465 3531 3512 commovear.

2259 3529 2489 3601 Propter
2518 3531 2621 3590 hoc
2649 3534 2667 3571 ⁸
2701 3534 3026 3596 delectatum
3050 3548 3133 3597 est
3153 3557 3250 3599 cor
3279 3556 3457 3600 meum
3476 3589 3490 3613 ,
3516 3554 3574 3605 et
3602 3548 3782 3607 exsul-

2185 3625 2318 3680 tavit
2334 3626 2515 3697 lingoa
2528 3643 2648 3684 mea
2667 3628 2980 3702 :insnperet
2995 3646 3124 3690 caro
3142 3648 3259 3692 mea
3275 3639 3581 3710 requiescet
3598 3643 3648 3697 in
3664 3657 3780 3714 spe.

2257 3715 2524 3786 Quoniam
2553 3734 2659 3775 non
2697 3720 3041 3794 derelinques
3070 3726 3305 3784 animam
3339 3743 3514 3787 meam
3537 3734 3591 3789 in
3623 3734 3786 3791 inier-

2188 3821 2259 3865 no
2310 3808 2437 3882 [Με.
2478 3810 2818 3886 infernum]:
2845 3830 2948 3872 nec
2984 3815 3113 3889 [Με.
3148 3818 3506 3892 neque]dabis
3535 3834 3780 3881 sanetum

2183 3907 2332 3955 tuum
2380 3900 2566 3957 videre
2614 3906 3045 3974 corruptionem.

2255 3989 2425 4046 Notas
2452 3991 2585 4046 mihi
2608 3991 2788 4050 fecisti
2810 3996 2925 4052 vias
2951 4000 3096 4068 vitm,
3128 4000 3460 4081 adimplebis
3480 4022 3571 4065 me
3594 4007 3786 4064 lietitia

2184 4096 2308 4138 eum
2334 4083 2486 4139 vultu
2510 4091 2602 4141 tuo
2628 4104 2642 4143 :
2670 4084 2684 4137 i
2716 4084 3109 4150 delectationes
3138 4094 3195 4150 in
3223 4096 3452 4155 dextera
3476 4108 3591 4169 tua,
3613 4115 3784 4173 usque

2187 4174 2241 4231 in
2275 4174 2459 4233 (litem.

1842 4304 2199 4370 PSALMUS
2247 4305 2419 4370 ΧΠ.

1068 4428 1265 4472 ORATIO
1311 4429 1493 4470 DAVID.

528 4532 619 4575 ,-t-
646 4516 730 4573 Ea:
763 4512 960 4585 1audi,
985 4507 1229 4581 Domine,
1246 4509 1515 4581 justitiam
1542 4519 1603 4563 ειν
1628 4520 1800 4562 meam
1824 4502 1847 4575 1
1872 4504 2082 4561 intende

480 4610 893 4683 deprecationem
919 4620 1109 4661 meam.

2525 4424 2723 4467 ommo
2749 4427 2910 4470 DAVID
2941 4411 3072 4488 [Μσ.
3100 4429 3200 4475 IPSI
3230 4418 3439 4492 eum].

2258 4501 2493 4571 Exaudi,
2526 4503 2754 4562 Domine
2782 4505 2911 4579 [Ms.
2944 4509 3133 4582 Deus),
3159 4510 3431 4582 juStitiam
3454 4529 3670 4574 meam:
3700 4515 3787 4572 in-

2188 4594 2349 4655 tende
2380 4595 2755 4668 deprecatioui
2780 4614 2941 4657 mete.
3686 4604 3693 4609 ’

482 4800 687 4846 tantum
717 4797 830 4850 est.
867 4784 1113 4860 Psalntus
1155 4783 1256 4860 ipsi
1293 4780 1486 4860 David,
1522 4789 1633 4860 tum
1667 4778 2080 4860 peregrinabitur
2104 4771 2157 4834 D
2182 4787 2342 4860 versu
2371 4772 2513 4857 idem
2537 4789 2641 4829 ms.
2675 4785 2729 4832 et
2757 4774 2886 4860 gari
2912 4778 3084 4860 editio
3108 4785 3610 4860 praetermittuntm
3629 4788 3784 4860 cuius

483 4878 577 4931 pro
601 4851 1302 4933 habitabitpquodhpri'dem
1334 4853 1666 4933 Augustinus
1697 4851 2079 4933 rescripserat.

554 4940 581 4969 ⁸
613 4933 707 4985 llic
733 4946 763 4984 e
796 4920 1015 5001 regione
1053 4920 1369 5001 ρ’ἑαρεαιοηα⁸
1391 4920 1564 5001 Palat.
1616 4920 1792 5001 eode;
1834 4920 2078 5001 ascribit.

480 5000 683 5055 Ohelus
712 4993 889 5054 autem
923 4995 1090 5066 priori
1136 4993 1200 5051 ac
1248 4994 1409 5050 tertio
1450 4994 1560 5061 qui,
1617 4993 1849 5066 relativo
1898 4993 2079 5062 pra-ﬁ-

478 5072 687 5141 gendos
714 5062 937 5141 videtur:
952 5069 1065 5141 pari
1081 5067 1158 5141 iie_
1177 5079 1488 5141 eausa_,_qua
1504 5062 1748 5141 secundo
1760 5071 2074 5117 aunotatur.

547 5140 575 5180 ι’
607 5141 899 5215 Perperain
925 5132 977 5191 in
1007 5136 1257 5215 nlanian.
1288 5132 1534 5191 editione
1569 5132 1764 5215 ohelus
1794 5148 2080 5215 praepone-

478 5209 636 5267 batur
666 5205 855 5264 verbis
897 5209 1134 5278 proximo
1177 5222 1314 5275 suo,
1365 5221 1490 5277 qua:
1542 5205 1680 5261 satis
1729 5213 1993 5259 resonant
2020 5205 2077 5260 in

475 5325 641 5381 llebr.
672 5303 845 5388 v1.15.
882 5318 992 5375 Nos
1021 5318 1249 5374 illumad
1268 5318 1474 5376 codicis
1507 5316 1741 5373 Palatini
1773 5314 1933 5371 iidem
1962 5330 2085 5372 ωε.

471 5418 748 5541 ωιέᾛὲἶη
778 5498 882 5538 ms.
911 5481 1206 5536 innocentes
1231 5497 1251 5537 :
1272 5479 1450 5536 vaﬁat
1499 5479 1630 5538 etin
1661 5477 1759 5537 Gr.
1788 5480 1869 5538 in’
1895 5482 2044 5555 ἀοώῳ
2062 5521 2080 5553 ,

470 5571 501 5611 e
512 5566 527 5609 in
567 5558 649 5610 ἐπ’
666 5558 869 5613 ἀθώοις.

535 5627 562 5664 εὶ
593 5627 961 5690 ιιειιδιιψιιλε.
995 5620 1061 5675 In
1089 5621 1231 5675 tituli
1278 5620 1642 5690 inscriptione.

536 5705 561 5735 θ
578 5692 807 5755 Oheium
829 5688 996 5757 hunc,
1013 5699 1067 5747 et
1082 5690 1175 5759 qui
1195 5690 1338 5749 intra
1358 5688 1613 5759 promite
1631 5693 1875 5754 occurrit
1900 5702 2063 5757 sexto

2188 4845 2363 4929 etiam.
2378 4846 2601 4929 regione
2630 4848 2887 4929 versiculi
2906 4845 3229 4929 yiapsa'tma
3256 4855 3428 4913 Palat.
3463 4845 3704 4929 apponit:

2264 4913 2283 4952 ί
2316 4913 2576 4987 γνοούιειε,
2606 4933 2724 4973 eum
2744 4921 2856 4987 qui,
2906 4913 3240 4983 Veronensis
3290 4943 3395 4982 ms.
3425 4913 3782 4987 onii‘ttititum

2183 4986 2425 5073 plurium
2457 5003 2687 5073 numero
2714 4986 3021 5073 innocentes
3052 5009 3151 5073 pro
3177 4996 3493 5073 innocentem
3521 5001 3673 5073 legit.

2256 5066 2293 5145 tt
2314 5055 2458 5145 idem
2483 5073 2587 5145 ms;
2601 5056 2763 5113 Tituli
2785 5055 3074 5145 inscriptio,
3097 5065 3246 5145 jtittta
3268 5055 3624 5145 Gallicanum,
3643 5055 3784 5145 quo—

2180 5130 2473 5201 cumaiius
2503 5128 2643 5184 inira
2674 5128 3113 5201 c0i;cinit,'ubia'
3141 5137 3390 5194 Romano
3416 5128 3644 5199 abiudii.

2254 5195 2283 5235 ιι
2314 5198 2457 5283 idem
2512 5216 2615 5283 ins.
2666 5202 2881 5271 insuper
2922 5195 3127 5273 autem,
3178 5220 3253 5283 ιεΔ
3283 5195 3445 5283 usque
3466 5195 3783 5269 bad—noctem

2190 5270 2585 5345 entendavertmt
2632 5287 2711 5325 nze
2731 5314 2745 5335 ,
2792 5285 2899 5329 etc.
2933 5291 3039 5345 quo
3069 5270 3210 5333 novo
3243 5270 3442 5339 iudicio
3468 5299 3618 5341 mere
3669 5293 3783 5340 Art-

2188 5339 2531 5418 gustinianus
2554 5346 2923 5418 apograpbuin
2950 5339 3092 5418 esse
3115 5362 3173 5402 se
3198 5351 3401 5418 prodit.

2267 5408 2517 5492 {lterum
2574 5408 2972 5492 (ix-'Au'gustini
3021 5408 3306 5492 Psalterio,
3340 5438 3572 5492 quocum
3619 5425 3780 5480 unice

2188 5477 2682 5559 facitheroneiisis
2712 5477 2859 5559 eod,
2879 5488 3227 5558 jucundatum
3254 5477 3700 5559 pro'delectatuﬁm.

2264 5554 2277 5629 ξ
2328 5551 2517 5608 Denuo
2538 5554 2605 5629 ad
2628 5554 2853 5629 verbum
2876 5551 2998 5611 eum
3024 5573 3133 5612 uno
3149 5551 3454 5629 Augustino
3473 5564 3775 5621 Vertimus.

2187 5621 2352 5680 habet
2379 5640 2483 5683 ius.
2524 5625 2729 5682 minori
2757 5642 3009 5698 numero,
3049 5621 3344 5688 delectitio.
