3960 6208
439 189 546 249 H3

1428 183 1488 242 S.
1528 181 1906 241 lllERONYMl
1944 179 2179 242 DIVINA
2213 180 2695 241 BlBLlOTllECA.

3636 182 3743 242 ιιι

512 300 975 361 Circumdederunt
997 314 1078 356 me
1098 296 1304 353 dolores
1325 296 1507 352 mortis
1533 312 1551 351 :
1580 305 1628 352 et
1654 304 1905 351 torrentes
1925 294 2028 349 ini-
2051 295 2110 360 Α
2200 291 2697 350 Circumdcderunt
2717 306 2802 349 me
2826 291 3061 365 gemitus
3083 289 3213 365 [Ηε.
3238 290 3483 365 dolores]
3504 294 3737 354 mortis:

434 402 650 477 quitatis
679 398 1109 456 conturbauerunt
1136 410 1235 448 me.

511 493 735 549 Dolores
765 489 954 561 inferni
993 484 1445 541 circumdederunt
1471 500 1553 541 nte
1581 499 1601 539 :
1632 498 2027 557 pra’occupaue-

435 564 559 642 runt
588 601 666 639 me
693 582 863 654 laquei
890 580 1093 635 mortis.

509 692 571 733 -ξσ
608 674 718 729 “Et
749 671 818 742 ξι)
847 673 902 725 in
933 671 1267 727 tribulatione
1296 687 1409 731 mea
1432 670 1666 726 invocavi
1696 668 1979 725 Dominum
2004 683 2025 724 :

432 778 479 824 et
508 768 576 822 a:l
599 765 765 820 Deum
788 779 959 819 meum
984 762 1230 818 clamavi.

506 873 565 915 -ε-
602 856 671 912 Et
694 873 760 912 ea:
793 856 817 925 ζ
844 854 1044 910 audivit
1069 854 1134 909 de
1157 852 1350 925 ιεηιριο
1379 867 1438 909 -εν
1471 861 1657 908 sancto
1684 852 1709 920 ζ
1734 867 1826 907 suo
1853 866 2027 906 vocem

426 967 627 1019 meam,
657 958 704 1006 et
734 949 930 1005 clamor
956 963 1100 1002 meus
1139 948 1192 1002 in
1220 952 1505 1017 conspectu
1550 948 1665 1017 ejus
1701 941 1934 999 introibit
1972 942 2027 997 in

425 1061 582 1101 aures
611 1045 747 1116 ejus.
1312 1052 1319 1061 ‘

497 1139 766 1197 Commota
801 1147 901 1207 est,
944 1147 993 1193 et
1029 1135 1341 1193 contremuit
1370 1143 1508 1189 terra
1531 1147 1552 1188 :
1592 1141 1643 1188 et
1683 1132 2027 1205 fundamenta

422 1235 679 1291 montium
707 1231 1015 1289 conturbata
1050 1240 1173 1286 sunt
1201 1238 1251 1284 et
1288 1235 1545 1285 commota
1585 1236 1737 1298 sunt,
1777 1226 2026 1298 quoniam

420 1328 588 1383 iratus
616 1335 692 1382 est
722 1340 786 1382 -ιν
835 1325 933 1380 eis.
1226 1386 1231 1389 _

492 1419 740 1477 Ascendit
780 1418 956 1489 fumus
991 1416 1047 1471 in
1084 1415 1168 1470 ira
1207 1417 1367 1487 ejus:
1413 1423 1461 1469 et
1491 1413 1629 1485 ignis
1671 1428 1704 1467 a
1741 1410 1876 1483 facie
1910 1412 2026 1481 ejus

420 1516 638 1585 exarsit,
668 1512 915 1568 carbones
936 1510 1172 1566 succensi
1203 1516 1320 1564 sunt
1342 1507 1407 1561 ab
1432 1522 1513 1562 eo.

2129 392 2186 443 et
2211 392 2485 443 torrentes
2512 384 2818 457 iniquitatis
2842 382 3309 441 conturbaverunt
3332 400 3442 443 me.

2200 479 2427 536 Dolores
2457 478 2652 536 inferni
2681 478 3167 537 circumdederunt
3200 492 3292 537 me
3326 493 3344 532 :
3375 487 3434 536 et
3464 478 3599 552 [ιιι.
3633 487 3737 538 tac.

2127 571 2207 645 et]
2234 582 2619 643 praevenerunt
2643 590 2732 631 me
2758 574 2944 646 laquei
2972 574 3185 630 mortis.

2201 667 2270 723 Et
2313 669 2370 724 in
2415 666 2766 723 tribulatione
2813 665 2941 740 [Με.
2991 666 3275 740 pressura]
3322 682 3444 724 mea
3484 668 3741 728 invocavi

2128 758 2418 818 Dominum
2448 774 2465 814 :
2492 769 2549 815 et
2573 758 2642 816 ad
2674 759 2847 816 Deum
2874 775 3058 817 meum
3083 759 3337 818 clamavi.

2198 852 2271 909 Et
2295 852 2593 921 exaudivit,
2619 852 2688 910 de
2711 853 2914 925 templo
2938 861 3134 911 sancto
3160 870 3283 920 suo.
3311 870 3503 914 vocem
3529 873 3737 931 meam,

2129 953 2186 1003 et
2209 946 2419 1028 clamor
2447 960 2603 1003 meus
2633 945 2687 1002 in
2715 954 3011 1018 conspectu
3040 946 3185 1018 ejus,
3220 948 3467 1007 introivit
3494 950 3555 1007 in
3577 966 3740 1010 aures

2127 1041 2268 1112 ejus.

2199 1135 2272 1191 Et
2295 1144 2576 1193 commota
2597 1144 2704 1202 est,
2726 1144 2784 1193 et
2805 1134 3138 1192 contremuit
3160 1144 3342 1194 terra:
3371 1136 3739 1196 fundamenta

2127 1227 2396 1285 montium
2418 1228 2747 1286 conturbata
2767 1237 2897 1285 sunt
2917 1236 2974 1285 et
2992 1238 3268 1285 commota
3288 1237 3419 1286 sunt
3439 1229 3738 1302 :quoniam

2127 1319 2297 1377 iratus
2319 1327 2405 1377 est
2428 1321 2509 1378 eis
2540 1321 2703 1378 Deus.

2198 1412 2461 1470 Ascendit
2499 1411 2680 1470 fumus
2707 1414 2764 1471 in
2804 1413 2887 1470 ira
2915 1412 3078 1483 ejus:
3116 1421 3174 1471 et
3202 1412 3344 1485 ignis
3373 1429 3403 1471 a
3450 1416 3592 1473 tacie
3617 1418 3735 1486 ejus

2126 1505 2436 1564 exardescit
2457 1505 2588 1581 [Ms.
2617 1506 2993 1580 exardescet],
3022 1507 3297 1567 carbones
3320 1510 3574 1568 succensi
3602 1522 3733 1569 sunt

2126 1598 2197 1655 ab
2226 1614 2315 1655 eo.

417 1702 424 1716 '
493 1692 981 1763 Inclinavitcazlos,
1005 1697 1055 1747 et
1082 1687 1393 1746 descendit:
1418 1694 1467 1743 et
1497 1685 1667 1758 caligo
1687 1684 1782 1741 sub
1808 1683 2026 1759 pedibus
2054 1661 2104 1724 Β
2202 1691 2271 1747 Et
2310 1690 2599 1748 inclinavit
2636 1689 2807 1750 caelos
2841 1690 2968 1765 [Ms.
2999 1676 3259 1765 uelum],
3301 1702 3363 1751 et
3397 1692 3688 1753 descendit
3717 1714 3731 1752 :

421 1807 564 1938 qui;
583 1880 819 1937 ascendit
840 1891 996 1950 super
1016 1875 1317 1945 Cherubim,
1341 1884 1388 1930 et
1410 1872 1639 1929 voiaoit:
1662 1870 1853 1927 volavit
1870 1885 2029 1941 super

420 1990 616 2047 pennas
641 1982 931 2028 ventorum.
1242 2034 1248 2040 _

499 2084 564 2126 -ιν
589 2067 659 2123 Et
693 2066 718 2135 ζ
748 2065 917 2137 posuit
941 2062 1200 2129 tenebras,
1224 2058 1499 2116 latibulum
1518 2073 1670 2114 suum
1690 2072 1709 2112 :
1729 2057 1786 2112 in
1807 2056 2026 2112 circuitu

417 2164 531 2237 ejus
575 2159 970 2218 tabernaculum
1010 2156 1125 2228 ejus
1149 2196 1166 2224 ,
1207 2154 1479 2212 tenebrosa
1526 2168 1661 2224 aqua
1704 2152 1761 2207 in
1802 2150 2025 2207 nubibus

424 2274 578 2314 aeris.

485 2351 611 2407 Prte
647 2348 854 2423 fulgore
895 2347 952 2402 in
994 2350 1270 2417 conspectu
1308 2342 1422 2415 ejus
1463 2339 1624 2396 nubes
1677 2336 2020 2405 transierunt,

421 2455 446 2485 ο
473 2442 677 2517 grando
701 2451 747 2497 et
778 2438 1028 2494 carbones
1056 2435 1214 2508 ignis.

488 2536 559 2593 Et
597 2533 826 2593 intonuit
858 2532 926 2587 de
959 2529 1089 2587 ctelo
1124 2528 1378 2585 Dominus
1404 2544 1424 2584 :
1462 2536 1511 2583 et
1550 2526 1853 2583 Altissimus
1880 2523 2023 2579 dedit

415 2646 590 2687 vocem
608 2644 759 2683 suam
779 2642 799 2681 :
830 2629 897 2693 ).(
918 2622 1120 2696 grando
1147 2631 1194 2676 et
1221 2622 1470 2676 carbones
1497 2620 1635 2691 ignis
1662 2619 1686 2687 ζ

485 2719 557 2774 Et
596 2717 733 2772 misit
773 2716 998 2788 sagittas
1042 2728 1188 2777 suas,
1221 2720 1271 2766 et
1310 2710 1588 2781 dissipavit
1617 2726 1705 2765 eos
1745 2725 1766 2766 :
1806 2708 2020 2782 fulgura

421 2807 807 2882 multiplicauit,
836 2814 885 2861 et
913 2801 1241 2859 conturbavit
1271 2816 1380 2856 eos.

486 2903 559 2961 Et
597 2908 955 2976 apparuerunt
1000 2899 1172 2970 fontes
1201 2910 1497 2968 aquarum:
1545 2906 1595 2951 et
1637 2894 1861 2951 revelata
1898 2900 2021 2949 sunt

419 3000 767 3073 fundamenta
786 2994 928 3051 orbis
958 3006 1021 3048 -t—
1056 2988 1085 3029 ά
1116 2998 1378 3046 terrarum
1412 2988 1435 3058 ζ

489 3091 567 3146 Ab
597 3087 952 3159 increpatione
979 3090 1092 3152 tua,
1125 3080 1371 3151 Domine,
1418 3080 1485 3136 ab
1528 3080 1875 3152 inspiratione
1912 3077 2022 3151 spi-

416 3183 553 3241 ritus
579 3180 675 3234 ira:
699 3188 822 3233 tute.
1266 3234 1278 3250 .
1904 3223 1908 3231 ,

491 3272 636 3328 Misit
655 3272 722 3327 de
755 3283 980 3339 summo,
1013 3274 1073 3323 et.
1093 3265 1291 3338 accepit
1316 3278 1435 3319 me:
1461 3271 1511 3318 et
1538 3263 1821 3334 assumpsit
1848 3278 1931 3319 me
1957 3261 2023 3317 de

429 3364 583 3438 aquis
608 3362 809 3417 multis.

492 3454 707 3527 Eripuit
743 3468 826 3509 me
854 3451 919 3507 de
956 3449 1185 3505 inimicis
1212 3449 1342 3503 meis
1380 3445 1705 3519 fortissimis,
1747 3452 1796 3501 et
1831 3444 1896 3499 ab
1934 3443 2023 3511 iis,

415 3550 507 3623 qui
531 3548 750 3604 oderunt
779 3562 861 3601 me
885 3560 904 3599 :
936 3543 1183 3614 quoniam
1208 3541 1493 3612 confortati
1520 3548 1641 3595 sunt
1662 3554 1822 3609 super
1845 3552 1948 3592 me.

491 3640 869 3696 Praevenerunt
889 3652 972 3690 me
997 3635 1052 3690 in
1080 3633 1165 3688 die
1181 3632 1488 3705 afﬂictionis
1510 3646 1660 3702 mete,
1686 3639 1731 3687 et
1755 3632 1927 3702 factus
1949 3635 2028 3685 est

429 3732 691 3789 Dominus
717 3738 978 3802 protector
1000 3744 1143 3783 meus
1166 3742 1187 3782 :
1277 3738 1285 3746 ‘

497 3828 566 3884 Et
591 3826 780 3882 eduxit
808 3840 890 3880 me
918 3825 974 3879 in
995 3822 1329 3879 latitudinem
1352 3835 1373 3875 :
1399 3819 1600 3875 salvum
1627 3833 1707 3873 me
1729 3816 1871 3890 fecit,
1897 3831 2027 3887 quo-

429 3921 570 3977 niam
598 3921 763 3976 ooluit
790 3935 892 3974 me.

501 4032 559 4072 -t—
595 4015 664 4070 Et
697 4013 994 4084 :retribuet
1024 4011 1151 4066 mihi
1174 4010 1432 4065 Dominus
1455 4009 1745 4065 secundum
1758 4006 2028 4079 justitiam

432 4125 603 4166 meam
621 4123 640 4162 :
672 4122 735 4164 αθ
768 4115 819 4162 et
851 4107 875 4176 ζ
902 4105 1188 4162 secundum
1216 4104 1494 4175 puritatent
1522 4115 1772 4156 manuum
1798 4114 2029 4155 mearum

431 4200 679 4258 retribuet
697 4198 849 4254 mihi.

503 4295 643 4362 Quia
668 4290 925 4348 custodivi
950 4289 1062 4346 vias
1104 4286 1358 4346 Domini:
1385 4305 1479 4345 nec
1503 4286 1658 4360 impie
1695 4286 1829 4360 gessi
1855 4302 1888 4341 a
1917 4284 2029 4342 Deo

434 4403 571 4444 meo.

428 4488 438 4529 ι
507 4478 769 4549 Quoniam
796 4475 973 4531 omnia
986 4472 1201 4546 judicia
1237 4474 1349 4545 ejus
1389 4473 1446 4529 in
1484 4482 1759 4545 conspectu
1788 4489 1941 4530 meo:
1982 4483 2032 4530 et

422 4574 659 4648 justitias
678 4573 791 4645 ejus
816 4587 919 4626 non
940 4568 1113 4642 repuli
1131 4583 1163 4622 a
1184 4584 1286 4623 me.

512 4723 542 4754 ι
578 4712 783 4771 Aberat
807 4708 1019 4767 obelus.
1049 4706 1273 4778 ipsaque
1301 4712 1357 4760 et
1381 4704 1573 4778 copula
1592 4719 1758 4778 ,_qu:e
1785 4706 2030 4778 originaé

440 4787 524 4841 les
550 4785 641 4838 alii
671 4783 794 4838 libri
822 4778 1133 4835 sufﬁciunt:
1167 4777 1302 4831 intra
1334 4776 1539 4830 leviora
1569 4776 1674 4831 alia
1705 4776 2028 4834 coruuidcm

438 4873 544 4922 ope
564 4853 903 4916 emendatur,
934 4859 993 4922 ut
1018 4856 1102 4902 est
1124 4847 1284 4917 paulo
1312 4855 1436 4915 post
1458 4846 1694 4922 introibit
1719 4861 1819 4913 pro
1841 4849 2029 4902 introi-

436 4916 506 4980 vit
539 4943 560 4981 :
608 4934 720 4978 tum
751 4933 799 4977 et
845 4916 1221 4992 fundamenta,
1264 4926 1373 4973 etc.
1414 4931 1539 4972 cum
1581 4916 1801 4973 deesset
1838 4927 1886 4972 et
1934 4932 2033 4976 co-

443 4996 825 5132 “lassam
847 5076 949 5118 ms.
981 5060 1456 5132 codexpraznotat
1500 5058 1942 5132 pricpositionem
1983 5064 2038 5115 in

443 5127 706 5193 asterisco
739 5152 753 5186 :
790 5138 852 5199 >έ<
877 5132 943 5186 In
974 5127 1353 5200 :tribulatioue
1384 5127 1521 5200 mea,
1549 5127 1656 5200 etc.
1690 5127 1797 5183 Alii
1828 5131 2038 5186 nullum

441 5210 656 5276 signum
700 5199 990 5268 adhibent;
1037 5205 1181 5257 sicut
1227 5215 1329 5258 nec
1368 5199 1538 5256 editio
1592 5199 1834 5255 Romana
1888 5200 2037 5258 Cari.

442 5279 624 5334 Man'r.

521 5378 546 5407 ο
578 5367 696 5423 Non
716 5366 856 5421 bene
886 5362 1055 5434 fulget
1081 5361 1254 5434 biein
1275 5357 1666 5434 editione_Cari
1696 5360 1874 5432 imago
1902 5359 2039 5417 stel-

450 5437 517 5491 la:
552 5444 637 5495 ξεί.
663 5438 850 5504 Neque
886 5429 1019 5489 vero
1048 5433 1223 5504 abfuit
1244 5433 1383 5504 apud
1413 5429 1558 5486 LXX
1586 5429 1829 5504 prsesens'
1854 5433 2040 5504 versi-

447 5509 636 5571 culus;
670 5501 775 5562 sed
794 5503 1055 5574 repetitio
1071 5501 1339 5574 ejusdem,
1362 5501 1514 5574 juxta
1537 5501 1680 5574 quod
1707 5501 1891 5556 docuit
1912 5501 2039 5574 Hie-

448 5571 897 5646 ronymugepist.
930 5573 1131 5646 smpius
1162 5571 1373 5646 laudata
1406 5571 1460 5646 in
1502 5572 1706 5646 nostris
1730 5573 2036 5646 annotatio-

445 5639 611 5701 nibus
643 5662 656 5697 :
688 5643 755 5696 Et
778 5639 1039 5712 'qutvritis',
1073 5641 1265 5712 inquit,
1290 5656 1382 5712 cur
1409 5639 1620 5695 Gratcus
1667 5640 1826 5712 istum
1879 5643 2037 5696 uersi-

446 5715 623 5774 culum
654 5710 880 5775 sccundo
929 5727 1031 5769 non
1065 5710 1268 5787 habent,
1298 5710 1617 5782 interpositis
1648 5711 1853 5773 duobus
1877 5713 2035 5771 versi-

2048 3042 2096 3108 C

2127 1792 2186 1843 et
2209 1784 2389 1856 caligo
2415 1783 2518 1841 sub
2539 1784 2770 1855 pedibus
2798 1784 2940 1855 ejus.

2198 1876 2265 1932 Et
2293 1876 2548 1933 ascendit
2576 1891 2745 1949 super
2775 1876 3103 1950 Cherubim,
3140 1885 3199 1935 et
3225 1876 3435 1935 volavit
3464 1894 3482 1934 :
3523 1878 3735 1936 volavit

2125 1984 2295 2042 super
2320 1985 2528 2041 pennas
2554 1978 2869 2028 ventorum.

2199 2064 2266 2119 Et
2309 2058 2494 2136 posuit
2520 2064 2799 2132 tenebras,
2844 2063 3127 2121 latibulum
3170 2078 3327 2122 suum
3358 2081 3375 2122 :
3405 2056 3466 2123 in
3494 2066 3733 2125 circuitu

2126 2153 2245 2226 ejus
2273 2156 2688 2213 tabernaculum
2716 2154 2870 2227 ejus,
2904 2156 3195 2215 tenebrosa
3223 2172 3365 2229 aqua
3395 2157 3453 2215 in
3484 2158 3731 2218 nubibus

2124 2261 2292 2305 SOI'IS.

2199 2340 2321 2396 Prae
2351 2338 2565 2413 fulgore
2593 2340 2649 2397 in
2680 2349 2981 2413 conspectu
3007 2340 3130 2414 ejus
3159 2342 3334 2400 nubes
3365 2344 3727 2415 transierunt,

2127 2432 2339 2506 grando
2367 2441 2426 2491 et
2442 2434 2713 2493 carbones
2733 2434 2899 2507 ignis.

2198 2525 2264 2581 Et
2287 2524 2527 2582 intonuit
2550 2525 2619 2584 de
2643 2525 2786 2585 cmlo
2812 2526 3079 2585 Dominus
3103 2544 3118 2584 :
3140 2536 3196 2586 et
3220 2527 3541 2589 Altissimus
3578 2530 3730 2589 dedit

2122 2630 2313 2673 vocem
2343 2632 2495 2675 suam
2505 2657 2521 2674 ο

2200 2708 2351 2765 Misit
2394 2718 2418 2747 ο
2450 2709 2679 2781 sagittas
2705 2724 2862 2779 suas,
2902 2720 2959 2769 et
3005 2710 3293 2786 dissipavit
3330 2728 3465 2773 eos:
3514 2714 3727 2788 fulgura

2123 2798 2530 2871 multiplicavit,
2566 2810 2624 2858 et
2650 2802 2999 2860 conturbavit
3017 2818 3140 2860 eos.
3495 2790 3510 2804 ’

2196 2895 2267 2951 Et
2299 2905 2673 2967 apparuerunt
2699 2898 2878 2957 fontes
2904 2912 3203 2971 aquarum:
3240 2910 3297 2957 et
3326 2899 3575 2958 revelata
3599 2910 3727 2960 sunt

2124 2988 2476 3046 fundamenta
2505 2990 2658 3047 orbis
2690 2999 2873 3049 teme.

2195 3079 2281 3137 Ab
2309 3080 2685 3154 increpatione
2714 3091 2828 3155 tua,
2855 3083 3106 3157 Domine,
3129 3085 3200 3142 ab
3222 3084 3587 3157 inspiratione
3614 3086 3728 3159 spi-

2125 3172 2265 3232 ritus
2292 3173 2389 3231 ira:
2417 3184 2542 3233 tuas.

2199 3266 2347 3324 Misit
2384 3267 2452 3324 de
2492 3282 2730 3338 summo,
2758 3279 2810 3327 et
2842 3269 3051 3344 accepit
3075 3284 3196 3329 me:
3226 3279 3283 3329 et
3310 3272 3615 3344 assumpsit
3642 3287 3730 3330 me

2125 3358 2197 3418 de
2225 3358 2573 3417 multitudine
2594 3375 2886 3433 aquarum.

2200 3452 2411 3523 Eripuit
2439 3450 2568 3525 [51s.
2596 3452 2762 3526 eruit]
2794 3469 2883 3512 me
2909 3454 2980 3513 de
3025 3454 3265 3512 inimicis
3308 3456 3447 3513 meis
3491 3456 3731 3514 fortissi-

2054 3550 2065 3559 '
2127 3541 2253 3609 mis,
2284 3543 2434 3600 etab
2462 3543 2548 3601 bis
2595 3546 2686 3617 qui
2723 3545 2959 3604 oderunt
2988 3564 3112 3605 me:
3144 3548 3407 3621 quoniam
3433 3547 3728 3606 conlortati

2126 3647 2254 3695 sunt
2283 3652 2451 3711 super
2480 3653 2589 3695 me.

2198 3730 2593 3787 Praevenerunt
2618 3744 2707 3786 me
2728 3728 2784 3785 in
2810 3728 2903 3786 die
2929 3729 3241 3788 altlictionis
3265 3744 3427 3800 meat,
3458 3742 3516 3789 et
3553 3733 3731 3791 factus

2128 3833 2215 3881 est
2237 3823 2500 3879 Dominus
2534 3820 2553 3861 ί
2584 3830 2862 3893 protector
2890 3836 3047 3878 mens
3070 3839 3085 3875 :
3107 3831 3163 3879 et
3186 3821 3377 3879 eduxit
3399 3838 3490 3881 me
3524 3824 3581 3881 in
3607 3825 3733 3881 lati-

2129 3917 2393 3987 tudinem,
2424 3916 2630 3973 salvum
2656 3929 2744 3971 me
2770 3914 2922 3981 fecit,
2953 3917 3208 3986 quoniam
3239 3915 3407 3973 voluit
3435 3932 3547 3974 me.

2201 4010 2270 4066 Et
2311 4008 2583 4066 retribuet
2627 4007 2762 4063 mihi
2817 4007 3077 4063 Dominus
3119 4005 3421 4063 secundum
3463 4007 3735 4079 justitiam

2131 4116 2332 4172 meam,
2372 4110 2431 4159 et
2469 4101 2769 4158 secundum
2814 4099 3181 4157 innocentiam
3231 4099 3361 4173 [11s.
3407 4100 3735 4175 puritatem]

2131 4210 2386 4253 manuum
2420 4207 2666 4251 mearum
2697 4190 2965 4247 retribuet
2992 4190 3150 4246 mihi.

2203 4288 2339 4357 Quia
2363 4282 2638 4343 custodivi
2668 4282 2784 4340 vias
2813 4282 3026 4339 Domini
3048 4303 3060 4338 ;
3085 4297 3186 4340 nec
3210 4280 3380 4355 impie
3398 4282 3548 4354 gessi
3570 4299 3602 4340 a
3627 4283 3737 4341 Deo

2136 4397 2281 4440 meo.
3788 4448 3793 4455 .

2208 4474 2477 4545 Quoniam
2517 4470 2700 4529 omnia
2740 4471 2946 4542 judicia
2989 4470 3129 4543 ejus,
3176 4471 3233 4527 in
3263 4480 3563 4542 conspectu
3606 4483 3732 4527 meo

2134 4576 2264 4627 sunt
2287 4576 2312 4615 ε
2342 4577 2593 4635 semper:
2628 4572 2684 4620 et
2707 4561 2972 4634 justitiam
3000 4561 3118 4632 ejus
3147 4576 3255 4617 non
3284 4561 3463 4633 repull
3489 4577 3521 4616 a
3553 4577 3662 4619 me.

2132 4703 2264 4760 bus.’
2286 4700 2399 4757 Sed
2418 4697 2685 4753 sciendum
2696 4695 2908 4769 νηπία-(ιε
2929 4666 3189 4769 H'ebraico
3208 4702 3257 4749 et
3279 4695 3343 4769 de
3365 4692 3737 4769 Theodotionis

2135 4776 2362 4831 editione
2380 4765 2794 4841 inqSeptuaginta
2814 4765 3191 4837 Interpretibus
3208 4766 3303 4822 sub
3314 4768 3564 4821 asterisco
3585 4766 3739 4821 addi-

2138 4855 2247 4952 ω’ἔῖ
2273 4840 2590 4969 ﬂagitiis}
2622 4908 2786 4982 paulo
2815 4908 3066 4980 superius
3086 4949 3103 4976 ,
3133 4907 3279 4979 quod
3302 4914 3388 4964 est
3427 4907 3482 4962 in
3511 4905 3738 4963 Hebraeo

2134 4992 2269 5076 ειη,
2306 5020 2413 5063 non
2445 5005 2632 5076 orbem
2667 5003 2865 5076 ἁπλῶς,
2900 5001 2994 5057 sed
3040 5010 3309 5076 terrarum
3341 5000 3543 5076 orbem
3574 5001 3740 5076 signi-

2144 5071 2341 5144 ﬁcare;
2371 5088 2537 5146 atque
2558 5075 2703 5130 adeo
2734 5074 2882 5146 hunc
2904 5085 3065 5143 posse
3094 5072 3310 5127 obelum
3340 5071 3740 5146 induci._I_’ala_-

2145 5152 2290 5205 tinns
2313 5143 2473 5217 paulo
2496 5154 2615 5217 post
2644 5153 2693 5199 et
2713 5144 2965 5217 Voculam
2996 5157 3127 5197 veru
3165 5152 3458 5213 prmnotat,
3492 5143 3638 5197 misit
3675 5143 3739 5197 de

2143 5215 2345 5275 summo
2374 5231 2437 5272 -εν
2470 5215 2518 5270 et
2548 5216 2572 5286 ζ
2598 5215 2797 5286 accepit
2819 5230 2920 5268 me.

2219 5300 2243 5327 ο
2275 5283 2606 5345 Veronensis
2633 5283 2739 5341 ms.
2767 5285 2918 5355 juxta
2946 5283 3331 5355 Augustinum,
3358 5289 3409 5336 et
3444 5284 3621 5355 entisit
3649 5298 3735 5355 sa-

2144 5361 2321 5432 gittas,
2351 5369 2397 5413 et
2425 5358 2677 5432 dispersit
2705 5351 2823 5432 eos,
2846 5365 2893 5409 et
2928 5351 3735 5432 coruscationesmultiplicauit.

2224 5428 2241 5469 ί
2276 5424 2394 5484 Duo
2423 5424 2592 5483 iidem
2623 5426 2746 5480 libri
2782 5424 3084 5480 Vcroucns.
3118 5433 3174 5477 et
3203 5424 3522 5493 Augustin.,
3561 5425 3741 5491 [inua-

2145 5510 2374 5554 mentum
2403 5512 2595 5566 meum,
2627 5507 2681 5551 et
2713 5511 2835 5551 mox
2859 5505 3025 5565 eruet,
3060 5495 3176 5550 sive
3207 5494 3340 5548 eruit
3367 5510 3469 5563 me,
3504 5510 3604 5565 pro
3635 5495 3740 5548 sal-

2147 5588 2266 5625 uum
2290 5587 2368 5624 me
2390 5570 2529 5640 fecit.

2218 5651 2244 5690 ε
2276 5633 2443 5696 Tacet
2470 5640 2524 5694 in
2550 5635 2852 5693 Veronensi
2880 5651 2983 5690 ms.
3015 5650 3234 5705 semper,
3258 5640 3319 5687 ut
3346 5644 3401 5689 et
3434 5635 3488 5691 in
3531 5633 3741 5704 Augus-

2147 5713 2367 5775 tiniauis
2394 5708 2642 5772 melioris
2670 5716 2815 5768 nota:
2844 5707 3000 5768 libris
3038 5721 3052 5764 :
3085 5713 3198 5763 tum
3232 5705 3472 5779 justitias
3501 5720 3604 5780 pro
3618 5707 3739 5782 jus-
