  <div class='ocr_page' id='page_1' title='image "/cluster/home/n/w/nwhite01/storage/ocr_20150623/29/uva.x000826564/080.png"; bbox 0 0 3960 6208; ppageno 0'>
   <div class='ocr_carea' id='block_1_1' title="bbox 231 170 313 228">
    <p class='ocr_par' dir='ltr' id='par_1_1' title="bbox 231 170 313 228">
     <span class='ocr_line' id='line_1_1' title="bbox 231 170 313 228; baseline 0 -1"><span class='ocrx_word' id='word_1_1' title='bbox 231 170 313 228; x_wconf 80' lang='grc'><strong>115</strong></span> 
     </span>
    </p>
   </div>
   <div class='ocr_carea' id='block_1_2' title="bbox 1434 165 2123 250">
    <p class='ocr_par' dir='ltr' id='par_1_2' title="bbox 1434 165 2123 250">
     <span class='ocr_line' id='line_1_2' title="bbox 1434 165 2123 250; baseline 0.007 -29"><span class='ocrx_word' id='word_1_2' title='bbox 1434 165 1640 250; x_wconf 74' lang='lat' dir='ltr'><strong><em>unua</em></strong></span> <span class='ocrx_word' id='word_1_3' title='bbox 1674 167 2123 227; x_wconf 75' lang='lat' dir='ltr'><strong><em>PSALMORUM.</em></strong></span> 
     </span>
    </p>
   </div>
   <div class='ocr_carea' id='block_1_3' title="bbox 3357 186 3466 246">
    <p class='ocr_par' dir='ltr' id='par_1_3' title="bbox 3357 186 3466 246">
     <span class='ocr_line' id='line_1_3' title="bbox 3357 186 3466 246; baseline 0.037 -4"><span class='ocrx_word' id='word_1_4' title='bbox 3357 186 3466 246; x_wconf 73' lang='grc'><strong>116</strong></span> 
     </span>
    </p>
   </div>
   <div class='ocr_carea' id='block_1_4' title="bbox 285 278 3466 356">
    <p class='ocr_par' dir='ltr' id='par_1_4' title="bbox 285 278 3466 356">
     <span class='ocr_line' id='line_1_4' title="bbox 285 278 3466 356; baseline 0.005 -17"><span class='ocrx_word' id='word_1_5' title='bbox 285 286 337 340; x_wconf 83' lang='lat' dir='ltr'><strong><em>Et</em></strong></span> <span class='ocrx_word' id='word_1_6' title='bbox 355 300 429 339; x_wconf 70' lang='lat' dir='ltr'><strong><em>cro</em></strong></span> <span class='ocrx_word' id='word_1_7' title='bbox 451 281 799 336; x_wconf 71' lang='lat' dir='ltr'><strong><em>inmaculatus</em></strong></span> <span class='ocrx_word' id='word_1_8' title='bbox 822 297 947 336; x_wconf 84' lang='lat' dir='ltr'><strong><em>cum</em></strong></span> <span class='ocrx_word' id='word_1_9' title='bbox 971 295 1069 337; x_wconf 91' lang='lat' dir='ltr'><strong><em>eo:</em></strong></span> <span class='ocrx_word' id='word_1_10' title='bbox 1098 286 1146 334; x_wconf 87' lang='lat' dir='ltr'><strong><em>et</em></strong></span> <span class='ocrx_word' id='word_1_11' title='bbox 1166 278 1436 346; x_wconf 69' lang='lat' dir='ltr'><strong><em>observabo</em></strong></span> <span class='ocrx_word' id='word_1_12' title='bbox 1464 295 1544 334; x_wconf 88' lang='lat' dir='ltr'><strong><em>me</em></strong></span> <span class='ocrx_word' id='word_1_13' title='bbox 1564 280 1628 335; x_wconf 84' lang='lat' dir='ltr'><strong><em>ab</em></strong></span> <span class='ocrx_word' id='word_1_14' title='bbox 1646 279 1748 334; x_wconf 81' lang='lat' dir='ltr'><strong><em>ini-</em></strong></span> <span class='ocrx_word' id='word_1_15' title='bbox 1773 285 1827 344; x_wconf 75' lang='grc' dir='ltr'>Α</span> <span class='ocrx_word' id='word_1_16' title='bbox 1925 282 1994 337; x_wconf 88' lang='lat' dir='ltr'><strong><em>Et</em></strong></span> <span class='ocrx_word' id='word_1_17' title='bbox 2021 297 2116 338; x_wconf 89' lang='lat' dir='ltr'><strong><em>ero</em></strong></span> <span class='ocrx_word' id='word_1_18' title='bbox 2148 283 2526 342; x_wconf 87' lang='lat' dir='ltr'><strong><em>immaculatus</em></strong></span> <span class='ocrx_word' id='word_1_19' title='bbox 2555 299 2742 344; x_wconf 88' lang='lat' dir='ltr'><strong><em>coram</em></strong></span> <span class='ocrx_word' id='word_1_20' title='bbox 2784 301 2850 346; x_wconf 90' lang='lat' dir='ltr'><strong><em>eo</em></strong></span> <span class='ocrx_word' id='word_1_21' title='bbox 2879 306 2893 345; x_wconf 88' lang='lat'><strong>:</strong></span> <span class='ocrx_word' id='word_1_22' title='bbox 2935 297 2993 348; x_wconf 91' lang='lat' dir='ltr'><strong><em>et</em></strong></span> <span class='ocrx_word' id='word_1_23' title='bbox 3024 291 3332 352; x_wconf 85' lang='lat' dir='ltr'><strong><em>observabo</em></strong></span> <span class='ocrx_word' id='word_1_24' title='bbox 3380 314 3466 356; x_wconf 79' lang='lat' dir='ltr'><strong><em>ine</em></strong></span> 
     </span>
    </p>
   </div>
   <div class='ocr_carea' id='block_1_5' title="bbox 259 379 510 431">
    <p class='ocr_par' dir='ltr' id='par_1_5' title="bbox 259 379 510 431">
     <span class='ocr_line' id='line_1_5' title="bbox 259 379 510 431; baseline -0.008 0"><span class='ocrx_word' id='word_1_25' title='bbox 259 379 383 431; x_wconf 69' lang='lat' dir='ltr'><strong><em>ritate</em></strong></span> <span class='ocrx_word' id='word_1_26' title='bbox 399 392 510 429; x_wconf 87' lang='lat' dir='ltr'><strong><em>mea.</em></strong></span> 
     </span>
    </p>
   </div>
   <div class='ocr_carea' id='block_1_6' title="bbox 231 397 1756 535">
    <p class='ocr_par' dir='ltr' id='par_1_6' title="bbox 231 397 1756 535">
     <span class='ocr_line' id='line_1_6' title="bbox 259 397 510 431; baseline -0.008 0"><span class='ocrx_word' id='word_1_27' title='bbox 259 397 383 431; x_wconf 72' lang='grc' dir='ltr'><strong><em>ιιισιι</em></strong></span> <span class='ocrx_word' id='word_1_28' title='bbox 399 397 510 429; x_wconf 81' lang='lat' dir='ltr'><strong><em>utea.</em></strong></span> 
     </span>
     <span class='ocr_line' id='line_1_7' title="bbox 231 397 1756 535; baseline -0.007 -11"><span class='ocrx_word' id='word_1_29' title='bbox 231 397 338 524; x_wconf 49' lang='grc' dir='ltr'><strong><em>σει</em></strong></span> <span class='ocrx_word' id='word_1_30' title='bbox 377 468 585 523; x_wconf 78' lang='lat' dir='ltr'><strong><em>retribuet</em></strong></span> <span class='ocrx_word' id='word_1_31' title='bbox 635 465 767 519; x_wconf 83' lang='lat' dir='ltr'><strong><em>mihi</em></strong></span> <span class='ocrx_word' id='word_1_32' title='bbox 831 465 1094 520; x_wconf 77' lang='lat' dir='ltr'><strong><em>Dominus</em></strong></span> <span class='ocrx_word' id='word_1_33' title='bbox 1156 463 1436 518; x_wconf 86' lang='lat' dir='ltr'><strong><em>secundum</em></strong></span> <span class='ocrx_word' id='word_1_34' title='bbox 1489 463 1756 535; x_wconf 75' lang='lat' dir='ltr'><strong><em>justitiam</em></strong></span> 
     </span>
    </p>
   </div>
   <div class='ocr_carea' id='block_1_7' title="bbox 227 558 1754 629">
    <p class='ocr_par' dir='ltr' id='par_1_7' title="bbox 227 558 1754 629">
     <span class='ocr_line' id='line_1_8' title="bbox 227 558 1754 629; baseline -0.007 -10"><span class='ocrx_word' id='word_1_35' title='bbox 227 579 383 620; x_wconf 70' lang='lat' dir='ltr'><strong><em>nteant:</em></strong></span> <span class='ocrx_word' id='word_1_36' title='bbox 411 577 460 615; x_wconf 53' lang='grc' dir='ltr'><strong><em>ἐν</em></strong></span> <span class='ocrx_word' id='word_1_37' title='bbox 488 570 534 615; x_wconf 90' lang='lat' dir='ltr'><strong><em>et</em></strong></span> <span class='ocrx_word' id='word_1_38' title='bbox 564 560 586 627; x_wconf 73' lang='grc' dir='ltr'>ζ</span> <span class='ocrx_word' id='word_1_39' title='bbox 616 558 914 613; x_wconf 76' lang='lat' dir='ltr'><strong><em>securtdum</em></strong></span> <span class='ocrx_word' id='word_1_40' title='bbox 944 558 1222 629; x_wconf 72' lang='lat' dir='ltr'><strong><em>puritatem</em></strong></span> <span class='ocrx_word' id='word_1_41' title='bbox 1251 571 1499 609; x_wconf 87' lang='lat' dir='ltr'><strong><em>manuum</em></strong></span> <span class='ocrx_word' id='word_1_42' title='bbox 1525 571 1754 608; x_wconf 85' lang='lat' dir='ltr'><strong><em>mearum</em></strong></span> 
     </span>
    </p>
   </div>
   <div class='ocr_carea' id='block_1_8' title="bbox 215 650 974 723">
    <p class='ocr_par' dir='ltr' id='par_1_8' title="bbox 215 650 974 723">
     <span class='ocr_line' id='line_1_9' title="bbox 215 650 974 723; baseline -0.009 -14"><span class='ocrx_word' id='word_1_43' title='bbox 215 659 257 708; x_wconf 78' lang='lat' dir='ltr'><strong><em>in</em></strong></span> <span class='ocrx_word' id='word_1_44' title='bbox 273 660 506 723; x_wconf 74' lang='lat' dir='ltr'><strong><em>conspectu</em></strong></span> <span class='ocrx_word' id='word_1_45' title='bbox 533 650 812 705; x_wconf 81' lang='lat' dir='ltr'><strong><em>oculorum</em></strong></span> <span class='ocrx_word' id='word_1_46' title='bbox 839 653 974 722; x_wconf 80' lang='lat' dir='ltr'><strong><em>ejus.</em></strong></span> 
     </span>
    </p>
   </div>
   <div class='ocr_carea' id='block_1_9' title="bbox 266 738 1751 808">
    <p class='ocr_par' dir='ltr' id='par_1_9' title="bbox 266 738 1751 808">
     <span class='ocr_line' id='line_1_10' title="bbox 266 738 1751 808; baseline -0.006 -8"><span class='ocrx_word' id='word_1_47' title='bbox 266 746 370 800; x_wconf 73' lang='lat' dir='ltr'><strong><em>Cum</em></strong></span> <span class='ocrx_word' id='word_1_48' title='bbox 390 754 555 798; x_wconf 83' lang='lat' dir='ltr'><strong><em>sancto</em></strong></span> <span class='ocrx_word' id='word_1_49' title='bbox 574 751 790 797; x_wconf 82' lang='lat' dir='ltr'><strong><em>sanctus</em></strong></span> <span class='ocrx_word' id='word_1_50' title='bbox 814 741 935 808; x_wconf 86' lang='lat' dir='ltr'><strong><em>eris,</em></strong></span> <span class='ocrx_word' id='word_1_51' title='bbox 964 749 1153 795; x_wconf 81' lang='lat' dir='ltr'><strong><em>etcum</em></strong></span> <span class='ocrx_word' id='word_1_52' title='bbox 1175 739 1283 793; x_wconf 79' lang='lat' dir='ltr'><strong><em>uiro</em></strong></span> <span class='ocrx_word' id='word_1_53' title='bbox 1303 738 1574 792; x_wconf 85' lang='lat' dir='ltr'><strong><em>innocente</em></strong></span> <span class='ocrx_word' id='word_1_54' title='bbox 1596 739 1751 791; x_wconf 86' lang='lat' dir='ltr'><strong><em>inno-</em></strong></span> 
     </span>
    </p>
   </div>
   <div class='ocr_carea' id='block_1_10' title="bbox 211 857 430 896">
    <p class='ocr_par' dir='ltr' id='par_1_10' title="bbox 211 857 430 896">
     <span class='ocr_line' id='line_1_11' title="bbox 211 857 430 896; baseline -0.009 0"><span class='ocrx_word' id='word_1_55' title='bbox 211 859 301 896; x_wconf 73' lang='grc' dir='ltr'><em>τεπε</em></span> <span class='ocrx_word' id='word_1_56' title='bbox 323 857 430 895; x_wconf 56' lang='grc' dir='ltr'><strong><em>(ται</em></strong></span> 
     </span>
    </p>
   </div>
   <div class='ocr_carea' id='block_1_11' title="bbox 263 928 1752 1002">
    <p class='ocr_par' dir='ltr' id='par_1_11' title="bbox 263 928 1752 1002">
     <span class='ocr_line' id='line_1_12' title="bbox 263 928 1752 1002; baseline -0.005 -14"><span class='ocrx_word' id='word_1_57' title='bbox 263 949 304 988; x_wconf 58' lang='grc' dir='ltr'><strong>έ</strong></span> <span class='ocrx_word' id='word_1_58' title='bbox 337 934 396 987; x_wconf 81' lang='lat' dir='ltr'><strong><em>Et</em></strong></span> <span class='ocrx_word' id='word_1_59' title='bbox 426 935 448 1002; x_wconf 73' lang='grc' dir='ltr'>ζ</span> <span class='ocrx_word' id='word_1_60' title='bbox 490 949 604 987; x_wconf 86' lang='lat' dir='ltr'><strong><em>cum</em></strong></span> <span class='ocrx_word' id='word_1_61' title='bbox 638 932 808 986; x_wconf 70' lang='lat' dir='ltr'><strong><em>eiecto</em></strong></span> <span class='ocrx_word' id='word_1_62' title='bbox 853 931 1040 986; x_wconf 76' lang='lat' dir='ltr'><strong><em>electus</em></strong></span> <span class='ocrx_word' id='word_1_63' title='bbox 1072 928 1171 984; x_wconf 87' lang='lat' dir='ltr'><strong><em>cris</em></strong></span> <span class='ocrx_word' id='word_1_64' title='bbox 1196 945 1214 981; x_wconf 93' lang='lat'><strong><em>:</em></strong></span> <span class='ocrx_word' id='word_1_65' title='bbox 1255 935 1305 981; x_wconf 91' lang='lat' dir='ltr'><strong><em>et</em></strong></span> <span class='ocrx_word' id='word_1_66' title='bbox 1340 943 1458 982; x_wconf 86' lang='lat' dir='ltr'><strong><em>cum</em></strong></span> <span class='ocrx_word' id='word_1_67' title='bbox 1488 943 1752 996; x_wconf 83' lang='lat' dir='ltr'><strong><em>perrerso,</em></strong></span> 
     </span>
    </p>
   </div>
   <div class='ocr_carea' id='block_1_12' title="bbox 203 1026 480 1096">
    <p class='ocr_par' dir='ltr' id='par_1_12' title="bbox 203 1026 480 1096">
     <span class='ocr_line' id='line_1_13' title="bbox 203 1026 480 1096; baseline 0 -16"><span class='ocrx_word' id='word_1_68' title='bbox 203 1026 480 1096; x_wconf 62' lang='lat' dir='ltr'><strong><em>perculeris.</em></strong></span> 
     </span>
    </p>
   </div>
   <div class='ocr_carea' id='block_1_13' title="bbox 258 1112 1756 1188">
    <p class='ocr_par' dir='ltr' id='par_1_13' title="bbox 258 1112 1756 1188">
     <span class='ocr_line' id='line_1_14' title="bbox 258 1112 1756 1188; baseline -0.004 -16"><span class='ocrx_word' id='word_1_69' title='bbox 258 1119 479 1186; x_wconf 75' lang='lat' dir='ltr'><strong><em>Quoniam</em></strong></span> <span class='ocrx_word' id='word_1_70' title='bbox 527 1128 582 1171; x_wconf 84' lang='lat' dir='ltr'><strong><em>tu</em></strong></span> <span class='ocrx_word' id='word_1_71' title='bbox 625 1117 880 1188; x_wconf 74' lang='lat' dir='ltr'><strong><em>populum</em></strong></span> <span class='ocrx_word' id='word_1_72' title='bbox 918 1114 1166 1168; x_wconf 75' lang='lat' dir='ltr'><strong><em>humilem</em></strong></span> <span class='ocrx_word' id='word_1_73' title='bbox 1213 1112 1416 1168; x_wconf 77' lang='lat' dir='ltr'><strong><em>salt-um</em></strong></span> <span class='ocrx_word' id='word_1_74' title='bbox 1464 1112 1660 1183; x_wconf 73' lang='lat' dir='ltr'><strong><em>facies;</em></strong></span> <span class='ocrx_word' id='word_1_75' title='bbox 1708 1121 1756 1166; x_wconf 94' lang='lat' dir='ltr'><strong><em>et</em></strong></span> 
     </span>
    </p>
   </div>
   <div class='ocr_carea' id='block_1_14' title="bbox 200 1209 1056 1283">
    <p class='ocr_par' dir='ltr' id='par_1_14' title="bbox 200 1209 1056 1283">
     <span class='ocr_line' id='line_1_15' title="bbox 200 1209 1056 1283; baseline -0.007 -15"><span class='ocrx_word' id='word_1_76' title='bbox 200 1213 343 1268; x_wconf 72' lang='lat' dir='ltr'><strong><em>oculos</em></strong></span> <span class='ocrx_word' id='word_1_77' title='bbox 361 1211 694 1283; x_wconf 73' lang='lat' dir='ltr'><strong><em>superborum</em></strong></span> <span class='ocrx_word' id='word_1_78' title='bbox 724 1209 1056 1263; x_wconf 77' lang='lat' dir='ltr'><strong><em>humiliabis.</em></strong></span> 
     </span>
    </p>
   </div>
   <div class='ocr_carea' id='block_1_15' title="bbox 250 1297 1755 1371">
    <p class='ocr_par' dir='ltr' id='par_1_15' title="bbox 250 1297 1755 1371">
     <span class='ocr_line' id='line_1_16' title="bbox 250 1297 1755 1371; baseline -0.003 -14"><span class='ocrx_word' id='word_1_79' title='bbox 250 1305 484 1371; x_wconf 76' lang='lat' dir='ltr'><strong><em>Quoniam</em></strong></span> <span class='ocrx_word' id='word_1_80' title='bbox 533 1314 586 1357; x_wconf 79' lang='lat' dir='ltr'><strong><em>tu</em></strong></span> <span class='ocrx_word' id='word_1_81' title='bbox 637 1303 915 1357; x_wconf 83' lang='lat' dir='ltr'><strong><em>illuminas</em></strong></span> <span class='ocrx_word' id='word_1_82' title='bbox 956 1301 1222 1355; x_wconf 83' lang='lat' dir='ltr'><strong><em>lucernam</em></strong></span> <span class='ocrx_word' id='word_1_83' title='bbox 1267 1315 1451 1368; x_wconf 86' lang='lat' dir='ltr'><strong><em>meam,</em></strong></span> <span class='ocrx_word' id='word_1_84' title='bbox 1502 1297 1755 1353; x_wconf 80' lang='lat' dir='ltr'><strong><em>Domine:</em></strong></span> 
     </span>
    </p>
   </div>
   <div class='ocr_carea' id='block_1_16' title="bbox 195 1393 1213 1462">
    <p class='ocr_par' dir='ltr' id='par_1_16' title="bbox 195 1393 1213 1462">
     <span class='ocr_line' id='line_1_17' title="bbox 195 1393 1213 1462; baseline -0.002 -14"><span class='ocrx_word' id='word_1_85' title='bbox 195 1394 305 1448; x_wconf 70' lang='lat' dir='ltr'><strong><em>Dens</em></strong></span> <span class='ocrx_word' id='word_1_86' title='bbox 325 1411 474 1462; x_wconf 74' lang='lat' dir='ltr'><strong><em>mens,</em></strong></span> <span class='ocrx_word' id='word_1_87' title='bbox 503 1394 751 1448; x_wconf 84' lang='lat' dir='ltr'><strong><em>illumina</em></strong></span> <span class='ocrx_word' id='word_1_88' title='bbox 783 1393 1019 1447; x_wconf 83' lang='lat' dir='ltr'><strong><em>tenebras</em></strong></span> <span class='ocrx_word' id='word_1_89' title='bbox 1048 1408 1213 1446; x_wconf 85' lang='lat' dir='ltr'><strong><em>meas.</em></strong></span> 
     </span>
    </p>
   </div>
   <div class='ocr_carea' id='block_1_17' title="bbox 247 1481 1752 1557">
    <p class='ocr_par' dir='ltr' id='par_1_17' title="bbox 247 1481 1752 1557">
     <span class='ocr_line' id='line_1_18' title="bbox 247 1481 1752 1557; baseline -0.001 -18"><span class='ocrx_word' id='word_1_90' title='bbox 247 1487 476 1554; x_wconf 82' lang='lat' dir='ltr'><strong><em>Quoniam</em></strong></span> <span class='ocrx_word' id='word_1_91' title='bbox 493 1487 547 1540; x_wconf 85' lang='lat' dir='ltr'><strong><em>in</em></strong></span> <span class='ocrx_word' id='word_1_92' title='bbox 580 1498 629 1540; x_wconf 86' lang='lat' dir='ltr'><strong><em>te</em></strong></span> <span class='ocrx_word' id='word_1_93' title='bbox 654 1486 856 1557; x_wconf 80' lang='lat' dir='ltr'><strong><em>eripior</em></strong></span> <span class='ocrx_word' id='word_1_94' title='bbox 885 1501 916 1538; x_wconf 79' lang='grc' dir='ltr'>α</span> <span class='ocrx_word' id='word_1_95' title='bbox 948 1484 1264 1538; x_wconf 87' lang='lat' dir='ltr'><strong><em>tentatione:</em></strong></span> <span class='ocrx_word' id='word_1_96' title='bbox 1294 1491 1321 1520; x_wconf 80' lang='lat'><strong>&quot;</strong></span> <span class='ocrx_word' id='word_1_97' title='bbox 1348 1491 1395 1537; x_wconf 87' lang='lat' dir='ltr'><strong><em>et</em></strong></span> <span class='ocrx_word' id='word_1_98' title='bbox 1425 1483 1476 1536; x_wconf 87' lang='lat' dir='ltr'><strong><em>in</em></strong></span> <span class='ocrx_word' id='word_1_99' title='bbox 1506 1481 1618 1536; x_wconf 85' lang='lat' dir='ltr'><strong><em>Deo</em></strong></span> <span class='ocrx_word' id='word_1_100' title='bbox 1642 1498 1752 1538; x_wconf 87' lang='lat' dir='ltr'><strong><em>meo</em></strong></span> 
     </span>
    </p>
   </div>
   <div class='ocr_carea' id='block_1_18' title="bbox 195 1579 764 1651">
    <p class='ocr_par' dir='ltr' id='par_1_18' title="bbox 195 1579 764 1651">
     <span class='ocr_line' id='line_1_19' title="bbox 195 1579 764 1651; baseline 0.004 -21"><span class='ocrx_word' id='word_1_101' title='bbox 195 1579 501 1651; x_wconf 79' lang='lat' dir='ltr'><strong><em>transgredior</em></strong></span> <span class='ocrx_word' id='word_1_102' title='bbox 524 1595 764 1632; x_wconf 78' lang='lat' dir='ltr'><strong><em>murum.</em></strong></span> 
     </span>
    </p>
   </div>
   <div class='ocr_carea' id='block_1_19' title="bbox 1859 374 2418 445">
    <p class='ocr_par' dir='ltr' id='par_1_19' title="bbox 1859 374 2418 445">
     <span class='ocr_line' id='line_1_20' title="bbox 1859 374 2418 445; baseline 0.011 -18"><span class='ocrx_word' id='word_1_103' title='bbox 1859 374 1930 430; x_wconf 88' lang='lat' dir='ltr'><strong><em>ab</em></strong></span> <span class='ocrx_word' id='word_1_104' title='bbox 1956 375 2245 445; x_wconf 88' lang='lat' dir='ltr'><strong><em>iniquitate</em></strong></span> <span class='ocrx_word' id='word_1_105' title='bbox 2273 393 2418 433; x_wconf 86' lang='lat' dir='ltr'><strong><em>mea.</em></strong></span> 
     </span>
    </p>
   </div>
   <div class='ocr_carea' id='block_1_20' title="bbox 1862 466 3461 546">
    <p class='ocr_par' dir='ltr' id='par_1_20' title="bbox 1862 466 3461 546">
     <span class='ocr_line' id='line_1_21' title="bbox 1862 466 3461 546; baseline 0.01 -27"><span class='ocrx_word' id='word_1_106' title='bbox 1862 483 1871 490; x_wconf 94' lang='grc'>·</span> <span class='ocrx_word' id='word_1_107' title='bbox 1931 466 1999 520; x_wconf 84' lang='grc' dir='ltr'><strong><em>Ει</em></strong></span> <span class='ocrx_word' id='word_1_108' title='bbox 2052 467 2325 523; x_wconf 89' lang='lat' dir='ltr'><strong><em>retribuet</em></strong></span> <span class='ocrx_word' id='word_1_109' title='bbox 2373 468 2506 524; x_wconf 92' lang='lat' dir='ltr'><strong><em>mihi</em></strong></span> <span class='ocrx_word' id='word_1_110' title='bbox 2561 470 2822 526; x_wconf 90' lang='lat' dir='ltr'><strong><em>Dominus</em></strong></span> <span class='ocrx_word' id='word_1_111' title='bbox 2860 474 3157 529; x_wconf 87' lang='lat' dir='ltr'><strong><em>secundum</em></strong></span> <span class='ocrx_word' id='word_1_112' title='bbox 3195 475 3461 546; x_wconf 78' lang='lat' dir='ltr'><strong><em>justitiam</em></strong></span> 
     </span>
    </p>
   </div>
   <div class='ocr_carea' id='block_1_21' title="bbox 1859 562 3460 643">
    <p class='ocr_par' dir='ltr' id='par_1_21' title="bbox 1859 562 3460 643">
     <span class='ocr_line' id='line_1_22' title="bbox 1859 562 3460 643; baseline 0.007 -29"><span class='ocrx_word' id='word_1_113' title='bbox 1859 574 2074 614; x_wconf 86' lang='lat' dir='ltr'><strong><em>meam:</em></strong></span> <span class='ocrx_word' id='word_1_114' title='bbox 2125 570 2179 615; x_wconf 91' lang='lat' dir='ltr'><strong><em>et</em></strong></span> <span class='ocrx_word' id='word_1_115' title='bbox 2225 562 2528 616; x_wconf 86' lang='lat' dir='ltr'><strong><em>secundum</em></strong></span> <span class='ocrx_word' id='word_1_116' title='bbox 2573 564 2940 620; x_wconf 83' lang='lat' dir='ltr'><strong><em>innocentiam</em></strong></span> <span class='ocrx_word' id='word_1_117' title='bbox 2985 566 3116 638; x_wconf 74' lang='grc' dir='ltr'><strong><em>[Με.</em></strong></span> <span class='ocrx_word' id='word_1_118' title='bbox 3150 571 3460 643; x_wconf 79' lang='lat' dir='ltr'><strong><em>puritatem]</em></strong></span> 
     </span>
    </p>
   </div>
   <div class='ocr_carea' id='block_1_22' title="bbox 1858 658 3384 732">
    <p class='ocr_par' dir='ltr' id='par_1_22' title="bbox 1858 658 3384 732">
     <span class='ocr_line' id='line_1_23' title="bbox 1858 658 3384 732; baseline 0.007 -26"><span class='ocrx_word' id='word_1_119' title='bbox 1858 667 2118 708; x_wconf 90' lang='lat' dir='ltr'><strong><em>manuum</em></strong></span> <span class='ocrx_word' id='word_1_120' title='bbox 2150 669 2395 710; x_wconf 90' lang='lat' dir='ltr'><strong><em>mearum</em></strong></span> <span class='ocrx_word' id='word_1_121' title='bbox 2430 666 2478 725; x_wconf 75' lang='grc' dir='ltr'><em>ε,</em></span> <span class='ocrx_word' id='word_1_122' title='bbox 2516 658 2570 712; x_wconf 92' lang='lat' dir='ltr'><strong><em>in</em></strong></span> <span class='ocrx_word' id='word_1_123' title='bbox 2603 668 2900 729; x_wconf 87' lang='lat' dir='ltr'><strong><em>conspectu</em></strong></span> <span class='ocrx_word' id='word_1_124' title='bbox 2930 661 3215 716; x_wconf 86' lang='lat' dir='ltr'><strong><em>oculorqu</em></strong></span> <span class='ocrx_word' id='word_1_125' title='bbox 3247 663 3384 732; x_wconf 89' lang='lat' dir='ltr'><strong><em>ejus.</em></strong></span> 
     </span>
    </p>
   </div>
   <div class='ocr_carea' id='block_1_23' title="bbox 1928 745 3464 817">
    <p class='ocr_par' dir='ltr' id='par_1_23' title="bbox 1928 745 3464 817">
     <span class='ocr_line' id='line_1_24' title="bbox 1928 745 3464 817; baseline 0.008 -17"><span class='ocrx_word' id='word_1_126' title='bbox 1928 745 2065 800; x_wconf 89' lang='lat' dir='ltr'><strong><em>Cum</em></strong></span> <span class='ocrx_word' id='word_1_127' title='bbox 2107 756 2300 802; x_wconf 87' lang='lat' dir='ltr'><strong><em>sancto</em></strong></span> <span class='ocrx_word' id='word_1_128' title='bbox 2327 758 2552 804; x_wconf 84' lang='lat' dir='ltr'><strong><em>sanctus</em></strong></span> <span class='ocrx_word' id='word_1_129' title='bbox 2596 751 2725 817; x_wconf 90' lang='lat' dir='ltr'><strong><em>eris,</em></strong></span> <span class='ocrx_word' id='word_1_130' title='bbox 2769 761 2972 807; x_wconf 89' lang='lat' dir='ltr'><strong><em>etcum</em></strong></span> <span class='ocrx_word' id='word_1_131' title='bbox 3015 753 3140 808; x_wconf 90' lang='lat' dir='ltr'><strong><em>viro</em></strong></span> <span class='ocrx_word' id='word_1_132' title='bbox 3171 754 3464 812; x_wconf 83' lang='lat' dir='ltr'><strong><em>innocente</em></strong></span> 
     </span>
    </p>
   </div>
   <div class='ocr_carea' id='block_1_24' title="bbox 1857 836 3460 915">
    <p class='ocr_par' dir='ltr' id='par_1_24' title="bbox 1857 836 3460 915">
     <span class='ocr_line' id='line_1_25' title="bbox 1857 836 3460 915; baseline 0.008 -24"><span class='ocrx_word' id='word_1_133' title='bbox 1857 836 2119 894; x_wconf 84' lang='lat' dir='ltr'><strong><em>innocens</em></strong></span> <span class='ocrx_word' id='word_1_134' title='bbox 2147 839 2255 894; x_wconf 89' lang='lat' dir='ltr'><strong><em>eris</em></strong></span> <span class='ocrx_word' id='word_1_135' title='bbox 2297 857 2311 894; x_wconf 88' lang='lat'><strong>:</strong></span> <span class='ocrx_word' id='word_1_136' title='bbox 2359 851 2566 896; x_wconf 89' lang='lat' dir='ltr'><strong><em>etcum</em></strong></span> <span class='ocrx_word' id='word_1_137' title='bbox 2617 843 2794 897; x_wconf 88' lang='lat' dir='ltr'><strong><em>electo</em></strong></span> <span class='ocrx_word' id='word_1_138' title='bbox 2825 843 3030 900; x_wconf 90' lang='lat' dir='ltr'><strong><em>electus</em></strong></span> <span class='ocrx_word' id='word_1_139' title='bbox 3077 846 3211 915; x_wconf 86' lang='lat' dir='ltr'><strong><em>eris,</em></strong></span> <span class='ocrx_word' id='word_1_140' title='bbox 3251 857 3307 903; x_wconf 90' lang='lat' dir='ltr'><strong><em>ct</em></strong></span> <span class='ocrx_word' id='word_1_141' title='bbox 3335 863 3460 904; x_wconf 91' lang='lat' dir='ltr'><strong><em>cum</em></strong></span> 
     </span>
    </p>
   </div>
   <div class='ocr_carea' id='block_1_25' title="bbox 1859 932 3173 1009">
    <p class='ocr_par' dir='ltr' id='par_1_25' title="bbox 1859 932 3173 1009">
     <span class='ocr_line' id='line_1_26' title="bbox 1859 932 3173 1009; baseline 0.005 -23"><span class='ocrx_word' id='word_1_142' title='bbox 1859 945 2138 1000; x_wconf 83' lang='lat' dir='ltr'><strong><em>perverso,</em></strong></span> <span class='ocrx_word' id='word_1_143' title='bbox 2168 932 2511 988; x_wconf 83' lang='lat' dir='ltr'><strong><em>subverteris</em></strong></span> <span class='ocrx_word' id='word_1_144' title='bbox 2536 933 2665 1005; x_wconf 68' lang='lat' dir='ltr'><strong><em>[51s.</em></strong></span> <span class='ocrx_word' id='word_1_145' title='bbox 2697 949 2987 1005; x_wconf 83' lang='lat' dir='ltr'><strong><em>perversos</em></strong></span> <span class='ocrx_word' id='word_1_146' title='bbox 3013 936 3173 1009; x_wconf 87' lang='lat' dir='ltr'><strong><em>eris.]</em></strong></span> 
     </span>
    </p>
   </div>
   <div class='ocr_carea' id='block_1_26' title="bbox 1929 1023 3462 1096">
    <p class='ocr_par' dir='ltr' id='par_1_26' title="bbox 1929 1023 3462 1096">
     <span class='ocr_line' id='line_1_27' title="bbox 1929 1023 3462 1096; baseline 0.005 -18"><span class='ocrx_word' id='word_1_147' title='bbox 1929 1023 2202 1092; x_wconf 84' lang='lat' dir='ltr'><strong><em>Quoniam</em></strong></span> <span class='ocrx_word' id='word_1_148' title='bbox 2228 1034 2282 1079; x_wconf 91' lang='lat' dir='ltr'><strong><em>tu</em></strong></span> <span class='ocrx_word' id='word_1_149' title='bbox 2315 1027 2576 1096; x_wconf 89' lang='lat' dir='ltr'><strong><em>populum</em></strong></span> <span class='ocrx_word' id='word_1_150' title='bbox 2617 1027 2880 1084; x_wconf 83' lang='lat' dir='ltr'><strong><em>humilem</em></strong></span> <span class='ocrx_word' id='word_1_151' title='bbox 2911 1029 3120 1084; x_wconf 87' lang='lat' dir='ltr'><strong><em>salvum</em></strong></span> <span class='ocrx_word' id='word_1_152' title='bbox 3153 1029 3359 1087; x_wconf 78' lang='lat' dir='ltr'><strong><em>facies:</em></strong></span> <span class='ocrx_word' id='word_1_153' title='bbox 3405 1042 3462 1086; x_wconf 89' lang='lat' dir='ltr'><strong><em>et</em></strong></span> 
     </span>
    </p>
   </div>
   <div class='ocr_carea' id='block_1_27' title="bbox 1856 1117 2874 1187">
    <p class='ocr_par' dir='ltr' id='par_1_27' title="bbox 1856 1117 2874 1187">
     <span class='ocr_line' id='line_1_28' title="bbox 1856 1117 2874 1187; baseline 0 -13"><span class='ocrx_word' id='word_1_154' title='bbox 1856 1118 2046 1174; x_wconf 89' lang='lat' dir='ltr'><strong><em>oculos</em></strong></span> <span class='ocrx_word' id='word_1_155' title='bbox 2066 1118 2424 1187; x_wconf 89' lang='lat' dir='ltr'><strong><em>superborum</em></strong></span> <span class='ocrx_word' id='word_1_156' title='bbox 2457 1117 2485 1156; x_wconf 71' lang='grc' dir='ltr'><strong><em>ιι</em></strong></span> <span class='ocrx_word' id='word_1_157' title='bbox 2512 1119 2826 1174; x_wconf 88' lang='lat' dir='ltr'><strong><em>bumiliabis</em></strong></span> <span class='ocrx_word' id='word_1_158' title='bbox 2860 1137 2874 1174; x_wconf 90' lang='lat'><strong>:</strong></span> 
     </span>
    </p>
   </div>
   <div class='ocr_carea' id='block_1_28' title="bbox 1928 1209 3456 1280">
    <p class='ocr_par' dir='ltr' id='par_1_28' title="bbox 1928 1209 3456 1280">
     <span class='ocr_line' id='line_1_29' title="bbox 1928 1209 3456 1280; baseline 0.003 -17"><span class='ocrx_word' id='word_1_159' title='bbox 1928 1209 2196 1277; x_wconf 83' lang='lat' dir='ltr'><strong><em>Quoniam</em></strong></span> <span class='ocrx_word' id='word_1_160' title='bbox 2228 1220 2283 1265; x_wconf 89' lang='lat' dir='ltr'><strong><em>tu</em></strong></span> <span class='ocrx_word' id='word_1_161' title='bbox 2313 1210 2587 1265; x_wconf 83' lang='lat' dir='ltr'><strong><em>illuminas</em></strong></span> <span class='ocrx_word' id='word_1_162' title='bbox 2628 1212 2905 1266; x_wconf 89' lang='lat' dir='ltr'><strong><em>lucernam</em></strong></span> <span class='ocrx_word' id='word_1_163' title='bbox 2948 1227 3148 1280; x_wconf 88' lang='lat' dir='ltr'><strong><em>meam,</em></strong></span> <span class='ocrx_word' id='word_1_164' title='bbox 3185 1212 3412 1272; x_wconf 90' lang='lat' dir='ltr'><strong><em>Domine</em></strong></span> <span class='ocrx_word' id='word_1_165' title='bbox 3443 1231 3456 1268; x_wconf 90' lang='lat'>:</span> 
     </span>
    </p>
   </div>
   <div class='ocr_carea' id='block_1_29' title="bbox 1857 1302 2965 1368">
    <p class='ocr_par' dir='ltr' id='par_1_29' title="bbox 1857 1302 2965 1368">
     <span class='ocr_line' id='line_1_30' title="bbox 1857 1302 2965 1368; baseline 0.001 -11"><span class='ocrx_word' id='word_1_166' title='bbox 1857 1302 2004 1358; x_wconf 85' lang='lat' dir='ltr'><strong><em>Deus</em></strong></span> <span class='ocrx_word' id='word_1_167' title='bbox 2028 1317 2204 1368; x_wconf 87' lang='lat' dir='ltr'><strong><em>meus,</em></strong></span> <span class='ocrx_word' id='word_1_168' title='bbox 2237 1302 2481 1358; x_wconf 87' lang='lat' dir='ltr'><strong><em>illumina</em></strong></span> <span class='ocrx_word' id='word_1_169' title='bbox 2511 1302 2762 1358; x_wconf 86' lang='lat' dir='ltr'><strong><em>tenebras</em></strong></span> <span class='ocrx_word' id='word_1_170' title='bbox 2793 1317 2965 1358; x_wconf 89' lang='lat' dir='ltr'><strong><em>meas.</em></strong></span> 
     </span>
    </p>
   </div>
   <div class='ocr_carea' id='block_1_30' title="bbox 1923 1392 3460 1466">
    <p class='ocr_par' dir='ltr' id='par_1_30' title="bbox 1923 1392 3460 1466">
     <span class='ocr_line' id='line_1_31' title="bbox 1923 1392 3460 1466; baseline 0.003 -16"><span class='ocrx_word' id='word_1_171' title='bbox 1923 1392 2196 1461; x_wconf 77' lang='lat' dir='ltr'><strong><em>Quoniam</em></strong></span> <span class='ocrx_word' id='word_1_172' title='bbox 2227 1395 2281 1450; x_wconf 91' lang='lat' dir='ltr'><strong><em>in</em></strong></span> <span class='ocrx_word' id='word_1_173' title='bbox 2304 1403 2353 1450; x_wconf 88' lang='lat' dir='ltr'><strong><em>te</em></strong></span> <span class='ocrx_word' id='word_1_174' title='bbox 2377 1396 2627 1466; x_wconf 89' lang='lat' dir='ltr'><strong><em>eripiara</em></strong></span> <span class='ocrx_word' id='word_1_175' title='bbox 2660 1397 2960 1452; x_wconf 87' lang='lat' dir='ltr'><strong><em>tentatione</em></strong></span> <span class='ocrx_word' id='word_1_176' title='bbox 2987 1413 2998 1449; x_wconf 90' lang='lat'>:</span> <span class='ocrx_word' id='word_1_177' title='bbox 3033 1405 3090 1453; x_wconf 86' lang='lat' dir='ltr'><strong><em>et</em></strong></span> <span class='ocrx_word' id='word_1_178' title='bbox 3119 1396 3173 1453; x_wconf 90' lang='lat' dir='ltr'><strong><em>in</em></strong></span> <span class='ocrx_word' id='word_1_179' title='bbox 3196 1397 3308 1454; x_wconf 89' lang='lat' dir='ltr'><strong><em>Deo</em></strong></span> <span class='ocrx_word' id='word_1_180' title='bbox 3337 1412 3460 1455; x_wconf 87' lang='lat' dir='ltr'><strong><em>meo</em></strong></span> 
     </span>
    </p>
   </div>
   <div class='ocr_carea' id='block_1_31' title="bbox 1871 1489 2510 1560">
    <p class='ocr_par' dir='ltr' id='par_1_31' title="bbox 1871 1489 2510 1560">
     <span class='ocr_line' id='line_1_32' title="bbox 1871 1489 2510 1560; baseline 0 -16"><span class='ocrx_word' id='word_1_181' title='bbox 1871 1489 2243 1560; x_wconf 88' lang='lat' dir='ltr'><strong><em>transgrediar</em></strong></span> <span class='ocrx_word' id='word_1_182' title='bbox 2273 1505 2510 1545; x_wconf 91' lang='lat' dir='ltr'><strong><em>murum.</em></strong></span> 
     </span>
    </p>
   </div>
   <div class='ocr_carea' id='block_1_32' title="bbox 1926 1577 3456 1652">
    <p class='ocr_par' dir='ltr' id='par_1_32' title="bbox 1926 1577 3456 1652">
     <span class='ocr_line' id='line_1_33' title="bbox 1926 1577 3456 1652; baseline 0.001 -17"><span class='ocrx_word' id='word_1_183' title='bbox 1926 1580 2070 1636; x_wconf 90' lang='lat' dir='ltr'><strong><em>Deus</em></strong></span> <span class='ocrx_word' id='word_1_184' title='bbox 2101 1594 2276 1645; x_wconf 89' lang='lat' dir='ltr'><strong><em>meus,</em></strong></span> <span class='ocrx_word' id='word_1_185' title='bbox 2306 1580 2591 1650; x_wconf 87' lang='lat' dir='ltr'><strong><em>impolluta</em></strong></span> <span class='ocrx_word' id='word_1_186' title='bbox 2621 1578 2750 1652; x_wconf 72' lang='grc' dir='ltr'><strong><em>[Με.</em></strong></span> <span class='ocrx_word' id='word_1_187' title='bbox 2784 1577 3155 1650; x_wconf 87' lang='lat' dir='ltr'><strong><em>immaculata]</em></strong></span> <span class='ocrx_word' id='word_1_188' title='bbox 3187 1579 3269 1634; x_wconf 88' lang='lat' dir='ltr'><strong><em>via</em></strong></span> <span class='ocrx_word' id='word_1_189' title='bbox 3305 1580 3456 1649; x_wconf 86' lang='lat' dir='ltr'><strong><em>ejus;</em></strong></span> 
     </span>
    </p>
   </div>
   <div class='ocr_carea' id='block_1_33' title="bbox 247 1664 1770 1743">
    <p class='ocr_par' dir='ltr' id='par_1_33' title="bbox 247 1664 1757 1740">
     <span class='ocr_line' id='line_1_34' title="bbox 247 1664 1757 1740; baseline -0.004 -16"><span class='ocrx_word' id='word_1_190' title='bbox 247 1670 363 1726; x_wconf 74' lang='lat' dir='ltr'><strong><em>Dens</em></strong></span> <span class='ocrx_word' id='word_1_191' title='bbox 386 1689 442 1728; x_wconf 78' lang='lat'><strong><em>—:—</em></strong></span> <span class='ocrx_word' id='word_1_192' title='bbox 470 1688 639 1739; x_wconf 78' lang='lat' dir='ltr'><strong><em>meus,</em></strong></span> <span class='ocrx_word' id='word_1_193' title='bbox 676 1671 959 1740; x_wconf 82' lang='lat' dir='ltr'><strong><em>impolluta</em></strong></span> <span class='ocrx_word' id='word_1_194' title='bbox 990 1669 1074 1723; x_wconf 85' lang='lat' dir='ltr'><strong><em>oia</em></strong></span> <span class='ocrx_word' id='word_1_195' title='bbox 1104 1669 1253 1735; x_wconf 80' lang='lat' dir='ltr'><strong><em>eius;</em></strong></span> <span class='ocrx_word' id='word_1_196' title='bbox 1284 1666 1490 1738; x_wconf 85' lang='lat' dir='ltr'><strong><em>eloquia</em></strong></span> <span class='ocrx_word' id='word_1_197' title='bbox 1521 1664 1757 1735; x_wconf 84' lang='lat' dir='ltr'><strong><em>Domini,</em></strong></span> 
     </span>
    </p>
   </div>
   <div class='ocr_carea' id='block_1_34' title="bbox 1898 1664 3460 1743">
    <p class='ocr_par' dir='ltr' id='par_1_34' title="bbox 1899 1669 3460 1743">
     <span class='ocr_line' id='line_1_35' title="bbox 1899 1669 3460 1743; baseline -0.001 -17"><span class='ocrx_word' id='word_1_198' title='bbox 1899 1669 2082 1743; x_wconf 89' lang='lat' dir='ltr'><strong><em>loquia</em></strong></span> <span class='ocrx_word' id='word_1_199' title='bbox 2111 1670 2354 1737; x_wconf 86' lang='lat' dir='ltr'><strong><em>Domini,</em></strong></span> <span class='ocrx_word' id='word_1_200' title='bbox 2387 1671 2509 1741; x_wconf 90' lang='lat' dir='ltr'><strong><em>igne</em></strong></span> <span class='ocrx_word' id='word_1_201' title='bbox 2530 1670 2841 1725; x_wconf 81' lang='lat' dir='ltr'><strong><em>examinata</em></strong></span> <span class='ocrx_word' id='word_1_202' title='bbox 2870 1687 2884 1724; x_wconf 89' lang='lat'>:</span> <span class='ocrx_word' id='word_1_203' title='bbox 2917 1678 3194 1742; x_wconf 87' lang='lat' dir='ltr'><strong><em>protector</em></strong></span> <span class='ocrx_word' id='word_1_204' title='bbox 3227 1681 3310 1727; x_wconf 91' lang='lat' dir='ltr'><strong><em>est</em></strong></span> <span class='ocrx_word' id='word_1_205' title='bbox 3337 1685 3460 1725; x_wconf 84' lang='lat' dir='ltr'><strong><em>om-</em></strong></span> 
     </span>
    </p>
   </div>
   <div class='ocr_carea' id='block_1_35' title="bbox 190 1760 1752 1839">
    <p class='ocr_par' dir='ltr' id='par_1_35' title="bbox 190 1760 1752 1839">
     <span class='ocr_line' id='line_1_36' title="bbox 190 1760 1752 1839; baseline -0.004 -21"><span class='ocrx_word' id='word_1_206' title='bbox 190 1764 282 1839; x_wconf 65' lang='grc' dir='ltr'><strong><em>ἔφη</em></strong></span> <span class='ocrx_word' id='word_1_207' title='bbox 318 1767 597 1821; x_wconf 74' lang='lat' dir='ltr'><strong><em>examinata</em></strong></span> <span class='ocrx_word' id='word_1_208' title='bbox 630 1781 652 1821; x_wconf 93' lang='lat'><strong><em>:</em></strong></span> <span class='ocrx_word' id='word_1_209' title='bbox 709 1775 972 1837; x_wconf 75' lang='lat' dir='ltr'><strong><em>protector</em></strong></span> <span class='ocrx_word' id='word_1_210' title='bbox 1016 1771 1093 1819; x_wconf 87' lang='lat' dir='ltr'><strong><em>est</em></strong></span> <span class='ocrx_word' id='word_1_211' title='bbox 1146 1761 1378 1817; x_wconf 89' lang='lat' dir='ltr'><strong><em>omnium</em></strong></span> <span class='ocrx_word' id='word_1_212' title='bbox 1430 1760 1752 1829; x_wconf 87' lang='lat' dir='ltr'><strong><em>sperantium</em></strong></span> 
     </span>
    </p>
   </div>
   <div class='ocr_carea' id='block_1_36' title="bbox 191 1859 310 1913">
    <p class='ocr_par' dir='ltr' id='par_1_36' title="bbox 191 1859 310 1913">
     <span class='ocr_line' id='line_1_37' title="bbox 191 1859 310 1913; baseline 0.017 -3"><span class='ocrx_word' id='word_1_213' title='bbox 191 1859 233 1912; x_wconf 84' lang='lat' dir='ltr'><strong><em>in</em></strong></span> <span class='ocrx_word' id='word_1_214' title='bbox 248 1876 310 1913; x_wconf 85' lang='lat' dir='ltr'><strong><em>se.</em></strong></span> 
     </span>
    </p>
   </div>
   <div class='ocr_carea' id='block_1_37' title="bbox 242 1942 1751 2020">
    <p class='ocr_par' dir='ltr' id='par_1_37' title="bbox 242 1942 1751 2020">
     <span class='ocr_line' id='line_1_38' title="bbox 242 1942 1751 2020; baseline -0.003 -17"><span class='ocrx_word' id='word_1_215' title='bbox 242 1949 470 2017; x_wconf 78' lang='lat' dir='ltr'><strong><em>Quoniam</em></strong></span> <span class='ocrx_word' id='word_1_216' title='bbox 500 1949 620 2020; x_wconf 85' lang='lat' dir='ltr'><strong><em>quis</em></strong></span> <span class='ocrx_word' id='word_1_217' title='bbox 657 1948 826 2012; x_wconf 89' lang='lat' dir='ltr'><strong><em>Deus,</em></strong></span> <span class='ocrx_word' id='word_1_218' title='bbox 861 1955 1050 2016; x_wconf 65' lang='lat' dir='ltr'><strong><em>printer</em></strong></span> <span class='ocrx_word' id='word_1_219' title='bbox 1097 1944 1422 2000; x_wconf 84' lang='lat' dir='ltr'><strong><em>Dominum?</em></strong></span> <span class='ocrx_word' id='word_1_220' title='bbox 1461 1943 1490 1982; x_wconf 74' lang='grc' dir='ltr'>δ</span> <span class='ocrx_word' id='word_1_221' title='bbox 1521 1951 1612 1998; x_wconf 88' lang='lat' dir='ltr'><strong><em>aut</em></strong></span> <span class='ocrx_word' id='word_1_222' title='bbox 1635 1942 1751 2014; x_wconf 77' lang='lat' dir='ltr'><strong><em>quis</em></strong></span> 
     </span>
    </p>
   </div>
   <div class='ocr_carea' id='block_1_38' title="bbox 195 2039 1034 2114">
    <p class='ocr_par' dir='ltr' id='par_1_38' title="bbox 195 2039 1034 2114">
     <span class='ocr_line' id='line_1_39' title="bbox 195 2039 1034 2114; baseline -0.006 -17"><span class='ocrx_word' id='word_1_223' title='bbox 195 2039 322 2109; x_wconf 71' lang='lat' dir='ltr'><strong><em>Dens,</em></strong></span> <span class='ocrx_word' id='word_1_224' title='bbox 344 2052 523 2114; x_wconf 63' lang='lat' dir='ltr'><strong><em>prater</em></strong></span> <span class='ocrx_word' id='word_1_225' title='bbox 549 2041 731 2098; x_wconf 84' lang='lat' dir='ltr'><strong><em>Deum</em></strong></span> <span class='ocrx_word' id='word_1_226' title='bbox 761 2039 1034 2094; x_wconf 84' lang='lat' dir='ltr'><strong><em>nostrum?</em></strong></span> 
     </span>
    </p>
   </div>
   <div class='ocr_carea' id='block_1_39' title="bbox 245 2124 1752 2206">
    <p class='ocr_par' dir='ltr' id='par_1_39' title="bbox 245 2124 1752 2206">
     <span class='ocr_line' id='line_1_40' title="bbox 245 2124 1752 2206; baseline -0.005 -19"><span class='ocrx_word' id='word_1_227' title='bbox 245 2135 376 2200; x_wconf 77' lang='lat' dir='ltr'><strong><em>Dens,</em></strong></span> <span class='ocrx_word' id='word_1_228' title='bbox 397 2134 487 2202; x_wconf 83' lang='lat' dir='ltr'><strong><em>qui</em></strong></span> <span class='ocrx_word' id='word_1_229' title='bbox 515 2135 803 2206; x_wconf 69' lang='lat' dir='ltr'><strong><em>prmcinxil</em></strong></span> <span class='ocrx_word' id='word_1_230' title='bbox 829 2148 912 2188; x_wconf 87' lang='lat' dir='ltr'><strong><em>me</em></strong></span> <span class='ocrx_word' id='word_1_231' title='bbox 938 2132 1146 2200; x_wconf 77' lang='lat' dir='ltr'><strong><em>uirtute,</em></strong></span> <span class='ocrx_word' id='word_1_232' title='bbox 1170 2138 1218 2184; x_wconf 73' lang='lat' dir='ltr'><strong><em>et</em></strong></span> <span class='ocrx_word' id='word_1_233' title='bbox 1242 2128 1416 2199; x_wconf 90' lang='lat' dir='ltr'><strong><em>posuit</em></strong></span> <span class='ocrx_word' id='word_1_234' title='bbox 1440 2124 1752 2182; x_wconf 81' lang='lat' dir='ltr'><strong><em>immacula-</em></strong></span> 
     </span>
    </p>
   </div>
   <div class='ocr_carea' id='block_1_40' title="bbox 190 2229 620 2284">
    <p class='ocr_par' dir='ltr' id='par_1_40' title="bbox 190 2229 620 2284">
     <span class='ocr_line' id='line_1_41' title="bbox 190 2229 620 2284; baseline 0.009 -4"><span class='ocrx_word' id='word_1_235' title='bbox 190 2237 270 2280; x_wconf 66' lang='grc' dir='ltr'><strong><em>[ειη</em></strong></span> <span class='ocrx_word' id='word_1_236' title='bbox 287 2229 406 2282; x_wconf 75' lang='lat' dir='ltr'><strong><em>riam</em></strong></span> <span class='ocrx_word' id='word_1_237' title='bbox 429 2244 620 2284; x_wconf 85' lang='lat' dir='ltr'><strong><em>meam.</em></strong></span> 
     </span>
    </p>
   </div>
   <div class='ocr_carea' id='block_1_41' title="bbox 243 2321 1750 2393">
    <p class='ocr_par' dir='ltr' id='par_1_41' title="bbox 243 2321 1750 2393">
     <span class='ocr_line' id='line_1_42' title="bbox 243 2321 1750 2393; baseline -0.005 -17"><span class='ocrx_word' id='word_1_238' title='bbox 243 2323 327 2389; x_wconf 82' lang='lat' dir='ltr'><strong><em>Qui</em></strong></span> <span class='ocrx_word' id='word_1_239' title='bbox 368 2324 580 2393; x_wconf 78' lang='lat' dir='ltr'><strong><em>perfecit</em></strong></span> <span class='ocrx_word' id='word_1_240' title='bbox 626 2321 790 2393; x_wconf 85' lang='lat' dir='ltr'><strong><em>pedes</em></strong></span> <span class='ocrx_word' id='word_1_241' title='bbox 836 2336 995 2387; x_wconf 84' lang='lat' dir='ltr'><strong><em>meos,</em></strong></span> <span class='ocrx_word' id='word_1_242' title='bbox 1048 2329 1312 2390; x_wconf 84' lang='lat' dir='ltr'><strong><em>tamquam</em></strong></span> <span class='ocrx_word' id='word_1_243' title='bbox 1350 2331 1661 2372; x_wconf 78' lang='lat' dir='ltr'><strong><em>cervorum:</em></strong></span> <span class='ocrx_word' id='word_1_244' title='bbox 1701 2323 1750 2369; x_wconf 88' lang='lat' dir='ltr'><strong><em>et</em></strong></span> 
     </span>
    </p>
   </div>
   <div class='ocr_carea' id='block_1_42' title="bbox 189 2415 929 2483">
    <p class='ocr_par' dir='ltr' id='par_1_42' title="bbox 189 2415 929 2483">
     <span class='ocr_line' id='line_1_43' title="bbox 189 2415 929 2483; baseline -0.003 -15"><span class='ocrx_word' id='word_1_245' title='bbox 189 2431 310 2483; x_wconf 73' lang='lat' dir='ltr'><strong><em>super</em></strong></span> <span class='ocrx_word' id='word_1_246' title='bbox 333 2415 531 2472; x_wconf 68' lang='lat' dir='ltr'><strong><em>excelsa</em></strong></span> <span class='ocrx_word' id='word_1_247' title='bbox 561 2425 803 2472; x_wconf 87' lang='lat' dir='ltr'><strong><em>statuens</em></strong></span> <span class='ocrx_word' id='word_1_248' title='bbox 825 2427 929 2466; x_wconf 86' lang='lat' dir='ltr'><strong><em>me.</em></strong></span> 
     </span>
    </p>
   </div>
   <div class='ocr_carea' id='block_1_43' title="bbox 241 2505 1317 2578">
    <p class='ocr_par' dir='ltr' id='par_1_43' title="bbox 241 2505 1317 2578">
     <span class='ocr_line' id='line_1_44' title="bbox 241 2505 1317 2578; baseline -0.001 -18"><span class='ocrx_word' id='word_1_249' title='bbox 241 2506 325 2574; x_wconf 86' lang='lat' dir='ltr'><strong><em>Qui</em></strong></span> <span class='ocrx_word' id='word_1_250' title='bbox 350 2510 492 2564; x_wconf 83' lang='lat' dir='ltr'><strong><em>docet</em></strong></span> <span class='ocrx_word' id='word_1_251' title='bbox 518 2525 714 2564; x_wconf 86' lang='lat' dir='ltr'><strong><em>manus</em></strong></span> <span class='ocrx_word' id='word_1_252' title='bbox 755 2523 895 2562; x_wconf 84' lang='lat' dir='ltr'><strong><em>meas</em></strong></span> <span class='ocrx_word' id='word_1_253' title='bbox 921 2505 991 2560; x_wconf 88' lang='lat' dir='ltr'><strong><em>ad</em></strong></span> <span class='ocrx_word' id='word_1_254' title='bbox 1017 2505 1256 2578; x_wconf 70' lang='lat' dir='ltr'><strong><em>praelium</em></strong></span> <span class='ocrx_word' id='word_1_255' title='bbox 1296 2517 1317 2559; x_wconf 88' lang='lat'><strong><em>:</em></strong></span> 
     </span>
    </p>
   </div>
   <div class='ocr_carea' id='block_1_44' title="bbox 191 2600 1062 2667">
    <p class='ocr_par' dir='ltr' id='par_1_44' title="bbox 191 2600 1062 2667">
     <span class='ocr_line' id='line_1_45' title="bbox 191 2600 1062 2667; baseline 0 -16"><span class='ocrx_word' id='word_1_256' title='bbox 191 2607 230 2651; x_wconf 74' lang='lat' dir='ltr'><strong><em>at</em></strong></span> <span class='ocrx_word' id='word_1_257' title='bbox 253 2618 412 2656; x_wconf 78' lang='lat' dir='ltr'><strong><em>arcum</em></strong></span> <span class='ocrx_word' id='word_1_258' title='bbox 434 2618 663 2667; x_wconf 71' lang='lat' dir='ltr'><strong><em>cereum,</em></strong></span> <span class='ocrx_word' id='word_1_259' title='bbox 683 2600 899 2655; x_wconf 79' lang='lat' dir='ltr'><strong><em>brachia</em></strong></span> <span class='ocrx_word' id='word_1_260' title='bbox 929 2614 1062 2652; x_wconf 89' lang='lat' dir='ltr'><strong><em>mea.</em></strong></span> 
     </span>
    </p>
   </div>
   <div class='ocr_carea' id='block_1_45' title="bbox 242 2685 1750 2766">
    <p class='ocr_par' dir='ltr' id='par_1_45' title="bbox 242 2685 1750 2766">
     <span class='ocr_line' id='line_1_46' title="bbox 242 2685 1750 2766; baseline -0.002 -21"><span class='ocrx_word' id='word_1_261' title='bbox 242 2690 300 2746; x_wconf 80' lang='lat' dir='ltr'><strong><em>Et</em></strong></span> <span class='ocrx_word' id='word_1_262' title='bbox 323 2693 502 2748; x_wconf 78' lang='lat' dir='ltr'><strong><em>dedisti</em></strong></span> <span class='ocrx_word' id='word_1_263' title='bbox 529 2693 668 2749; x_wconf 81' lang='lat' dir='ltr'><strong><em>mihi</em></strong></span> <span class='ocrx_word' id='word_1_264' title='bbox 706 2691 1075 2766; x_wconf 84' lang='lat' dir='ltr'><strong><em>protectionem</em></strong></span> <span class='ocrx_word' id='word_1_265' title='bbox 1115 2686 1303 2743; x_wconf 87' lang='lat' dir='ltr'><strong><em>salutis</em></strong></span> <span class='ocrx_word' id='word_1_266' title='bbox 1331 2685 1359 2723; x_wconf 76' lang='grc' dir='ltr'><em>ά</em></span> <span class='ocrx_word' id='word_1_267' title='bbox 1388 2696 1524 2742; x_wconf 66' lang='lat' dir='ltr'><strong><em>tuae:</em></strong></span> <span class='ocrx_word' id='word_1_268' title='bbox 1551 2697 1598 2742; x_wconf 84' lang='lat' dir='ltr'><strong><em>et</em></strong></span> <span class='ocrx_word' id='word_1_269' title='bbox 1624 2685 1750 2742; x_wconf 74' lang='lat' dir='ltr'><strong><em>dea:-</em></strong></span> 
     </span>
    </p>
   </div>
   <div class='ocr_carea' id='block_1_46' title="bbox 191 2786 765 2857">
    <p class='ocr_par' dir='ltr' id='par_1_46' title="bbox 191 2786 765 2857">
     <span class='ocr_line' id='line_1_47' title="bbox 191 2786 765 2857; baseline 0.007 -23"><span class='ocrx_word' id='word_1_270' title='bbox 191 2791 275 2836; x_wconf 80' lang='lat' dir='ltr'><strong><em>tm</em></strong></span> <span class='ocrx_word' id='word_1_271' title='bbox 296 2793 377 2838; x_wconf 84' lang='lat' dir='ltr'><strong><em>tua</em></strong></span> <span class='ocrx_word' id='word_1_272' title='bbox 402 2786 638 2857; x_wconf 77' lang='lat' dir='ltr'><strong><em>suscepit</em></strong></span> <span class='ocrx_word' id='word_1_273' title='bbox 664 2801 765 2839; x_wconf 83' lang='lat' dir='ltr'><strong><em>me.</em></strong></span> 
     </span>
    </p>
   </div>
   <div class='ocr_carea' id='block_1_47' title="bbox 249 2872 1751 2951">
    <p class='ocr_par' dir='ltr' id='par_1_47' title="bbox 249 2872 1751 2951">
     <span class='ocr_line' id='line_1_48' title="bbox 249 2872 1751 2951; baseline -0.003 -21"><span class='ocrx_word' id='word_1_274' title='bbox 249 2877 302 2930; x_wconf 82' lang='lat' dir='ltr'><strong><em>Et</em></strong></span> <span class='ocrx_word' id='word_1_275' title='bbox 327 2879 607 2951; x_wconf 85' lang='lat' dir='ltr'><strong><em>disciplina</em></strong></span> <span class='ocrx_word' id='word_1_276' title='bbox 641 2888 730 2932; x_wconf 87' lang='lat' dir='ltr'><strong><em>tua</em></strong></span> <span class='ocrx_word' id='word_1_277' title='bbox 758 2876 986 2932; x_wconf 76' lang='lat' dir='ltr'><strong><em>correxit</em></strong></span> <span class='ocrx_word' id='word_1_278' title='bbox 1016 2891 1096 2930; x_wconf 89' lang='lat' dir='ltr'><strong><em>me</em></strong></span> <span class='ocrx_word' id='word_1_279' title='bbox 1124 2890 1184 2930; x_wconf 50' lang='grc' dir='ltr'><strong><em>ξ-</em></strong></span> <span class='ocrx_word' id='word_1_280' title='bbox 1216 2875 1270 2928; x_wconf 86' lang='lat' dir='ltr'><strong><em>in</em></strong></span> <span class='ocrx_word' id='word_1_281' title='bbox 1290 2874 1447 2944; x_wconf 79' lang='lat' dir='ltr'><strong><em>linem</em></strong></span> <span class='ocrx_word' id='word_1_282' title='bbox 1473 2889 1492 2928; x_wconf 87' lang='lat'><strong><em>:</em></strong></span> <span class='ocrx_word' id='word_1_283' title='bbox 1518 2882 1566 2927; x_wconf 90' lang='lat' dir='ltr'><strong><em>et</em></strong></span> <span class='ocrx_word' id='word_1_284' title='bbox 1596 2872 1751 2927; x_wconf 82' lang='lat' dir='ltr'><strong><em>disci-</em></strong></span> 
     </span>
    </p>
   </div>
   <div class='ocr_carea' id='block_1_48' title="bbox 195 2967 854 3044">
    <p class='ocr_par' dir='ltr' id='par_1_48' title="bbox 195 2967 854 3044">
     <span class='ocr_line' id='line_1_49' title="bbox 195 2967 854 3044; baseline -0.005 -20"><span class='ocrx_word' id='word_1_285' title='bbox 195 2967 309 3035; x_wconf 77' lang='lat' dir='ltr'><strong><em>plina</em></strong></span> <span class='ocrx_word' id='word_1_286' title='bbox 325 2980 404 3025; x_wconf 86' lang='lat' dir='ltr'><strong><em>tua</em></strong></span> <span class='ocrx_word' id='word_1_287' title='bbox 432 2975 544 3044; x_wconf 77' lang='lat' dir='ltr'><strong><em>ipsa</em></strong></span> <span class='ocrx_word' id='word_1_288' title='bbox 592 2970 798 3025; x_wconf 83' lang='lat' dir='ltr'><strong><em>docebit</em></strong></span> <span class='ocrx_word' id='word_1_289' title='bbox 832 2969 854 3037; x_wconf 71' lang='grc' dir='ltr'>ζ</span> 
     </span>
    </p>
   </div>
   <div class='ocr_carea' id='block_1_49' title="bbox 1359 2500 1746 2573">
    <p class='ocr_par' dir='ltr' id='par_1_49' title="bbox 1359 2500 1746 2573">
     <span class='ocr_line' id='line_1_50' title="bbox 1359 2500 1746 2573; baseline -0.008 -15"><span class='ocrx_word' id='word_1_290' title='bbox 1359 2512 1409 2558; x_wconf 91' lang='lat' dir='ltr'><strong><em>et</em></strong></span> <span class='ocrx_word' id='word_1_291' title='bbox 1443 2512 1466 2540; x_wconf 78' lang='grc' dir='ltr'><strong><em>ο</em></strong></span> <span class='ocrx_word' id='word_1_292' title='bbox 1504 2500 1746 2573; x_wconf 86' lang='lat' dir='ltr'><strong><em>posuisti,</em></strong></span> 
     </span>
    </p>
   </div>
   <div class='ocr_carea' id='block_1_50' title="bbox 1859 1763 2566 1834">
    <p class='ocr_par' dir='ltr' id='par_1_50' title="bbox 1859 1763 2566 1834">
     <span class='ocr_line' id='line_1_51' title="bbox 1859 1763 2566 1834; baseline -0.003 -14"><span class='ocrx_word' id='word_1_293' title='bbox 1859 1765 2009 1820; x_wconf 83' lang='lat' dir='ltr'><strong><em>nium</em></strong></span> <span class='ocrx_word' id='word_1_294' title='bbox 2037 1764 2372 1834; x_wconf 89' lang='lat' dir='ltr'><strong><em>sperautium</em></strong></span> <span class='ocrx_word' id='word_1_295' title='bbox 2405 1763 2459 1819; x_wconf 88' lang='lat' dir='ltr'><strong><em>in</em></strong></span> <span class='ocrx_word' id='word_1_296' title='bbox 2483 1777 2566 1819; x_wconf 88' lang='lat' dir='ltr'><strong><em>se.</em></strong></span> 
     </span>
    </p>
   </div>
   <div class='ocr_carea' id='block_1_51' title="bbox 1926 1854 3463 1930">
    <p class='ocr_par' dir='ltr' id='par_1_51' title="bbox 1926 1854 3463 1930">
     <span class='ocr_line' id='line_1_52' title="bbox 1926 1854 3463 1930; baseline -0.001 -17"><span class='ocrx_word' id='word_1_297' title='bbox 1926 1857 2194 1927; x_wconf 86' lang='lat' dir='ltr'><strong><em>Quoniam</em></strong></span> <span class='ocrx_word' id='word_1_298' title='bbox 2217 1859 2338 1929; x_wconf 86' lang='lat' dir='ltr'><strong><em>quis</em></strong></span> <span class='ocrx_word' id='word_1_299' title='bbox 2367 1858 2511 1912; x_wconf 90' lang='lat' dir='ltr'><strong><em>Deus</em></strong></span> <span class='ocrx_word' id='word_1_300' title='bbox 2539 1867 2738 1929; x_wconf 63' lang='lat' dir='ltr'><strong><em>praeter</em></strong></span> <span class='ocrx_word' id='word_1_301' title='bbox 2767 1856 3053 1912; x_wconf 91' lang='lat' dir='ltr'><strong><em>Dominum</em></strong></span> <span class='ocrx_word' id='word_1_302' title='bbox 3080 1855 3208 1930; x_wconf 83' lang='lat' dir='ltr'><strong><em>[Ms.</em></strong></span> <span class='ocrx_word' id='word_1_303' title='bbox 3231 1854 3463 1928; x_wconf 76' lang='lat' dir='ltr'><strong><em>Deum]?</em></strong></span> 
     </span>
    </p>
   </div>
   <div class='ocr_carea' id='block_1_52' title="bbox 1852 1949 3017 2021">
    <p class='ocr_par' dir='ltr' id='par_1_52' title="bbox 1852 1949 3017 2021">
     <span class='ocr_line' id='line_1_53' title="bbox 1852 1949 3017 2021; baseline -0.001 -16"><span class='ocrx_word' id='word_1_304' title='bbox 1852 1958 1947 2005; x_wconf 85' lang='lat' dir='ltr'><strong><em>aut</em></strong></span> <span class='ocrx_word' id='word_1_305' title='bbox 1970 1952 2091 2021; x_wconf 88' lang='lat' dir='ltr'><strong><em>quis</em></strong></span> <span class='ocrx_word' id='word_1_306' title='bbox 2122 1949 2264 2005; x_wconf 83' lang='lat' dir='ltr'><strong><em>Deus</em></strong></span> <span class='ocrx_word' id='word_1_307' title='bbox 2293 1958 2492 2020; x_wconf 64' lang='lat' dir='ltr'><strong><em>praeter</em></strong></span> <span class='ocrx_word' id='word_1_308' title='bbox 2526 1950 2691 2006; x_wconf 86' lang='lat' dir='ltr'><strong><em>Deum</em></strong></span> <span class='ocrx_word' id='word_1_309' title='bbox 2724 1951 3017 2006; x_wconf 86' lang='lat' dir='ltr'><strong><em>nostrum?</em></strong></span> 
     </span>
    </p>
   </div>
   <div class='ocr_carea' id='block_1_53' title="bbox 1927 2041 3457 2116">
    <p class='ocr_par' dir='ltr' id='par_1_53' title="bbox 1927 2041 3457 2116">
     <span class='ocr_line' id='line_1_54' title="bbox 1927 2041 3457 2116; baseline 0.002 -20"><span class='ocrx_word' id='word_1_310' title='bbox 1927 2042 2092 2108; x_wconf 91' lang='lat' dir='ltr'><strong><em>Deus,</em></strong></span> <span class='ocrx_word' id='word_1_311' title='bbox 2125 2042 2217 2113; x_wconf 92' lang='lat' dir='ltr'><strong><em>qui</em></strong></span> <span class='ocrx_word' id='word_1_312' title='bbox 2247 2042 2533 2112; x_wconf 67' lang='lat' dir='ltr'><strong><em>prazcinxit</em></strong></span> <span class='ocrx_word' id='word_1_313' title='bbox 2558 2041 2689 2114; x_wconf 80' lang='lat' dir='ltr'><strong><em>[Ms.</em></strong></span> <span class='ocrx_word' id='word_1_314' title='bbox 2723 2043 3027 2116; x_wconf 75' lang='lat' dir='ltr'><strong><em>prtecingit]</em></strong></span> <span class='ocrx_word' id='word_1_315' title='bbox 3059 2045 3457 2100; x_wconf 58' lang='lat' dir='ltr'><strong><em>me‘virtutem:</em></strong></span> 
     </span>
    </p>
   </div>
   <div class='ocr_carea' id='block_1_54' title="bbox 1854 2134 2882 2206">
    <p class='ocr_par' dir='ltr' id='par_1_54' title="bbox 1854 2134 2882 2206">
     <span class='ocr_line' id='line_1_55' title="bbox 1854 2134 2882 2206; baseline 0.002 -16"><span class='ocrx_word' id='word_1_316' title='bbox 1854 2135 2035 2206; x_wconf 89' lang='lat' dir='ltr'><strong><em>posuit</em></strong></span> <span class='ocrx_word' id='word_1_317' title='bbox 2073 2135 2473 2190; x_wconf 78' lang='lat' dir='ltr'><strong><em>immaculatum</em></strong></span> <span class='ocrx_word' id='word_1_318' title='bbox 2504 2134 2647 2189; x_wconf 87' lang='lat' dir='ltr'><strong><em>viam</em></strong></span> <span class='ocrx_word' id='word_1_319' title='bbox 2681 2151 2882 2192; x_wconf 86' lang='lat' dir='ltr'><strong><em>meam.</em></strong></span> 
     </span>
    </p>
   </div>
   <div class='ocr_carea' id='block_1_55' title="bbox 1925 2227 3458 2300">
    <p class='ocr_par' dir='ltr' id='par_1_55' title="bbox 1925 2227 3458 2300">
     <span class='ocr_line' id='line_1_56' title="bbox 1925 2227 3458 2300; baseline 0.003 -19"><span class='ocrx_word' id='word_1_320' title='bbox 1925 2227 2029 2296; x_wconf 88' lang='lat' dir='ltr'><strong><em>Qui</em></strong></span> <span class='ocrx_word' id='word_1_321' title='bbox 2061 2227 2273 2298; x_wconf 83' lang='lat' dir='ltr'><strong><em>perlicit</em></strong></span> <span class='ocrx_word' id='word_1_322' title='bbox 2306 2227 2474 2297; x_wconf 87' lang='lat' dir='ltr'><strong><em>pedes</em></strong></span> <span class='ocrx_word' id='word_1_323' title='bbox 2497 2242 2669 2294; x_wconf 78' lang='lat' dir='ltr'><strong><em>nieos,</em></strong></span> <span class='ocrx_word' id='word_1_324' title='bbox 2697 2237 2972 2299; x_wconf 83' lang='lat' dir='ltr'><strong><em>tamquam</em></strong></span> <span class='ocrx_word' id='word_1_325' title='bbox 3003 2228 3150 2284; x_wconf 88' lang='lat' dir='ltr'><strong><em>cervi</em></strong></span> <span class='ocrx_word' id='word_1_326' title='bbox 3177 2245 3188 2281; x_wconf 88' lang='lat'>:</span> <span class='ocrx_word' id='word_1_327' title='bbox 3215 2238 3269 2285; x_wconf 91' lang='lat' dir='ltr'><strong><em>et</em></strong></span> <span class='ocrx_word' id='word_1_328' title='bbox 3291 2244 3458 2300; x_wconf 86' lang='lat' dir='ltr'><strong><em>super</em></strong></span> 
     </span>
    </p>
   </div>
   <div class='ocr_carea' id='block_1_56' title="bbox 1852 2318 2876 2390">
    <p class='ocr_par' dir='ltr' id='par_1_56' title="bbox 1852 2318 2876 2390">
     <span class='ocr_line' id='line_1_57' title="bbox 1852 2318 2876 2390; baseline -0.001 -15"><span class='ocrx_word' id='word_1_329' title='bbox 1852 2319 2069 2375; x_wconf 79' lang='lat' dir='ltr'><strong><em>excelsa</em></strong></span> <span class='ocrx_word' id='word_1_330' title='bbox 2099 2320 2288 2374; x_wconf 86' lang='lat' dir='ltr'><strong><em>statuit</em></strong></span> <span class='ocrx_word' id='word_1_331' title='bbox 2312 2318 2442 2390; x_wconf 85' lang='lat' dir='ltr'><strong><em>[Ms.</em></strong></span> <span class='ocrx_word' id='word_1_332' title='bbox 2470 2318 2738 2389; x_wconf 84' lang='lat' dir='ltr'><strong><em>statuens]</em></strong></span> <span class='ocrx_word' id='word_1_333' title='bbox 2769 2336 2876 2376; x_wconf 92' lang='lat' dir='ltr'><strong><em>me.</em></strong></span> 
     </span>
    </p>
   </div>
   <div class='ocr_carea' id='block_1_57' title="bbox 1923 2409 3419 2483">
    <p class='ocr_par' dir='ltr' id='par_1_57' title="bbox 1923 2409 3419 2483">
     <span class='ocr_line' id='line_1_58' title="bbox 1923 2409 3419 2483; baseline 0 -17"><span class='ocrx_word' id='word_1_334' title='bbox 1923 2411 2025 2479; x_wconf 88' lang='lat' dir='ltr'><strong><em>Qui</em></strong></span> <span class='ocrx_word' id='word_1_335' title='bbox 2051 2409 2214 2466; x_wconf 91' lang='lat' dir='ltr'><strong><em>docet</em></strong></span> <span class='ocrx_word' id='word_1_336' title='bbox 2235 2424 2426 2466; x_wconf 88' lang='lat' dir='ltr'><strong><em>manus</em></strong></span> <span class='ocrx_word' id='word_1_337' title='bbox 2453 2425 2603 2467; x_wconf 88' lang='lat' dir='ltr'><strong><em>meas</em></strong></span> <span class='ocrx_word' id='word_1_338' title='bbox 2630 2410 2696 2465; x_wconf 92' lang='lat' dir='ltr'><strong><em>ad</em></strong></span> <span class='ocrx_word' id='word_1_339' title='bbox 2710 2412 2960 2481; x_wconf 64' lang='lat' dir='ltr'><strong><em>prtelium</em></strong></span> <span class='ocrx_word' id='word_1_340' title='bbox 2985 2410 3114 2483; x_wconf 70' lang='grc' dir='ltr'><strong><em>[Μτ.</em></strong></span> <span class='ocrx_word' id='word_1_341' title='bbox 3137 2410 3190 2466; x_wconf 91' lang='lat' dir='ltr'><strong><em>in</em></strong></span> <span class='ocrx_word' id='word_1_342' title='bbox 3211 2411 3419 2483; x_wconf 73' lang='lat' dir='ltr'><strong><em>proelio]</em></strong></span> 
     </span>
    </p>
   </div>
   <div class='ocr_carea' id='block_1_58' title="bbox 1851 2504 3446 2579">
    <p class='ocr_par' dir='ltr' id='par_1_58' title="bbox 1851 2504 3446 2579">
     <span class='ocr_line' id='line_1_59' title="bbox 1851 2504 3446 2579; baseline -0.002 -15"><span class='ocrx_word' id='word_1_343' title='bbox 1851 2517 1907 2564; x_wconf 88' lang='lat' dir='ltr'><strong><em>et</em></strong></span> <span class='ocrx_word' id='word_1_344' title='bbox 1936 2507 2137 2577; x_wconf 86' lang='lat' dir='ltr'><strong><em>posuit,</em></strong></span> <span class='ocrx_word' id='word_1_345' title='bbox 2165 2516 2220 2561; x_wconf 93' lang='lat' dir='ltr'><strong><em>ut</em></strong></span> <span class='ocrx_word' id='word_1_346' title='bbox 2251 2505 2380 2579; x_wconf 72' lang='grc' dir='ltr'><strong><em>[Με.</em></strong></span> <span class='ocrx_word' id='word_1_347' title='bbox 2412 2515 2467 2563; x_wconf 87' lang='lat' dir='ltr'><strong><em>et</em></strong></span> <span class='ocrx_word' id='word_1_348' title='bbox 2495 2504 2726 2577; x_wconf 87' lang='lat' dir='ltr'><strong><em>posuisti</em></strong></span> <span class='ocrx_word' id='word_1_349' title='bbox 2755 2506 2833 2578; x_wconf 82' lang='lat' dir='ltr'><strong><em>ut]</em></strong></span> <span class='ocrx_word' id='word_1_350' title='bbox 2861 2522 3046 2563; x_wconf 88' lang='lat' dir='ltr'><strong><em>arcum</em></strong></span> <span class='ocrx_word' id='word_1_351' title='bbox 3077 2505 3446 2574; x_wconf 78' lang='lat' dir='ltr'><strong><em>:nreutn,bra-</em></strong></span> 
     </span>
    </p>
   </div>
   <div class='ocr_carea' id='block_1_59' title="bbox 1851 2598 2148 2654">
    <p class='ocr_par' dir='ltr' id='par_1_59' title="bbox 1851 2598 2148 2654">
     <span class='ocr_line' id='line_1_60' title="bbox 1851 2598 2148 2654; baseline -0.007 0"><span class='ocrx_word' id='word_1_352' title='bbox 1851 2598 1975 2654; x_wconf 89' lang='lat' dir='ltr'><strong><em>chia</em></strong></span> <span class='ocrx_word' id='word_1_353' title='bbox 2004 2614 2148 2654; x_wconf 91' lang='lat' dir='ltr'><strong><em>mea.</em></strong></span> 
     </span>
    </p>
   </div>
   <div class='ocr_carea' id='block_1_60' title="bbox 1926 2689 3456 2759">
    <p class='ocr_par' dir='ltr' id='par_1_60' title="bbox 1926 2689 3456 2759">
     <span class='ocr_line' id='line_1_61' title="bbox 1926 2689 3456 2759; baseline 0.001 -13"><span class='ocrx_word' id='word_1_354' title='bbox 1926 2690 1995 2746; x_wconf 86' lang='lat' dir='ltr'><strong><em>Et</em></strong></span> <span class='ocrx_word' id='word_1_355' title='bbox 2014 2689 2214 2747; x_wconf 87' lang='lat' dir='ltr'><strong><em>dedisti</em></strong></span> <span class='ocrx_word' id='word_1_356' title='bbox 2233 2689 2367 2746; x_wconf 88' lang='lat' dir='ltr'><strong><em>mihi</em></strong></span> <span class='ocrx_word' id='word_1_357' title='bbox 2389 2689 2785 2759; x_wconf 86' lang='lat' dir='ltr'><strong><em>prolectionem</em></strong></span> <span class='ocrx_word' id='word_1_358' title='bbox 2811 2689 3004 2746; x_wconf 87' lang='lat' dir='ltr'><strong><em>salutis</em></strong></span> <span class='ocrx_word' id='word_1_359' title='bbox 3032 2689 3047 2727; x_wconf 77' lang='grc' dir='ltr'>ί</span> <span class='ocrx_word' id='word_1_360' title='bbox 3079 2698 3219 2746; x_wconf 62' lang='lat' dir='ltr'><strong><em>tum:</em></strong></span> <span class='ocrx_word' id='word_1_361' title='bbox 3246 2701 3302 2747; x_wconf 91' lang='lat' dir='ltr'><strong><em>et</em></strong></span> <span class='ocrx_word' id='word_1_362' title='bbox 3323 2690 3456 2747; x_wconf 76' lang='lat' dir='ltr'><strong><em>dex-</em></strong></span> 
     </span>
    </p>
   </div>
   <div class='ocr_carea' id='block_1_61' title="bbox 1853 2783 3457 2854">
    <p class='ocr_par' dir='ltr' id='par_1_61' title="bbox 1853 2783 3457 2854">
     <span class='ocr_line' id='line_1_62' title="bbox 1853 2783 3457 2854; baseline 0.002 -16"><span class='ocrx_word' id='word_1_363' title='bbox 1853 2792 1970 2838; x_wconf 86' lang='lat' dir='ltr'><strong><em>tera</em></strong></span> <span class='ocrx_word' id='word_1_364' title='bbox 2009 2792 2098 2838; x_wconf 83' lang='lat' dir='ltr'><strong><em>tua</em></strong></span> <span class='ocrx_word' id='word_1_365' title='bbox 2132 2783 2376 2853; x_wconf 87' lang='lat' dir='ltr'><strong><em>suscepit</em></strong></span> <span class='ocrx_word' id='word_1_366' title='bbox 2400 2798 2520 2854; x_wconf 77' lang='lat' dir='ltr'><strong><em>me,</em></strong></span> <span class='ocrx_word' id='word_1_367' title='bbox 2561 2793 2614 2838; x_wconf 89' lang='lat' dir='ltr'><strong><em>et</em></strong></span> <span class='ocrx_word' id='word_1_368' title='bbox 2643 2783 2929 2854; x_wconf 90' lang='lat' dir='ltr'><strong><em>disciplina</em></strong></span> <span class='ocrx_word' id='word_1_369' title='bbox 2961 2792 3053 2838; x_wconf 87' lang='lat' dir='ltr'><strong><em>tua</em></strong></span> <span class='ocrx_word' id='word_1_370' title='bbox 3090 2784 3205 2854; x_wconf 90' lang='lat' dir='ltr'><strong><em>ipsa</em></strong></span> <span class='ocrx_word' id='word_1_371' title='bbox 3237 2799 3327 2841; x_wconf 84' lang='lat' dir='ltr'><strong><em>me</em></strong></span> <span class='ocrx_word' id='word_1_372' title='bbox 3353 2786 3457 2841; x_wconf 84' lang='lat' dir='ltr'><strong><em>do-</em></strong></span> 
     </span>
    </p>
   </div>
   <div class='ocr_carea' id='block_1_62' title="bbox 1851 2876 2019 2934">
    <p class='ocr_par' dir='ltr' id='par_1_62' title="bbox 1851 2876 2019 2934">
     <span class='ocr_line' id='line_1_63' title="bbox 1851 2876 2019 2934; baseline -0.024 0"><span class='ocrx_word' id='word_1_373' title='bbox 1851 2876 2019 2934; x_wconf 81' lang='lat' dir='ltr'><strong><em>cebit.</em></strong></span> 
     </span>
    </p>
   </div>
   <div class='ocr_carea' id='block_1_63' title="bbox 1927 2967 3456 3043">
    <p class='ocr_par' dir='ltr' id='par_1_63' title="bbox 1927 2967 3456 3043">
     <span class='ocr_line' id='line_1_64' title="bbox 1927 2967 3456 3043; baseline 0.001 -19"><span class='ocrx_word' id='word_1_374' title='bbox 1927 2970 2170 3025; x_wconf 85' lang='lat' dir='ltr'><strong><em>Dilatasti</em></strong></span> <span class='ocrx_word' id='word_1_375' title='bbox 2194 2981 2414 3040; x_wconf 79' lang='lat' dir='ltr'><strong><em>gressus</em></strong></span> <span class='ocrx_word' id='word_1_376' title='bbox 2441 2981 2592 3025; x_wconf 88' lang='lat' dir='ltr'><strong><em>meos</em></strong></span> <span class='ocrx_word' id='word_1_377' title='bbox 2613 2967 2806 3024; x_wconf 87' lang='lat' dir='ltr'><strong><em>subtus</em></strong></span> <span class='ocrx_word' id='word_1_378' title='bbox 2827 2967 2952 3040; x_wconf 83' lang='lat' dir='ltr'><strong><em>[Ms.</em></strong></span> <span class='ocrx_word' id='word_1_379' title='bbox 2985 2971 3174 3024; x_wconf 87' lang='lat' dir='ltr'><strong><em>subter</em></strong></span> <span class='ocrx_word' id='word_1_380' title='bbox 3195 2969 3281 3024; x_wconf 83' lang='lat' dir='ltr'><strong><em>hic</em></strong></span> <span class='ocrx_word' id='word_1_381' title='bbox 3301 2980 3456 3043; x_wconf 84' lang='lat' dir='ltr'><strong><em>atque</em></strong></span> 
     </span>
    </p>
   </div>
   <div class='ocr_carea' id='block_1_64' title="bbox 250 3050 3259 3136">
    <p class='ocr_par' dir='ltr' id='par_1_64' title="bbox 250 3050 3259 3136">
     <span class='ocr_line' id='line_1_65' title="bbox 250 3050 3259 3136; baseline -0.001 -24"><span class='ocrx_word' id='word_1_382' title='bbox 250 3059 477 3116; x_wconf 82' lang='lat' dir='ltr'><strong><em>Dilatasti</em></strong></span> <span class='ocrx_word' id='word_1_383' title='bbox 499 3079 713 3136; x_wconf 83' lang='lat' dir='ltr'><strong><em>gressus</em></strong></span> <span class='ocrx_word' id='word_1_384' title='bbox 736 3077 875 3116; x_wconf 85' lang='lat' dir='ltr'><strong><em>meos</em></strong></span> <span class='ocrx_word' id='word_1_385' title='bbox 902 3059 1086 3115; x_wconf 84' lang='lat' dir='ltr'><strong><em>subtus</em></strong></span> <span class='ocrx_word' id='word_1_386' title='bbox 1112 3074 1212 3127; x_wconf 89' lang='lat' dir='ltr'><strong><em>me,</em></strong></span> <span class='ocrx_word' id='word_1_387' title='bbox 1246 3067 1292 3113; x_wconf 92' lang='lat' dir='ltr'><strong><em>et</em></strong></span> <span class='ocrx_word' id='word_1_388' title='bbox 1322 3073 1425 3112; x_wconf 86' lang='lat' dir='ltr'><strong><em>non</em></strong></span> <span class='ocrx_word' id='word_1_389' title='bbox 1455 3065 1573 3112; x_wconf 88' lang='lat' dir='ltr'><strong><em>sunt</em></strong></span> <span class='ocrx_word' id='word_1_390' title='bbox 1606 3055 1752 3125; x_wconf 79' lang='lat' dir='ltr'><strong><em>infir-</em></strong></span> <span class='ocrx_word' id='word_1_391' title='bbox 1778 3050 1824 3115; x_wconf 87' lang='lat' dir='ltr'><strong>C</strong></span> <span class='ocrx_word' id='word_1_392' title='bbox 1856 3062 2024 3135; x_wconf 69' lang='lat' dir='ltr'><strong><em>infra]</em></strong></span> <span class='ocrx_word' id='word_1_393' title='bbox 2047 3079 2162 3119; x_wconf 73' lang='lat' dir='ltr'><strong><em>me;</em></strong></span> <span class='ocrx_word' id='word_1_394' title='bbox 2193 3071 2249 3119; x_wconf 74' lang='grc' dir='ltr'><strong><em>ει</em></strong></span> <span class='ocrx_word' id='word_1_395' title='bbox 2273 3077 2381 3117; x_wconf 79' lang='lat' dir='ltr'><strong><em>non</em></strong></span> <span class='ocrx_word' id='word_1_396' title='bbox 2413 3070 2540 3116; x_wconf 81' lang='lat' dir='ltr'><strong><em>sum</em></strong></span> <span class='ocrx_word' id='word_1_397' title='bbox 2570 3059 2840 3116; x_wconf 78' lang='lat' dir='ltr'><strong><em>inﬁrmata</em></strong></span> <span class='ocrx_word' id='word_1_398' title='bbox 2861 3060 3086 3132; x_wconf 72' lang='lat' dir='ltr'><strong><em>vestigia</em></strong></span> <span class='ocrx_word' id='word_1_399' title='bbox 3116 3077 3259 3116; x_wconf 77' lang='lat' dir='ltr'><strong><em>mea,</em></strong></span> 
     </span>
    </p>
   </div>
   <div class='ocr_carea' id='block_1_65' title="bbox 197 3155 702 3226">
    <p class='ocr_par' dir='ltr' id='par_1_65' title="bbox 197 3155 702 3226">
     <span class='ocr_line' id='line_1_66' title="bbox 197 3155 702 3226; baseline 0.014 -25"><span class='ocrx_word' id='word_1_400' title='bbox 197 3159 309 3205; x_wconf 80' lang='lat' dir='ltr'><strong><em>inata</em></strong></span> <span class='ocrx_word' id='word_1_401' title='bbox 330 3155 535 3226; x_wconf 69' lang='lat' dir='ltr'><strong><em>vestigia</em></strong></span> <span class='ocrx_word' id='word_1_402' title='bbox 567 3170 702 3208; x_wconf 85' lang='lat' dir='ltr'><strong><em>mea.</em></strong></span> 
     </span>
    </p>
   </div>
   <div class='ocr_carea' id='block_1_66' title="bbox 252 3239 1757 3316">
    <p class='ocr_par' dir='ltr' id='par_1_66' title="bbox 252 3239 1757 3316">
     <span class='ocr_line' id='line_1_67' title="bbox 252 3239 1757 3316; baseline 0.001 -21"><span class='ocrx_word' id='word_1_403' title='bbox 252 3241 517 3316; x_wconf 81' lang='lat' dir='ltr'><strong><em>Persequar</em></strong></span> <span class='ocrx_word' id='word_1_404' title='bbox 543 3246 789 3301; x_wconf 84' lang='lat' dir='ltr'><strong><em>inimicos</em></strong></span> <span class='ocrx_word' id='word_1_405' title='bbox 813 3259 974 3310; x_wconf 85' lang='lat' dir='ltr'><strong><em>meos,</em></strong></span> <span class='ocrx_word' id='word_1_406' title='bbox 1005 3250 1051 3297; x_wconf 87' lang='lat' dir='ltr'><strong><em>et</em></strong></span> <span class='ocrx_word' id='word_1_407' title='bbox 1091 3240 1522 3311; x_wconf 81' lang='lat' dir='ltr'><strong><em>comprehendam</em></strong></span> <span class='ocrx_word' id='word_1_408' title='bbox 1554 3251 1577 3278; x_wconf 86' lang='grc' dir='ltr'><strong>ο</strong></span> <span class='ocrx_word' id='word_1_409' title='bbox 1605 3239 1757 3296; x_wconf 90' lang='lat' dir='ltr'><strong><em>illos:</em></strong></span> 
     </span>
    </p>
   </div>
   <div class='ocr_carea' id='block_1_67' title="bbox 200 3337 1151 3406">
    <p class='ocr_par' dir='ltr' id='par_1_67' title="bbox 200 3337 1151 3406">
     <span class='ocr_line' id='line_1_68' title="bbox 200 3337 1151 3406; baseline 0.003 -20"><span class='ocrx_word' id='word_1_410' title='bbox 200 3344 339 3392; x_wconf 80' lang='lat' dir='ltr'><strong><em>etnon</em></strong></span> <span class='ocrx_word' id='word_1_411' title='bbox 361 3350 657 3405; x_wconf 81' lang='lat' dir='ltr'><strong><em>convertar,</em></strong></span> <span class='ocrx_word' id='word_1_412' title='bbox 688 3339 852 3392; x_wconf 84' lang='lat' dir='ltr'><strong><em>donec</em></strong></span> <span class='ocrx_word' id='word_1_413' title='bbox 879 3337 1151 3406; x_wconf 81' lang='lat' dir='ltr'><strong><em>deﬁciant.</em></strong></span> 
     </span>
    </p>
   </div>
   <div class='ocr_carea' id='block_1_68' title="bbox 256 3426 1762 3506">
    <p class='ocr_par' dir='ltr' id='par_1_68' title="bbox 256 3426 1762 3506">
     <span class='ocr_line' id='line_1_69' title="bbox 256 3426 1762 3506; baseline -0.001 -24"><span class='ocrx_word' id='word_1_414' title='bbox 256 3427 573 3506; x_wconf 76' lang='lat' dir='ltr'><strong><em>Confringaat</em></strong></span> <span class='ocrx_word' id='word_1_415' title='bbox 595 3430 742 3500; x_wconf 80' lang='lat' dir='ltr'><strong><em>illos,</em></strong></span> <span class='ocrx_word' id='word_1_416' title='bbox 766 3447 858 3485; x_wconf 86' lang='lat' dir='ltr'><strong><em>nec</em></strong></span> <span class='ocrx_word' id='word_1_417' title='bbox 877 3438 1158 3501; x_wconf 85' lang='lat' dir='ltr'><strong><em>potuerunt</em></strong></span> <span class='ocrx_word' id='word_1_418' title='bbox 1179 3437 1316 3484; x_wconf 88' lang='lat' dir='ltr'><strong><em>stare</em></strong></span> <span class='ocrx_word' id='word_1_419' title='bbox 1339 3443 1357 3482; x_wconf 88' lang='lat'><strong><em>:</em></strong></span> <span class='ocrx_word' id='word_1_420' title='bbox 1383 3426 1566 3483; x_wconf 85' lang='lat' dir='ltr'><strong><em>cadent</em></strong></span> <span class='ocrx_word' id='word_1_421' title='bbox 1582 3426 1762 3481; x_wconf 85' lang='lat' dir='ltr'><strong><em>subtus</em></strong></span> 
     </span>
    </p>
   </div>
   <div class='ocr_carea' id='block_1_69' title="bbox 203 3521 508 3586">
    <p class='ocr_par' dir='ltr' id='par_1_69' title="bbox 203 3521 508 3586">
     <span class='ocr_line' id='line_1_70' title="bbox 203 3521 508 3586; baseline 0.026 -13"><span class='ocrx_word' id='word_1_422' title='bbox 203 3521 328 3586; x_wconf 82' lang='lat' dir='ltr'><strong><em>pedes</em></strong></span> <span class='ocrx_word' id='word_1_423' title='bbox 349 3540 508 3581; x_wconf 78' lang='lat' dir='ltr'><strong><em>meos.</em></strong></span> 
     </span>
    </p>
   </div>
   <div class='ocr_carea' id='block_1_70' title="bbox 261 3610 1764 3685">
    <p class='ocr_par' dir='ltr' id='par_1_70' title="bbox 261 3610 1764 3685">
     <span class='ocr_line' id='line_1_71' title="bbox 261 3610 1764 3685; baseline 0 -19"><span class='ocrx_word' id='word_1_424' title='bbox 261 3610 316 3666; x_wconf 80' lang='lat' dir='ltr'><strong><em>Et</em></strong></span> <span class='ocrx_word' id='word_1_425' title='bbox 341 3617 654 3683; x_wconf 71' lang='lat' dir='ltr'><strong><em>prmeinxisti</em></strong></span> <span class='ocrx_word' id='word_1_426' title='bbox 683 3631 766 3670; x_wconf 86' lang='lat' dir='ltr'><strong><em>me</em></strong></span> <span class='ocrx_word' id='word_1_427' title='bbox 792 3615 981 3669; x_wconf 86' lang='lat' dir='ltr'><strong><em>virtute</em></strong></span> <span class='ocrx_word' id='word_1_428' title='bbox 1005 3613 1068 3668; x_wconf 81' lang='lat' dir='ltr'><strong><em>ab</em></strong></span> <span class='ocrx_word' id='word_1_429' title='bbox 1089 3613 1280 3669; x_wconf 86' lang='lat' dir='ltr'><strong><em>bellum</em></strong></span> <span class='ocrx_word' id='word_1_430' title='bbox 1308 3627 1328 3667; x_wconf 90' lang='lat'><strong><em>:</em></strong></span> <span class='ocrx_word' id='word_1_431' title='bbox 1363 3614 1380 3651; x_wconf 75' lang='grc' dir='ltr'><strong>ί</strong></span> <span class='ocrx_word' id='word_1_432' title='bbox 1408 3611 1764 3685; x_wconf 82' lang='lat' dir='ltr'><strong><em>supplantasti</em></strong></span> 
     </span>
    </p>
   </div>
   <div class='ocr_carea' id='block_1_71' title="bbox 205 3699 1042 3778">
    <p class='ocr_par' dir='ltr' id='par_1_71' title="bbox 205 3699 1042 3778">
     <span class='ocr_line' id='line_1_72' title="bbox 205 3699 1042 3778; baseline 0.008 -25"><span class='ocrx_word' id='word_1_433' title='bbox 205 3699 488 3777; x_wconf 81' lang='lat' dir='ltr'><strong><em>insurgentes</em></strong></span> <span class='ocrx_word' id='word_1_434' title='bbox 515 3710 569 3764; x_wconf 86' lang='lat' dir='ltr'><strong><em>in</em></strong></span> <span class='ocrx_word' id='word_1_435' title='bbox 596 3725 698 3778; x_wconf 87' lang='lat' dir='ltr'><strong><em>me,</em></strong></span> <span class='ocrx_word' id='word_1_436' title='bbox 730 3707 915 3762; x_wconf 82' lang='lat' dir='ltr'><strong><em>subtus</em></strong></span> <span class='ocrx_word' id='word_1_437' title='bbox 938 3723 1042 3763; x_wconf 87' lang='lat' dir='ltr'><strong><em>me.</em></strong></span> 
     </span>
    </p>
   </div>
   <div class='ocr_carea' id='block_1_72' title="bbox 214 3975 1771 4058">
    <p class='ocr_par' dir='ltr' id='par_1_72' title="bbox 214 3975 1771 4058">
     <span class='ocr_line' id='line_1_73' title="bbox 214 3975 1771 4058; baseline 0 -26"><span class='ocrx_word' id='word_1_438' title='bbox 214 3981 348 4058; x_wconf 78' lang='lat' dir='ltr'><strong><em>titiam</em></strong></span> <span class='ocrx_word' id='word_1_439' title='bbox 370 3985 590 4058; x_wconf 81' lang='lat' dir='ltr'><strong><em>legitur,</em></strong></span> <span class='ocrx_word' id='word_1_440' title='bbox 619 3993 676 4042; x_wconf 88' lang='lat' dir='ltr'><strong><em>et</em></strong></span> <span class='ocrx_word' id='word_1_441' title='bbox 701 3984 845 4056; x_wconf 85' lang='lat' dir='ltr'><strong><em>quod</em></strong></span> <span class='ocrx_word' id='word_1_442' title='bbox 873 3980 1226 4052; x_wconf 84' lang='lat' dir='ltr'><strong><em>subsequenti</em></strong></span> <span class='ocrx_word' id='word_1_443' title='bbox 1253 3992 1416 4034; x_wconf 85' lang='lat' dir='ltr'><strong><em>versu</em></strong></span> <span class='ocrx_word' id='word_1_444' title='bbox 1447 3977 1514 4032; x_wconf 90' lang='lat' dir='ltr'><strong><em>ad</em></strong></span> <span class='ocrx_word' id='word_1_445' title='bbox 1539 3975 1771 4033; x_wconf 81' lang='lat' dir='ltr'><strong><em>verbum</em></strong></span> 
     </span>
    </p>
   </div>
   <div class='ocr_carea' id='block_1_73' title="bbox 213 4055 1303 4128">
    <p class='ocr_par' dir='ltr' id='par_1_73' title="bbox 213 4055 1303 4128">
     <span class='ocr_line' id='line_1_74' title="bbox 213 4055 1303 4128; baseline -0.002 -21"><span class='ocrx_word' id='word_1_446' title='bbox 213 4055 450 4128; x_wconf 54' lang='lat' dir='ltr'><strong><em>obsecrabo</em></strong></span> <span class='ocrx_word' id='word_1_447' title='bbox 475 4058 696 4112; x_wconf 82' lang='lat' dir='ltr'><strong><em>additur</em></strong></span> <span class='ocrx_word' id='word_1_448' title='bbox 723 4055 822 4122; x_wconf 85' lang='lat' dir='ltr'><strong><em>me,</em></strong></span> <span class='ocrx_word' id='word_1_449' title='bbox 857 4069 1072 4128; x_wconf 78' lang='lat' dir='ltr'><strong><em>rursum</em></strong></span> <span class='ocrx_word' id='word_1_450' title='bbox 1100 4060 1266 4109; x_wconf 87' lang='lat' dir='ltr'><strong><em>tacet.</em></strong></span> <span class='ocrx_word' id='word_1_451' title='bbox 1286 4111 1303 4128; x_wconf 25' lang='grc' dir='ltr'><strong><em>ἰ</em></strong></span> 
     </span>
    </p>
   </div>
   <div class='ocr_carea' id='block_1_74' title="bbox 269 4119 1572 4200">
    <p class='ocr_par' dir='ltr' id='par_1_74' title="bbox 269 4119 1572 4200">
     <span class='ocr_line' id='line_1_75' title="bbox 269 4119 1572 4200; baseline -0.01 -17"><span class='ocrx_word' id='word_1_452' title='bbox 269 4126 662 4200; x_wconf 69' lang='lat' dir='ltr'><strong><em>fDesideratur</em></strong></span> <span class='ocrx_word' id='word_1_453' title='bbox 690 4131 742 4183; x_wconf 91' lang='lat' dir='ltr'><strong><em>in</em></strong></span> <span class='ocrx_word' id='word_1_454' title='bbox 775 4119 1026 4182; x_wconf 82' lang='lat' dir='ltr'><strong><em>Palatino</em></strong></span> <span class='ocrx_word' id='word_1_455' title='bbox 1057 4140 1160 4200; x_wconf 84' lang='lat' dir='ltr'><strong><em>ms.</em></strong></span> <span class='ocrx_word' id='word_1_456' title='bbox 1193 4131 1238 4175; x_wconf 84' lang='lat' dir='ltr'><strong><em>et</em></strong></span> <span class='ocrx_word' id='word_1_457' title='bbox 1265 4119 1485 4200; x_wconf 62' lang='lat' dir='ltr'><strong><em>vincula.</em></strong></span> <span class='ocrx_word' id='word_1_458' title='bbox 1537 4189 1572 4200; x_wconf 51' lang='grc' dir='ltr'><strong><em>υ</em></strong></span> 
     </span>
    </p>
   </div>
   <div class='ocr_carea' id='block_1_75' title="bbox 268 4187 1778 4271">
    <p class='ocr_par' dir='ltr' id='par_1_75' title="bbox 268 4187 1778 4271">
     <span class='ocr_line' id='line_1_76' title="bbox 268 4187 1778 4271; baseline -0.006 -19"><span class='ocrx_word' id='word_1_459' title='bbox 268 4191 291 4271; x_wconf 59' lang='grc' dir='ltr'><strong><em>ξ’</em></strong></span> <span class='ocrx_word' id='word_1_460' title='bbox 317 4197 612 4269; x_wconf 81' lang='lat' dir='ltr'><strong><em>Rescripsit</em></strong></span> <span class='ocrx_word' id='word_1_461' title='bbox 642 4201 870 4271; x_wconf 78' lang='lat' dir='ltr'><strong><em>sequior</em></strong></span> <span class='ocrx_word' id='word_1_462' title='bbox 899 4209 1092 4271; x_wconf 85' lang='lat' dir='ltr'><strong><em>manus</em></strong></span> <span class='ocrx_word' id='word_1_463' title='bbox 1123 4195 1174 4248; x_wconf 90' lang='lat' dir='ltr'><strong><em>in</em></strong></span> <span class='ocrx_word' id='word_1_464' title='bbox 1223 4192 1419 4271; x_wconf 86' lang='lat' dir='ltr'><strong><em>eodem</em></strong></span> <span class='ocrx_word' id='word_1_465' title='bbox 1451 4189 1664 4271; x_wconf 63' lang='lat' dir='ltr'><strong><em>codice,</em></strong></span> <span class='ocrx_word' id='word_1_466' title='bbox 1707 4187 1778 4243; x_wconf 90' lang='lat' dir='ltr'><strong><em>Et</em></strong></span> 
     </span>
    </p>
   </div>
   <div class='ocr_carea' id='block_1_76' title="bbox 214 4262 1776 4340">
    <p class='ocr_par' dir='ltr' id='par_1_76' title="bbox 214 4262 1776 4340">
     <span class='ocr_line' id='line_1_77' title="bbox 214 4262 1776 4340; baseline -0.008 -13"><span class='ocrx_word' id='word_1_467' title='bbox 214 4267 321 4334; x_wconf 71' lang='lat' dir='ltr'><strong><em>quis,</em></strong></span> <span class='ocrx_word' id='word_1_468' title='bbox 348 4286 445 4340; x_wconf 91' lang='lat' dir='ltr'><strong><em>pro</em></strong></span> <span class='ocrx_word' id='word_1_469' title='bbox 485 4262 597 4334; x_wconf 73' lang='lat' dir='ltr'><strong><em>aut,</em></strong></span> <span class='ocrx_word' id='word_1_470' title='bbox 639 4262 746 4325; x_wconf 52' lang='lat' dir='ltr'><strong><em>etc&#39;.</em></strong></span> <span class='ocrx_word' id='word_1_471' title='bbox 777 4269 972 4324; x_wconf 62' lang='lat' dir='ltr'><strong><em>Graece</em></strong></span> <span class='ocrx_word' id='word_1_472' title='bbox 1000 4267 1160 4320; x_wconf 88' lang='lat' dir='ltr'><strong><em>etiam</em></strong></span> <span class='ocrx_word' id='word_1_473' title='bbox 1193 4273 1278 4317; x_wconf 86' lang='lat' dir='ltr'><strong><em>est</em></strong></span> <span class='ocrx_word' id='word_1_474' title='bbox 1319 4265 1424 4316; x_wconf 83' lang='grc' dir='ltr'><strong><em>καὶ.</em></strong></span> <span class='ocrx_word' id='word_1_475' title='bbox 1471 4262 1512 4316; x_wconf 83' lang='grc' dir='ltr'>Ε</span> <span class='ocrx_word' id='word_1_476' title='bbox 1555 4262 1776 4332; x_wconf 80' lang='lat' dir='ltr'><strong><em>regione</em></strong></span> 
     </span>
    </p>
   </div>
   <div class='ocr_carea' id='block_1_77' title="bbox 215 4341 1372 4409">
    <p class='ocr_par' dir='ltr' id='par_1_77' title="bbox 215 4341 1372 4409">
     <span class='ocr_line' id='line_1_78' title="bbox 215 4341 1372 4409; baseline -0.004 -19"><span class='ocrx_word' id='word_1_477' title='bbox 215 4342 435 4398; x_wconf 66' lang='lat' dir='ltr'><strong><em>versiculi</em></strong></span> <span class='ocrx_word' id='word_1_478' title='bbox 464 4341 774 4409; x_wconf 82' lang='lat' dir='ltr'><strong><em>Diapsalma</em></strong></span> <span class='ocrx_word' id='word_1_479' title='bbox 805 4342 1028 4405; x_wconf 87' lang='lat' dir='ltr'><strong><em>insuper</em></strong></span> <span class='ocrx_word' id='word_1_480' title='bbox 1054 4343 1372 4409; x_wconf 81' lang='lat' dir='ltr'><strong><em>annOIatur.</em></strong></span> 
     </span>
    </p>
   </div>
   <div class='ocr_carea' id='block_1_78' title="bbox 272 4407 1569 4484">
    <p class='ocr_par' dir='ltr' id='par_1_78' title="bbox 272 4407 1569 4484">
     <span class='ocr_line' id='line_1_79' title="bbox 272 4407 1569 4484; baseline -0.007 -20"><span class='ocrx_word' id='word_1_481' title='bbox 272 4412 532 4484; x_wconf 49' lang='lat' dir='ltr'><strong><em>fin-latin.</em></strong></span> <span class='ocrx_word' id='word_1_482' title='bbox 562 4407 666 4484; x_wconf 75' lang='lat' dir='ltr'><strong><em>ius.</em></strong></span> <span class='ocrx_word' id='word_1_483' title='bbox 690 4411 882 4484; x_wconf 78' lang='lat' dir='ltr'><strong><em>posuit,</em></strong></span> <span class='ocrx_word' id='word_1_484' title='bbox 917 4407 1154 4476; x_wconf 88' lang='lat' dir='ltr'><strong><em>sequiori</em></strong></span> <span class='ocrx_word' id='word_1_485' title='bbox 1180 4416 1357 4484; x_wconf 77' lang='lat' dir='ltr'><strong><em>tamen</em></strong></span> <span class='ocrx_word' id='word_1_486' title='bbox 1385 4418 1569 4458; x_wconf 89' lang='lat' dir='ltr'><strong><em>manu.</em></strong></span> 
     </span>
    </p>
   </div>
   <div class='ocr_carea' id='block_1_79' title="bbox 268 4472 1770 4544">
    <p class='ocr_par' dir='ltr' id='par_1_79' title="bbox 268 4472 1770 4544">
     <span class='ocr_line' id='line_1_80' title="bbox 268 4472 1770 4544; baseline -0.007 -7"><span class='ocrx_word' id='word_1_487' title='bbox 268 4477 290 4516; x_wconf 74' lang='grc'>¹¹</span> <span class='ocrx_word' id='word_1_488' title='bbox 305 4483 575 4538; x_wconf 80' lang='lat' dir='ltr'><strong><em>Maluisset</em></strong></span> <span class='ocrx_word' id='word_1_489' title='bbox 595 4472 940 4537; x_wconf 73' lang='lat' dir='ltr'><strong><em>Martianmus</em></strong></span> <span class='ocrx_word' id='word_1_490' title='bbox 960 4472 1103 4541; x_wconf 68' lang='lat' dir='ltr'><strong><em>tuere,</em></strong></span> <span class='ocrx_word' id='word_1_491' title='bbox 1122 4475 1348 4531; x_wconf 87' lang='lat' dir='ltr'><strong><em>rescribi</em></strong></span> <span class='ocrx_word' id='word_1_492' title='bbox 1365 4491 1461 4544; x_wconf 86' lang='lat' dir='ltr'><strong><em>pro</em></strong></span> <span class='ocrx_word' id='word_1_493' title='bbox 1485 4484 1606 4537; x_wconf 74' lang='lat' dir='ltr'><strong><em>tuae,</em></strong></span> <span class='ocrx_word' id='word_1_494' title='bbox 1618 4472 1770 4544; x_wconf 76' lang='lat' dir='ltr'><strong><em>juxta</em></strong></span> 
     </span>
    </p>
   </div>
   <div class='ocr_carea' id='block_1_80' title="bbox 217 4543 1774 4627">
    <p class='ocr_par' dir='ltr' id='par_1_80' title="bbox 217 4543 1774 4627">
     <span class='ocr_line' id='line_1_81' title="bbox 217 4543 1774 4627; baseline -0.005 -21"><span class='ocrx_word' id='word_1_495' title='bbox 217 4546 435 4627; x_wconf 64' lang='lat' dir='ltr'><strong><em>chgm</em></strong></span> <span class='ocrx_word' id='word_1_496' title='bbox 475 4563 562 4615; x_wconf 78' lang='grc' dir='ltr'><strong><em>τῆς</em></strong></span> <span class='ocrx_word' id='word_1_497' title='bbox 608 4548 1179 4627; x_wconf 28' lang='grc' dir='ltr'><strong><em>σωτηρίας-μουηξορᾴ</em></strong></span> <span class='ocrx_word' id='word_1_498' title='bbox 1227 4543 1585 4627; x_wconf 69' lang='lat' dir='ltr'><strong><em>prmterquam</em></strong></span> <span class='ocrx_word' id='word_1_499' title='bbox 1630 4543 1774 4612; x_wconf 85' lang='lat' dir='ltr'><strong><em>quod</em></strong></span> 
     </span>
    </p>
   </div>
   <div class='ocr_carea' id='block_1_81' title="bbox 218 4615 1780 4695">
    <p class='ocr_par' dir='ltr' id='par_1_81' title="bbox 218 4615 1780 4695">
     <span class='ocr_line' id='line_1_82' title="bbox 218 4615 1780 4695; baseline -0.009 -14"><span class='ocrx_word' id='word_1_500' title='bbox 218 4617 371 4695; x_wconf 60' lang='lat' dir='ltr'><strong><em>{irasci</em></strong></span> <span class='ocrx_word' id='word_1_501' title='bbox 395 4626 715 4695; x_wconf 82' lang='lat' dir='ltr'><strong><em>exemplaris</em></strong></span> <span class='ocrx_word' id='word_1_502' title='bbox 743 4615 1002 4677; x_wconf 79' lang='lat' dir='ltr'><strong><em>mendum</em></strong></span> <span class='ocrx_word' id='word_1_503' title='bbox 1046 4619 1173 4673; x_wconf 89' lang='lat' dir='ltr'><strong><em>illud</em></strong></span> <span class='ocrx_word' id='word_1_504' title='bbox 1203 4624 1289 4695; x_wconf 81' lang='lat' dir='ltr'><strong><em>est</em></strong></span> <span class='ocrx_word' id='word_1_505' title='bbox 1319 4615 1690 4695; x_wconf 30' lang='lat' dir='ltr'><strong><em>tria-nifestum,</em></strong></span> <span class='ocrx_word' id='word_1_506' title='bbox 1715 4629 1780 4695; x_wconf 75' lang='lat' dir='ltr'><strong><em>ac</em></strong></span> 
     </span>
    </p>
   </div>
   <div class='ocr_carea' id='block_1_82' title="bbox 222 4685 1782 4763">
    <p class='ocr_par' dir='ltr' id='par_1_82' title="bbox 222 4685 1782 4763">
     <span class='ocr_line' id='line_1_83' title="bbox 222 4685 1782 4763; baseline -0.004 -17"><span class='ocrx_word' id='word_1_507' title='bbox 222 4688 355 4750; x_wconf 71' lang='lat' dir='ltr'><strong><em>facile</em></strong></span> <span class='ocrx_word' id='word_1_508' title='bbox 381 4685 611 4763; x_wconf 77' lang='lat' dir='ltr'><strong><em>obvium,</em></strong></span> <span class='ocrx_word' id='word_1_509' title='bbox 648 4696 736 4750; x_wconf 87' lang='lat' dir='ltr'><strong><em>ubi</em></strong></span> <span class='ocrx_word' id='word_1_510' title='bbox 767 4715 863 4749; x_wconf 84' lang='grc' dir='ltr'><strong><em>σου</em></strong></span> <span class='ocrx_word' id='word_1_511' title='bbox 892 4701 948 4746; x_wconf 91' lang='lat' dir='ltr'><strong><em>et</em></strong></span> <span class='ocrx_word' id='word_1_512' title='bbox 978 4712 1073 4762; x_wconf 84' lang='grc' dir='ltr'><strong><em>μου</em></strong></span> <span class='ocrx_word' id='word_1_513' title='bbox 1103 4689 1353 4763; x_wconf 71' lang='lat' dir='ltr'><strong><em>smpiusa</em></strong></span> <span class='ocrx_word' id='word_1_514' title='bbox 1384 4686 1617 4763; x_wconf 82' lang='lat' dir='ltr'><strong><em>librariis</em></strong></span> <span class='ocrx_word' id='word_1_515' title='bbox 1639 4685 1782 4740; x_wconf 77' lang='lat' dir='ltr'><strong><em>[uale</em></strong></span> 
     </span>
    </p>
   </div>
   <div class='ocr_carea' id='block_1_83' title="bbox 224 4758 1783 4834">
    <p class='ocr_par' dir='ltr' id='par_1_83' title="bbox 224 4758 1783 4834">
     <span class='ocr_line' id='line_1_84' title="bbox 224 4758 1783 4834; baseline -0.008 -16"><span class='ocrx_word' id='word_1_516' title='bbox 224 4774 494 4834; x_wconf 68' lang='lat' dir='ltr'><strong><em>permutata</em></strong></span> <span class='ocrx_word' id='word_1_517' title='bbox 530 4758 660 4822; x_wconf 80' lang='lat' dir='ltr'><strong><em>sunt</em></strong></span> <span class='ocrx_word' id='word_1_518' title='bbox 697 4783 712 4819; x_wconf 86' lang='lat'><strong>:</strong></span> <span class='ocrx_word' id='word_1_519' title='bbox 758 4765 812 4819; x_wconf 91' lang='lat' dir='ltr'><strong><em>id</em></strong></span> <span class='ocrx_word' id='word_1_520' title='bbox 855 4758 1032 4834; x_wconf 80' lang='lat' dir='ltr'><strong><em>ipsum</em></strong></span> <span class='ocrx_word' id='word_1_521' title='bbox 1067 4758 1783 4834; x_wconf 30' lang='lat' dir='ltr'><strong><em>luculentissime‘notaturn</em></strong></span> 
     </span>
    </p>
   </div>
   <div class='ocr_carea' id='block_1_84' title="bbox 225 4824 1783 4909">
    <p class='ocr_par' dir='ltr' id='par_1_84' title="bbox 225 4824 1783 4909">
     <span class='ocr_line' id='line_1_85' title="bbox 225 4824 1783 4909; baseline -0.009 -18"><span class='ocrx_word' id='word_1_522' title='bbox 225 4824 525 4909; x_wconf 52' lang='lat' dir='ltr'><strong><em>Hieronymo</em></strong></span> <span class='ocrx_word' id='word_1_523' title='bbox 571 4839 625 4893; x_wconf 91' lang='lat' dir='ltr'><strong><em>in</em></strong></span> <span class='ocrx_word' id='word_1_524' title='bbox 654 4834 825 4909; x_wconf 66' lang='lat' dir='ltr'><strong><em>epist.</em></strong></span> <span class='ocrx_word' id='word_1_525' title='bbox 854 4824 922 4909; x_wconf 31' lang='lat' dir='ltr'><strong><em>aid</em></strong></span> <span class='ocrx_word' id='word_1_526' title='bbox 963 4831 1228 4909; x_wconf 76' lang='lat' dir='ltr'><strong><em>Suuniam</em></strong></span> <span class='ocrx_word' id='word_1_527' title='bbox 1268 4839 1322 4882; x_wconf 89' lang='lat' dir='ltr'><strong><em>et</em></strong></span> <span class='ocrx_word' id='word_1_528' title='bbox 1353 4827 1623 4909; x_wconf 64' lang='lat' dir='ltr'><strong><em>Fretelatu</em></strong></span> <span class='ocrx_word' id='word_1_529' title='bbox 1657 4841 1678 4909; x_wconf 44' lang='grc' dir='ltr'><strong><em>,ε</em></strong></span> <span class='ocrx_word' id='word_1_530' title='bbox 1713 4824 1783 4878; x_wconf 77' lang='lat' dir='ltr'><strong><em>In</em></strong></span> 
     </span>
    </p>
   </div>
   <div class='ocr_carea' id='block_1_85' title="bbox 227 4895 1786 4979">
    <p class='ocr_par' dir='ltr' id='par_1_85' title="bbox 227 4895 1786 4979">
     <span class='ocr_line' id='line_1_86' title="bbox 227 4895 1786 4979; baseline -0.003 -24"><span class='ocrx_word' id='word_1_531' title='bbox 227 4901 383 4979; x_wconf 57' lang='lat' dir='ltr'><strong><em>(ﬁrmo</em></strong></span> <span class='ocrx_word' id='word_1_532' title='bbox 401 4895 481 4963; x_wconf 63' lang='lat' dir='ltr'><strong><em>cos</em></strong></span> <span class='ocrx_word' id='word_1_533' title='bbox 507 4895 948 4979; x_wconf 48' lang='lat' dir='ltr'><strong><em>legisse-dixistis,</em></strong></span> <span class='ocrx_word' id='word_1_534' title='bbox 972 4901 1163 4979; x_wconf 68' lang='lat' dir='ltr'><strong><em>salutis</em></strong></span> <span class='ocrx_word' id='word_1_535' title='bbox 1183 4915 1348 4956; x_wconf 70' lang='lat' dir='ltr'><strong><em>mea):</em></strong></span> <span class='ocrx_word' id='word_1_536' title='bbox 1372 4899 1463 4952; x_wconf 84' lang='lat' dir='ltr'><strong><em>sed</em></strong></span> <span class='ocrx_word' id='word_1_537' title='bbox 1487 4899 1539 4950; x_wconf 91' lang='lat' dir='ltr'><strong><em>in</em></strong></span> <span class='ocrx_word' id='word_1_538' title='bbox 1567 4895 1786 4979; x_wconf 67' lang='lat' dir='ltr'><strong><em>llebrwo</em></strong></span> 
     </span>
    </p>
   </div>
   <div class='ocr_carea' id='block_1_86' title="bbox 224 4967 1788 5046">
    <p class='ocr_par' dir='ltr' id='par_1_86' title="bbox 224 4967 1788 5046">
     <span class='ocr_line' id='line_1_87' title="bbox 224 4967 1788 5046; baseline -0.004 -19"><span class='ocrx_word' id='word_1_539' title='bbox 224 4974 417 5041; x_wconf 63' lang='lat' dir='ltr'><strong><em>lesson,</em></strong></span> <span class='ocrx_word' id='word_1_540' title='bbox 467 4967 654 5035; x_wconf 71' lang='lat' dir='ltr'><strong><em>salutis</em></strong></span> <span class='ocrx_word' id='word_1_541' title='bbox 694 4989 825 5042; x_wconf 69' lang='lat' dir='ltr'><strong><em>tum,</em></strong></span> <span class='ocrx_word' id='word_1_542' title='bbox 874 4967 1158 5046; x_wconf 60' lang='lat' dir='ltr'><strong><em>signiﬁcat,</em></strong></span> <span class='ocrx_word' id='word_1_543' title='bbox 1209 4988 1314 5026; x_wconf 90' lang='lat' dir='ltr'><strong><em>non</em></strong></span> <span class='ocrx_word' id='word_1_544' title='bbox 1360 4984 1519 5038; x_wconf 59' lang='lat' dir='ltr'><strong><em>mea),</em></strong></span> <span class='ocrx_word' id='word_1_545' title='bbox 1553 4967 1694 5038; x_wconf 81' lang='lat' dir='ltr'><strong><em>quod</em></strong></span> <span class='ocrx_word' id='word_1_546' title='bbox 1740 4975 1788 5021; x_wconf 88' lang='lat' dir='ltr'><strong><em>et</em></strong></span> 
     </span>
    </p>
   </div>
   <div class='ocr_carea' id='block_1_87' title="bbox 228 5049 1125 5120">
    <p class='ocr_par' dir='ltr' id='par_1_87' title="bbox 228 5049 1125 5120">
     <span class='ocr_line' id='line_1_88' title="bbox 228 5049 1125 5120; baseline -0.004 -20"><span class='ocrx_word' id='word_1_547' title='bbox 228 5062 376 5120; x_wconf 82' lang='lat' dir='ltr'><strong><em>omnes</em></strong></span> <span class='ocrx_word' id='word_1_548' title='bbox 393 5049 697 5120; x_wconf 81' lang='lat' dir='ltr'><strong><em>Interpreles</em></strong></span> <span class='ocrx_word' id='word_1_549' title='bbox 727 5050 1125 5120; x_wconf 83' lang='lat' dir='ltr'><strong><em>transtulerunt.</em></strong></span> 
     </span>
    </p>
   </div>
   <div class='ocr_carea' id='block_1_88' title="bbox 287 5110 1792 5191">
    <p class='ocr_par' dir='ltr' id='par_1_88' title="bbox 287 5110 1792 5191">
     <span class='ocr_line' id='line_1_89' title="bbox 287 5110 1792 5191; baseline -0.011 -14"><span class='ocrx_word' id='word_1_550' title='bbox 287 5127 309 5154; x_wconf 68' lang='grc' dir='ltr'>θ</span> <span class='ocrx_word' id='word_1_551' title='bbox 331 5110 606 5191; x_wconf 78' lang='lat' dir='ltr'><strong><em>Perperam</em></strong></span> <span class='ocrx_word' id='word_1_552' title='bbox 631 5119 870 5191; x_wconf 79' lang='lat' dir='ltr'><strong><em>Palatia.</em></strong></span> <span class='ocrx_word' id='word_1_553' title='bbox 899 5126 1327 5191; x_wconf 80' lang='lat' dir='ltr'><strong><em>ms._pronome_n</em></strong></span> <span class='ocrx_word' id='word_1_554' title='bbox 1358 5110 1477 5191; x_wconf 74' lang='lat' dir='ltr'><strong><em>illos</em></strong></span> <span class='ocrx_word' id='word_1_555' title='bbox 1499 5125 1631 5191; x_wconf 81' lang='lat' dir='ltr'><strong><em>veru</em></strong></span> <span class='ocrx_word' id='word_1_556' title='bbox 1654 5124 1792 5178; x_wconf 72' lang='lat' dir='ltr'><strong><em>pra:-</em></strong></span> 
     </span>
    </p>
   </div>
   <div class='ocr_carea' id='block_1_89' title="bbox 230 5182 1792 5264">
    <p class='ocr_par' dir='ltr' id='par_1_89' title="bbox 230 5182 1792 5264">
     <span class='ocr_line' id='line_1_90' title="bbox 230 5182 1792 5264; baseline -0.003 -28"><span class='ocrx_word' id='word_1_557' title='bbox 230 5197 384 5264; x_wconf 84' lang='lat' dir='ltr'><strong><em>uotat;</em></strong></span> <span class='ocrx_word' id='word_1_558' title='bbox 411 5182 504 5248; x_wconf 67' lang='lat' dir='ltr'><strong><em>sed</em></strong></span> <span class='ocrx_word' id='word_1_559' title='bbox 533 5202 587 5248; x_wconf 90' lang='lat' dir='ltr'><strong><em>et</em></strong></span> <span class='ocrx_word' id='word_1_560' title='bbox 616 5190 872 5260; x_wconf 87' lang='lat' dir='ltr'><strong><em>superius</em></strong></span> <span class='ocrx_word' id='word_1_561' title='bbox 895 5182 1123 5264; x_wconf 65' lang='lat' dir='ltr'><strong><em>in_liis.ce</em></strong></span> <span class='ocrx_word' id='word_1_562' title='bbox 1142 5182 1482 5264; x_wconf 77' lang='lat' dir='ltr'><strong><em>ascribeudis</em></strong></span> <span class='ocrx_word' id='word_1_563' title='bbox 1511 5182 1792 5264; x_wconf 40' lang='lat' dir='ltr'><strong><em>nollsln&#39;on</em></strong></span> 
     </span>
    </p>
   </div>
   <div class='ocr_carea' id='block_1_90' title="bbox 231 5251 1792 5333">
    <p class='ocr_par' dir='ltr' id='par_1_90' title="bbox 231 5251 1792 5333">
     <span class='ocr_line' id='line_1_91' title="bbox 231 5251 1792 5333; baseline -0.004 -24"><span class='ocrx_word' id='word_1_564' title='bbox 231 5251 382 5317; x_wconf 82' lang='lat' dir='ltr'><strong><em>semel</em></strong></span> <span class='ocrx_word' id='word_1_565' title='bbox 403 5273 604 5333; x_wconf 86' lang='lat' dir='ltr'><strong><em>peccat,</em></strong></span> <span class='ocrx_word' id='word_1_566' title='bbox 635 5251 757 5333; x_wconf 78' lang='lat' dir='ltr'><strong><em>qua:</em></strong></span> <span class='ocrx_word' id='word_1_567' title='bbox 788 5258 1076 5315; x_wconf 81' lang='lat' dir='ltr'><strong><em>manifesta</em></strong></span> <span class='ocrx_word' id='word_1_568' title='bbox 1118 5255 1312 5310; x_wconf 85' lang='lat' dir='ltr'><strong><em>menda</em></strong></span> <span class='ocrx_word' id='word_1_569' title='bbox 1355 5253 1499 5308; x_wconf 87' lang='lat' dir='ltr'><strong><em>scire</em></strong></span> <span class='ocrx_word' id='word_1_570' title='bbox 1546 5251 1682 5305; x_wconf 81' lang='lat' dir='ltr'><strong><em>nihil</em></strong></span> <span class='ocrx_word' id='word_1_571' title='bbox 1712 5252 1792 5304; x_wconf 82' lang='lat' dir='ltr'><strong><em>in-</em></strong></span> 
     </span>
    </p>
   </div>
   <div class='ocr_carea' id='block_1_91' title="bbox 239 5341 401 5386">
    <p class='ocr_par' dir='ltr' id='par_1_91' title="bbox 239 5341 401 5386">
     <span class='ocr_line' id='line_1_92' title="bbox 239 5341 401 5386; baseline 0.043 -7"><span class='ocrx_word' id='word_1_572' title='bbox 239 5341 401 5386; x_wconf 85' lang='lat' dir='ltr'><strong><em>terest.</em></strong></span> 
     </span>
    </p>
   </div>
   <div class='ocr_carea' id='block_1_92' title="bbox 291 5393 1796 5475">
    <p class='ocr_par' dir='ltr' id='par_1_92' title="bbox 291 5393 1796 5475">
     <span class='ocr_line' id='line_1_93' title="bbox 291 5393 1796 5475; baseline -0.007 -19"><span class='ocrx_word' id='word_1_573' title='bbox 291 5400 399 5475; x_wconf 80' lang='lat' dir='ltr'><strong><em>&#39;_Et</em></strong></span> <span class='ocrx_word' id='word_1_574' title='bbox 426 5404 674 5475; x_wconf 87' lang='lat' dir='ltr'><strong><em>copulam</em></strong></span> <span class='ocrx_word' id='word_1_575' title='bbox 709 5402 778 5458; x_wconf 88' lang='lat' dir='ltr'><strong><em>ad</em></strong></span> <span class='ocrx_word' id='word_1_576' title='bbox 810 5399 1037 5475; x_wconf 80' lang='lat' dir='ltr'><strong><em>Palatini</em></strong></span> <span class='ocrx_word' id='word_1_577' title='bbox 1069 5413 1172 5453; x_wconf 89' lang='lat' dir='ltr'><strong><em>ms.</em></strong></span> <span class='ocrx_word' id='word_1_578' title='bbox 1211 5407 1324 5475; x_wconf 72' lang='lat' dir='ltr'><strong><em>tum</em></strong></span> <span class='ocrx_word' id='word_1_579' title='bbox 1355 5393 1570 5449; x_wconf 63' lang='lat' dir='ltr'><strong><em>Hebraei</em></strong></span> <span class='ocrx_word' id='word_1_580' title='bbox 1615 5398 1796 5475; x_wconf 58' lang='lat' dir='ltr'><strong><em>tentus</em></strong></span> 
     </span>
    </p>
   </div>
   <div class='ocr_carea' id='block_1_93' title="bbox 235 5464 1794 5531">
    <p class='ocr_par' dir='ltr' id='par_1_93' title="bbox 235 5464 1794 5531">
     <span class='ocr_line' id='line_1_94' title="bbox 235 5464 1794 5531; baseline -0.011 2"><span class='ocrx_word' id='word_1_581' title='bbox 235 5481 276 5522; x_wconf 65' lang='grc' dir='ltr'><strong><em>ει</em></strong></span> <span class='ocrx_word' id='word_1_582' title='bbox 299 5473 458 5530; x_wconf 62' lang='lat' dir='ltr'><strong><em>Graeci</em></strong></span> <span class='ocrx_word' id='word_1_583' title='bbox 493 5464 659 5531; x_wconf 62' lang='lat' dir='ltr'><strong><em>iidem</em></strong></span> <span class='ocrx_word' id='word_1_584' title='bbox 701 5475 827 5528; x_wconf 87' lang='lat' dir='ltr'><strong><em>hinc</em></strong></span> <span class='ocrx_word' id='word_1_585' title='bbox 859 5471 1184 5526; x_wconf 86' lang='lat' dir='ltr'><strong><em>amovimus.</em></strong></span> <span class='ocrx_word' id='word_1_586' title='bbox 1219 5467 1357 5523; x_wconf 81' lang='lat' dir='ltr'><strong><em>Male</em></strong></span> <span class='ocrx_word' id='word_1_587' title='bbox 1386 5478 1566 5520; x_wconf 89' lang='lat' dir='ltr'><strong><em>autem</em></strong></span> <span class='ocrx_word' id='word_1_588' title='bbox 1600 5464 1794 5517; x_wconf 83' lang='lat' dir='ltr'><strong><em>subse-</em></strong></span> 
     </span>
    </p>
   </div>
   <div class='ocr_carea' id='block_1_94' title="bbox 237 5536 1799 5607">
    <p class='ocr_par' dir='ltr' id='par_1_94' title="bbox 237 5536 1799 5607">
     <span class='ocr_line' id='line_1_95' title="bbox 237 5536 1799 5607; baseline -0.007 -9"><span class='ocrx_word' id='word_1_589' title='bbox 237 5549 391 5607; x_wconf 74' lang='lat' dir='ltr'><strong><em>q!Ienti</em></strong></span> <span class='ocrx_word' id='word_1_590' title='bbox 418 5549 596 5602; x_wconf 86' lang='lat' dir='ltr'><strong><em>statim</em></strong></span> <span class='ocrx_word' id='word_1_591' title='bbox 621 5561 784 5601; x_wconf 89' lang='lat' dir='ltr'><strong><em>versu</em></strong></span> <span class='ocrx_word' id='word_1_592' title='bbox 815 5544 960 5598; x_wconf 87' lang='lat' dir='ltr'><strong><em>idem</em></strong></span> <span class='ocrx_word' id='word_1_593' title='bbox 993 5556 1092 5596; x_wconf 90' lang='lat' dir='ltr'><strong><em>ms.</em></strong></span> <span class='ocrx_word' id='word_1_594' title='bbox 1123 5548 1180 5596; x_wconf 87' lang='lat' dir='ltr'><strong><em>et</em></strong></span> <span class='ocrx_word' id='word_1_595' title='bbox 1201 5539 1372 5595; x_wconf 83' lang='lat' dir='ltr'><strong><em>Carus</em></strong></span> <span class='ocrx_word' id='word_1_596' title='bbox 1401 5536 1618 5592; x_wconf 86' lang='lat' dir='ltr'><strong><em>obelum</em></strong></span> <span class='ocrx_word' id='word_1_597' title='bbox 1656 5547 1799 5603; x_wconf 68' lang='lat' dir='ltr'><strong><em>prae-</em></strong></span> 
     </span>
    </p>
   </div>
   <div class='ocr_carea' id='block_1_95' title="bbox 229 5615 1776 5690">
    <p class='ocr_par' dir='ltr' id='par_1_95' title="bbox 229 5615 1776 5690">
     <span class='ocr_line' id='line_1_96' title="bbox 229 5615 1776 5690; baseline 0.005 -24"><span class='ocrx_word' id='word_1_598' title='bbox 229 5625 517 5690; x_wconf 52' lang='lat' dir='ltr'><strong><em>‘notsntt-zr</em></strong></span> <span class='ocrx_word' id='word_1_599' title='bbox 550 5616 619 5670; x_wconf 84' lang='lat' dir='ltr'><strong><em>Et</em></strong></span> <span class='ocrx_word' id='word_1_600' title='bbox 653 5615 952 5690; x_wconf 66' lang='lat' dir='ltr'><strong><em>:inimicos</em></strong></span> <span class='ocrx_word' id='word_1_601' title='bbox 982 5620 1273 5690; x_wconf 85' lang='lat' dir='ltr'><strong><em>meos,_elc.</em></strong></span> <span class='ocrx_word' id='word_1_602' title='bbox 1449 5687 1456 5690; x_wconf 22' lang='grc' dir='ltr'><strong><em>Δ</em></strong></span> <span class='ocrx_word' id='word_1_603' title='bbox 1494 5678 1527 5690; x_wconf 56' lang='grc' dir='ltr'>η</span> <span class='ocrx_word' id='word_1_604' title='bbox 1587 5677 1620 5690; x_wconf 26' lang='grc' dir='ltr'><strong><em>,Δ</em></strong></span> <span class='ocrx_word' id='word_1_605' title='bbox 1708 5673 1742 5690; x_wconf 58' lang='grc' dir='ltr'>η</span> <span class='ocrx_word' id='word_1_606' title='bbox 1764 5675 1776 5686; x_wconf 75' lang='grc'><em>,</em></span> 
     </span>
    </p>
   </div>
   <div class='ocr_carea' id='block_1_96' title="bbox 294 5673 1799 5748">
    <p class='ocr_par' dir='ltr' id='par_1_96' title="bbox 294 5673 1799 5748">
     <span class='ocr_line' id='line_1_97' title="bbox 294 5673 1799 5748; baseline -0.014 -1"><span class='ocrx_word' id='word_1_607' title='bbox 294 5697 315 5735; x_wconf 80' lang='grc' dir='ltr'>ε</span> <span class='ocrx_word' id='word_1_608' title='bbox 343 5673 739 5748; x_wconf 59' lang='lat' dir='ltr'><strong><em>Addebatur&#39;in</em></strong></span> <span class='ocrx_word' id='word_1_609' title='bbox 777 5684 975 5744; x_wconf 89' lang='lat' dir='ltr'><strong><em>eodem</em></strong></span> <span class='ocrx_word' id='word_1_610' title='bbox 1017 5673 1351 5742; x_wconf 48' lang='lat' dir='ltr'><strong><em>msiiterum</em></strong></span> <span class='ocrx_word' id='word_1_611' title='bbox 1379 5677 1620 5736; x_wconf 83' lang='lat' dir='ltr'><strong><em>retribuit</em></strong></span> <span class='ocrx_word' id='word_1_612' title='bbox 1650 5673 1799 5742; x_wconf 86' lang='lat' dir='ltr'><strong><em>mihi,</em></strong></span> 
     </span>
    </p>
   </div>
   <div class='ocr_carea' id='block_1_97' title="bbox 1929 3153 3459 3226">
    <p class='ocr_par' dir='ltr' id='par_1_97' title="bbox 1929 3153 3459 3226">
     <span class='ocr_line' id='line_1_98' title="bbox 1929 3153 3459 3226; baseline 0.001 -16"><span class='ocrx_word' id='word_1_613' title='bbox 1929 3156 2234 3226; x_wconf 86' lang='lat' dir='ltr'><strong><em>Persequar</em></strong></span> <span class='ocrx_word' id='word_1_614' title='bbox 2253 3153 2507 3211; x_wconf 88' lang='lat' dir='ltr'><strong><em>inimicos</em></strong></span> <span class='ocrx_word' id='word_1_615' title='bbox 2533 3168 2706 3220; x_wconf 90' lang='lat' dir='ltr'><strong><em>meos,</em></strong></span> <span class='ocrx_word' id='word_1_616' title='bbox 2731 3162 2788 3209; x_wconf 89' lang='lat' dir='ltr'><strong><em>et</em></strong></span> <span class='ocrx_word' id='word_1_617' title='bbox 2804 3153 3270 3224; x_wconf 85' lang='lat' dir='ltr'><strong><em>comprehendam</em></strong></span> <span class='ocrx_word' id='word_1_618' title='bbox 3293 3155 3459 3214; x_wconf 88' lang='lat' dir='ltr'><strong><em>illos:</em></strong></span> 
     </span>
    </p>
   </div>
   <div class='ocr_carea' id='block_1_98' title="bbox 1861 3245 2907 3313">
    <p class='ocr_par' dir='ltr' id='par_1_98' title="bbox 1861 3245 2907 3313">
     <span class='ocr_line' id='line_1_99' title="bbox 1861 3245 2907 3313; baseline -0.004 -8"><span class='ocrx_word' id='word_1_619' title='bbox 1861 3258 1918 3305; x_wconf 89' lang='lat' dir='ltr'><strong><em>et</em></strong></span> <span class='ocrx_word' id='word_1_620' title='bbox 1949 3264 2058 3303; x_wconf 91' lang='lat' dir='ltr'><strong><em>nou</em></strong></span> <span class='ocrx_word' id='word_1_621' title='bbox 2087 3257 2401 3313; x_wconf 86' lang='lat' dir='ltr'><strong><em>convertar,</em></strong></span> <span class='ocrx_word' id='word_1_622' title='bbox 2425 3247 2602 3302; x_wconf 89' lang='lat' dir='ltr'><strong><em>donec</em></strong></span> <span class='ocrx_word' id='word_1_623' title='bbox 2631 3245 2907 3301; x_wconf 77' lang='lat' dir='ltr'><strong><em>deficiant.</em></strong></span> 
     </span>
    </p>
   </div>
   <div class='ocr_carea' id='block_1_99' title="bbox 1933 3338 3464 3412">
    <p class='ocr_par' dir='ltr' id='par_1_99' title="bbox 1933 3338 3464 3412">
     <span class='ocr_line' id='line_1_100' title="bbox 1933 3338 3464 3412; baseline -0.001 -16"><span class='ocrx_word' id='word_1_624' title='bbox 1933 3340 2180 3412; x_wconf 80' lang='lat' dir='ltr'><strong><em>Amigam</em></strong></span> <span class='ocrx_word' id='word_1_625' title='bbox 2219 3340 2348 3411; x_wconf 71' lang='grc' dir='ltr'><strong><em>μισ.</em></strong></span> <span class='ocrx_word' id='word_1_626' title='bbox 2380 3338 2690 3409; x_wconf 83' lang='lat' dir='ltr'><strong><em>conﬂigam]</em></strong></span> <span class='ocrx_word' id='word_1_627' title='bbox 2738 3338 2883 3406; x_wconf 90' lang='lat' dir='ltr'><strong><em>illos,</em></strong></span> <span class='ocrx_word' id='word_1_628' title='bbox 2916 3354 3014 3394; x_wconf 91' lang='lat' dir='ltr'><strong><em>nec</em></strong></span> <span class='ocrx_word' id='word_1_629' title='bbox 3045 3348 3301 3408; x_wconf 87' lang='lat' dir='ltr'><strong><em>poterunt</em></strong></span> <span class='ocrx_word' id='word_1_630' title='bbox 3331 3339 3464 3409; x_wconf 70' lang='lat' dir='ltr'><strong><em>HIs.</em></strong></span> 
     </span>
    </p>
   </div>
   <div class='ocr_carea' id='block_1_100' title="bbox 1863 3430 3226 3504">
    <p class='ocr_par' dir='ltr' id='par_1_100' title="bbox 1863 3430 3226 3504">
     <span class='ocr_line' id='line_1_101' title="bbox 1863 3430 3226 3504; baseline 0.001 -18"><span class='ocrx_word' id='word_1_631' title='bbox 1863 3432 2176 3504; x_wconf 84' lang='lat' dir='ltr'><strong><em>potuerunt]</em></strong></span> <span class='ocrx_word' id='word_1_632' title='bbox 2200 3442 2381 3488; x_wconf 87' lang='lat' dir='ltr'><strong><em>stare:</em></strong></span> <span class='ocrx_word' id='word_1_633' title='bbox 2411 3431 2608 3488; x_wconf 88' lang='lat' dir='ltr'><strong><em>cadent</em></strong></span> <span class='ocrx_word' id='word_1_634' title='bbox 2634 3430 2826 3487; x_wconf 87' lang='lat' dir='ltr'><strong><em>subtus</em></strong></span> <span class='ocrx_word' id='word_1_635' title='bbox 2854 3431 3022 3502; x_wconf 86' lang='lat' dir='ltr'><strong><em>pedes</em></strong></span> <span class='ocrx_word' id='word_1_636' title='bbox 3052 3447 3226 3488; x_wconf 89' lang='lat' dir='ltr'><strong><em>meos.</em></strong></span> 
     </span>
    </p>
   </div>
   <div class='ocr_carea' id='block_1_101' title="bbox 1939 3524 3467 3597">
    <p class='ocr_par' dir='ltr' id='par_1_101' title="bbox 1939 3524 3467 3597">
     <span class='ocr_line' id='line_1_102' title="bbox 1939 3524 3467 3597; baseline 0.002 -16"><span class='ocrx_word' id='word_1_637' title='bbox 1939 3527 2004 3581; x_wconf 84' lang='lat' dir='ltr'><strong><em>Et</em></strong></span> <span class='ocrx_word' id='word_1_638' title='bbox 2035 3524 2367 3596; x_wconf 66' lang='lat' dir='ltr'><strong><em>prtucinxisti</em></strong></span> <span class='ocrx_word' id='word_1_639' title='bbox 2409 3540 2498 3580; x_wconf 88' lang='lat' dir='ltr'><strong><em>me</em></strong></span> <span class='ocrx_word' id='word_1_640' title='bbox 2527 3525 2806 3589; x_wconf 85' lang='lat' dir='ltr'><strong><em>virtutem,</em></strong></span> <span class='ocrx_word' id='word_1_641' title='bbox 2848 3525 2914 3580; x_wconf 88' lang='lat' dir='ltr'><strong><em>ad</em></strong></span> <span class='ocrx_word' id='word_1_642' title='bbox 2943 3524 3073 3595; x_wconf 60' lang='lat' dir='ltr'><strong><em>ldis.</em></strong></span> <span class='ocrx_word' id='word_1_643' title='bbox 3107 3525 3185 3597; x_wconf 90' lang='lat' dir='ltr'><strong><em>in]</em></strong></span> <span class='ocrx_word' id='word_1_644' title='bbox 3213 3526 3416 3582; x_wconf 89' lang='lat' dir='ltr'><strong><em>bellum</em></strong></span> <span class='ocrx_word' id='word_1_645' title='bbox 3449 3547 3467 3584; x_wconf 84' lang='lat'><strong>;</strong></span> 
     </span>
    </p>
   </div>
   <div class='ocr_carea' id='block_1_102' title="bbox 1862 3615 3460 3690">
    <p class='ocr_par' dir='ltr' id='par_1_102' title="bbox 1862 3615 3460 3690">
     <span class='ocr_line' id='line_1_103' title="bbox 1862 3615 3460 3690; baseline 0 -14"><span class='ocrx_word' id='word_1_646' title='bbox 1862 3617 2232 3690; x_wconf 87' lang='lat' dir='ltr'><strong><em>supplantasti</em></strong></span> <span class='ocrx_word' id='word_1_647' title='bbox 2269 3630 2462 3673; x_wconf 91' lang='lat' dir='ltr'><strong><em>omnes</em></strong></span> <span class='ocrx_word' id='word_1_648' title='bbox 2500 3615 2842 3687; x_wconf 86' lang='lat' dir='ltr'><strong><em>insurgentes</em></strong></span> <span class='ocrx_word' id='word_1_649' title='bbox 2890 3615 2945 3672; x_wconf 91' lang='lat' dir='ltr'><strong><em>in</em></strong></span> <span class='ocrx_word' id='word_1_650' title='bbox 2977 3631 3086 3684; x_wconf 87' lang='lat' dir='ltr'><strong><em>me,</em></strong></span> <span class='ocrx_word' id='word_1_651' title='bbox 3129 3618 3323 3675; x_wconf 86' lang='lat' dir='ltr'><strong><em>subtus</em></strong></span> <span class='ocrx_word' id='word_1_652' title='bbox 3350 3635 3460 3676; x_wconf 88' lang='lat' dir='ltr'><strong><em>me.</em></strong></span> 
     </span>
    </p>
   </div>
   <div class='ocr_carea' id='block_1_103' title="bbox 1875 3973 3476 4047">
    <p class='ocr_par' dir='ltr' id='par_1_103' title="bbox 1875 3973 3476 4047">
     <span class='ocr_line' id='line_1_104' title="bbox 1875 3973 3476 4047; baseline 0.006 -19"><span class='ocrx_word' id='word_1_653' title='bbox 1875 3974 2020 4047; x_wconf 86' lang='lat' dir='ltr'><strong><em>quod</em></strong></span> <span class='ocrx_word' id='word_1_654' title='bbox 2048 3974 2269 4047; x_wconf 83' lang='lat' dir='ltr'><strong><em>sequior</em></strong></span> <span class='ocrx_word' id='word_1_655' title='bbox 2299 3987 2490 4047; x_wconf 85' lang='lat' dir='ltr'><strong><em>manus</em></strong></span> <span class='ocrx_word' id='word_1_656' title='bbox 2519 3987 2643 4029; x_wconf 88' lang='lat' dir='ltr'><strong><em>cum</em></strong></span> <span class='ocrx_word' id='word_1_657' title='bbox 2668 3973 2779 4038; x_wconf 85' lang='lat' dir='ltr'><strong><em>hic,</em></strong></span> <span class='ocrx_word' id='word_1_658' title='bbox 2807 3983 2919 4031; x_wconf 83' lang='lat' dir='ltr'><strong><em>tum</em></strong></span> <span class='ocrx_word' id='word_1_659' title='bbox 2950 3976 3002 4032; x_wconf 91' lang='lat' dir='ltr'><strong><em>in</em></strong></span> <span class='ocrx_word' id='word_1_660' title='bbox 3027 3977 3259 4035; x_wconf 84' lang='lat' dir='ltr'><strong><em>adversa</em></strong></span> <span class='ocrx_word' id='word_1_661' title='bbox 3281 3980 3476 4037; x_wconf 68' lang='lat' dir='ltr'><strong><em>Graeca</em></strong></span> 
     </span>
    </p>
   </div>
   <div class='ocr_carea' id='block_1_104' title="bbox 1875 4045 3479 4119">
    <p class='ocr_par' dir='ltr' id='par_1_104' title="bbox 1875 4045 3479 4119">
     <span class='ocr_line' id='line_1_105' title="bbox 1875 4045 3479 4119; baseline 0.002 -17"><span class='ocrx_word' id='word_1_662' title='bbox 1875 4045 2128 4119; x_wconf 82' lang='lat' dir='ltr'><strong><em>columna</em></strong></span> <span class='ocrx_word' id='word_1_663' title='bbox 2165 4045 2370 4119; x_wconf 81' lang='lat' dir='ltr'><strong><em>delevit</em></strong></span> <span class='ocrx_word' id='word_1_664' title='bbox 2417 4046 3000 4119; x_wconf 67' lang='lat' dir='ltr'><strong><em>adAugustinianum</em></strong></span> <span class='ocrx_word' id='word_1_665' title='bbox 3048 4051 3360 4119; x_wconf 82' lang='lat' dir='ltr'><strong><em>exetnplar:</em></strong></span> <span class='ocrx_word' id='word_1_666' title='bbox 3413 4067 3479 4106; x_wconf 88' lang='lat' dir='ltr'><strong><em>ac</em></strong></span> 
     </span>
    </p>
   </div>
   <div class='ocr_carea' id='block_1_105' title="bbox 1875 4115 3479 4187">
    <p class='ocr_par' dir='ltr' id='par_1_105' title="bbox 1875 4115 3479 4187">
     <span class='ocr_line' id='line_1_106' title="bbox 1875 4115 3479 4187; baseline 0.003 -15"><span class='ocrx_word' id='word_1_667' title='bbox 1875 4134 2009 4174; x_wconf 81' lang='lat' dir='ltr'><strong><em>sane</em></strong></span> <span class='ocrx_word' id='word_1_668' title='bbox 2050 4118 2215 4172; x_wconf 91' lang='lat' dir='ltr'><strong><em>etiam</em></strong></span> <span class='ocrx_word' id='word_1_669' title='bbox 2259 4117 2311 4170; x_wconf 91' lang='lat' dir='ltr'><strong><em>in</em></strong></span> <span class='ocrx_word' id='word_1_670' title='bbox 2342 4115 2554 4172; x_wconf 87' lang='lat' dir='ltr'><strong><em>codicis</em></strong></span> <span class='ocrx_word' id='word_1_671' title='bbox 2583 4116 2936 4172; x_wconf 76' lang='lat' dir='ltr'><strong><em>Alexandrini</em></strong></span> <span class='ocrx_word' id='word_1_672' title='bbox 2990 4115 3479 4187; x_wconf 37' lang='lat' dir='ltr'><strong><em>nupera’editioue</em></strong></span> 
     </span>
    </p>
   </div>
   <div class='ocr_carea' id='block_1_106' title="bbox 1876 4188 3477 4313">
    <p class='ocr_par' dir='ltr' id='par_1_106' title="bbox 1876 4188 3477 4313">
     <span class='ocr_line' id='line_1_107' title="bbox 1876 4188 3477 4313; baseline 0.002 -71"><span class='ocrx_word' id='word_1_673' title='bbox 1876 4192 2059 4313; x_wconf 55' lang='lat' dir='ltr'><strong><em>al‘iquoi</em></strong></span> <span class='ocrx_word' id='word_1_674' title='bbox 2110 4189 2404 4257; x_wconf 77' lang='lat' dir='ltr'><strong><em>pra-notari</em></strong></span> <span class='ocrx_word' id='word_1_675' title='bbox 2455 4189 2612 4258; x_wconf 83' lang='lat' dir='ltr'><strong><em>signo</em></strong></span> <span class='ocrx_word' id='word_1_676' title='bbox 2660 4188 2961 4256; x_wconf 88' lang='lat' dir='ltr'><strong><em>debuisset,</em></strong></span> <span class='ocrx_word' id='word_1_677' title='bbox 3009 4207 3132 4245; x_wconf 87' lang='lat' dir='ltr'><strong><em>cum</em></strong></span> <span class='ocrx_word' id='word_1_678' title='bbox 3184 4192 3477 4246; x_wconf 80' lang='lat' dir='ltr'><strong><em>manifesto</em></strong></span> 
     </span>
     <span class='ocr_line' id='line_1_108' title="bbox 1876 4270 2182 4313; baseline -0.003 0"><span class='ocrx_word' id='word_1_679' title='bbox 1876 4270 2182 4313; x_wconf 77' lang='lat' dir='ltr'><strong><em>amntem.</em></strong></span> 
     </span>
    </p>
   </div>
   <div class='ocr_carea' id='block_1_107' title="bbox 1954 4270 2182 4312">
    <p class='ocr_par' dir='ltr' id='par_1_107' title="bbox 1954 4270 2182 4312">
     <span class='ocr_line' id='line_1_109' title="bbox 1954 4270 2182 4312; baseline 0 0"><span class='ocrx_word' id='word_1_680' title='bbox 1954 4270 2182 4312; x_wconf 84' lang='lat' dir='ltr'><strong><em>undenl.</em></strong></span> 
     </span>
    </p>
   </div>
   <div class='ocr_carea' id='block_1_108' title="bbox 1875 4275 3474 4400">
    <p class='ocr_par' dir='ltr' id='par_1_108' title="bbox 1875 4275 3474 4400">
     <span class='ocr_line' id='line_1_110' title="bbox 1875 4275 2182 4314; baseline -0.007 0"><span class='ocrx_word' id='word_1_681' title='bbox 1875 4275 2182 4314; x_wconf 61' lang='lat' dir='ltr'><strong><em>anunuenu</em></strong></span> 
     </span>
     <span class='ocr_line' id='line_1_111' title="bbox 1949 4329 3474 4400; baseline -0.001 -15"><span class='ocrx_word' id='word_1_682' title='bbox 1949 4329 1978 4368; x_wconf 66' lang='grc' dir='ltr'><strong><em>ιλ</em></strong></span> <span class='ocrx_word' id='word_1_683' title='bbox 2029 4330 2326 4400; x_wconf 80' lang='lat' dir='ltr'><strong><em>Exciderat</em></strong></span> <span class='ocrx_word' id='word_1_684' title='bbox 2383 4330 2685 4399; x_wconf 85' lang='lat' dir='ltr'><strong><em>Antiquarii</em></strong></span> <span class='ocrx_word' id='word_1_685' title='bbox 2741 4346 2929 4386; x_wconf 91' lang='lat' dir='ltr'><strong><em>errore</em></strong></span> <span class='ocrx_word' id='word_1_686' title='bbox 2984 4340 3318 4400; x_wconf 87' lang='lat' dir='ltr'><strong><em>postremum</em></strong></span> <span class='ocrx_word' id='word_1_687' title='bbox 3369 4329 3474 4384; x_wconf 85' lang='lat' dir='ltr'><strong><em>hoc</em></strong></span> 
     </span>
    </p>
   </div>
   <div class='ocr_carea' id='block_1_109' title="bbox 1802 4399 3478 4469">
    <p class='ocr_par' dir='ltr' id='par_1_109' title="bbox 1802 4399 3478 4469">
     <span class='ocr_line' id='line_1_112' title="bbox 1802 4399 3478 4469; baseline 0.001 -15"><span class='ocrx_word' id='word_1_688' title='bbox 1802 4403 1858 4463; x_wconf 90' lang='lat' dir='ltr'><strong><em>D</em></strong></span> <span class='ocrx_word' id='word_1_689' title='bbox 1885 4405 2105 4457; x_wconf 84' lang='lat' dir='ltr'><strong><em>verbum</em></strong></span> <span class='ocrx_word' id='word_1_690' title='bbox 2129 4401 2182 4455; x_wconf 90' lang='lat' dir='ltr'><strong><em>in</em></strong></span> <span class='ocrx_word' id='word_1_691' title='bbox 2215 4399 2522 4456; x_wconf 87' lang='lat' dir='ltr'><strong><em>Veronens.</em></strong></span> <span class='ocrx_word' id='word_1_692' title='bbox 2549 4416 2650 4455; x_wconf 92' lang='lat' dir='ltr'><strong><em>ms.</em></strong></span> <span class='ocrx_word' id='word_1_693' title='bbox 2683 4402 2734 4455; x_wconf 91' lang='lat' dir='ltr'><strong><em>in</em></strong></span> <span class='ocrx_word' id='word_1_694' title='bbox 2759 4417 2866 4469; x_wconf 90' lang='lat' dir='ltr'><strong><em>quo</em></strong></span> <span class='ocrx_word' id='word_1_695' title='bbox 2892 4401 3215 4456; x_wconf 84' lang='lat' dir='ltr'><strong><em>illuminabis</em></strong></span> <span class='ocrx_word' id='word_1_696' title='bbox 3241 4409 3478 4468; x_wconf 85' lang='lat' dir='ltr'><strong><em>utroque</em></strong></span> 
     </span>
    </p>
   </div>
   <div class='ocr_carea' id='block_1_110' title="bbox 1884 4472 3477 4540">
    <p class='ocr_par' dir='ltr' id='par_1_110' title="bbox 1884 4472 3477 4540">
     <span class='ocr_line' id='line_1_113' title="bbox 1884 4472 3477 4540; baseline -0.003 -13"><span class='ocrx_word' id='word_1_697' title='bbox 1884 4473 1937 4527; x_wconf 89' lang='lat' dir='ltr'><strong><em>in</em></strong></span> <span class='ocrx_word' id='word_1_698' title='bbox 1965 4474 2082 4528; x_wconf 85' lang='lat' dir='ltr'><strong><em>loco</em></strong></span> <span class='ocrx_word' id='word_1_699' title='bbox 2111 4487 2236 4526; x_wconf 77' lang='lat' dir='ltr'><strong><em>mox</em></strong></span> <span class='ocrx_word' id='word_1_700' title='bbox 2261 4472 2456 4540; x_wconf 85' lang='lat' dir='ltr'><strong><em>legitur</em></strong></span> <span class='ocrx_word' id='word_1_701' title='bbox 2485 4486 2584 4540; x_wconf 89' lang='lat' dir='ltr'><strong><em>pro</em></strong></span> <span class='ocrx_word' id='word_1_702' title='bbox 2623 4472 2909 4526; x_wconf 86' lang='lat' dir='ltr'><strong><em>illumina:</em></strong></span> <span class='ocrx_word' id='word_1_703' title='bbox 2943 4483 3051 4526; x_wconf 88' lang='lat' dir='ltr'><strong><em>tum</em></strong></span> <span class='ocrx_word' id='word_1_704' title='bbox 3081 4473 3133 4524; x_wconf 89' lang='lat' dir='ltr'><strong><em>in</em></strong></span> <span class='ocrx_word' id='word_1_705' title='bbox 3172 4481 3220 4521; x_wconf 82' lang='lat' dir='ltr'><strong><em>te</em></strong></span> <span class='ocrx_word' id='word_1_706' title='bbox 3245 4485 3401 4523; x_wconf 83' lang='lat' dir='ltr'><strong><em>eruar</em></strong></span> <span class='ocrx_word' id='word_1_707' title='bbox 3444 4489 3477 4524; x_wconf 83' lang='grc' dir='ltr'><strong><em>η</em></strong></span> 
     </span>
    </p>
   </div>
   <div class='ocr_carea' id='block_1_111' title="bbox 1882 4541 3479 4613">
    <p class='ocr_par' dir='ltr' id='par_1_111' title="bbox 1882 4541 3479 4613">
     <span class='ocr_line' id='line_1_114' title="bbox 1882 4541 3479 4613; baseline -0.002 -16"><span class='ocrx_word' id='word_1_708' title='bbox 1882 4543 2184 4613; x_wconf 86' lang='lat' dir='ltr'><strong><em>tentatione,</em></strong></span> <span class='ocrx_word' id='word_1_709' title='bbox 2223 4557 2343 4611; x_wconf 77' lang='lat' dir='ltr'><strong><em>qua:</em></strong></span> <span class='ocrx_word' id='word_1_710' title='bbox 2372 4543 2556 4613; x_wconf 82' lang='lat' dir='ltr'><strong><em>omuia</em></strong></span> <span class='ocrx_word' id='word_1_711' title='bbox 2601 4557 2666 4597; x_wconf 82' lang='lat' dir='ltr'><strong><em>ex</em></strong></span> <span class='ocrx_word' id='word_1_712' title='bbox 2703 4544 3008 4613; x_wconf 77' lang='lat' dir='ltr'><strong><em>Augustino</em></strong></span> <span class='ocrx_word' id='word_1_713' title='bbox 3033 4541 3305 4608; x_wconf 88' lang='lat' dir='ltr'><strong><em>descripta</em></strong></span> <span class='ocrx_word' id='word_1_714' title='bbox 3329 4552 3479 4596; x_wconf 89' lang='lat' dir='ltr'><strong><em>sunt.</em></strong></span> 
     </span>
    </p>
   </div>
   <div class='ocr_carea' id='block_1_112' title="bbox 1883 4612 3482 4680">
    <p class='ocr_par' dir='ltr' id='par_1_112' title="bbox 1883 4612 3482 4680">
     <span class='ocr_line' id='line_1_115' title="bbox 1883 4612 3482 4680; baseline 0.001 -15"><span class='ocrx_word' id='word_1_715' title='bbox 1883 4615 2038 4680; x_wconf 87' lang='lat' dir='ltr'><strong><em>Quod</em></strong></span> <span class='ocrx_word' id='word_1_716' title='bbox 2064 4612 2244 4668; x_wconf 82' lang='lat' dir='ltr'><strong><em>autem</em></strong></span> <span class='ocrx_word' id='word_1_717' title='bbox 2272 4612 2474 4675; x_wconf 88' lang='lat' dir='ltr'><strong><em>verbis,</em></strong></span> <span class='ocrx_word' id='word_1_718' title='bbox 2507 4613 2614 4668; x_wconf 84' lang='lat' dir='ltr'><strong><em>Deo</em></strong></span> <span class='ocrx_word' id='word_1_719' title='bbox 2641 4630 2773 4678; x_wconf 83' lang='lat' dir='ltr'><strong><em>meo,</em></strong></span> <span class='ocrx_word' id='word_1_720' title='bbox 2795 4612 3012 4668; x_wconf 79' lang='lat' dir='ltr'><strong><em>additur</em></strong></span> <span class='ocrx_word' id='word_1_721' title='bbox 3032 4627 3271 4678; x_wconf 77' lang='lat' dir='ltr'><strong><em>sperans,</em></strong></span> <span class='ocrx_word' id='word_1_722' title='bbox 3306 4613 3482 4666; x_wconf 85' lang='lat' dir='ltr'><strong><em>nostri</em></strong></span> 
     </span>
    </p>
   </div>
   <div class='ocr_carea' id='block_1_113' title="bbox 1884 4682 2756 4752">
    <p class='ocr_par' dir='ltr' id='par_1_113' title="bbox 1884 4682 2756 4752">
     <span class='ocr_line' id='line_1_116' title="bbox 1884 4682 2756 4752; baseline -0.006 -12"><span class='ocrx_word' id='word_1_723' title='bbox 1884 4694 1969 4740; x_wconf 88' lang='lat' dir='ltr'><strong><em>est</em></strong></span> <span class='ocrx_word' id='word_1_724' title='bbox 1999 4682 2353 4740; x_wconf 81' lang='lat' dir='ltr'><strong><em>aiuanuensis</em></strong></span> <span class='ocrx_word' id='word_1_725' title='bbox 2387 4683 2756 4752; x_wconf 85' lang='lat' dir='ltr'><strong><em>interpulatio.</em></strong></span> 
     </span>
    </p>
   </div>
   <div class='ocr_carea' id='block_1_114' title="bbox 1966 4751 3479 4824">
    <p class='ocr_par' dir='ltr' id='par_1_114' title="bbox 1966 4751 3479 4824">
     <span class='ocr_line' id='line_1_117' title="bbox 1966 4751 3479 4824; baseline -0.001 -16"><span class='ocrx_word' id='word_1_726' title='bbox 1966 4754 1979 4792; x_wconf 78' lang='grc' dir='ltr'><strong>ί</strong></span> <span class='ocrx_word' id='word_1_727' title='bbox 2011 4755 2212 4809; x_wconf 84' lang='lat' dir='ltr'><strong><em>Mavult</em></strong></span> <span class='ocrx_word' id='word_1_728' title='bbox 2238 4769 2360 4807; x_wconf 90' lang='lat' dir='ltr'><strong><em>cum</em></strong></span> <span class='ocrx_word' id='word_1_729' title='bbox 2390 4751 2690 4824; x_wconf 82' lang='lat' dir='ltr'><strong><em>Augustino</em></strong></span> <span class='ocrx_word' id='word_1_730' title='bbox 2720 4751 3053 4824; x_wconf 74' lang='lat' dir='ltr'><strong><em>Veronensis</em></strong></span> <span class='ocrx_word' id='word_1_731' title='bbox 3082 4766 3184 4804; x_wconf 92' lang='lat' dir='ltr'><strong><em>ms.</em></strong></span> <span class='ocrx_word' id='word_1_732' title='bbox 3215 4768 3368 4819; x_wconf 67' lang='lat' dir='ltr'><strong><em>more,</em></strong></span> <span class='ocrx_word' id='word_1_733' title='bbox 3395 4761 3479 4806; x_wconf 87' lang='lat' dir='ltr'><strong><em>la-</em></strong></span> 
     </span>
    </p>
   </div>
   <div class='ocr_carea' id='block_1_115' title="bbox 1891 4821 3480 4892">
    <p class='ocr_par' dir='ltr' id='par_1_115' title="bbox 1891 4821 3480 4892">
     <span class='ocr_line' id='line_1_118' title="bbox 1891 4821 3480 4892; baseline -0.003 -12"><span class='ocrx_word' id='word_1_734' title='bbox 1891 4826 2124 4880; x_wconf 85' lang='lat' dir='ltr'><strong><em>tueuetsi</em></strong></span> <span class='ocrx_word' id='word_1_735' title='bbox 2155 4825 2335 4880; x_wconf 84' lang='lat' dir='ltr'><strong><em>minus</em></strong></span> <span class='ocrx_word' id='word_1_736' title='bbox 2369 4821 2556 4889; x_wconf 75' lang='lat' dir='ltr'><strong><em>recte;</em></strong></span> <span class='ocrx_word' id='word_1_737' title='bbox 2600 4840 2722 4878; x_wconf 88' lang='lat' dir='ltr'><strong><em>nam</em></strong></span> <span class='ocrx_word' id='word_1_738' title='bbox 2752 4824 2893 4892; x_wconf 81' lang='lat' dir='ltr'><strong><em>quod</em></strong></span> <span class='ocrx_word' id='word_1_739' title='bbox 2928 4834 2983 4876; x_wconf 89' lang='lat' dir='ltr'><strong><em>et</em></strong></span> <span class='ocrx_word' id='word_1_740' title='bbox 3013 4821 3201 4876; x_wconf 71' lang='lat' dir='ltr'><strong><em>Graeca</em></strong></span> <span class='ocrx_word' id='word_1_741' title='bbox 3232 4825 3480 4890; x_wconf 82' lang='lat' dir='ltr'><strong><em>quaedam</em></strong></span> 
     </span>
    </p>
   </div>
   <div class='ocr_carea' id='block_1_116' title="bbox 1891 4893 3484 4966">
    <p class='ocr_par' dir='ltr' id='par_1_116' title="bbox 1891 4893 3484 4966">
     <span class='ocr_line' id='line_1_119' title="bbox 1891 4893 3484 4966; baseline -0.003 -14"><span class='ocrx_word' id='word_1_742' title='bbox 1891 4897 2225 4966; x_wconf 73' lang='lat' dir='ltr'><strong><em>exemplaria</em></strong></span> <span class='ocrx_word' id='word_1_743' title='bbox 2249 4897 2326 4950; x_wconf 83' lang='lat' dir='ltr'><strong><em>sic</em></strong></span> <span class='ocrx_word' id='word_1_744' title='bbox 2347 4895 2654 4965; x_wconf 73' lang='lat' dir='ltr'><strong><em>pra-lerant,</em></strong></span> <span class='ocrx_word' id='word_1_745' title='bbox 2678 4908 2824 4961; x_wconf 65' lang='lat' dir='ltr'><strong><em>satpe</em></strong></span> <span class='ocrx_word' id='word_1_746' title='bbox 2855 4893 3484 4966; x_wconf 8' lang='lat' dir='ltr'><strong><em>obviusgatnauuensium</em></strong></span> 
     </span>
    </p>
   </div>
   <div class='ocr_carea' id='block_1_117' title="bbox 1894 4963 3486 5036">
    <p class='ocr_par' dir='ltr' id='par_1_117' title="bbox 1894 4963 3486 5036">
     <span class='ocr_line' id='line_1_120' title="bbox 1894 4963 3486 5036; baseline -0.003 -13"><span class='ocrx_word' id='word_1_747' title='bbox 1894 4963 2193 5031; x_wconf 39' lang='lat' dir='ltr'><strong><em>error—est,</em></strong></span> <span class='ocrx_word' id='word_1_748' title='bbox 2242 4963 2361 5036; x_wconf 74' lang='lat' dir='ltr'><strong><em>qui,</em></strong></span> <span class='ocrx_word' id='word_1_749' title='bbox 2403 4967 2650 5034; x_wconf 86' lang='lat' dir='ltr'><strong><em>utpaqu</em></strong></span> <span class='ocrx_word' id='word_1_750' title='bbox 2690 4965 2940 5036; x_wconf 82' lang='lat' dir='ltr'><strong><em>superius</em></strong></span> <span class='ocrx_word' id='word_1_751' title='bbox 2979 4963 3486 5036; x_wconf 76' lang='lat' dir='ltr'><strong><em>animadvertimus,</em></strong></span> 
     </span>
    </p>
   </div>
   <div class='ocr_carea' id='block_1_118' title="bbox 1893 5032 3484 5110">
    <p class='ocr_par' dir='ltr' id='par_1_118' title="bbox 1893 5032 3484 5110">
     <span class='ocr_line' id='line_1_121' title="bbox 1893 5032 3484 5110; baseline -0.004 -18"><span class='ocrx_word' id='word_1_752' title='bbox 1893 5041 2121 5110; x_wconf 84' lang='lat' dir='ltr'><strong><em>voculas</em></strong></span> <span class='ocrx_word' id='word_1_753' title='bbox 2137 5060 2234 5110; x_wconf 76' lang='grc' dir='ltr'><strong><em>μου</em></strong></span> <span class='ocrx_word' id='word_1_754' title='bbox 2260 5032 2318 5093; x_wconf 75' lang='lat' dir='ltr'><strong><em>et</em></strong></span> <span class='ocrx_word' id='word_1_755' title='bbox 2340 5032 2442 5110; x_wconf 51' lang='grc' dir='ltr'><strong><em>σου</em></strong></span> <span class='ocrx_word' id='word_1_756' title='bbox 2475 5032 2726 5110; x_wconf 75' lang='lat' dir='ltr'><strong><em>perquam</em></strong></span> <span class='ocrx_word' id='word_1_757' title='bbox 2770 5035 2979 5110; x_wconf 68' lang='lat' dir='ltr'><strong><em>similes</em></strong></span> <span class='ocrx_word' id='word_1_758' title='bbox 3007 5032 3148 5088; x_wconf 76' lang='lat' dir='ltr'><strong><em>inter</em></strong></span> <span class='ocrx_word' id='word_1_759' title='bbox 3170 5035 3484 5110; x_wconf 66' lang='lat' dir='ltr'><strong><em>seconfun-</em></strong></span> 
     </span>
    </p>
   </div>
   <div class='ocr_carea' id='block_1_119' title="bbox 1895 5102 3488 5176">
    <p class='ocr_par' dir='ltr' id='par_1_119' title="bbox 1895 5102 3488 5176">
     <span class='ocr_line' id='line_1_122' title="bbox 1895 5102 3488 5176; baseline -0.006 -11"><span class='ocrx_word' id='word_1_760' title='bbox 1895 5111 2049 5165; x_wconf 84' lang='lat' dir='ltr'><strong><em>duut.</em></strong></span> <span class='ocrx_word' id='word_1_761' title='bbox 2084 5102 2200 5163; x_wconf 71' lang='lat' dir='ltr'><strong><em>Min:</em></strong></span> <span class='ocrx_word' id='word_1_762' title='bbox 2241 5108 2384 5176; x_wconf 90' lang='lat' dir='ltr'><strong><em>quod</em></strong></span> <span class='ocrx_word' id='word_1_763' title='bbox 2417 5102 2632 5176; x_wconf 86' lang='lat' dir='ltr'><strong><em>repetit,</em></strong></span> <span class='ocrx_word' id='word_1_764' title='bbox 2675 5111 2719 5176; x_wconf 74' lang='lat' dir='ltr'><strong><em>et</em></strong></span> <span class='ocrx_word' id='word_1_765' title='bbox 2751 5102 3030 5174; x_wconf 87' lang='lat' dir='ltr'><strong><em>disciplina</em></strong></span> <span class='ocrx_word' id='word_1_766' title='bbox 3071 5113 3160 5158; x_wconf 90' lang='lat' dir='ltr'><strong><em>tua</em></strong></span> <span class='ocrx_word' id='word_1_767' title='bbox 3188 5105 3377 5156; x_wconf 71' lang='lat' dir='ltr'><strong><em>direxit</em></strong></span> <span class='ocrx_word' id='word_1_768' title='bbox 3410 5119 3488 5155; x_wconf 83' lang='lat' dir='ltr'><strong><em>me</em></strong></span> 
     </span>
    </p>
   </div>
   <div class='ocr_carea' id='block_1_120' title="bbox 1896 5173 3492 5250">
    <p class='ocr_par' dir='ltr' id='par_1_120' title="bbox 1896 5173 3492 5250">
     <span class='ocr_line' id='line_1_123' title="bbox 1896 5173 3492 5250; baseline -0.006 -14"><span class='ocrx_word' id='word_1_769' title='bbox 1896 5183 1949 5235; x_wconf 87' lang='lat' dir='ltr'><strong><em>in</em></strong></span> <span class='ocrx_word' id='word_1_770' title='bbox 1980 5181 2157 5250; x_wconf 84' lang='lat' dir='ltr'><strong><em>ﬁnem,</em></strong></span> <span class='ocrx_word' id='word_1_771' title='bbox 2191 5186 2237 5231; x_wconf 86' lang='lat' dir='ltr'><strong><em>et</em></strong></span> <span class='ocrx_word' id='word_1_772' title='bbox 2260 5173 2540 5241; x_wconf 74' lang='lat' dir='ltr'><strong><em>disciplina</em></strong></span> <span class='ocrx_word' id='word_1_773' title='bbox 2576 5183 2667 5250; x_wconf 76' lang='lat' dir='ltr'><strong><em>tua</em></strong></span> <span class='ocrx_word' id='word_1_774' title='bbox 2693 5173 2805 5243; x_wconf 85' lang='lat' dir='ltr'><strong><em>ipsa</em></strong></span> <span class='ocrx_word' id='word_1_775' title='bbox 2838 5173 2916 5228; x_wconf 85' lang='lat' dir='ltr'><strong><em>me</em></strong></span> <span class='ocrx_word' id='word_1_776' title='bbox 2943 5176 3168 5250; x_wconf 76' lang='lat' dir='ltr'><strong><em>docebit,</em></strong></span> <span class='ocrx_word' id='word_1_777' title='bbox 3199 5189 3492 5250; x_wconf 82' lang='lat' dir='ltr'><strong><em>commune</em></strong></span> 
     </span>
    </p>
   </div>
   <div class='ocr_carea' id='block_1_121' title="bbox 1897 5243 3488 5315">
    <p class='ocr_par' dir='ltr' id='par_1_121' title="bbox 1897 5243 3488 5315">
     <span class='ocr_line' id='line_1_124' title="bbox 1897 5243 3488 5315; baseline -0.006 -9"><span class='ocrx_word' id='word_1_778' title='bbox 1897 5243 2081 5315; x_wconf 80' lang='lat' dir='ltr'><strong><em>habet,</em></strong></span> <span class='ocrx_word' id='word_1_779' title='bbox 2112 5243 2171 5302; x_wconf 79' lang='lat' dir='ltr'><strong><em>ut</em></strong></span> <span class='ocrx_word' id='word_1_780' title='bbox 2199 5256 2252 5300; x_wconf 92' lang='lat' dir='ltr'><strong><em>et</em></strong></span> <span class='ocrx_word' id='word_1_781' title='bbox 2297 5254 2492 5298; x_wconf 63' lang='lat' dir='ltr'><strong><em>extera</em></strong></span> <span class='ocrx_word' id='word_1_782' title='bbox 2524 5243 2731 5315; x_wconf 85' lang='lat' dir='ltr'><strong><em>omnia,</em></strong></span> <span class='ocrx_word' id='word_1_783' title='bbox 2764 5259 2886 5298; x_wconf 90' lang='lat' dir='ltr'><strong><em>cum</em></strong></span> <span class='ocrx_word' id='word_1_784' title='bbox 2924 5245 3488 5315; x_wconf 80' lang='lat' dir='ltr'><strong><em>Augustino,it_erum</em></strong></span> 
     </span>
    </p>
   </div>
   <div class='ocr_carea' id='block_1_122' title="bbox 1897 5312 3488 5381">
    <p class='ocr_par' dir='ltr' id='par_1_122' title="bbox 1897 5312 3488 5381">
     <span class='ocr_line' id='line_1_125' title="bbox 1897 5312 3488 5381; baseline -0.006 -7"><span class='ocrx_word' id='word_1_785' title='bbox 1897 5312 2078 5378; x_wconf 84' lang='lat' dir='ltr'><strong><em>minus</em></strong></span> <span class='ocrx_word' id='word_1_786' title='bbox 2126 5321 2295 5381; x_wconf 89' lang='lat' dir='ltr'><strong><em>bene;</em></strong></span> <span class='ocrx_word' id='word_1_787' title='bbox 2347 5329 2468 5366; x_wconf 89' lang='lat' dir='ltr'><strong><em>nam</em></strong></span> <span class='ocrx_word' id='word_1_788' title='bbox 2509 5313 2832 5368; x_wconf 86' lang='lat' dir='ltr'><strong><em>alterutrum</em></strong></span> <span class='ocrx_word' id='word_1_789' title='bbox 2883 5330 2949 5370; x_wconf 82' lang='lat' dir='ltr'><strong><em>ex</em></strong></span> <span class='ocrx_word' id='word_1_790' title='bbox 3001 5316 3086 5368; x_wconf 90' lang='lat' dir='ltr'><strong><em>his</em></strong></span> <span class='ocrx_word' id='word_1_791' title='bbox 3128 5312 3488 5367; x_wconf 78' lang='lat' dir='ltr'><strong><em>hcmistichiis</em></strong></span> 
     </span>
    </p>
   </div>
   <div class='ocr_carea' id='block_1_123' title="bbox 1897 5384 3495 5450">
    <p class='ocr_par' dir='ltr' id='par_1_123' title="bbox 1897 5384 3495 5450">
     <span class='ocr_line' id='line_1_126' title="bbox 1897 5384 3495 5450; baseline -0.004 -6"><span class='ocrx_word' id='word_1_792' title='bbox 1897 5390 2135 5445; x_wconf 85' lang='lat' dir='ltr'><strong><em>abundat</em></strong></span> <span class='ocrx_word' id='word_1_793' title='bbox 2162 5406 2173 5440; x_wconf 92' lang='lat'><strong>:</strong></span> <span class='ocrx_word' id='word_1_794' title='bbox 2217 5388 2382 5439; x_wconf 88' lang='lat' dir='ltr'><strong><em>immo</em></strong></span> <span class='ocrx_word' id='word_1_795' title='bbox 2411 5392 2640 5438; x_wconf 80' lang='lat' dir='ltr'><strong><em>etvetus</em></strong></span> <span class='ocrx_word' id='word_1_796' title='bbox 2670 5385 2923 5439; x_wconf 85' lang='lat' dir='ltr'><strong><em>Scholion</em></strong></span> <span class='ocrx_word' id='word_1_797' title='bbox 2966 5394 3172 5450; x_wconf 88' lang='lat' dir='ltr'><strong><em>monet,</em></strong></span> <span class='ocrx_word' id='word_1_798' title='bbox 3195 5384 3253 5437; x_wconf 84' lang='grc' dir='ltr'><strong><em>τὸ</em></strong></span> <span class='ocrx_word' id='word_1_799' title='bbox 3291 5401 3308 5433; x_wconf 77' lang='grc' dir='ltr'>ί</span> <span class='ocrx_word' id='word_1_800' title='bbox 3349 5388 3438 5439; x_wconf 75' lang='grc' dir='ltr'><strong><em>Καὶ</em></strong></span> <span class='ocrx_word' id='word_1_801' title='bbox 3464 5386 3495 5441; x_wconf 81' lang='grc' dir='ltr'>ἡ</span> 
     </span>
    </p>
   </div>
   <div class='ocr_carea' id='block_1_124' title="bbox 1902 5453 3497 5524">
    <p class='ocr_par' dir='ltr' id='par_1_124' title="bbox 1902 5453 3497 5524">
     <span class='ocr_line' id='line_1_127' title="bbox 1902 5453 3497 5524; baseline -0.005 -10"><span class='ocrx_word' id='word_1_802' title='bbox 1902 5460 2108 5517; x_wconf 74' lang='grc' dir='ltr'><strong><em>παιδεία</em></strong></span> <span class='ocrx_word' id='word_1_803' title='bbox 2137 5479 2230 5514; x_wconf 84' lang='grc' dir='ltr'><strong><em>σου</em></strong></span> <span class='ocrx_word' id='word_1_804' title='bbox 2271 5457 2396 5512; x_wconf 80' lang='grc' dir='ltr'><strong><em>αὐτὴ</em></strong></span> <span class='ocrx_word' id='word_1_805' title='bbox 2424 5475 2485 5524; x_wconf 80' lang='grc' dir='ltr'><strong><em>με</em></strong></span> <span class='ocrx_word' id='word_1_806' title='bbox 2517 5453 2724 5520; x_wconf 81' lang='grc' dir='ltr'><strong><em>διδάξει,</em></strong></span> <span class='ocrx_word' id='word_1_807' title='bbox 2757 5474 2775 5507; x_wconf 73' lang='grc' dir='ltr'><strong><em>ι</em></strong></span> <span class='ocrx_word' id='word_1_808' title='bbox 2809 5455 3118 5517; x_wconf 82' lang='grc' dir='ltr'><strong><em>Θεοὸοτίονός</em></strong></span> <span class='ocrx_word' id='word_1_809' title='bbox 3173 5455 3332 5513; x_wconf 84' lang='grc' dir='ltr'><strong><em>ἐστιν.</em></strong></span> <span class='ocrx_word' id='word_1_810' title='bbox 3384 5457 3497 5510; x_wconf 76' lang='grc' dir='ltr'>ἀντὶ</span> 
     </span>
    </p>
   </div>
   <div class='ocr_carea' id='block_1_125' title="bbox 1903 5525 3497 5601">
    <p class='ocr_par' dir='ltr' id='par_1_125' title="bbox 1903 5525 3497 5601">
     <span class='ocr_line' id='line_1_128' title="bbox 1903 5525 3497 5601; baseline -0.002 -15"><span class='ocrx_word' id='word_1_811' title='bbox 1903 5537 2016 5590; x_wconf 74' lang='grc' dir='ltr'><strong><em>τοῦ,</em></strong></span> <span class='ocrx_word' id='word_1_812' title='bbox 2047 5534 2166 5584; x_wconf 72' lang='grc' dir='ltr'><strong><em>(Καὶ</em></strong></span> <span class='ocrx_word' id='word_1_813' title='bbox 2185 5532 2219 5601; x_wconf 74' lang='grc' dir='ltr'>ἡ</span> <span class='ocrx_word' id='word_1_814' title='bbox 2243 5525 2555 5601; x_wconf 19' lang='grc' dir='ltr'><strong><em>απαιᾷείασου</em></strong></span> <span class='ocrx_word' id='word_1_815' title='bbox 2580 5529 2938 5601; x_wconf 58' lang='grc' dir='ltr'><strong><em>ᾄνὼρθωσένμε</em></strong></span> <span class='ocrx_word' id='word_1_816' title='bbox 2968 5528 3218 5601; x_wconf 55' lang='lat' dir='ltr'><strong><em>sica-ﬂag,</em></strong></span> <span class='ocrx_word' id='word_1_817' title='bbox 3244 5543 3261 5575; x_wconf 74' lang='grc' dir='ltr'><strong><em>ι</em></strong></span> <span class='ocrx_word' id='word_1_818' title='bbox 3291 5527 3497 5601; x_wconf 69' lang='grc' dir='ltr'><strong><em>εξρππιμέ⁸</em></strong></span> 
     </span>
    </p>
   </div>
   <div class='ocr_carea' id='block_1_126' title="bbox 1905 5596 3502 5669">
    <p class='ocr_par' dir='ltr' id='par_1_126' title="bbox 1905 5596 3502 5669">
     <span class='ocr_line' id='line_1_129' title="bbox 1905 5596 3502 5669; baseline -0.013 -6"><span class='ocrx_word' id='word_1_819' title='bbox 1905 5623 1989 5656; x_wconf 81' lang='grc' dir='ltr'><strong><em>νου</em></strong></span> <span class='ocrx_word' id='word_1_820' title='bbox 2011 5610 2114 5663; x_wconf 87' lang='grc' dir='ltr'><strong><em>τοῖς</em></strong></span> <span class='ocrx_word' id='word_1_821' title='bbox 2141 5600 2213 5657; x_wconf 92' lang='grc'><strong><em>0’.</em></strong></span> <span class='ocrx_word' id='word_1_822' title='bbox 2231 5596 2433 5669; x_wconf 66' lang='lat' dir='ltr'><strong><em>(letifer</em></strong></span> <span class='ocrx_word' id='word_1_823' title='bbox 2460 5612 2579 5669; x_wconf 75' lang='lat' dir='ltr'><strong><em>qua:</em></strong></span> <span class='ocrx_word' id='word_1_824' title='bbox 2608 5599 2659 5652; x_wconf 87' lang='lat' dir='ltr'><strong><em>in</em></strong></span> <span class='ocrx_word' id='word_1_825' title='bbox 2682 5596 2930 5669; x_wconf 79' lang='lat' dir='ltr'><strong><em>opposita</em></strong></span> <span class='ocrx_word' id='word_1_826' title='bbox 2953 5597 3218 5658; x_wconf 80' lang='lat' dir='ltr'><strong><em>Gallicani</em></strong></span> <span class='ocrx_word' id='word_1_827' title='bbox 3248 5596 3502 5652; x_wconf 72' lang='lat' dir='ltr'><strong><em>colituma</em></strong></span> 
     </span>
    </p>
   </div>
   <div class='ocr_carea' id='block_1_127' title="bbox 1907 5666 2710 5732">
    <p class='ocr_par' dir='ltr' id='par_1_127' title="bbox 1907 5666 2710 5732">
     <span class='ocr_line' id='line_1_130' title="bbox 1907 5666 2710 5732; baseline -0.011 -3"><span class='ocrx_word' id='word_1_828' title='bbox 1907 5673 2082 5732; x_wconf 83' lang='lat' dir='ltr'><strong><em>obelis</em></strong></span> <span class='ocrx_word' id='word_1_829' title='bbox 2112 5672 2280 5732; x_wconf 89' lang='lat' dir='ltr'><strong><em>verba</em></strong></span> <span class='ocrx_word' id='word_1_830' title='bbox 2305 5666 2710 5725; x_wconf 80' lang='lat' dir='ltr'><strong><em>confodiuntur.</em></strong></span> 
     </span>
    </p>
   </div>
  </div>
