3960 6208
460 192 566 250 H5

1449 185 1510 244 S.
1549 184 1926 242 lllERONYMl
1966 182 2200 244 DIVINA
2235 183 2716 243 BIBLIOTHECA.

3665 186 3780 246 ιη

533 302 995 362 Circumdederunt
1019 315 1098 357 me
1120 299 1324 355 dolores
1346 299 1528 353 mortis
1555 314 1572 353 :
1601 308 1648 354 et
1675 306 1926 353 torrentes
1946 297 2049 351 ini-
2073 297 2130 362 Α
2222 294 2718 353 Circumdederunt
2739 309 2823 352 me
2848 295 3082 367 gemitus
3106 293 3233 368 [Με.
3259 295 3504 368 dolores]
3526 299 3774 357 mortis:

457 405 671 478 quitatis
701 400 1129 457 conturbauerunt
1157 412 1256 450 me.

533 495 756 549 Dolores
786 491 974 562 inferni
1014 487 1464 543 circumdederunt
1492 502 1574 542 me
1603 502 1622 541 :
1653 502 2047 559 pra’oecupave-

457 596 581 643 runt
610 602 688 640 me
714 585 883 655 laquei
911 582 1114 637 mortis.

531 694 590 733 ὴ
629 676 739 730 “Et
771 673 838 743 1b
868 675 922 727 in
954 674 1287 729 tribulatione
1316 690 1429 732 mea
1453 673 1686 728 invocavi
1717 671 2044 727 Dominum:

455 781 502 824 et
531 770 598 823 azl
620 768 785 821 Deum
810 781 980 820 meum
1005 765 1250 820 clamavi.

528 875 587 915 σε·
625 859 692 913 Et
716 875 780 914 ea:
814 859 837 927 1
865 857 1065 912 audivit
1090 856 1154 911 de
1179 855 1370 927 templo
1400 869 1459 910 -:-
1493 864 1677 910 sancto
1705 854 1730 922 1
1755 870 1847 908 suo
1875 869 2047 908 vocent

449 968 649 1021 meam,
679 961 725 1007 et
756 951 951 1006 clamor
977 965 1121 1004 meus
1160 949 1213 1003 in
1242 956 1526 1019 conspectu
1572 951 1685 1018 ejus
1722 944 1954 1001 introibit
1994 945 2048 999 in

447 1062 603 1102 aures
633 1047 768 1117 ejus.

519 1141 787 1198 Commota
823 1149 922 1208 est,
966 1148 1014 1196 et
1050 1137 1361 1195 contremuit
1392 1145 1528 1190 terra
1553 1149 1573 1190 .·
1613 1144 1664 1190 et
1705 1135 2048 1207 fundamenta

445 1237 700 1291 montium
729 1233 1035 1290 conturbata
1072 1242 1194 1288 sunt
1222 1241 1271 1286 et
1309 1238 1564 1286 commota
1605 1239 1756 1301 sunt,
1798 1229 2046 1300 quoniant

442 1330 609 1384 iratus
639 1337 713 1383 est
743 1342 808 1383 -t—
857 1327 953 1382 eis.

514 1421 761 1478 Ascendit
802 1421 976 1491 fumus
1013 1418 1068 1473 in
1106 1417 1188 1472 ira
1227 1419 1387 1489 ejus:
1435 1425 1481 1470 et
1513 1415 1649 1487 ignis
1691 1431 1724 1469 a
1761 1413 1896 1485 [acie
1930 1415 2045 1484 ejus

443 1519 660 1586 exarsit,
690 1515 936 1569 carbones
957 1513 1192 1567 succensi
1223 1518 1341 1565 sunt
1362 1509 1427 1563 ab
1453 1525 1534 1564 eo.

2150 396 2207 445 et
2233 396 2506 445 torrentes
2534 388 2838 460 iniquitatis
2864 387 3329 445 conturbaverunt
3354 405 3463 446 me.

2222 482 2448 538 Dolores
2478 482 2672 538 inferni
2703 481 3187 539 circumdederunt
3221 496 3312 540 me
3347 497 3365 536 ε
3397 490 3454 540 et
3485 483 3620 556 Ws.
3663 493 3774 542 tac.

2149 575 2228 647 et]
2255 587 2639 645 praevenerunt
2665 593 2752 634 me
2779 578 2965 649 laquei
2993 577 3206 634 tnortis.

2221 670 2290 725 Et
2334 672 2390 727 in
2436 669 2786 726 tribulatione
2834 669 2962 743 [Με.
3013 669 3295 743 pressura]
3343 686 3465 727 mea
3507 673 3778 731 invocavi

2148 762 2438 821 Dominum
2469 778 2486 817 :
2513 773 2570 818 et
2594 762 2663 818 ad
2695 763 2867 819 Deum
2895 779 3078 820 meum
3104 763 3358 822 clamavi.

2219 856 2290 912 Et
2316 855 2614 924 exaudivit,
2640 855 2708 913 de
2732 857 2934 928 templo
2959 865 3155 914 sancto
3181 874 3303 923 suo.
3332 874 3523 917 vocem
3550 877 3772 933 meam,

2149 957 2206 1006 et
2230 949 2439 1006 clamor
2468 964 2623 1006 meus
2654 949 2708 1005 in
2736 958 3031 1021 conspectu
3062 950 3205 1020 ejus,
3240 952 3488 1010 introivit
3515 954 3574 1011 in
3597 970 3775 1013 aures

2148 1044 2288 1115 ejus.

2220 1138 2292 1194 Et
2316 1147 2594 1195 commota
2618 1147 2724 1204 est,
2747 1147 2804 1196 et
2826 1138 3158 1195 contremuit
3182 1147 3326 1196 terra
3347 1159 3362 1196 :
3393 1140 3772 1200 fundamenta

2148 1230 2416 1287 montium
2439 1231 2767 1288 conturbata
2788 1241 2916 1288 sunt
2938 1240 2994 1288 et
3012 1241 3288 1288 commota
3309 1241 3439 1290 sunt
3461 1234 3773 1305 :quoniam

2147 1323 2316 1380 iratus
2339 1330 2423 1380 est
2449 1325 2528 1380 eis
2561 1325 2722 1380 Deus.

2218 1416 2480 1473 Ascendit
2519 1414 2700 1474 fumus
2728 1417 2784 1473 in
2825 1417 2906 1473 ira
2936 1417 3098 1486 ejus:
3137 1425 3194 1474 et
3222 1416 3364 1489 ignis
3393 1433 3423 1474 a
3472 1420 3612 1476 [acie
3641 1423 3769 1490 ejus

2147 1509 2456 1566 exardescit
2477 1509 2607 1584 [Ms.
2637 1509 3012 1583 exardescet],
3043 1511 3316 1570 carbones
3340 1515 3594 1571 succensi
3624 1527 3766 1574 sunt

2147 1601 2217 1658 ab
2246 1617 2335 1658 eo.

439 1703 446 1717 '
516 1693 1002 1763 Inclinavitctelos,
1027 1699 1075 1749 et
1104 1690 1414 1747 descendit:
1439 1697 1487 1744 et
1518 1689 1688 1759 caligo
1708 1687 1802 1744 sub
1829 1686 2045 1760 pedibus
2075 1664 2124 1727 Β
2223 1695 2290 1750 Ει
2332 1694 2618 1751 inclinavi;
2657 1694 2827 1752 ρωιοε
2861 1694 2988 1769 [Μ’.
3019 1679 3278 1768 ﬁmum],
3322 1705 3382 1754 et
3417 1697 3717 1757 descendi,
3748 1719 3763 1757 ε

444 1809 578 1863 ejus.

515 1884 586 1938 Et
606 1882 840 1938 ascendit
861 1893 1016 1951 super
1037 1877 1337 1947 Cherubim,
1362 1887 1409 1932 et
1431 1875 1658 1930 volavit:
1683 1873 1872 1929 volavit
1891 1889 2048 1944 super

443 1991 638 2047 pennas
663 1991 757 2029 ven
764 1985 952 2029 torum.
1263 2036 1268 2042 ι

522 2086 586 2126 σθ-
612 2069 680 2124 Et
716 2068 740 2136 1
770 2067 939 2138 posuit
963 2064 1220 2132 tenebras,
1245 2061 1519 2118 latibulum
1539 2075 1728 2116 suum:
1752 2060 1805 2114 in
1829 2059 2046 2114 circuitu

440 2165 552 2237 ejus
597 2161 991 2219 tabernaculum
1032 2159 1146 2229 ejus
1171 2199 1186 2225 ,
1229 2156 1499 2213 tenebrosa
1546 2171 1682 2226 aqua
1724 2155 1781 2209 in
1823 2152 2044 2209 nubibus

446 2275 599 2314 αενιε.

507 2352 632 2407 Prae
669 2349 874 2424 fulgore
917 2348 972 2403 in
1015 2351 1290 2418 conspectu
1329 2345 1442 2416 ejus
1483 2342 1643 2398 nubes
1697 2339 2040 2407 transierunt,

443 2456 468 2485 ο
495 2443 697 2516 grando
722 2451 768 2497 et
799 2439 1048 2494 carbones
1077 2437 1234 2508 ignis.

509 2536 580 2591 Et
619 2534 846 2591 intonuit
879 2533 946 2588 de
979 2529 1108 2587 ctelo
1144 2529 1397 2585 Dominus
1425 2545 1443 2584 :
1482 2537 1530 2584 et
1571 2527 1872 2583 Altissimus
1900 2525 2042 2581 dedit

437 2646 611 2686 vocem
629 2642 820 2683 suam:
852 2630 916 2692 ᾖ(
939 2624 1140 2696 grando
1167 2632 1213 2676 et
1241 2624 1489 2676 carbones
1517 2621 1653 2692 ignis
1681 2621 1704 2689 1

507 2720 577 2773 Et
617 2718 752 2772 misit
794 2717 1018 2788 sagittas
1062 2729 1208 2778 suas,
1241 2721 1289 2766 et
1330 2713 1606 2783 dissipavit
1637 2728 1724 2767 eos
1765 2728 1784 2767 :
1825 2711 2039 2783 fulgura

441 2808 826 2882 multiplicauit,
856 2815 904 2861 et
933 2803 1260 2859 conturbavit
1291 2818 1399 2857 eos.

507 2904 578 2960 Et
618 2910 975 2976 apparuerunt
1020 2900 1190 2970 fontes
1220 2912 1516 2968 aquarum:
1565 2908 1614 2952 et
1656 2896 1879 2953 revelata
1919 2903 2040 2951 sunt

438 3000 786 3074 fundamenta
805 2995 946 3051 orbis
979 3008 1040 3048 ὴ
1075 2989 1102 3029 ά
1136 3000 1396 3047 terrarum
1431 2990 1454 3059 1

509 3092 586 3146 Ab
616 3087 970 3158 increpatione
999 3092 1110 3153 tua,
1144 3081 1390 3152 Domine,
1439 3083 1504 3138 ab
1548 3082 1893 3154 inspiratione
1931 3079 2040 3152 spi-

435 3183 573 3242 ritus
599 3181 694 3234 ira:
719 3188 840 3233 tute.
1286 3237 1297 3251 .
1922 3227 1926 3232 λ

511 3273 655 3328 Misit
675 3272 741 3326 de
775 3285 999 3338 summo,
1033 3276 1092 3323 et.
1113 3267 1310 3339 accepit
1336 3281 1454 3320 me:
1481 3274 1529 3320 et
1557 3266 1839 3336 assumpsit
1867 3281 1948 3320 me
1975 3264 2041 3319 de

448 3364 602 3438 aquis
627 3363 828 3417 multis.

513 3455 726 3526 Eripuit
763 3469 844 3509 me
873 3453 938 3508 de
976 3450 1205 3506 inimicis
1233 3451 1360 3504 meis
1400 3447 1723 3521 fortissimis,
1766 3454 1814 3502 et
1850 3446 1913 3500 ab
1953 3445 2041 3512 iis,

435 3551 526 3622 qui
551 3549 768 3604 oderunt
799 3563 879 3602 me
905 3562 923 3600 :
955 3544 1203 3614 quoniam
1228 3543 1511 3612 confortati
1538 3551 1660 3596 sunt
1680 3556 1839 3611 super
1865 3555 1966 3593 me.

511 3640 888 3696 Prtevenerunt
908 3653 990 3690 me
1018 3637 1071 3690 in
1100 3635 1184 3690 die
1201 3635 1506 3706 afﬂictionis
1529 3649 1678 3703 mete,
1705 3641 1749 3688 et
1774 3634 1946 3704 factus
1968 3619 2058 3686 est

449 3733 710 3789 Dominus
737 3739 996 3801 protector
1020 3745 1162 3783 meus
1186 3744 1206 3783 :
1297 3740 1303 3746 '

516 3829 584 3884 Et
611 3827 798 3882 eduxit
827 3842 909 3881 me
937 3826 993 3880 in
1015 3823 1347 3880 latitudinem
1371 3837 1391 3876 :
1417 3821 1618 3876 salvum
1645 3835 1726 3874 me
1748 3818 1889 3891 fecit,
1915 3833 2044 3889 quo-

449 3922 588 3976 niam
617 3921 781 3976 voluit
810 3936 910 3975 me.

520 4032 576 4072 σξ-
614 4016 682 4070 Ει
716 4014 1012 4084 1retribuet
1044 4013 1170 4067 mihi
1193 4012 1449 4066 Dominus
1474 4011 1763 4066 secundum
1777 4009 2046 4080 justitiam

451 4124 658 4165 meam:
691 4123 754 4164 —:—
787 4117 837 4162 et
871 4109 894 4176 1
921 4107 1206 4162 secundum
1235 4106 1511 4176 puritatem
1540 4118 1790 4158 manuum
1816 4116 2047 4156 mearum

449 4201 697 4258 retribuet
716 4199 866 4254 mihi.

521 4296 659 4362 Quia
687 4292 943 4348 eustodivi
969 4291 1079 4346 vias
1123 4288 1376 4346 Domini:
1403 4307 1496 4346 nec
1522 4289 1675 4361 impie
1713 4288 1848 4361 gessi
1873 4305 1905 4342 a
1936 4287 2046 4344 Deo

452 4404 588 4444 meo.

447 4490 456 4529 ι
525 4479 785 4549 Quoniam
814 4476 990 4532 omnia
1005 4475 1218 4547 judicia
1255 4475 1367 4547 ejus
1408 4476 1464 4531 in
1501 4485 1776 4547 conspectu
1806 4491 1958 4532 meo:
2001 4485 2049 4531 et

440 4575 675 4648 justitias
696 4575 808 4646 ejus
834 4589 935 4627 non
958 4570 1130 4643 repuli
1149 4585 1180 4623 a
1203 4585 1304 4624 me.

530 4725 559 4754 ³
596 4714 800 4772 Aberat
825 4711 1036 4768 obelus.
1067 4709 1290 4777 ipsaque
1319 4713 1374 4761 et
1399 4706 1590 4779 copula
1610 4747 1632 4779 ,Α
1653 4721 1775 4777 quae
1803 4708 2047 4779 origina.

459 4787 540 4841 les
569 4787 657 4838 alii
689 4784 810 4839 libri
840 4780 1150 4837 sufﬁciunt:
1185 4780 1319 4832 infra
1353 4777 1556 4832 leviora
1587 4777 1691 4831 alia
1723 4777 2045 4836 coruuidcm

457 4874 562 4922 ope
583 4855 920 4916 emendatur,
951 4861 1010 4904 ut
1035 4859 1119 4904 est
1142 4849 1302 4919 paulo
1330 4857 1453 4916 post
1475 4848 1710 4922 introibit
1737 4863 1836 4915 pro
1859 4852 2046 4904 introi-

455 4918 524 4979 vit
558 4943 577 4980 :
625 4935 736 4979 tttm
769 4934 816 4978 et
862 4918 1238 4994 fundamenta,
1282 4927 1390 4975 etc.
1431 4933 1555 4973 cum
1599 4918 1818 4975 deesset
1856 4929 1903 4974 et
1952 4936 2050 4978 e0-

501 4997 609 5055 ula,
636 5003 744 5051 etc.

462 5012 842 5131 pnitaéfgtcansis
866 5078 966 5118 ms.
999 5063 1171 5118 codex
1201 5067 1472 5131 praenatat
1519 5060 1958 5131 prchositionem
2000 5067 2054 5116 in

462 5129 724 5192 asterisco
758 5153 770 5186 ε
808 5139 869 5200 >ξ<
895 5133 960 5186 In
993 5129 1370 5201 1tribnlatione
1401 5145 1538 5193 mea,
1566 5129 1672 5186 etc.
1707 5129 1812 5184 Alii
1845 5133 2054 5187 nullum

460 5211 672 5332 ﬁgulum
718 5205 1007 5268 adhibent;
1055 5208 1346 5280 sicutvnec
1385 5201 1554 5257 editio
1609 5201 1850 5256 Romana
1905 5203 2053 5259 Cari.

516 5295 640 5332 nar.

516 5295 640 5333 ΛΒΤ.

540 5379 563 5407 ε
596 5368 712 5423 Non
734 5367 874 5422 bene
905 5363 1071 5434 fulget
1098 5362 1185 5417 hic
1219 5363 1271 5417 in
1292 5359 1681 5434 editioneﬁCari
1714 5362 1890 5433 imago
1919 5361 2055 5418 stel-

468 5437 535 5488 lzn
681 5440 866 5505 Neque
905 5431 1035 5488 vero
1065 5434 1240 5505 abfuit
1261 5435 1400 5505 apud
1430 5431 1574 5488 LXX
1602 5431 1844 5505 praesens
1885 5436 2056 5505 versi-

467 5509 652 5571 Culus;
687 5503 791 5562 sed
811 5505 1069 5574 repetitio
1088 5503 1356 5574 ejusdem,
1380 5504 1529 5574 juxta
1554 5504 1696 5571 quod
1723 5504 1906 5558 docuit
1928 5504 2055 5560 Hie-

467 5590 725 5644 rnnymus
755 5577 914 5641 epist.
948 5575 1148 5644 sapius
1180 5573 1390 5644 laudata
1425 5573 1476 5644 in
1519 5574 1721 5628 nostris
1747 5575 2051 5628 annotatio-

465 5641 628 5698 nibus
661 5663 672 5696 :
706 5644 771 5695 Et
801 5641 1056 5710 qua’ritis,
1092 5643 1282 5707 inquit,
1309 5657 1399 5696 cur
1426 5641 1636 5695 ercus
1683 5644 1842 5696 istum
1895 5646 2053 5697 versi-

465 5714 638 5771 culum
671 5712 897 5769 sccundo
947 5727 1048 5767 non
1083 5711 1285 5782 habent,
1317 5711 1632 5782 interpositis
1665 5713 1868 5773 duobus
1895 5715 2051 5773 versi.

2148 1795 2206 1845 et
2229 1787 2408 1859 caligo
2435 1787 2538 1844 sub
2560 1787 2790 1858 pedibus
2819 1788 2960 1858 ejus.

2219 1880 2284 1935 Et
2313 1880 2567 1937 ascendit
2596 1895 2765 1952 super
2795 1880 3122 1953 Cherubim,
3161 1889 3218 1939 et
3245 1881 3455 1939 volavit
3486 1899 3502 1939 :
3544 1883 3767 1940 volavit

2145 1987 2314 2045 super
2339 1989 2547 2044 pennas
2574 1982 2888 2031 ventorum.

2219 2067 2285 2121 Et
2329 2062 2513 2138 posuit
2541 2067 2818 2135 tenebras,
2864 2067 3146 2124 latibulum
3190 2082 3347 2125 suum
3379 2085 3394 2126 :
3426 2069 3487 2126 in
3515 2071 3762 2129 circuitu

2146 2157 2264 2229 ejus
2293 2159 2707 2216 tabernaculum
2737 2159 2889 2230 ejus,
2923 2160 3214 2218 tenebrosa
3243 2176 3385 2232 aqua
3416 2161 3473 2218 in
3506 2163 3760 2222 nubibus

2145 2265 2310 2308 aeris.

2219 2343 2339 2398 Prae
2371 2342 2584 2416 fulgore
2613 2344 2668 2399 in
2700 2353 3000 2416 conspectu
3027 2345 3148 2417 ejus
3179 2346 3353 2404 nubes
3385 2349 3756 2420 transierunt,

2147 2436 2358 2508 grando
2387 2445 2444 2494 et
2462 2439 2731 2495 carbones
2753 2437 2918 2510 ignis.

2217 2527 2283 2583 Et
2307 2527 2545 2585 intonuit
2569 2529 2637 2586 de
2663 2529 2805 2587 caelo
2832 2530 3097 2588 Dominus
3123 2548 3137 2587 :
3159 2541 3214 2588 et
3239 2531 3560 2593 Altissimus
3598 2535 3760 2593 dedit

2142 2633 2332 2675 vocem
2362 2635 2513 2678 suam
2525 2660 2540 2676 .

2219 2711 2370 2766 Misit
2414 2721 2437 2749 θ
2470 2712 2697 2783 sagittas
2725 2727 2880 2782 suas,
2921 2724 2978 2772 et
3024 2714 3312 2788 dissipavit
3350 2732 3484 2777 eos:
3534 2718 3755 2792 fulgura

2143 2801 2548 2874 multiplicavit,
2585 2813 2643 2860 et
2669 2805 3017 2863 conturbavit
3037 2821 3158 2863 eos.
3515 2796 3529 2807 ’

2215 2897 2286 2953 Et
2319 2910 2692 2969 apparuerunt
2719 2902 2896 2960 t‘ontes
2923 2917 3222 2974 aquarum:
3259 2915 3315 2961 et
3345 2904 3594 2962 revelata
3620 2916 3756 2965 sunt

2144 2991 2494 3048 fundamenta
2524 2993 2676 3050 orbis
2709 3003 2892 3051 terrae.

2067 3045 2115 3110 Ο
2214 3082 2300 3139 Ab
2329 3083 2703 3156 increpatione
2733 3095 2846 3158 tua,
2875 3087 3124 3160 Domine,
3148 3089 3218 3145 ab
3241 3088 3606 3160 inSpiratione
3635 3092 3757 3163 spi-

2144 3174 2282 3233 ritus
2311 3177 2407 3233 ira:
2436 3187 2561 3235 tum.

2218 3269 2366 3326 Misit
2402 3269 2470 3326 de
2511 3285 2748 3339 summo,
2777 3282 2829 3329 et
2861 3271 3070 3346 accepit
3094 3288 3214 3332 me:
3245 3283 3301 3332 et
3329 3277 3636 3347 assumpsit
3666 3293 3758 3334 me

2143 3362 2215 3420 de
2243 3361 2590 3420 multitudine
2613 3378 2904 3435 aquarum.

2219 3454 2430 3525 Eripuit
2459 3453 2585 3527 [Με.
2615 3455 2780 3529 eruit]
2813 3472 2901 3514 me
2929 3457 2998 3515 de
3045 3457 3283 3515 inimicis
3327 3459 3466 3516 meis
3510 3461 3759 3518 fortissi-

2073 3553 2082 3562 ‘
2145 3543 2271 3612 mis,
2303 3555 2360 3602 et
2385 3547 2453 3602 ab
2481 3545 2565 3603 bis
2613 3549 2703 3619 qui
2741 3549 2977 3607 oderunt
3006 3567 3130 3608 me:
3163 3551 3425 3623 quoniam
3453 3551 3755 3610 conlortati

2145 3650 2272 3697 sunt
2302 3655 2469 3712 super
2499 3656 2608 3697 me.

2216 3733 2611 3790 Prtevenerunt
2638 3747 2724 3788 me
2747 3732 2801 3787 in
2829 3731 2920 3788 die
2947 3732 3258 3790 altlictionis
3285 3749 3445 3803 mete,
3477 3746 3534 3792 et
3573 3737 3758 3796 factus

2146 3835 2232 3882 est
2255 3825 2518 3881 Dominus
2553 3823 2571 3863 τ
2603 3833 2880 3895 protector
2908 3839 3065 3880 meus
3089 3842 3102 3878 :
3126 3834 3181 3882 et
3205 3825 3395 3882 eduxit
3419 3843 3508 3883 me
3544 3829 3600 3884 in
3628 3829 3760 3885 lati-

2147 3919 2410 3990 tudinem,
2443 3919 2648 3975 salvum
2674 3932 2762 3973 me
2789 3917 2939 3983 fecit,
2972 3920 3226 3988 quoniam
3258 3919 3425 3975 voluit
3454 3936 3566 3977 me.

2221 4014 2288 4068 Et
2329 4011 2601 4068 retribuet
2646 4010 2780 4065 mihi
2834 4010 3095 4066 Dominus
3137 4009 3438 4066 secundum
3482 4012 3761 4082 justitiam

2149 4120 2350 4175 meam,
2391 4113 2449 4161 et
2488 4104 2786 4161 secundum
2833 4102 3199 4160 innocentiam
3250 4103 3378 4176 [Με.
3427 4106 3760 4178 puritatem]

2149 4213 2404 4255 manuum
2438 4210 2682 4253 mearum
2715 4194 2982 4250 retribuet
3010 4194 3168 4249 mibi.

2222 4291 2357 4358 Quia
2382 4286 2655 4346 eustodivi
2685 4286 2801 4342 vias
2831 4285 3043 4342 Domini
3067 4307 3078 4342 ;
3103 4301 3204 4343 nec
3229 4285 3398 4358 impie
3417 4286 3566 4357 gessi
3589 4303 3619 4343 a
3646 4287 3762 4345 Deo

2155 4399 2298 4441 meo.

2226 4477 2494 4546 Quoniam
2535 4473 2717 4531 omnia
2757 4474 2963 4544 judicia
3007 4474 3146 4546 ejus,
3195 4474 3251 4530 in
3282 4485 3580 4546 conspectu
3625 4488 3756 4530 meo
3821 4457 3825 4461 ’

2152 4579 2281 4628 sunt
2305 4579 2330 4617 8
2360 4581 2610 4636 semper:
2646 4576 2701 4622 et
2725 4564 2989 4636 justitiam
3018 4564 3134 4635 ejus
3165 4580 3272 4620 non
3302 4565 3479 4636 repuli
3507 4581 3538 4619 a
3570 4581 3681 4622 me.

2150 4705 2280 4761 bus?
2304 4704 2416 4759 S‘etl
2435 4701 2701 4756 sciendum
2721 4698 2925 4771 quia_de
2947 4698 3206 4753 Hebraico
3227 4707 3274 4752 et
3297 4699 3360 4771 de
3383 4697 3428 4752 Τ
3428 4698 3760 4754 lteodotionis

2153 4778 2379 4857 editione
2399 4768 2811 4897 ig'Septuagiitta
2832 4768 3209 4839 Interpretibus
3227 4769 3581 4825 subustcrisco
3603 4770 3762 4825 addi-

2155 4858 2265 4898 tum
2294 4856 2381 4898 stt.
2471 4859 2596 4898 ΛΚΤ.

2322 4863 2335 4897 ι
2367 4885 2381 4899 .
2418 4856 2502 4897 MA
2543 4859 2596 4896 τ.

2155 4858 2265 4953 “ut?
2291 4856 2540 4970 Diximus
2559 4923 2607 4968 et
2640 4913 2803 4985 paulo
2833 4911 3083 4982 superius
3105 4952 3119 4978 ,
3151 4910 3295 4982 quod
3320 4918 3404 4966 cst
3445 4911 3498 4966 in
3528 4910 3760 4968 Hebraeo

2152 4995 2286 5077 Sun,
2323 5023 2430 5064 non
2463 5007 2649 5062 orbem
2685 5007 2881 5071 ἁπλῶς,
2917 5004 3011 5059 sed
3058 5014 3326 5077 terrarum
3367 5004 3560 5077 orbem
3591 5006 3762 5076 signi-

2161 5075 2358 5145 ticare;
2388 5091 2555 5148 atque
2577 5079 2720 5132 adeo
2752 5077 2898 5131 hunc
2921 5089 3082 5146 posse
3111 5076 3328 5130 obclum
3357 5075 3564 5130 induci.
3599 5075 3763 5131 Pala-

2163 5155 2307 5206 tinus
2330 5150 2490 5219 paulo
2514 5157 2632 5218 post
2662 5157 2710 5202 et
2731 5148 2982 5202 voculam
3013 5161 3144 5200 veru
3183 5157 3474 5216 pramotat,
3509 5148 3655 5201 misit
3693 5148 3762 5202 de

2160 5238 2362 5276 summa
2393 5235 2453 5275 -%~
2488 5228 2535 5273 et
2566 5219 2589 5288 1
2616 5219 2814 5289 accepit
2837 5234 2937 5270 me.

2236 5303 2259 5330 θ
2292 5292 2623 5347 Veronensis
2651 5287 2756 5343 ms.
2784 5289 2935 5358 juxta
2965 5287 3348 5358 Augustinum,
3376 5294 3425 5340 et
3462 5289 3638 5358 emisit
3667 5304 3756 5339 sa-

2162 5365 2338 5434 gittas,
2369 5373 2414 5416 et
2444 5362 2695 5434 dispersit
2723 5355 2838 5434 cos_,_
2865 5369 2910 5412 et
2946 5355 3326 5434 coruscationes
3357 5355 3757 5434 multiplicauit.

2241 5432 2258 5471 ί
2294 5433 2411 5488 Duo
2441 5431 2608 5485 iidem
2641 5429 2763 5483 libri
2801 5429 3101 5483 Veronens.
3137 5437 3190 5480 et
3221 5428 3538 5496 Augustin..
3579 5430 3762 5495 ﬁrma-

2162 5515 2390 5557 mentum
2420 5516 2612 5568 meum,
2645 5511 2697 5554 et
2730 5515 2852 5554 mox
2876 5510 3042 5567 eruet,
3077 5499 3192 5554 sive
3224 5499 3356 5552 eruit
3385 5514 3486 5567 me,
3521 5515 3622 5569 pro
3654 5501 3762 5553 sal-

2163 5592 2282 5628 vum
2307 5591 2385 5627 me
2407 5573 2546 5643 fecit.

2235 5655 2260 5693 ε
2293 5638 2460 5699 Tacet
2489 5644 2540 5696 in
2568 5639 2867 5696 Veronensi
2897 5655 2999 5694 ms.
3032 5654 3251 5709 semper,
3276 5646 3336 5691 ut
3363 5648 3418 5693 et
3451 5639 3505 5695 in
3548 5638 3763 5708 Augus-

2164 5716 2383 5776 tinianis
2412 5713 2658 5775 melioris
2687 5721 2831 5772 uota:
2862 5712 3016 5771 libris
3055 5727 3068 5768 :
3103 5718 3215 5767 tum
3250 5709 3488 5783 justitias
3519 5727 3622 5784 pro
3636 5713 3761 5786 jus-
