3960 6208
496 230 598 300 ψ

1489 223 1547 281 8.
1592 222 1978 284 lilERONYMl
2016 221 2248 284 DlVINA
2288 221 2767 280 BlBLlOTHECA.

3693 228 3794 290 με

564 343 635 399 Et
666 344 897 400 inimicos
925 357 1061 400 meos
1088 340 1274 398 dedisti
1311 339 1437 396 mihi
1477 340 1727 395 dorsum:
1773 347 1820 394 et
1851 337 2082 394 odientes
2114 341 2162 403 Α
2259 335 2330 392 Et
2370 335 2714 392 inimicorum
2749 348 2995 393 meorum
3034 336 3163 409 [Με.
3193 338 3444 398 inimicos
3479 338 3660 412 meos]
3692 339 3790 396 de-

495 455 578 492 me
601 437 924 506 disperdisti.
1491 508 1502 513 -

565 530 926 584 Clarum-erunt
957 527 1072 595 (nec
1100 534 1212 584 erat
1237 525 1326 597 qui
1351 524 1521 582 salvos
1550 522 1764 595 faceret)
1807 523 1876 580 ad
1903 519 2086 576 Domi-

494 640 636 687 num,
669 637 760 674 nec
782 619 1044 673 exaudivit
1073 634 1181 673 eos.

563 713 632 769 Et
660 713 1003 768 comminuam
1025 729 1134 781 eos,
1167 719 1222 765 ut
1249 709 1510 781 pulverem
1539 717 1658 765 ante
1685 709 1874 780 {aciem
1901 708 2040 775 venti
2054 723 2083 762 .:

489 815 548 862 ut
577 807 742 860 lutum
767 805 1058 878 platearunt
1079 802 1258 858 delebo
1283 819 1386 874 eos.

561 895 769 969 Eripies
798 912 877 950 nte
905 897 968 950 de
995 892 1492 957 contradictionibus
1523 891 1702 964 papuli
1743 908 1765 948 :

491 1007 573 1046 me
601 991 656 1045 in
686 997 843 1062 caput
873 989 1118 1058 gentium.

561 1081 824 1154 Populus,
847 1096 1001 1152 quem
1023 1095 1124 1133 non
1148 1078 1382 1151 cognovi,
1409 1077 1613 1136 servivit
1636 1075 1762 1133 mihi
1782 1093 1800 1133 :
1823 1075 1875 1132 in
1897 1077 2088 1142 auditu

489 1175 633 1228 auris
663 1172 885 1228 obedivit
911 1169 1058 1225 mihi.
2008 1165 2016 1172 ’

561 1263 693 1319 Filii
737 1263 898 1319 alieni
929 1263 1127 1317 mentiti
1151 1272 1271 1318 sunt
1303 1261 1429 1316 mihi
1451 1277 1471 1318 :
1510 1261 1613 1332 ﬁlii
1637 1259 1793 1318 alieni
1818 1261 2087 1318 inveterati

488 1367 629 1421 sunt,
659 1365 707 1410 et
733 1354 1156 1409 claudicaverunt
1185 1371 1218 1408 a
1240 1353 1435 1410 semitis
1455 1355 1590 1410 suis.

571 1447 709 1504 Vivit
735 1446 1012 1519 Dominus,
1043 1455 1090 1501 et
1121 1447 1414 1503 benedictus
1444 1444 1586 1506 Deus
1607 1463 1753 1504 meus
1775 1463 1795 1504 :
1820 1457 1869 1504 et
1891 1445 2086 1508 exalte-

493 1552 574 1598 tur
603 1539 747 1596 Deus
777 1539 961 1595 salutis
988 1555 1134 1594 mete.
1164 1547 1191 1577 ι

562 1632 730 1703 Deus,
762 1633 852 1706 qui
867 1632 960 1688 das
990 1632 1244 1688 vindictas
1275 1631 1424 1702 mihi,
1458 1640 1506 1688 et
1535 1631 1712 1688 subdis
1742 1629 1964 1712 papulas
1991 1632 2087 1687 sub

1810 892 2086 972 constitues

2187 430 2312 486 disti
2341 430 2469 484 mihi
2497 429 2747 484 dorsum:
2779 439 2836 485 et
2865 441 2886 468 ο
2917 430 3168 487 odicntes
3196 449 3282 490 me
3311 433 3721 505 disperdidisti.

2257 522 2641 577 Clamaverunt
2674 521 2800 592 (nec
2829 531 2948 578 erat
2987 525 3078 594 qui
3107 526 3289 582 salvos
3322 526 3562 598 iaceret)
3584 527 3652 582 ad
3683 527 3794 586 Do-

2188 615 2420 681 minum,
2445 630 2545 671 nec
2573 615 2855 670 exaudivit
2881 631 2997 672 eos.

2261 707 2330 762 Et
2374 707 2738 763 comminuam
2790 708 2936 774 illos,
2989 717 3047 763 ut
3093 709 3372 778 pulverem
3413 722 3543 770 ante
3593 711 3796 770 faciem

2187 801 2332 856 venti
2368 818 2380 854 :
2412 808 2471 854 ut
2502 799 2675 856 lutum
2710 799 3009 870 platearum
3039 801 3238 858 delebo
3269 817 3386 860 eos.

2259 890 2474 960 Eripies
2518 890 2648 962 [Ms.
2690 891 2872 964 erues]
2912 907 2998 948 me
3034 892 3101 948 dc
3139 895 3671 954 contradictionibus
3702 915 3799 969 po-

2188 983 2305 1055 puli
2337 1001 2349 1038 :
2383 985 2688 1040 constitues
2717 1000 2805 1040 me
2848 985 2902 1040 in
2933 996 3096 1056 caput
3128 987 3255 1061 [διε.
3284 990 3487 1064 capite]
3515 993 3790 1062 gentium.

2259 1077 2522 1147 Pepulus,
2545 1091 2704 1147 quem
2730 1092 2837 1132 non
2864 1079 3115 1150 cognovi,
3148 1081 3559 1140 servivitmibi:
3581 1083 3607 1122 ά
3627 1086 3796 1146 obau-

2188 1168 2303 1226 ditu
2335 1169 2482 1225 auris
2511 1169 2753 1226 obedivit
2781 1170 2938 1228 mihi.

2261 1259 2384 1315 Filii
2417 1259 2578 1316 alieni
2607 1261 2821 1318 mentiti
2845 1272 2973 1320 sunt
3003 1263 3136 1320 mihi
3161 1283 3174 1319 :
3206 1264 3303 1322 lilii
3332 1265 3498 1325 alieni
3521 1269 3796 1328 invetera-

2189 1362 2403 1415 verunt.
2434 1361 2490 1408 et
2513 1353 2960 1411 claudicavernnt
2984 1371 3015 1412 a
3045 1357 3258 1414 semitis
3279 1358 3416 1416 suis.

2261 1443 2406 1500 Vivit
2429 1445 2716 1512 Dominus,
2737 1455 2794 1503 et
2815 1446 3139 1506 benedictus
3171 1449 3316 1507 Deus
3335 1465 3490 1510 meus
3517 1470 3532 1509 :
3563 1464 3619 1512 et
3639 1456 3796 1514 exal-

2190 1541 2336 1589 tetur
2364 1533 2509 1590 Deus
2539 1533 2736 1591 salutis
2764 1551 2921 1592 meae.

2262 1626 2425 1691 Deus,
2455 1625 2546 1697 qui
2572 1626 2670 1684 das
2692 1627 2987 1684 vindictam
3011 1631 3183 1688 mihi:
3213 1641 3270 1690 et
3297 1633 3594 1692 subdidisti
3624 1651 3797 1710 papu~

492 1743 572 1782 me
596 1741 615 1781 :
661 1723 906 1782 liberator
929 1740 1072 1780 meus
1097 1723 1162 1779 de
1191 1723 1417 1779 inimicis
1457 1725 1584 1780 meis
1619 1739 1679 1781 +
1712 1722 1740 1762 δ
1769 1725 2034 1782 iracundis
2063 1723 2085 1794 ζ
2119 1727 2170 1789 Β
2195 1717 2276 1778 los
2302 1718 2404 1776 sub
2435 1735 2540 1777 me.

565 1822 632 1885 )s(
674 1815 739 1872 Et
769 1815 792 1885 ζ
823 1816 888 1871 ab
909 1817 1286 1890 insurgentibus
1306 1817 1359 1872 in
1380 1832 1481 1887 me,
1509 1816 1762 1875 exultabis
1787 1832 1894 1873 me:
1916 1833 1949 1872 a
1975 1815 2086 1874 viro

493 1916 669 1989 iniquo
696 1914 884 1986 eripies
907 1929 1007 1972 me.

563 2091 850 2168 Propterea
903 2093 1186 2166 confitebor
1209 2093 1298 2150 tibi
1328 2095 1382 2152 in
1404 2093 1718 2160 nationibus,
1765 2093 2002 2164 Domine,
2035 2100 2085 2148 et

490 2186 684 2241 nomini
713 2196 802 2242 tuo
847 2185 1109 2256 psalmum
1138 2185 1329 2242 dicunt.

561 2277 908 2349 Magniﬁcam
933 2277 1128 2333 salutes
1155 2279 1291 2350 regis
1319 2281 1432 2352 ejus
1457 2295 1476 2340 :
1497 2287 1543 2334 ct
1568 2277 1762 2350 faciens
1788 2276 2082 2334 misericor-

489 2373 633 2426 diam
659 2371 867 2428 Christo
887 2388 1004 2442 stto,
1035 2369 1209 2428 David
1237 2381 1284 2428 et
1312 2371 1492 2430 semini
1515 2373 1650 2444 ejus,
1679 2385 1839 2442 usque
1865 2371 1917 2426 in
1931 2383 2086 2425 siccu-

489 2464 617 2520 lum.

2259 1811 2545 1870 Liberator
2564 1829 2742 1886 meus,
2767 1824 2792 1855 ο
2821 1816 3106 1884 Dominus,
3130 1817 3198 1876 de
3223 1820 3478 1892 gentibus
3509 1820 3796 1883 iracundis

2187 1911 2245 1961 et
2269 1904 2338 1961 ab
2361 1906 2766 1977 insurgentibus
2794 1909 2851 1963 in
2879 1923 2988 1977 me,
3021 1911 3288 1968 exaltabis
3321 1927 3409 1969 me
3436 1929 3504 1970 :a
3536 1915 3658 1974 viro
3689 1915 3799 1978 ini-

2187 2011 2294 2069 quo
2316 1983 2523 2068 Eripies
2546 2014 2654 2058 me.

2261 2091 2556 2163 Propterea
2590 2092 2898 2151 conﬁtebor
2940 2096 3036 2154 tibi
3083 2097 3136 2155 in
3181 2098 3562 2173 populis[ﬂs.
3606 2105 3796 2175 genti-

2192 2181 2347 2256 bus],
2379 2184 2630 2253 Domine,
2665 2196 2719 2242 et
2745 2188 2949 2246 nomini
2981 2188 3119 2246 tuo!
3153 2194 3420 2261 psalmum
3453 2193 3658 2254 dicam.

2267 2275 2614 2346 Magniﬁcans
2653 2278 2894 2336 salutare
2934 2282 3082 2349 regis
3113 2283 3284 2345 ipsius
3319 2293 3417 2341 :et
3445 2285 3656 2344 faciens
3697 2291 3800 2346 mi-

2191 2366 2546 2424 sericordiam
2573 2365 2793 2428 Christo
2815 2385 2936 2440 suo,
2973 2371 3140 2430 David
3166 2381 3222 2430 et
3241 2374 3438 2438 semini
3460 2375 3601 2447 ejus,
3623 2392 3800 2451 usque

2191 2458 2247 2516 in
2273 2461 2558 2516 saeculum.

1807 2576 2168 2642 PSALMUS
2208 2576 2445 2642 XVIII.

847 2700 898 2741 ΙΙ(
929 2700 1114 2752 FINEI,
1141 2697 1377 2740 PSALIUS
1402 2697 1582 2738 DAVID.

562 2801 692 2858 Coeli
719 2809 969 2856 enat-rant
1009 2798 1236 2871 gloriam
1262 2797 1402 2854 Dei:
1423 2805 1472 2853 et
1498 2812 1655 2869 opera
1697 2811 1949 2851 manuum
1967 2798 2082 2868 ejus

457 2893 460 2895 Α
490 2895 768 2949 annuntiat
792 2893 1201 2963 ﬁrmamentum.

559 2986 686 3043 Dies
707 2986 811 3042 diei
831 2994 1028 3041 eructat
1051 2983 1257 3040 verbum
1280 2999 1300 3039 :
1329 2989 1376 3039 et
1401 2997 1507 3038 nox
1535 2982 1678 3038 nocti
1703 2981 1898 3037 indicat
1919 2979 2085 3035 scien-

2608 2694 2660 2735 iN
2689 2694 2874 2746 ῐιΊΝεΙ,
2905 2692 3139 2736 PSALIUS
3167 2694 3355 2736 Μνω.

2262 2793 2397 2853 Cteli
2419 2801 2676 2850 enarrant
2696 2795 2926 2866 gloriam
2952 2794 3082 2852 Dei:
3107 2804 3162 2852 et
3185 2810 3350 2868 opera
3378 2810 3642 2855 manuum
3675 2800 3799 2874 ejus

2190 2886 2478 2942 annuntiat
2509 2885 2929 2942 ﬁrmamentum.

2263 2977 2389 3034 Dies
2427 2977 2533 3034 diei
2561 2987 2587 3026 ε
2617 2987 2834 3037 eructat
2872 2977 3100 3036 verbum
3137 2997 3148 3033 :
3181 2989 3236 3038 et
3271 2995 3380 3038 nox
3405 2983 3555 3040 nocti
3589 2983 3803 3044 indicat

2191 3070 2506 3128 scientiam.

563 3208 590 3235 ει
617 3196 718 3252 llic
755 3202 981 3266 annotat
1021 3193 1253 3266 Palatin.
1291 3191 1417 3248 cod.
1457 3192 1763 3266 Diapsalma
1800 3208 1819 3248 :
1865 3198 1984 3247 tum
2032 3186 2160 3252 etC
2192 3201 2391 3266 meum,
2417 3187 2509 3257 qui
2539 3201 2646 3241 non
2680 3186 2852 3243 solam
2878 3203 3068 3266 vocem
3119 3191 3413 3266 iracundis,
3467 3193 3564 3266 sed
3597 3196 3798 3266 getiam

492 3268 679 3324 subdes
704 3281 804 3336 pro
832 3263 1012 3318 subdis
1044 3264 1194 3336 legit.

567 3340 593 3379 ι)
623 3337 681 3393 S.
707 3333 1000 3402 'lnterpres
1030 3334 1098 3388 ad
1133 3335 1278 3388 hunc
1319 3333 1502 3388 locum
1546 3333 1599 3387 in
1627 3333 1789 3403 epist.
1835 3333 1904 3387 ad
1937 3333 2083 3388 Sun-

494 3412 642 3466 niam
690 3417 745 3464 et
772 3404 1076 3474 Fretelam,
1099 3405 1260 3474 cujus
1291 3404 1485 3469 verba,
1517 3413 1706 3472 utpote
1733 3404 1931 3458 sinceri
1963 3418 2086 3474 pec-

494 3482 634 3536 toris
657 3493 721 3533 ac
735 3475 1030 3556 _tnotlestit§
1060 3473 1271 3556 insigne
1303 3475 1698 3556 testimonium,
1742 3473 2084 3556 hinrtian'mns

495 3566 710 3622 quoque
735 3545 917 3622 laudat
942 3563 955 3597 :
983 3545 1142 3622 Quia,
1166 3544 1362 3622 inquit,
1385 3545 1543 3622 semel
1571 3546 1776 3622 veritati
1795 3545 2080 3622 studemus,

494 3615 539 3676 si
567 3615 692 3692 quid
720 3618 800 3672 vel
847 3617 1203 3692 transferentis
1233 3616 1599 3692 festinatione,‘
1632 3615 1709 3692 vel
1754 3616 2084 3692 scribentium

490 3686 619 3747 vitio
639 3690 979 3757 depravatum
1003 3695 1102 3751 est,
1133 3687 1440 3753 simpliciter
1464 3686 1700 3755 conﬁteri
1744 3697 1789 3740 et
1819 3690 2085 3757 emendare

494 3756 755 3816 debemus.
776 3758 840 3812 In
872 3757 1089 3812 Hebrreo
1122 3758 1416 3811 uilu'lalt'ud
1445 3757 1620 3820 habes,
1646 3757 1745 3810 nisi
1773 3757 1891 3821 Itoc,
1922 3756 2083 3811 Libe-

494 3843 643 3888 rator
667 3845 820 3886 meus
844 3830 912 3883 ab
941 3829 1175 3900 inimicis
1206 3832 1360 3900 meis.
1389 3829 1735 3900 Septuaginta
1766 3838 1938 3880 autem
1966 3828 2084 3900 ira-

497 3903 690 3959 cundis
717 3901 1050 3954 addiderunt.
1079 3899 1202 3953 llaec
1229 3899 1439 3954 scilicet
1467 3898 1629 3955 causa
1660 3910 1765 3964 est,
1800 3914 1897 3952 cur
1925 3898 2085 3955 obelo

497 3990 601 4030 vox
646 3974 745 4027 ista
766 3969 1095 4026 confoditur.
1122 3970 1502 4037 Nihilosecius,
1543 3970 1588 4023 si
1613 3985 1726 4024 rent
1758 3969 1884 4024 licet
1907 3980 2085 4025 atten-

498 4047 608 4102 tius
627 4042 960 4113 expendere,
998 4041 1146 4110 quod
1175 4041 1226 4113 i_n
1257 4039 1487 4113 laudata!
1519 4040 2084 4113 epistirecognitione

499 4132 608 4170 non
645 4110 1150 4181 animadvertimus,
1169 4110 1330 4181 facile
1357 4126 1417 4181 se
1439 4120 1642 4180 queant
1670 4111 2023 4181 Septuaginta
2052 4127 2084 4168 a

497 4187 558 4241 S.
591 4185 767 4240 Patris
787 4180 1166 4238 criminatione
1195 4180 1355 4246 tueri,
1394 4179 1702 4250 falsumque
1734 4181 1863 4236 illud
1883 4179 2082 4236 'osten-

497 4257 649 4319 dere,
680 4253 828 4327 quod
856 4253 926 4307 de
953 4266 1051 4306 suo
1073 4252 1352 4322 quidpiam
1381 4251 1939 4327 addiderint._Nempe
1963 4268 2086 4327 qua:

495 4329 548 4382 in
575 4323 802 4382 llebrzco
835 4332 986 4377 textu
1011 4331 1130 4392 post
1178 4337 1367 4376 vocent
1428 4330 1604 4381 ira):
1652 4323 1876 4376 inimicis
1928 4324 2081 4390 meis,

496 4414 599 4453 vox
632 4409 713 4483 qn
734 4394 1045 4451 immediate
1071 4393 1446 4463 subsequitur,
1479 4394 1526 4450 si
1556 4394 1788 4448 alterum
1811 4409 1875 4450 ex
1899 4409 1960 4450 ea
1989 4394 2085 4450 he-

494 4492 831 4548 mistichium
857 4487 1192 4552 exordiaris,
1221 4487 1489 4558 signiﬁcat
1514 4488 1692 4554 etiam,
1735 4500 1784 4542 et
1826 4497 2084 4544 verumta-

493 4581 608 4638 men
637 4564 731 4638 :_si
764 4560 1124 4638 praecedenti
1147 4559 1466 4638 subiungas,
1515 4575 1712 4638 nomen
1760 4570 1881 4638 est,
1929 4561 2072 4638 quod
2101 4577 2155 4638 ι)

491 4637 626 4688 iram
649 4629 891 4695 denotat,
919 4645 985 4688 ac
1009 4633 1056 4687 si
1078 4629 1233 4687 alteri
1265 4630 1607 4686 substantivo
1633 4630 1896 4698 jungitur,
1931 4629 2076 4687 vices

493 4705 745 4776 adjectivi
783 4704 953 4776 gerit,
975 4716 1041 4756 ac
1065 4710 1243 4776 sonat
1265 4701 1597 4776 iracundum.
1628 4701 1721 4757 Sic
1752 4703 1910 4776 Prov.
1943 4718 2077 4765 xxtt.

493 4772 910 4860 2412213175.»),
933 4773 1132 4828 nomini
1159 4773 1435 4841 iracundo,
1462 4781 1519 4828 et
1545 4788 1692 4841 xxix,
1717 4772 1819 4828 ἥς
1843 4783 2080 4859 sin-unm

493 4869 569 4922 vir
594 4866 900 4930 iracundus,
951 4865 1021 4938 ab
1063 4865 1299 4934 ipsomet
1325 4865 1660 4938 Hieronymo
1691 4866 2080 4938 interpretatur

493 4952 615 5009 qua
663 4949 788 4992 ante
839 4951 940 4992 nos
994 4937 1109 5009 loca
1168 4951 1407 5009 nuperus
1455 4937 1663 5009 codicis
1703 4937 2076 5009 Alexandrini

493 5007 670 5084 editor
693 5009 990 5084 annotavit.
1020 5007 1188 5079 Igitur
1231 5023 1337 5084 uon
1366 5007 1433 5063 de
1461 5022 1560 5084 suo
1587 5008 1717 5062 illud
1749 5009 2009 5084 _6p7i)t_ow,_
2025 5008 2077 5063 id

489 5087 573 5134 est
600 5078 889 5149 iracundis,
919 5077 1208 5134 assuerunt
1234 5077 1624 5149 Septuaginta;
1670 5078 1766 5134 sed
1797 5077 1946 5133 's'atis
1997 5080 2070 5134 ita

487 5160 636 5207 recte
667 5164 736 5204 ex
768 5148 992 5203 Hebraeo
1020 5159 1171 5206 textu
1198 5148 1385 5205 vocem
1414 5149 1561 5204 illam
1594 5163 1692 5219 pro
1735 5149 1952 5205 nomine
1979 5163 2070 5206 ac-

488 5228 773 5292 ceperunt,
797 5235 907 5274 non
939 5220 1217 5276 adverbio.
1249 5221 1328 5277 Re
1373 5230 1552 5275 autem
1584 5222 1697 5290 ipsa
1729 5221 2068 5292 subsequens

492 5291 894 5347 hemistichium
942 5307 1047 5345 non
1077 5307 1106 5346 a
1133 5297 1236 5355 καὶ,
1269 5301 1338 5357 et,
1369 5294 1485 5347 sive
1512 5294 1617 5346 alia
1654 5291 1939 5360 particula,
1973 5302 2068 5346 aut

489 5364 745 5418 adverbio
767 5363 1024 5417 incltoant
1055 5381 1069 5415 ;
1097 5365 1190 5417 sed
1217 5362 1535 5432 simpliciter
1573 5365 1691 5418 Ἀπὸ
1718 5373 1816 5418 τῶν
1859 5366 2068 5418 ἐπανισ-

493 5437 720 5506 ταμένων
750 5451 762 5484 :
790 5433 867 5506 Ab
892 5434 1292 5506 insurgentibus,
1347 5448 1450 5490 etc.
1502 5434 1707 5489 Placuit
1741 5437 2068 5506 Hieronymo

490 5505 664 5576 magis
715 5505 915 5559 habere
947 5505 1048 5572 bro
1069 5514 1136 5570 et,
1160 5505 1288 5576 sive,
1304 5506 1456 5557 etiam
1510 5506 1770 5559 adverbio
1797 5520 2062 5576 {quue

493 5575 688 5647 huciilli
716 5576 1008 5647 integrum;
1041 5582 1252 5647 tantum
1279 5575 1708 5647 interpolationis
1736 5575 2063 5647 redarguen-

490 5645 559 5700 da
588 5644 1140 5712 Septuagintaviralis
1154 5645 1333 5697 versio
1364 5644 1468 5697 non
1492 5655 1628 5700 erat.
1653 5647 1720 5698 At
1737 5654 1855 5699 erat
1878 5644 2062 5701 revera

529 5729 587 5769 sa
618 5715 676 5770 S.
713 5713 887 5766 Patris
918 5712 1084 5767 editio
1115 5714 1370 5768 mendosa
1401 5713 1484 5769 hic
1515 5715 1617 5770 luci
1669 5731 1833 5783 penes
1854 5717 2067 5772 Martia-

2194 3259 2614 3328 subsequentem
2642 3267 2690 3313 et
2721 3273 2860 3312 novo
2907 3260 3067 3316 obelo
3096 3261 3436 3316 confuderat.
3489 3261 3639 3319 Satis
3698 3281 3800 3321 att-

2187 3340 2296 3384 tem
2329 3338 2478 3384 recte
2527 3329 2841 3385 econtrario
2893 3329 3066 3386 Carus
3117 3342 3172 3387 et
3202 3331 3478 3387 Palatinus
3508 3349 3616 3390 ms.
3646 3347 3802 3393 aste-

2187 3401 2388 3472 riscnm
2420 3399 2471 3452 ei
2503 3400 2707 3454 vocula:
2737 3402 3108 3468 praefuerunt,
3133 3419 3294 3472 quem
3323 3414 3379 3459 et
3412 3420 3512 3460 nos
3539 3409 3799 3464 restitui-

2188 3485 2309 3544 mus
2333 3469 2486 3540 juxta
2519 3474 2690 3544 sancti
2721 3472 3032 3543 interpretis
3060 3469 3320 3539 mentem,
3351 3476 3443 3544 qui
3489 3477 3656 3532 aliter
3690 3494 3800 3534 nec

2189 3541 2299 3619 sibi
2320 3551 2618 3619 constaret.
2647 3541 2983 3619 Quamquam
3014 3561 3119 3619 non
3151 3545 3222 3600 ita
3248 3541 3798 3619 arbitrorscriplurn

2186 3611 2240 3666 in
2263 3611 3139 3684 Origcniztnuexemplari,scdaut
3160 3618 3455 3684 repositum
3489 3616 3544 3671 itt
3591 3611 3802 3676 Latino

2186 3693 2372 3756 postea
2399 3684 2469 3756 ab
2501 3683 2852 3754 Hieronymo,
2884 3695 2978 3740 aut
3009 3683 3240 3740 fortasse
3289 3689 3452 3742 ctiam
3501 3689 3570 3741 ab
3632 3691 3788 3756 aliis,

2187 3755 2276 3824 qtti
2311 3755 2578 3827 laudatum
2614 3757 2775 3810 modo
2797 3757 3044 3823 epistola:
3072 3758 3194 3827 ejus
3222 3758 3290 3812 ad
3319 3758 3581 3817 Sunniant
3608 3755 3797 3818 locum

2188 3825 2706 3898 animadverterunt.
2745 3827 2843 3898 iAd
2907 3828 3021 3882 ltrcc
3077 3825 3206 3898 puto
3266 3832 3466 3884 rectius
3516 3831 3648 3885 olim
3681 3850 3798 3888 non

2188 3900 2305 3950 voci
2333 3897 2615 3966 iracundis.
2664 3897 2757 3951 sed
2793 3897 3116 3966 praecedenti
3172 3901 3292 3952 meis
3344 3901 3565 3955 obelunt
3618 3903 3801 3959 fuisse

2188 3965 2563 4038 prtepositum.
2596 3967 2686 4022 Sic
2715 3976 2865 4022 certe
2897 3969 3117 4024 exhibet
3143 3970 3422 4026 Palatinus
3453 3987 3557 4026 ms.
3593 3974 3660 4027 ab
3693 3977 3801 4030 ini-

2188 4039 2333 4092 micis
2341 4052 2420 4114 _+
2455 4038 2580 4114 meis
2605 4039 2626 4114 ξ
2653 4038 2946 4104 iracundis,
2974 4040 3452 4114 etc.Augttstinus
3481 4058 3709 4114 quoque
3741 4048 3796 4106 in

2186 4125 2282 4164 sua
2341 4107 2758 4174 Emendatione,
2806 4125 2967 4179 quam
3004 4107 3278 4184 religiose
3329 4107 3644 4170 Veronens'.
3682 4133 3796 4173 ms.

2187 4189 2562 4252 repraesentat,
2592 4195 2892 4251 pronomen
2917 4183 3040 4236 meis
3073 4184 3277 4250 respuit
3305 4200 3320 4237 :
3354 4184 3496 4252 quod
3525 4199 3554 4239 a
3579 4186 3800 4244 Grmcis

2187 4251 2432 4324 melioris
2462 4253 3082 4324 inotzehexemplaribns
3117 4254 3340 4310 abesset
3371 4251 3384 4308 ἐ
3419 4269 3690 4324 respuunt
3741 4269 3801 4314 et

2187 4319 2368 4398 Latini
2418 4321 2514 4398 alii
2555 4321 2772 4398 codices
2822 4323 3252 4398 llieronymiani,
3281 4341 3424 4394 quos
3460 4319 3612 4398 Vin-ter
3643 4343 3796 4398 prm-

2187 4393 2560 4466 stantissitnus
2606 4395 2814 4466 reginae
2861 4396 3183 4466 Succorum,
3243 4393 3405 4466 quem
3456 4397 3507 4451 itt
3542 4393 3690 4454 notis
3725 4401 3799 4457 ad

2188 4478 2307 4544 eam
2352 4464 2646 4544 epistolam
2696 4464 2997 4544 laudamus.
3055 4464 3308 4544 Denique
3352 4467 3616 4544 Hebraeus
3663 4472 3802 4544 ipse

2191 4542 2388 4604 textus,
2412 4533 2855 4608 aliissubstratis
2884 4538 3123 4606 punctis,
3151 4533 3524 4594 cdneinnnius
3551 4533 3708 4608 leget
3733 4543 3792 4598 in

2178 4613 2323 4660 Statu
2371 4605 2648 4675 regiminis
2696 4621 2820 4662 cum
2871 4609 3119 4678 sequenti
3172 4623 3305 4664 voce
3351 4619 3476 4695 vis,
3534 4605 3743 4667 iii—est
3777 4655 3796 4683 ,

2181 4706 2500 4785 sin-intuta,
2527 4699 2594 4753 ab
2618 4699 2842 4754 inimicis
2865 4700 3150 4767 iracundis,
3177 4715 3278 4772 pro
3297 4709 3492 4770 una,
3527 4702 3802 4762 absoluto

2183 4793 2478 4866 quodiejus
2504 4794 2700 4866 lingua:
2733 4795 2976 4866 magistri
3011 4812 3117 4851 non
3143 4797 3540 4853 dil‘iitehnntnr.

2259 4875 2282 4904 ο
2331 4865 2630 4934 Rescripsit
2672 4865 3005 4938 Augustinus
3049 4871 3220 4938 magis
3254 4869 3466 4936 Lrttine,
3512 4870 3634 4927 odio
3684 4871 3799 4928 Ita-

2184 4937 2376 5015 bentes,
2419 4938 2563 5015 quod
2594 4945 2648 4992 et
2669 4937 3009 5015 ‘Veronensis
3055 4937 3159 4995 ms.
3203 4941 3390 4995 refert.
3435 4939 3508 4996 ita
3543 4949 3600 4998 et
3635 4946 3798 5015 quod

2184 5008 2329 5082 inira
2349 5008 2456 5082 est,
2473 5009 2845 5082 juxtafaciem
2871 5011 3026 5082 venti,
3063 5026 3157 5078 pro
3185 5021 3324 5076 ante,
3356 5021 3459 5066 etc.

2252 5076 2278 5117 ἀ
2312 5076 2593 5134 Ιᾱθιηήις.
2626 5076 2680 5133 in
2709 5079 2960 5134 obauditu
2989 5076 3135 5135 auris
3167 5083 3430 5137 obaudivit
3448 5082 3599 5139 mihi.

2247 5160 2270 5189 ο
2297 5150 2466 5206 Tacet
2507 5152 2560 5204 in
2603 5151 2798 5206 eodem
2833 5166 2937 5204 tns.
2969 5150 3272 5209 Dominus:
3302 5163 3412 5208 tum
3447 5152 3513 5208 de
3554 5154 3795 5213 inimicis

2171 5220 2462 5298 iracundis,
2496 5221 2559 5274 ab
2584 5221 2999 5298 insurgentibus,
3023 5232 3131 5278 etc.
3157 5225 3246 5279 tibi
3277 5241 3436 5298 quam
3465 5235 3615 5298 recte
3640 5243 3797 5298 pran-

2169 5293 2360 5347 sertim
2383 5302 2428 5368 et
2459 5293 2653 5362 copula
2688 5293 3054 5368 r_e‘ticettt_r,e_x
3085 5293 3438 5368 annotaiiunc
3463 5297 3513 5350 in
3545 5293 3790 5368 opposi-

2171 5364 2627 5441 Iannco‘lumnam
2668 5363 2864 5441 disces.
2911 5365 3154 5441 Denique
3195 5383 3344 5441 erues
3375 5367 3444 5420 de
3477 5363 3638 5441 more
3682 5386 3792 5441 pro

2170 5434 2356 5506 eripies
2384 5436 2579 5504 legitur
2599 5453 2619 5506 7:
2655 5443 2817 5503 atque
2848 5433 2964 5490 haec
2992 5433 3171 5492 omnia
3201 5453 3264 5492 ex
3290 5437 3624 5506 Augustino.

2248 5503 2276 5588 ί.
2313 5503 2642 5560 Veronensis
2691 5520 2820 5571 ms.,
2865 5508 3106 5576 psallam,
3161 5503 3498 5579 magniﬁcans
3551 5511 3789 5570 salutent

2168 5584 2302 5641 regis
2314 5619 2328 5641 ,
2359 5584 2464 5631 etc.

2261 5594 2302 5630 ts
2359 5594 2464 5631 etc.

2225 5594 2268 5693 gs
2309 5619 2454 5720 idem
2489 5662 2618 5711 ms.,
2663 5657 2882 5720 eructat,
2908 5659 2960 5703 ct
2991 5651 3287 5715 annuntiat,
3313 5664 3413 5718 pro
3445 5650 3669 5720 iudicat,
3708 5671 3780 5712 cx

2176 5715 2464 5789 Augustini
2495 5719 2899 5790 emendatione,
2935 5731 2993 5776 ut
3019 5729 3073 5777 et
3102 5737 3218 5791 qua:
3246 5715 3567 5790 sequuntur.
