3960 6208
473 116 570 175 151
1476 109 1537 167 S.
1578 104 1964 166 HIERONYMI
2001 103 2239 164 DIVINA
2275 101 2758 163 BIBLIOTHECA.
3676 102 3796 163 152

545 233 774 306 Impleat
798 230 1057 288 Dominus
1087 243 1262 284 omnes
1291 225 1559 299 petitiones
1595 235 1712 280 tuas
1741 241 1761 281 :
1793 242 1931 280 nunc
1965 243 2060 284 co-
2086 225 2145 285 Α
2239 219 2470 292 Impleat
2506 220 2768 277 Dominus
2821 233 3016 278 omnes
3070 222 3364 293 petitiones
3417 229 3576 290 tuaS,
3633 237 3797 278 nunc

479 329 653 402 gnavi,
673 327 916 398 quoniam
944 321 1146 379 salvum
1169 320 1296 390 fecit
1319 317 1576 373 Dominus
1598 317 1863 373 Christum
1892 335 2067 375 suum.
2175 315 2426 386 cognovi,
2457 315 2712 385 quoniam
2733 314 2949 370 salvum
2982 314 3149 372 faciet
3178 315 3309 389 [11s.
3341 314 3493 388 facit]
3517 314 3794 371 Dominus

552 420 811 476 Exaudiet
840 419 989 474 illum
1019 417 1082 470 de
1110 413 1237 469 caelo
1265 420 1442 468 sancto
1468 426 1561 466 suo
1593 426 1612 465 :
1637 411 1691 465 in
1720 413 2070 483 potentatibus
2177 407 2455 465 Christum
2493 423 2656 464 suum
2691 427 2704 462 :
2738 417 2796 465 et
2833 409 3090 465 exaudiet
3119 409 3273 465 illum
3307 409 3375 466 dc
3406 408 3552 466 celo
3587 416 3796 465 sancto

480 512 622 567 salus
649 513 872 566 dexter-te
896 513 1034 582 ejus.
2178 517 2300 571 suo,
2333 502 2388 557 in
2419 502 2787 572 potentatibus
2823 501 2971 557 salus
2997 501 3246 558 dexteras
3275 501 3416 572 ejus.

551 602 623 656 Hi
652 603 706 656 in
731 599 992 666 curribus,
1025 608 1075 654 et
1101 597 1156 652 hi
1182 598 1237 652 in
1264 597 1406 668 equis
1437 611 1458 652 :
1483 603 1759 652 nosautem
1786 597 1843 651 in
1864 597 2074 654 nomine
2252 593 2319 650 lli
2352 595 2406 648 in
2443 593 2717 658 curribus,
2761 601 2818 649 et
2859 592 2916 648 hi
2944 593 2998 650 in
3023 594 3180 664 cquis
3211 611 3225 648 :
3253 607 3357 649 nos
3383 587 3567 649 autem
3596 592 3655 649 in
3687 606 3795 649 no-

479 694 694 750 Domini
721 693 820 748 Dei
849 693 1014 748 nostri
1041 690 1414 747 invocabimus.
2179 687 2326 743 mine
2364 686 2584 746 Domini
2614 686 2710 742 Dei
2742 687 2916 742 nostri
2947 686 3439 758 magniﬁcabimur.

555 784 670 856 Ipsi
721 784 932 856 obligati
977 790 1096 839 sunt
1148 790 1197 836 et
1235 780 1532 836 ceciderunt
1560 795 1694 837 :nos
1742 790 1916 836 autem
1959 798 2072 837 sur-
2254 777 2364 850 Ipsi
2395 778 2618 850 obligati
2645 787 2794 848 sunt,
2827 787 2883 834 et
2925 779 3244 835 ceciderunt
3277 797 3292 834 :
3325 793 3426 837 nos
3476 788 3660 837 autem
3701 795 3800 838 re-

479 879 708 936 reximus
733 877 950 934 etcrecti
969 891 1172 931 sumus.
2182 873 2542 942 surreximus,
2575 881 2633 928 et
2654 871 2826 928 erecti
2857 886 3066 928 sumus.

546 969 790 1039 Domine,
847 969 1050 1023 salvum
1100 967 1186 1036 fac
1213 982 1384 1037 regem
1417 979 1470 1021 σθ
1503 974 1554 1021 et
1578 982 1641 1022 ea:
1670 965 1693 1035 1
1725 966 1853 1022 audi
1895 981 1992 1021 nos
2019 965 2074 1020 in
2255 965 2506 1033 Domine,
2537 964 2750 1020 salvum
2799 963 2883 1020 lac
2918 979 3101 1035 regem
3133 981 3146 1018 :
3179 972 3235 1019 et
3255 962 3453 1020 exaudi
3485 977 3589 1022 nos
3617 963 3673 1020 iu
3698 961 3795 1021 die

484 1065 568 1121 die
599 1080 700 1136 qua
723 1059 1132 1118 invocaverimus
1161 1072 1224 1114 σξ-
1251 1067 1299 1114 te
1329 1059 1353 1129 1
2178 1073 2283 1129 qua
2311 1057 2438 1130 [Ms.
2475 1057 2529 1114 in
2555 1055 2682 1130 qua]
2716 1055 3156 1114 invocaverimus
3184 1065 3257 1112 te.

1855 1149 2216 1214 PSALMUS
2257 1150 2410 1214 xx.
3227 1233 3236 1240 ε

882 1263 910 1292 ⁸
947 1271 1001 1311 in
1038 1270 1202 1311 PINEI
1240 1266 1472 1310 rsuuus
1510 1268 1690 1310 DAVID.
2347 1270 2401 1310 IN
2423 1269 2615 1324 sinent,
2659 1269 2892 1311 PSALIIUS
2918 1253 3094 1310 Devia
3123 1252 3253 1328 [Ms.
3282 1268 3384 1310 1951
3407 1252 3615 1327 Davus].

555 1347 797 1415 Domine,
822 1347 878 1402 in
899 1349 1087 1404 virtute
1118 1359 1209 1403 tua
1236 1346 1496 1403 (relabitur
1522 1363 1616 1402 rea:
1642 1361 1661 1401 :
1682 1353 1729 1402 et
1755 1361 1912 1417 super
1939 1345 2083 1402 salu-
2259 1346 2508 1415 Domine,
2524 1347 2576 1402 in
2595 1346 2792 1403 virtute
2814 1357 2903 1402 tua
2924 1345 3192 1402 lanabitur
3211 1359 3310 1404 rex
3338 1362 3352 1400 :
3375 1354 3433 1403 et
3459 1359 3626 1418 super
3644 1345 3799 1403 salu-

488 1456 597 1500 tare
623 1453 770 1499 tuum
789 1443 1070 1499 exsultabit
1091 1443 1434 1499 vehementer.
2187 1448 2303 1496 tare
2325 1448 2474 1495 tuum
2502 1439 2796 1496 exsultabit
2824 1439 3195 1497 vehementer.

561 1537 891 1591 Desideriunt
917 1535 1086 1590 cordis
1114 1538 1229 1607 ejus
1256 1535 1484 1590 tribuisti
1509 1536 1557 1588 ei
1586 1551 1600 1588 :
1633 1544 1679 1589 et
1707 1535 1970 1590 voluntate
1997 1532 2081 1588 la-
2261 1530 2596 1587 Desiderium
2622 1531 2820 1586 animae
2842 1529 3006 1602 ejus‘l
3041 1528 3275 1587 tribuisti
3303 1529 3358 1586 ei
3386 1546 3400 1584 :
3428 1539 3484 1588 et
3507 1531 3799 1587 voluntate

487 1627 690 1683 biorum
710 1630 828 1699 ejus
857 1643 960 1680 non
989 1626 1247 1696 fraudasti
1276 1642 1412 1680 eum.
1451 1625 1776 1680 DIAPSALIA.
2187 1621 2455 1678 labiorutn
2483 1622 2602 1692 ejus
2628 1637 2738 1678 nou
2769 1621 3032 1678 fraudasti
3060 1638 3208 1678 eum.
3251 1622 3591 1679 DIAPSALMA.

566 1719 828 1784 Quoniam
854 1719 1146 1787 praevenisti
1172 1735 1289 1774 eum
1335 1719 1392 1772 in
1413 1717 1850 1773 benedictionibus
1912 1718 2090 1774 dulce-
2117 1713 2167 1776 B
2263 1713 2528 1781 Quoniam
2560 1714 2868 1783 prmveuisti
2912 1728 3038 1770 eum
3076 1713 3136 1770 in
3175 1713 3650 1772 benedictionibus
3679 1714 3801 1771 dul-

498 1811 638 1866 dinis
667 1826 686 1865 :
715 1809 936 1880 posuisti
975 1811 1030 1865 in
1053 1809 1219 1881 capite
1259 1812 1372 1882 ejus
1402 1825 1648 1864 coronant
1674 1809 1738 1864 de
1773 1809 1949 1881 lapide
1972 1826 2089 1880 pre—
2191 1805 2401 1863 cedinis
2447 1825 2461 1862 :
2515 1806 2741 1879 posuisti
2779 1807 2831 1864 in
2852 1808 3031 1880 capite
3059 1806 3179 1878 ejus
3217 1821 3478 1864 coronam
3516 1806 3803 1878 de'lapidc

493 1902 648 1956 tioso.
2191 1891 2458 1971 pre‘oso.

583 1993 753 2049 Vitam
772 1994 919 2066 petiit
947 2010 979 2048 a
1006 2003 1054 2049 te
1082 1992 1111 2033 ιι
1142 2008 1204 2050 +
1235 2003 1283 2049 et
1316 1995 1339 2063 1
1376 1994 1600 2049 tribuisti
1634 1995 1682 2049 ei
1717 1994 2089 2067 longitudinem
2269 1995 2471 2050 Vitame
2493 1996 2648 2067 petiit
2668 2010 2698 2051 a
2721 2005 2775 2053 te
2799 2013 2813 2052 :
2837 1995 3135 2055 tribuistiei
3152 1995 3542 2069 longitudinem
3560 1995 3800 2065 dierum,

495 2087 720 2155 dierum,
748 2087 804 2140 in
832 2085 1084 2141 steculum
1113 2093 1160 2141 et
1187 2086 1243 2140 in
1270 2085 1519 2140 saxulum
1551 2100 1612 2140 -°r
1637 2087 1816 2141 seaculi
1850 2085 1873 2153 1
2192 2089 2249 2145 iu
2279 2088 2535 2144 smculum
2567 2089 2775 2146 saeculi.

567 2179 767 2250 Magna
786 2189 860 2235 est
889 2179 1060 2251 gloria
1081 2182 1193 2247 eius
1214 2179 1268 2232 in
1291 2179 1511 2234 salutari
1545 2188 1633 2233 tuo
1655 2194 1675 2233 :
1695 2178 1918 2250 gloriam
1947 2187 1993 2231 et
2025 2192 2087 2233 -ι-
2264 2181 2450 2253 Magna
2488 2191 2572 2239 est
2594 2183 2765 2255 gloria
2799 2184 2916 2254 ejus
2957 2183 3013 2240 in
3053 2182 3274 2239 salutari
3319 2191 3413 2240 tuo
3443 2199 3456 2238 :
3485 2182 3720 2256 gloriam
3750 2192 3807 2242 et
3847 2222 3875 2242 .

495 2288 746 2344 magnum
778 2271 800 2338 1
835 2271 1072 2327 decorem
1099 2272 1332 2343 impones
1352 2288 1507 2342 super
1527 2287 1662 2328 eum.
2194 2291 2448 2348 magnum
2475 2276 2728 2333 decorem
2755 2277 3000 2349 impones
3028 2291 3192 2349 super
3216 2291 3362 2334 eum.

577 2365 842 2434 Quoniam
871 2364 1019 2419 dabis
1048 2379 1166 2419 eum
1195 2365 1249 2418 in
1275 2364 1715 2434 benedictionem,
1747 2364 1803 2418 in
1846 2365 2093 2420 sazculum
2266 2367 2529 2434 Quoniam
2563 2366 2755 2424 dabisf
2801 2383 2926 2424 eum
2952 2368 3008 2425 in
3033 2367 3510 2436 benedictionem,
3543 2368 3598 2424 in
3629 2384 3807 2425 suaen-

495 2472 557 2514 οξ-
589 2455 768 2512 steculi
799 2454 822 2523 1
857 2453 1148 2525 laetiﬁcabis
1176 2472 1293 2510 eunt
1317 2457 1371 2510 in
1401 2456 1595 2527 gaudio
1615 2472 1734 2510 cum
1752 2455 1901 2511 vultu
1929 2465 2040 2510 tuo.
2195 2461 2307 2516 lum
2335 2460 2517 2518 saeculi
2549 2478 2564 2516 :
2594 2460 2894 2517 laetiticabis
2918 2476 3042 2518 eum
3069 2462 3125 2518 in
3146 2461 3340 2534 gaudio
3361 2477 3486 2518 cum
3510 2464 3661 2519 vultu
3683 2471 3803 2521 tuo.

570 2547 836 2615 Quoniam
858 2561 951 2602 rea:
971 2557 1146 2617 sperat
1175 2547 1230 2600 in
1252 2545 1480 2604 Domino
1506 2563 1527 2603 .°
1557 2555 1605 2602 et
1643 2548 1698 2602 in
1737 2547 2096 2603 misericordia
2268 2551 2531 2619 Quoniam
2558 2566 2656 2608 rex
2681 2557 2920 2624 speravit
2950 2556 3003 2609 in
3025 2553 3252 2612 Domino
3283 2570 3298 2608 :
3329 2562 3384 2610 et
3411 2556 3466 2610 in
3487 2555 3807 2613 misericor-

498 2639 744 2693 altissimi
771 2654 876 2693 non
903 2637 1321 2692 commovebitur.
2197 2643 2284 2700 dia
2315 2644 2561 2701 altissimi
2591 2660 2699 2702 non
2725 2648 3183 2705 commovebitur.

569 2729 874 2786 Inveniatur
892 2746 1076 2785 manus
1098 2739 1188 2784 tua
1209 2730 1443 2785 omnibus
1465 2729 1693 2784 inimicis
1719 2730 1821 2785 tuis
1845 2746 1864 2786 :
1885 2735 2098 2787 dextera
2268 2738 2572 2796 Inveniatur
2600 2738 2729 2812 [Με.
2752 2741 3076 2814 invenietur]
3097 2756 3287 2798 manus
3304 2750 3391 2797 tua
3415 2742 3677 2799 omnibus
3700 2743 3808 2798 ini-

502 2836 593 2883 tua
621 2825 848 2882 inveniat
881 2839 945 2880 σθ
975 2840 1152 2880 omnes
1183 2827 1232 2892 ο,
1255 2824 1345 2895 qui
1373 2823 1396 2892 1
1432 2832 1481 2877 te
1504 2825 1743 2879 oderunt.
2199 2831 2354 2888 micis
2383 2834 2490 2888 tuis
2513 2848 2527 2887 :
2550 2841 2606 2890 et
2621 2832 2840 2891 dextera
2871 2843 2962 2890 tua
2992 2835 3436 2892 inveniatomnes
3465 2836 3561 2907 qui
3586 2844 3642 2893 te
3664 2834 3802 2894 ode-

2202 2935 2353 2983 runt.

575 2999 752 3095 Panes
779 3007 968 3095 e_os,_ut
994 2998 1254 3055 clibanum
1274 2998 1434 3095 ignis,
1459 2999 1514 3054 in
1535 3007 1762 3095 tempore
1785 2999 1958 3056 vultus
1979 3003 2057 3056 tui
2077 3017 2100 3059 :
2137 3093 2166 3095 _
2270 3020 2445 3078 pones
2473 3035 2569 3078 eos
2589 3059 2604 3087 ,
2640 3030 2700 3078 ut
2736 3020 2863 3095 [Ms.
2887 3021 2962 3095 in]
3005 3021 3276 3080 clibanutn
3300 3022 3440 3095 ignis
3466 3021 3522 3078 in
3555 3029 3809 3094 tempore

505 3091 762 3146 Dominus
799 3092 853 3144 in
886 3091 971 3145 ira
993 3106 1091 3145 sua
1119 3091 1437 3145 conturbabit
1475 3107 1592 3160 eos,
1629 3101 1677 3147 et
1713 3092 1976 3148 devorabit
2011 3111 2098 3152 eos

2260 3115 2380 3172 ultus
2409 3115 2484 3170 tui
2515 3132 2530 3170 :
2563 3091 2824 3172 Domitius
2844 3116 2897 3172 in
2927 3091 3005 3172 ira
3030 3132 3125 3173 sua
3152 3091 3496 3174 contui-habit
3524 3091 3814 3189 [Maeon-

2203 3206 2458 3279 turbavit]
2485 3222 2603 3274 eos,
2635 3217 2689 3264 et
2716 3207 2995 3264 devorabit
3021 3208 3149 3283 [Ms.
3181 3206 3482 3279 devoravit]
3512 3223 3612 3265 eos
3648 3209 3811 3280 ignis.

589 3273 844 3328 Fructum
871 3287 1048 3327 eorum
1074 3271 1139 3328 de
1168 3279 1302 3328 terra
1324 3273 1508 3345 perdes
1537 3289 1557 3329 :
1595 3284 1644 3330 et
1671 3292 1840 3332 semen
1863 3293 2040 3334 eorum
2066 3296 2101 3334 a

512 3369 637 3438 ﬁliis
664 3367 951 3422 hominum.

586 3459 846 3528 Quoniam
890 3457 1278 3513 declinaverunt
1320 3459 1374 3514 in
1414 3468 1464 3516 te
1502 3459 1645 3514 mala
1689 3479 1708 3518 :
1755 3463 2102 3535 cogitaverunt

508 3551 748 3618 consilia,
775 3565 892 3622 qua:
917 3566 1022 3605 non
1050 3559 1330 3621 potuerunt
1353 3565 1413 3606 +
1441 3553 1670 3607 stabilire
1703 3554 1726 3622 1

589 3643 853 3710 Quoniam
875 3658 1034 3712 pones
1063 3659 1148 3698 eos
1167 3644 1378 3699 dorsum
1401 3660 1420 3698 :
1441 3644 1495 3699 in
1521 3643 1753 3717 reliquiis
1779 3648 1880 3704 tuis
1903 3667 2105 3724 prtcpa-

511 3738 658 3792 rubis
679 3737 872 3792 vultunt
892 3753 1095 3793 eorum.

583 3829 854 3902 Exaltare,
903 3829 1148 3902 Domine,
1189 3834 1244 3888 in
1282 3834 1470 3892 virtute
1512 3843 1606 3892 tua
1651 3852 1668 3891 :
1707 3839 2028 3897 cantabimus
2056 3854 2103 3898 et

517 3921 800 3996 psallemus
830 3922 1041 3980 virtutes
1070 3931 1205 3980 tuas.
1222 3929 1246 3997 λ

2270 3299 2527 3355 Fructum
2557 3314 2743 3355 eorum
2769 3298 2838 3357 dc
2869 3309 3014 3358 terra
3041 3299 3233 3373 perdes
3263 3316 3277 3354 :
3311 3311 3367 3358 et
3395 3315 3587 3358 semen
3611 3315 3806 3358 eorum

2214 3405 2246 3446 a
2279 3390 2404 3446 ﬁliis
2428 3389 2736 3446 hominum.

2274 3482 2541 3553 Quoniam
2584 3483 2998 3542 declinaverunt
3042 3484 3094 3541 in
3143 3493 3197 3542 te
3222 3484 3362 3541 mala
3395 3500 3410 3540 :
3438 3483 3819 3556 cogitaverunt

2208 3569 2513 3644 consilium,
2541 3577 2683 3649 quod
2708 3592 2816 3634 non
2845 3587 3138 3650 potuerunt
3166 3578 3427 3634 stabilire.

2277 3669 2544 3737 Quoniam
2567 3683 2735 3739 pones
2750 3679 2774 3717 ε
2796 3684 2892 3726 eos
2914 3669 3136 3726 dorsum
3169 3686 3185 3727 :
3211 3670 3264 3726 in
3283 3669 3527 3742 reliquiis
3549 3668 3659 3727 tuis
3679 3686 3821 3743 pra:-

2211 3776 2400 3833 pararc
2428 3761 2636 3816 vultum
2661 3762 2877 3817 illorum

2279 3854 2534 3910 Exaltarc
2556 3895 2571 3918 ,
2611 3854 2835 3910 Domine
2856 3896 2871 3924 ,
2903 3856 2957 3914 in
2980 3856 3177 3914 virtute
3210 3863 3300 3912 tua
3327 3870 3341 3909 :
3373 3851 3721 3911 cantabimus
3759 3862 3814 3909 et

2207 3947 2499 4019 psallemus
2526 3946 2757 4002 virtutes
2784 3956 2922 4004 tuas.

1865 4062 2225 4133 PSALMUS
2266 4067 2450 4131 XXI.

612 4165 669 4206 ut
709 4163 904 4219 manu,
934 4163 1036 4207 eno
1064 4163 1428 4212 assunmone
1454 4172 1762 4231 IATUTINA,
1793 4177 2030 4224 PSALIUS
2278 4186 2331 4226 ut
2379 4183 2540 4224 mnsit
2587 4182 2687 4223 uno
2737 4180 3094 4223 ASSUIP‘I‘IONE
3135 4166 3287 4311 [[Ms.
3329 4168 3738 4242 suacerrrone]

1221 4239 1403 4283 navm.
2386 4255 2682 4305 MATUTINA,
2705 4253 2939 4294 rsauus
2967 4255 3130 4295 nunc
3173 4239 3276 4294 Ms.
3301 4253 3399 4295 lPSl
3427 4239 3632 4311 DM'IDJ.

1221 4239 1403 4283 navm.
2386 4255 2682 4305 MATUTINA,
2705 4253 2939 4294 rsauus
2967 4255 3130 4295 nunc
3144 4239 3276 4311 [Με.
3301 4253 3399 4295 lPSl
3427 4239 3632 4312 DM'IDJ.

578 4337 742 4404 Deus,
774 4335 922 4393 Deus
951 4353 1118 4406 meus,
1150 4353 1211 4395 ομ
1245 4342 1444 4412 respice
1471 4343 1527 4398 in
1555 4361 1636 4400 me
1664 4345 1687 4415 1
1717 4363 1876 4417 quare
1900 4365 1982 4406 me
2014 4351 2106 4408 de-
2283 4354 2421 4410 Deus
2443 4394 2458 4420 ,
2494 4353 2637 4408 Deus
2673 4367 2861 4419 meus,
2899 4353 3112 4424 reSpicc
3152 4353 3206 4408 in
3243 4351 3372 4426 [Ms.
3410 4360 3557 4410 tacet
3591 4352 3669 4426 in]
3705 4369 3817 4421 me,

507 4428 806 4500 reliquisti?
837 4428 990 4502 longe
1017 4447 1051 4485 a
1088 4429 1259 4488 salute
1284 4450 1398 4490 mea
1436 4437 1589 4492 verba
1618 4437 1930 4498 delictorum
1968 4458 2107 4500 meo-
2207 4459 2378 4516 quare
2403 4457 2492 4500 me
2515 4442 2894 4515 dereliquisti?
2921 4442 3082 4516 longe
3109 4459 3142 4500 a
3163 4443 3337 4502 salute
3363 4458 3508 4513 mea,
3532 4443 3695 4502 verba
3720 4445 3822 4501 de-

508 4537 647 4577 rum.
2212 4535 2464 4592 lictorum
2491 4549 2760 4591 meorum.

573 4614 718 4672 Deus
744 4631 906 4684 meus,
939 4617 1174 4674 clamabo
1203 4637 1293 4692 per
1319 4623 1478 4692 diem,
1507 4634 1555 4680 et
1587 4643 1692 4683 non
1722 4629 1970 4686 exaudies
2001 4645 2023 4686 :
2052 4639 2100 4687 et
2130 4687 2171 4697 _
2276 4630 2419 4685 Deus
2445 4642 2621 4694 meus,
2646 4622 2930 4683 clamaboh
2960 4639 3057 4697 per
3081 4624 3247 4692 diem,
3285 4639 3386 4683 nec
3414 4624 3676 4683 cxaudies
3711 4641 3726 4679 :
3761 4625 3819 4682 in

505 4723 674 4782 nocte,
701 4723 751 4769 et
771 4730 874 4769 non
897 4714 966 4768 ad
991 4715 1347 4787 insipientiam
1370 4718 1519 4776 mihi.
2121 4687 2179 4750 Β
2202 4731 2396 4796 ιιοίειθἰ
2415 4731 2473 4780 et
2501 4737 2608 4779 non
2637 4721 2704 4777 ad
2727 4687 3094 4792 insipieniiam
3124 4719 3293 4776 mihi:

572 4928 599 4956 ι
620 4919 794 4996 γει-ιη
818 4922 873 4976 in
911 4923 1062 4980 linem
1092 4923 1144 4979 in
1165 4923 1398 4980 Palatin.
1427 4938 1531 4979 ms.
1556 4939 1663 4980 non
1689 4933 1834 4980 sunt.
1860 4925 1980 4981 Mox
1999 4943 2092 4982 ως-
2197 4936 2392 4983 caetera
2428 4941 2548 4996 qua:
2578 4932 2886 4996 sequuntur
2910 4922 3122 4996 omnia.

495 4990 674 5069 ditavit
697 5006 792 5069 pro
817 4995 1107 5061 exsultabit,
1136 4996 1352 5069 sequior
1372 5011 1561 5052 manus
1584 4997 2094 5069 reposuit.Denique
2273 5007 2297 5035 θ
2332 4989 2497 5053 [idem
2530 4989 2820 5067 libri-petiit
2860 5004 2907 5069 et
2937 4994 3122 5048 dedisti
3152 4989 3598 5069 eilongiludinem
3615 4989 3823 5043 dierum

501 5061 812 5129 Diapsalma
838 5061 1285 5130 praetermittitur.
1650 5061 1663 5066 ⁷
2005 5061 2024 5069 ’
2198 5069 2250 5123 in
2271 5078 2520 5123 teternum
2558 5079 2606 5123 et
2649 5061 2704 5121 in
2742 5066 2989 5121 saeculum
3034 5062 3248 5119 saeculi:
3281 5070 3393 5116 tum
3431 5062 3483 5114 in
3515 5061 3682 5114 salute
3728 5070 3822 5114 tua

567 5130 727 5213 blliic
755 5131 943 5187 deerat
971 5151 1130 5213 quem
1161 5139 1229 5193 ad
1261 5136 1490 5213 Palatin,
1531 5136 1656 5192 cod.
1684 5137 1845 5193 [idem
1873 5137 2093 5194 obelum
2206 5155 2305 5213 pro
2325 5140 2581 5213 salutari,
2616 5148 2724 5194 etc.
2892 5206 2903 5213 _
3013 5204 3025 5213 _
3050 5204 3062 5213 _
3373 5202 3384 5213 .
3427 5201 3470 5213 η
3547 5200 3593 5213 η
3730 5199 3766 5213 ν

493 5201 827 5279 Praetulimus
845 5213 899 5279 et
917 5200 1144 5274 voculae,
1171 5226 1292 5277 qua:
1314 5211 1368 5263 in
1393 5208 1556 5264 Hebr.
1590 5224 1804 5279 quoque
1831 5218 1981 5264 textu
2015 5220 2094 5263 la-
2206 5200 2220 5210 ’
2277 5209 2295 5248 ί
2324 5211 2554 5264 Rursum
2568 5200 2649 5264 ἐκ
2681 5206 2981 5277 Augustino
3013 5204 3155 5279 idem
3189 5217 3318 5266 ms..
3349 5201 3495 5279 dabis
3510 5200 3825 5255 eibenedic-

491 5284 596 5354 cet.
639 5273 990 5354 Pauloetiam
1019 5272 1142 5354 post
1168 5272 1236 5333 ad
1266 5279 1493 5336 verbum
1521 5272 1788 5354 importes,
1827 5281 2093 5351 prmposi-
2200 5288 2389 5354 tionem
2409 5291 2508 5354 ,‘et
2537 5295 2654 5333 cum
2675 5272 2870 5349 gan'dio
2904 5291 3002 5348 pro
3030 5277 3114 5344 in,
3150 5283 3258 5332 etc.
3295 5291 3309 5328 :
3337 5272 3572 5342 denique
3595 5313 3610 5338 ,
3641 5283 3825 5341 sperat

487 5343 694 5421 tionem
720 5345 773 5397 in
799 5343 867 5398 de
896 5343 1047 5421 more
1076 5348 1218 5421 idem
1248 5364 1516 5421 int/nvem
1541 5343 1782 5421 jugulat.
1827 5343 1845 5351 ’
1946 5343 1960 5351 ’
2206 5354 2260 5406 in
2291 5343 2596 5405 Dominum.

519 5481 532 5493 .
565 5424 588 5451 ο
619 5414 790 5468 Carus
827 5424 884 5470 et
934 5417 1162 5475 Palatio.
1203 5435 1308 5476 ms.
1350 5412 1762 5492 ﬁnalia'puncta
1803 5423 1894 5494 qui
1948 5421 2089 5478 rela-
2202 5493 2207 5494 ί
2276 5433 2300 5470 8
2341 5421 2506 5477 Tacet
2543 5421 2684 5476 idem
2714 5433 2816 5473 ms.
2852 5429 3153 5488 pronomen
3181 5431 3294 5482 eos,
3345 5424 3456 5469 tum
3490 5412 3820 5484 pru'parnbis

493 5489 604 5563 liv?
621 5495 972 5563 ‘przeponunt.
1145 5560 1154 5563 _
1563 5489 1580 5492 ’
1816 5489 1826 5494 ⁷
2196 5493 2329 5563 legit
2356 5507 2452 5560 pro
2484 5505 2811 5563 prarparare.

559 5550 587 5587 ἀ
621 5550 948 5630 Veronensis
975 5560 1307 5630 ms.,dedisti
1330 5563 1397 5626 ci,
1415 5571 1463 5614 et
1479 5563 1794 5616 voluntatem
1814 5564 2078 5618 labiorum
2251 5550 2293 5601 Ἦ
2320 5550 2913 5630 ΧύάίιόιἈιιευδιίηο
2943 5555 3275 5630 Veronensis
3315 5569 3422 5612 ms.
3465 5553 3699 5612 voculas
3737 5557 3809 5607 ad

484 5621 623 5696 ejus.
644 5636 746 5677 non
778 5624 990 5681 vrivnsti
1011 5630 1056 5682 ei
1074 5621 1100 5698 ,'
1134 5645 1202 5686 ex
1231 5621 1516 5703 Augustini
1549 5634 1840 5704 Psalterio,
1868 5643 1924 5690 ut
1953 5645 2078 5692 sunt
2187 5645 2236 5692 te
2269 5653 2284 5691 .-
2309 5649 2435 5692 mox
2465 5645 2512 5689 et
2542 5642 2685 5690 nocte
2698 5621 2811 5704 "pro
2837 5631 2890 5686 in
2917 5640 3066 5686 nocte
3095 5627 3244 5699 legil-
