3960 6208
160 224 252 280 155

1403 211 1604 270 LIBER
1646 212 2095 273 PSALMORUM.

3308 217 3412 277 154

215 337 286 392 Tu
305 342 458 391 autent
479 335 531 388 in
549 341 729 387 sancto
752 330 976 395 habitas,
1009 329 1123 383 laus
1148 326 1316 383 Israel
1348 371 1364 397 ,
1411 329 1465 383 in
1495 336 1545 382 te
1583 344 1703 396 spe-
1728 332 1785 393 Α
1878 330 1961 386 Tu
1988 338 2167 387 autem
2190 329 2244 386 in
2274 336 2463 387 sancto
2488 329 2718 397 habitas,
2750 327 2865 387 laus
2890 328 3076 397 Israel,
3108 329 3161 386 in
3194 339 3248 387 te
3278 346 3406 403 spe-

159 438 369 484 raverant
430 435 593 495 patres
642 424 810 479 nostri
865 439 883 477 :
935 418 1264 489 speraverant
1297 460 1314 487 ,
1372 430 1417 474 et
1477 420 1706 474 liberasti

161 538 254 576 (’08.

222 612 295 666 Ad
318 622 359 665 te
374 611 742 675 clamauerunt,
781 617 830 663 et
856 606 989 662 salsi
1019 606 1143 677 facti
1168 614 1286 659 sunt
1315 621 1334 659 .'
1362 604 1415 657 in
1442 612 1490 658 te
1522 620 1703 675 spera-

157 713 328 769 verunt,
350 713 394 756 et
419 719 518 756 non
544 710 666 756 sunt
688 700 910 770 confusi.

212 792 311 865 Ego
336 801 496 848 autem
523 807 642 846 sum
666 791 877 854 vermis,
916 796 963 843 et
995 804 1100 843 non
1136 786 1291 842 homo
1311 827 1327 853 ,
1367 785 1703 857 approbrium

155 885 398 948 hominum,
432 893 477 937 et
503 882 720 954 abjectio
750 880 935 953 plebis.

210 975 371 1031 Omnes
389 975 611 1029 ridentes
630 990 727 1039 me,
746 973 1034 1027 deriserunt
1051 988 1131 1027 me
1154 987 1174 1026 :
1196 970 1355 1027 locuti
1380 978 1499 1024 sunt
1528 969 1699 1038 labiis,

153 1082 202 1122 -:—
226 1078 268 1122 et
297 1069 317 1136 ζ
349 1076 607 1122 moverunt
637 1078 810 1138 caput.

206 1160 417 1233 Speravit
457 1162 511 1215 in
552 1158 809 1229 Domino,
841 1160 1027 1231 eripiat
1070 1176 1189 1215 eum
1228 1176 1248 1216 :

151 1268 263 1315 eum,
283 1251 512 1320 quoniam
541 1251 649 1304 uult
674 1265 809 1304 eum.

207 1340 439 1406 Quoniam
462 1348 518 1394 tu
561 1357 615 1395 es
638 1382 653 1409 ,
685 1343 776 1412 qui
804 1340 1077 1394 extraxiin
1119 1356 1200 1394 me
1234 1339 1297 1394 de
1322 1351 1497 1395 ventre
1534 1356 1554 1395 :
1584 1357 1699 1410 spes

150 1450 237 1487 mea
269 1434 327 1487 ab
354 1432 583 1488 uberibus
615 1433 795 1488 matris
841 1448 997 1501 mere,
1032 1433 1086 1487 in
1120 1442 1167 1487 te
1197 1436 1457 1505 projectus
1495 1451 1607 1489 sum
1636 1451 1700 1489 ea:

151 1533 285 1580 utero.

207 1614 269 1669 De
290 1624 451 1670 ventre
478 1615 660 1670 matris
690 1630 817 1670 mea:
837 1656 853 1683 ,
896 1614 1039 1671 Deus
1064 1631 1203 1669 meus
1231 1631 1284 1669 es
1312 1625 1367 1670 tu
1390 1631 1410 1671 .'
1437 1633 1501 1671 ne
1532 1625 1557 1655 ι
1585 1616 1696 1671 dis-

152 1712 320 1763 cesseris
343 1724 399 1763 +
424 1725 456 1761 a
478 1725 558 1764 me
583 1709 607 1777 ζ
1081 1711 1089 1718 ’

210 1802 432 1867 Quoniam
455 1802 727 1858 tribulatio
751 1802 990 1874 proxima
1020 1810 1091 1857 est
1123 1818 1140 1855 :
1170 1804 1417 1875 quoniam
1451 1820 1553 1860 non
1586 1813 1698 1872 est,

151 1896 219 1965 qui
240 1898 441 1968 adjuvet.
469 1895 497 1935 1³

206 1987 626 2046 Circumdederunt
654 2003 735 2044 me
760 1989 907 2044 vituli
927 1990 1076 2044 multi
1108 2006 1127 2045 :
1158 1991 1290 2046 tauri
1316 1992 1534 2063 pingues
1557 1991 1703 2047 obse-

152 2084 299 2135 derunt
316 2099 406 2139 me.

204 2176 489 2245 Aperuerunt
523 2192 687 2246 super
722 2192 802 2231 me
826 2192 882 2232 os
921 2192 1102 2242 suum,
1131 2176 1261 2230 sicut
1302 2176 1381 2230 leo
1420 2177 1628 2249 rapiens
1652 2185 1702 2231 et

151 2267 332 2337 rugiens.

204 2362 327 2417 Sicut
360 2379 491 2434 aqua
512 2405 528 2432 ,
572 2362 773 2432 effusus
808 2378 924 2417 sum
952 2377 970 2417 :
1009 2372 1056 2417 et
1093 2363 1331 2434 dispersa
1366 2371 1488 2417 sunt
1527 2364 1701 2418 omnia

152 2470 239 2508 οδω
259 2472 375 2509 mea.

203 2550 391 2605 Factum
417 2560 487 2606 est
514 2567 612 2606 cor
638 2567 809 2607 meum
837 2560 1100 2623 tamquam
1128 2566 1246 2605 cera
1286 2549 1571 2620 liquescens
1589 2591 1605 2616 ,
1643 2550 1699 2604 in

153 2640 280 2693 medio
305 2645 479 2697 centris
508 2647 633 2697 mei.

202 2732 346 2801 Aruit,
369 2744 633 2807 tamquam
662 2742 815 2801 testa,
840 2734 999 2787 virtus
1028 2749 1160 2800 mea,
1190 2734 1437 2803 etlingua
1461 2749 1574 2786 mea
1606 2732 1700 2785 ad-

150 2825 261 2879 insit
289 2828 507 2899 faucibus
552 2828 680 2882 meis
720 2841 741 2881 :
771 2835 820 2881 et
855 2827 910 2880 in
938 2824 1199 2896 pulverem
1234 2826 1412 2879 mortis
1440 2825 1702 2880 deduxisti

148 2934 224 2972 nte.

203 3008 423 3075 Quoniam
447 3010 906 3067 circumdederunt
935 3025 1013 3063 me
1032 3024 1187 3064 canes
1208 3022 1270 3063 -ξ-
1301 3008 1450 3062 multi
1477 3007 1500 3075 ζ
1530 3006 1699 3061 conci-

148 3102 246 3155 lium
276 3106 667 3179 malignantinm
694 3105 892 3159 obsedit
920 3120 1020 3157 me.

201 3192 440 3253 Fuderunt
468 3214 657 3251 manus
682 3213 842 3263 meas,
875 3204 923 3250 et
949 3196 1101 3268 pedes
1133 3210 1305 3263 meos,
1348 3194 1702 3249 dinumerave-

147 3294 239 3340 runt
264 3291 423 3343 omnia
450 3307 578 3346 ossa
601 3306 736 3344 mea.

202 3379 296 3449 ipsi
314 3400 422 3438 vero
448 3384 936 3449 consideraverunt,
962 3392 1010 3437 et
1045 3383 1381 3453 inspexerunt
1404 3396 1484 3434 me
1511 3397 1531 3435 :
1568 3380 1701 3434 divi-

145 3482 286 3526 serunt
308 3474 399 3530 sibi
427 3476 733 3531 vestimenta
756 3491 891 3539 mea,
926 3482 976 3529 et
1004 3488 1162 3543 super
1196 3483 1381 3527 vestem
1404 3486 1572 3525 meam
1596 3471 1699 3525 mi-

146 3576 283 3617 serunt
303 3578 502 3622 sortem.

199 3652 236 3706 Τ
241 3673 268 3707 u
285 3670 463 3723 autem,
488 3657 738 3724 Domine,
766 3673 831 3711 ne
852 3656 1173 3727 elongaveris
1204 3654 1461 3709 auxilium
1499 3662 1647 3708 tuum
1664 3670 1697 3707 a

146 3760 206 3798 me
228 3762 243 3798 :
269 3750 327 3801 ad
353 3748 701 3819 defensionem
730 3764 897 3802 nteant
926 3746 1185 3818 conspice.

202 3837 318 3893 Erue
341 3859 368 3893 a
394 3845 591 3913 framea
621 3856 683 3896 —:—
720 3851 743 3880 ο
778 3840 920 3895 Deus
950 3840 973 3908 ζ
1005 3841 1231 3894 animant
1256 3856 1419 3893 meam
1448 3854 1466 3892 :
1500 3853 1562 3895 σξ-
1592 3850 1639 3894 et
1671 3839 1694 3907 ζ

148 3928 197 3981 de
220 3946 355 3985 manu
382 3934 551 4001 canis,
583 3934 796 3988 unicam
826 3948 1009 3987 meam.

203 4021 340 4079 Salva
363 4043 439 4082 me
472 4044 537 4082 ea:
564 4043 653 4082 ore
681 4026 845 4081 leonis
869 4039 890 4080 :
914 4035 976 4096 _et
1020 4041 1055 4079 a
1087 4022 1329 4079 cornibus
1375 4023 1705 4079 unicornium

148 4114 454 4175 humilitatem
482 4137 675 4177 meam.

206 4207 420 4267 Narrabo
447 4230 630 4268 nomen
653 4220 799 4267 tuum
824 4210 1078 4283 fratribus
1106 4210 1231 4265 meis
1259 4225 1279 4264 :
1305 4209 1359 4263 in
1400 4208 1572 4264 medio
1602 4208 1705 4265 Ec-

148 4298 281 4354 clesia
306 4302 524 4358 laudabo
544 4314 613 4359 te.

206 4392 291 4457 Qui
317 4396 499 4452 timetis
518 4396 803 4452 Dominum
847 4394 1062 4450 laudate
1101 4410 1260 4450 eum:
1304 4392 1601 4449 universum
1624 4409 1707 4449 se-

149 4497 240 4538 men
262 4484 433 4558 Iacob,
459 4490 753 4562 gloriﬁcate
775 4504 916 4545 eum.
950 4483 979 4525 (ι

1296 1161 1497 1216 salvum
1540 1160 1701 1231 faciat

209 4651 230 4679 ⁸
252 4644 347 4702 Pro
370 4647 468 4706 hoc
494 4648 762 4704 asterisco
792 4650 879 4713 ﬁt,
913 4644 1243 4715 scriptorum
1275 4657 1463 4698 errore
1494 4642 1699 4715 positus

152 4722 219 4767 est
240 4716 483 4775 obelus+
508 4721 562 4775 in
585 4734 690 4774 ms.
723 4714 1050 4782 Sorbonico,
1081 4716 1171 4784 qui
1202 4715 1323 4770 haec
1348 4718 1500 4784 signa
1528 4714 1699 4769 minio

153 4797 461 4906 gicpnesentat
510 4806 635 4847 cum
686 4789 900 4845 duobus
949 4787 1165 4857 punctis
1214 4785 1696 4855 consequentibus.

196 4870 300 4906 nr.

196 4870 300 4911 Αιτ.

210 4948 234 4984 ιι
258 4949 294 5023 ξ
318 4953 522 5023 regione
544 4961 774 5009 annotat
802 4950 1083 5023 Palatinus
1106 4947 1568 5023 ms._D_iapsalma.

216 5028 234 5053 ε
260 5018 455 5092 Rectius
473 5025 644 5081 ferme
670 5035 963 5092 utrumque
984 5021 1139 5092 abest
1159 5035 1192 5074 a
1211 5018 1703 5092 Palatino_ms._no—

155 5102 258 5165 tuen
286 5090 434 5165 l_)eus,
461 5107 512 5152 et
535 5113 701 5164 veru,
735 5111 845 5165 quo
873 5088 1215 5157 confoditur,
1243 5088 1701 5161 quemadmodum

154 5169 198 5210 ct
220 5161 267 5212 in
289 5163 460 5221 ὕπωεο
480 5169 597 5237 ipso
622 5161 707 5222 est
731 5161 899 5221 textu.

212 5246 236 5285 ἀ
273 5252 363 5308 llic
385 5271 410 5309 e
431 5260 647 5329 regione
669 5257 948 5313 Palatinus
980 5270 1083 5310 ms.
1114 5253 1425 5324 Diapsalma
1453 5252 1699 5324 apponit.

217 5342 405 5419 fidem
437 5366 553 5404 cum
588 5352 819 5419 August.
856 5361 996 5413 ms.,
1034 5347 1124 5417 qui
1172 5346 1553 5419 conspiciebant
1597 5360 1700 5413 me,

159 5409 495 5487 subsannabant
515 5438 614 5487 me,
638 5409 704 5474 et"
714 5420 875 5473 locuti
900 5409 1017 5472 sunt
1047 5409 1098 5472 in
1121 5418 1294 5472 labiis.

222 5480 236 5517 ί
273 5485 512 5557 In‘eodem
535 5480 660 5556 ms.,
688 5489 1045 5555 circumdedit,
1074 5489 1233 5543 unice
1255 5503 1377 5543 cum
1404 5486 1628 5557 August.

224 5564 248 5630 ἦ
272 5555 417 5611 Addit
440 5561 571 5617 idem
600 5555 705 5617 ms.
730 5577 813 5614 me
834 5576 853 5613 :
884 5569 993 5613 tum
1023 5561 1321 5613 vestimenta
1359 5575 1452 5630 sua
1478 5555 1575 5625 pro
1592 5573 1706 5610 mea

165 5616 276 5688 ιεῐζὶι
298 5664 310 5686 .
350 5631 476 5693 quod
498 5616 677 5702 aperte
718 5631 1041 5702 mendosum
1075 5637 1199 5702 est;
1230 5616 1490 5702 etnescio
1523 5639 1703 5682 tamen

161 5704 248 5757 qua
270 5704 511 5778 περιεργίᾳ
531 5699 726 5767 editor,
743 5710 801 5755 ut
819 5717 887 5758 ne
903 5699 1031 5756 illud
1044 5700 1331 5772 suspiceris
1353 5714 1475 5757 esse
1499 5707 1591 5754 aut
1608 5712 1702 5753 an-

1723 1723 1771 1785 Β

1810 435 2065 481 raverunt
2096 434 2276 495 patres
2303 424 2476 481 nostri
2504 442 2516 478 :
2551 423 3251 495 speraverunt,etliberasti
3272 425 3399 497 [Με.

1808 520 2020 591 eruisti]
2050 534 2165 576 eos.

1879 611 1962 667 Ad
1994 621 2045 668 te
2068 612 2457 677 elamaverunt,
2487 619 2543 666 et
2565 609 2697 665 salvi
2726 609 2851 665 lacti
2876 616 3002 665 sunt
3030 626 3043 665 :
3068 610 3120 665 in
3143 618 3195 665 te
3223 624 3403 680 spera-

1807 714 2024 769 verunt,
2056 714 2113 760 et
2140 720 2246 760 non
2268 713 2396 759 sunt
2419 702 2654 759 confusi.

1880 797 1992 867 Ego
2020 805 2201 851 autem
2227 811 2345 851 sum
2370 796 2589 856 vermis.
2614 803 2795 850 etnon
2818 792 2984 849 homo
3010 810 3023 847 :
3048 790 3398 864 opprobrium

1808 888 2111 956 hominum,
2144 898 2199 945 et
2218 888 2452 960 abjectio
2483 887 2674 959 plebis.

1877 985 2079 1040 Omnes
2097 983 2188 1052 qui
2209 992 2232 1021 ε
2264 982 2517 1037 videbant
2546 995 2664 1047 me,
2692 978 3119 1051 aspernabantur
3158 992 3244 1034 me
3273 993 3289 1034 :
3322 977 3402 1034 lo-

1805 1076 1916 1131 cuti
1943 1082 2070 1130 sunt
2092 1072 2275 1140 labiis,
2306 1081 2361 1128 et
2390 1081 2675 1129 moverunt
2702 1080 2882 1142 caput.

1877 1163 2126 1234 Speravit
2154 1162 2209 1218 in
2231 1163 2482 1230 Domino,
2512 1162 2709 1234 eripiat
2737 1161 2863 1233 [51s.
2894 1160 3067 1232 eruat]
3094 1176 3220 1217 eum
3250 1177 3264 1214 :
3294 1158 3403 1215 sal-

1804 1272 1931 1314 vum
1955 1257 2116 1313 faciat
2141 1271 2289 1322 eum,
2320 1256 2575 1327 quoniam
2605 1255 2720 1310 vult
2748 1254 2877 1327 [κε.
2896 1254 3087 1325 voluit]
3108 1268 3253 1309 etim.

1874 1348 2140 1419 Quoniam
2171 1356 2229 1402 tu
2252 1361 2311 1403 es
2335 1388 2351 1413 ,
2383 1347 2474 1418 qui
2496 1346 2806 1403 abstraxisti
2836 1343 3287 1417 [Ms.extraxisti]
3312 1359 3401 1400 me

1802 1440 1873 1497 de
1892 1450 2113 1506 ventre,
2148 1453 2272 1509 spes
2299 1452 2418 1495 mea
2444 1438 2514 1493 ab
2543 1438 2799 1494 uberibus
2828 1437 3016 1493 matris
3046 1451 3182 1491 mea:
3207 1477 3223 1502 ,
3264 1435 3318 1490 in
3346 1444 3400 1491 te

1797 1536 2032 1606 jactatus
2060 1548 2180 1589 sum
2215 1548 2280 1589 ex
2311 1541 2465 1588 utero
2492 1530 2597 1588 :dc
2618 1541 2804 1588 ventre
2832 1530 3022 1585 matris
3048 1544 3217 1595 metu,
3260 1528 3401 1585 Deus

1804 1643 1957 1685 meus
1980 1642 2041 1684 es
2066 1634 2145 1682 ω.

1877 1813 1955 1870 Ne
1969 1810 2286 1869 discesseris
2305 1808 2431 1883 [Με.
2448 1806 2721 1880 discedas]
2746 1822 2774 1861 a
2790 1822 2896 1872 me,
2911 1805 3166 1878 quoniam
3180 1805 3401 1861 tribula-

1806 1907 1880 1963 tio
1892 1904 2134 1977 proxima
2153 1913 2233 1959 est
2260 1921 2273 1958 :
2298 1912 2353 1959 et
2374 1901 2504 1973 μὴ.
2523 1899 2799 1972 quoniam]
2814 1915 2920 1955 non
2934 1906 3037 1965 est,
3052 1898 3141 1968 qui
3163 1897 3399 1968 adjuvet.

1874 1997 2354 2055 Circumdederunt
2384 2010 2473 2052 me
2492 1994 2643 2051 vituli
2662 1994 2813 2049 multi
2845 2011 2859 2047 :
2891 1993 3027 2048 tauri
3048 1992 3275 2065 pingues
3300 1991 3401 2048 ob-

1803 2093 2062 2148 sederunt
2083 2105 2191 2145 me.

1874 2182 2217 2253 Aperucrnnt
2248 2178 2303 2234 in
2335 2193 2423 2234 me
2442 2191 2505 2233 os
2526 2191 2708 2242 suum,
2730 2174 2871 2232 sicut
2893 2175 2979 2231 leo
3005 2174 3219 2246 rapiens
3236 2182 3290 2230 et
3311 2189 3403 2229 ru-

1800 2275 1955 2347 giens
1975 2291 1991 2330 :
2010 2273 2324 2344 sicutaqua,
2348 2269 2518 2327 causa
2546 2278 2674 2325 sunt
2696 2269 2823 2342 [51s.
2838 2268 3043 2326 effusus
3066 2267 3232 2341 sum],
3247 2276 3302 2325 et
3317 2268 3401 2324 di-

1802 2384 1993 2442 spersa
2023 2376 2151 2424 sunt
2180 2365 2361 2423 omnia
2390 2379 2518 2421 ossa
2546 2378 2693 2419 mea.

1877 2554 1945 2609 Et
1987 2552 2113 2625 [Με.
2148 2559 2278 2606 tacet
2317 2548 2394 2621 et]
2432 2548 2630 2604 factum
2668 2554 2754 2602 est
2785 2561 2880 2602 eor
2916 2560 3095 2600 meum
3129 2552 3402 2615 tamquam

1802 2660 1929 2703 cera
1954 2642 2237 2716 liqueﬁens
2255 2642 2380 2715 [ιιι.
2400 2639 2749 2712 liquescens],
2772 2638 2824 2694 in
2851 2640 3030 2694 medio
3047 2638 3248 2693 ventris
3272 2638 3400 2692 tnei.

1877 2738 2119 2802 Exaruit,
2150 2735 2297 2790 velut
2325 2742 2484 2801 testa,
2516 2732 2684 2788 virtus
2711 2748 2852 2799 mea,
2877 2741 2932 2787 et
2958 2733 3137 2803 lingua
3169 2748 3287 2787 mea
3310 2732 3401 2786 ad-

1804 2832 1958 2887 lnesit
2010 2829 2253 2886 faucibus
2281 2828 2416 2884 meis
2451 2845 2465 2883 :
2494 2836 2549 2884 et
2593 2828 2647 2883 in
2669 2827 2951 2898 pulverem
2998 2826 3192 2881 mortis
3228 2825 3403 2881 dedu-

1802 2924 1928 2981 xisti
1958 2939 2066 2978 me.

1873 3015 2137 3083 Quoniam
2151 3012 2623 3069 circumdederunt
2634 3026 2720 3069 me
2735 3025 2895 3068 canes
2911 3010 3065 3066 multi
3084 3028 3097 3067 :
3114 3009 3402 3067 concilium

1728 3106 1774 3171 C
1806 3108 2212 3177 malignantium
2232 3104 2251 3143 ί
2290 3105 2503 3161 obsedit
2529 3120 2636 3160 me.

1876 3199 2519 3255 Fodcruntmanusmeas
2542 3207 2596 3253 et
2626 3196 2751 3263 [Με.
2776 3205 2906 3252 tacet
2922 3194 2997 3268 et]
3022 3194 3187 3267 pedes
3216 3209 3401 3252 meos:

1804 3304 1855 3350 et
1878 3293 2359 3349 dinumeraverunt
2379 3291 2556 3347 omnia
2586 3306 2709 3346 ossa
2742 3306 2882 3346 mea.

1875 3384 1979 3456 Ipsi
2014 3400 2163 3451 vero,
2192 3383 2746 3449 consideraverunttt,
2778 3391 2832 3437 et
2856 3388 3259 3453 conspexerunt
3285 3397 3403 3436 me:

1804 3476 2103 3531 diviserunt
2160 3474 2262 3530 sibi
2312 3474 2627 3530 vestimenta
2666 3489 2783 3529 mea
2826 3490 2839 3527 :
2878 3482 2934 3529 et
2981 3488 3144 3544 super
3199 3482 3406 3529 vestem

1803 3584 1979 3624 meam
2008 3566 2134 3639 [51s.
2166 3566 2545 3621 vestimentum
2572 3580 2751 3619 meum
2781 3564 3044 3619 miserunt
3071 3571 3293 3618 sortem.

1872 3660 1953 3715 'l‘u
1983 3669 2187 3725 autem,
2205 3657 2448 3723 Domine,
2474 3672 2541 3711 ne
2565 3657 2723 3727 longe
2740 3653 2947 3710 hlacias
2973 3654 3234 3709 auxilium
3254 3664 3402 3709 tuum

1802 3765 1835 3806 a
1866 3765 1953 3806 me
1982 3767 1996 3803 :
2024 3749 2090 3804 ad
2113 3747 2241 3820 [11s.
2272 3746 2349 3817 in]
2377 3746 2746 3802 defensionem
2777 3762 2951 3801 meam
2976 3746 3178 3816 aspice.

1879 3842 2021 3897 Erue
2045 3858 2076 3896 a
2107 3840 2309 3896 framea
2344 3840 2579 3895 arnimam
2616 3852 2793 3895 meam
2822 3853 2837 3894 :
2870 3847 2925 3893 et
2956 3838 3024 3894 de
3065 3854 3229 3894 manu
3256 3838 3407 3895 canis

1805 3935 2022 3990 unicam
2048 3948 2248 3988 meam.

1878 4028 2072 4089 Libera
2094 4042 2182 4083 me
2210 4024 2338 4099 [Μδ.
2362 4025 2573 4082 salvum
2605 4038 2693 4081 me
2722 4022 2829 4097 lae]
2859 4024 2927 4081 de
2949 4038 3046 4081 ore
3084 4024 3261 4081 leonis
3300 4037 3317 4081 :
3350 4032 3409 4081 et

1808 4135 1838 4175 a
1867 4120 2126 4178 cornibus
2157 4118 2583 4199 unicornuorlum
2614 4116 2973 4173 humilitatem
3013 4130 3214 4172 meam.

1878 4211 2124 4267 Narrabo
2176 4226 2375 4267 nomen
2410 4221 2561 4266 tuum
2588 4208 2848 4265 fratribus
2895 4209 3080 4265 meis:
3130 4210 3183 4264 in
3225 4206 3406 4265 medio

1809 4304 2068 4361 Ecclesia:
2097 4304 2335 4360 laudabo
2362 4302 2491 4376 [Μδ.
2529 4301 2783 4373 cantabo]
2816 4312 2889 4358 te.

1880 4397 1983 4464 Qui
2014 4396 2220 4451 timetis
2257 4394 2570 4459 Dominum,
2617 4393 2840 4449 laudate
2883 4407 3010 4449 eum
3038 4406 3055 4446 :
3087 4388 3405 4445 universum

1728 4480 1783 4543 D
1806 4503 1995 4545 semen
2025 4486 2265 4557 Jacobhi
2302 4487 2648 4558 magniﬁcate
2686 4501 2833 4543 eum.

1806 4643 2021 4716 liquat-ii
2047 4654 2140 4700 aut
2177 4642 2495 4716 typograplti
2523 4643 2809 4712 mendum,
2844 4643 2914 4699 ita
2942 4641 3139 4715 [monet
3169 4638 3409 4696 retinen-

1807 4714 1956 4787 du_m,
1984 4717 2094 4787 lege
2122 4714 2249 4783 sua,
2276 4714 2378 4771 non
2404 4714 2551 4787 mea.

1880 4784 1906 4823 ιι
1931 4781 2106 4841 Penes
2134 4781 2362 4856 August.
2388 4796 2444 4842 et
2465 4786 2772 4843 Veronens.
2800 4799 2906 4856 ms.
2933 4784 3133 4854 feceris.
3166 4781 3271 4838 Pro
3302 4798 3401 4856 au-

1807 4855 1994 4910 xilium
2022 4868 2186 4923 tuum,
2218 4853 2362 4928 quod
2390 4860 2653 4928 sequitur,
2673 4866 2820 4911 notat
2848 4853 3209 4928 Hieronymus
3234 4853 3397 4920 epist.

1810 4928 1877 4981 ad
1902 4928 2159 4983 Sunniatn
2182 4926 2249 4983 et'
2268 4926 2560 4993 Fretelam,
2592 4928 2867 4983 invenisse
2895 4926 3401 4987 eos,auxitiumme-

1812 5016 1901 5053 um
1929 5000 2087 5070 quod,
2114 5000 2309 5069 inquit,
2339 5009 2385 5054 et
2410 5015 2583 5070 verum
2612 5008 2708 5070 est,
2737 5006 2783 5070 et
2800 4997 2873 5049 ita
2902 4994 3277 5070 corrigendum.
3299 4995 3403 5048 lie—

1808 5065 2275 5127 vera'sie’feruut
2311 5069 2603 5137 nriginales
2645 5067 2769 5121 libri
2820 5065 3214 5137 utnnes.:Andi
3258 5080 3401 5120 nime

1806 5142 1936 5211 quid
1964 5142 2293 5197 Veronensis
2335 5136 2768 5211 hujuspsalterii
2810 5137 2989 5211 editor
3016 5136 3242 5211 doceat,
3278 5152 3408 5204 per-

1806 5208 1967 5284 quam
1999 5214 2139 5267 enim
2171 5208 2684 5284 rarealiquidnultra
2715 5208 2987 5260 variantes
3014 5208 3400 5284 lectionesnti-

1807 5273 1932 5340 det:
1970 5284 2075 5337 Pro
2102 5298 2131 5335 a
2156 5296 2263 5346 me,
2291 5273 2483 5345 inquit,
2517 5278 2577 5330 S.
2611 5275 2982 5347 Hieronymus,
3015 5278 3068 5330 in
3097 5273 3398 5347 epistslSEi,

1806 5358 1911 5409 vult
1939 5357 2036 5425 legi
2063 5345 2296 5406 mecum.
2333 5346 2488 5425 Falsa
2527 5345 2774 5415 equidem
2806 5345 2871 5425 ac
2904 5345 3182 5425 perverse.
3212 5345 3405 5399 llicro—

1808 5417 2007 5496 nymus
2034 5436 2207 5490 neque
2246 5418 2467 5471 voculas
2501 5433 2532 5467 a
2557 5432 2635 5469 me
2657 5417 3061 5496 respexit,_sed
3099 5431 3401 5496 pronomen

1809 5486 1984 5558 tuum;
2014 5486 2188 5561 neque
2219 5502 2315 5558 pro
2341 5501 2407 5541 eo
2442 5502 2639 5539 mecum
2674 5486 3051 5557 corrigendum
3088 5486 3227 5541 dixit
3247 5527 3263 5553 ,
3304 5486 3399 5540 sed

1809 5583 1855 5619 m
1862 5581 1918 5617 ριι
1925 5581 1973 5616 ηι
1981 5603 1995 5615 .

1889 5633 1899 5670 ί
1947 5634 2002 5686 In
2025 5632 2217 5686 Graeco
2251 5626 2499 5695 legebant
2528 5626 2731 5682 Suunia
2760 5644 2822 5681 ac
2846 5626 3058 5680 Fretela
3087 5626 3397 5697 gloriﬁcatc.

1808 5706 1979 5775 Super
2002 5718 2104 5775 qua
2136 5717 2195 5757 re
2226 5701 2415 5755 istltace
2447 5698 2654 5754 monuit
2682 5698 2739 5755 S.
2773 5698 3134 5767 Hieronymus
3170 5716 3183 5751 :
