  <div class='ocr_page' id='page_1' title='image "/cluster/home/n/w/nwhite01/storage/ocr_20150623/29/uva.x000826564/088.png"; bbox 0 0 3960 6208; ppageno 0'>
   <div class='ocr_carea' id='block_1_1' title="bbox 164 163 2111 229">
    <p class='ocr_par' dir='ltr' id='par_1_1' title="bbox 164 163 2111 229">
     <span class='ocr_line' id='line_1_1' title="bbox 164 163 2111 229; baseline -0.004 -2"><span class='ocrx_word' id='word_1_1' title='bbox 164 171 248 229; x_wconf 77' lang='grc'><strong>157</strong></span> <span class='ocrx_word' id='word_1_2' title='bbox 1424 166 1627 224; x_wconf 81' lang='lat' dir='ltr'><strong>LIBER</strong></span> <span class='ocrx_word' id='word_1_3' title='bbox 1666 163 2111 225; x_wconf 74' lang='lat' dir='ltr'><strong>PSALMORUM.</strong></span> 
     </span>
    </p>
   </div>
   <div class='ocr_carea' id='block_1_2' title="bbox 3339 172 3443 237">
    <p class='ocr_par' dir='ltr' id='par_1_2' title="bbox 3339 172 3443 237">
     <span class='ocr_line' id='line_1_2' title="bbox 3339 172 3443 237; baseline -0.058 -2"><span class='ocrx_word' id='word_1_4' title='bbox 3339 172 3443 237; x_wconf 72' lang='grc'><strong>158</strong></span> 
     </span>
    </p>
   </div>
   <div class='ocr_carea' id='block_1_3' title="bbox 228 280 3441 365">
    <p class='ocr_par' dir='ltr' id='par_1_3' title="bbox 228 280 3441 365">
     <span class='ocr_line' id='line_1_3' title="bbox 228 280 3441 365; baseline -0.001 -20"><span class='ocrx_word' id='word_1_5' title='bbox 228 290 289 347; x_wconf 82' lang='lat' dir='ltr'><strong>Et</strong></span> <span class='ocrx_word' id='word_1_6' title='bbox 337 289 697 345; x_wconf 71' lang='lat' dir='ltr'><strong>misericordia</strong></span> <span class='ocrx_word' id='word_1_7' title='bbox 731 302 795 344; x_wconf 62' lang='grc' dir='ltr'><strong>φί-</strong></span> <span class='ocrx_word' id='word_1_8' title='bbox 829 294 920 342; x_wconf 83' lang='lat' dir='ltr'><strong>tua</strong></span> <span class='ocrx_word' id='word_1_9' title='bbox 999 285 1327 361; x_wconf 70' lang='lat' dir='ltr'><strong>subsequatur</strong></span> <span class='ocrx_word' id='word_1_10' title='bbox 1368 300 1467 351; x_wconf 88' lang='lat' dir='ltr'><strong>me,</strong></span> <span class='ocrx_word' id='word_1_11' title='bbox 1503 285 1741 343; x_wconf 80' lang='lat' dir='ltr'><strong>omnibus</strong></span> <span class='ocrx_word' id='word_1_12' title='bbox 1770 292 1822 351; x_wconf 82' lang='grc' dir='ltr'>Α</span> <span class='ocrx_word' id='word_1_13' title='bbox 1919 282 1987 339; x_wconf 83' lang='grc' dir='ltr'><strong>Ει</strong></span> <span class='ocrx_word' id='word_1_14' title='bbox 2012 280 2385 338; x_wconf 85' lang='lat' dir='ltr'><strong>misericordia</strong></span> <span class='ocrx_word' id='word_1_15' title='bbox 2413 289 2500 337; x_wconf 90' lang='lat' dir='ltr'><strong>tua</strong></span> <span class='ocrx_word' id='word_1_16' title='bbox 2526 282 2887 365; x_wconf 87' lang='lat' dir='ltr'><strong>subsequatur</strong></span> <span class='ocrx_word' id='word_1_17' title='bbox 2908 298 3018 349; x_wconf 88' lang='lat' dir='ltr'><strong>me,</strong></span> <span class='ocrx_word' id='word_1_18' title='bbox 3047 285 3307 349; x_wconf 85' lang='lat' dir='ltr'><strong>omnibus</strong></span> <span class='ocrx_word' id='word_1_19' title='bbox 3328 286 3441 343; x_wconf 86' lang='lat' dir='ltr'><strong>die-</strong></span> 
     </span>
    </p>
   </div>
   <div class='ocr_carea' id='block_1_4' title="bbox 160 384 616 439">
    <p class='ocr_par' dir='ltr' id='par_1_4' title="bbox 160 384 616 439">
     <span class='ocr_line' id='line_1_4' title="bbox 160 384 616 439; baseline -0.004 -2"><span class='ocrx_word' id='word_1_20' title='bbox 160 384 320 439; x_wconf 76' lang='lat' dir='ltr'><strong>ditbus</strong></span> <span class='ocrx_word' id='word_1_21' title='bbox 340 384 446 438; x_wconf 66' lang='lat' dir='ltr'><strong>vita:</strong></span> <span class='ocrx_word' id='word_1_22' title='bbox 475 398 616 438; x_wconf 60' lang='lat' dir='ltr'><strong>new.</strong></span> 
     </span>
    </p>
   </div>
   <div class='ocr_carea' id='block_1_5' title="bbox 224 469 1725 544">
    <p class='ocr_par' dir='ltr' id='par_1_5' title="bbox 224 469 1725 544">
     <span class='ocr_line' id='line_1_5' title="bbox 224 469 1725 544; baseline -0.005 -11"><span class='ocrx_word' id='word_1_23' title='bbox 224 475 288 533; x_wconf 81' lang='lat' dir='ltr'><strong>Et</strong></span> <span class='ocrx_word' id='word_1_24' title='bbox 314 493 367 532; x_wconf 53' lang='grc' dir='ltr'><em>ὴ</em></span> <span class='ocrx_word' id='word_1_25' title='bbox 390 486 442 530; x_wconf 90' lang='lat' dir='ltr'><strong>ut</strong></span> <span class='ocrx_word' id='word_1_26' title='bbox 472 479 491 544; x_wconf 93' lang='lat'><strong>1</strong></span> <span class='ocrx_word' id='word_1_27' title='bbox 524 474 819 533; x_wconf 74' lang='lat' dir='ltr'><strong>inhabilem</strong></span> <span class='ocrx_word' id='word_1_28' title='bbox 848 474 904 528; x_wconf 85' lang='lat' dir='ltr'><strong>iu</strong></span> <span class='ocrx_word' id='word_1_29' title='bbox 930 473 1081 527; x_wconf 77' lang='lat' dir='ltr'><strong>domo</strong></span> <span class='ocrx_word' id='word_1_30' title='bbox 1107 469 1342 539; x_wconf 89' lang='lat' dir='ltr'><strong>Domini,</strong></span> <span class='ocrx_word' id='word_1_31' title='bbox 1366 471 1418 524; x_wconf 90' lang='lat' dir='ltr'><strong>in</strong></span> <span class='ocrx_word' id='word_1_32' title='bbox 1444 470 1725 541; x_wconf 51' lang='lat' dir='ltr'><strong>longitudi.</strong></span> 
     </span>
    </p>
   </div>
   <div class='ocr_carea' id='block_1_6' title="bbox 153 568 497 624">
    <p class='ocr_par' dir='ltr' id='par_1_6' title="bbox 153 568 497 624">
     <span class='ocr_line' id='line_1_6' title="bbox 153 568 497 624; baseline -0.006 -1"><span class='ocrx_word' id='word_1_33' title='bbox 153 585 259 624; x_wconf 82' lang='lat' dir='ltr'><strong>nem</strong></span> <span class='ocrx_word' id='word_1_34' title='bbox 292 568 497 622; x_wconf 74' lang='lat' dir='ltr'><strong>dierum.</strong></span> 
     </span>
    </p>
   </div>
   <div class='ocr_carea' id='block_1_7' title="bbox 1839 377 2279 433">
    <p class='ocr_par' dir='ltr' id='par_1_7' title="bbox 1839 377 2279 433">
     <span class='ocr_line' id='line_1_7' title="bbox 1839 377 2279 433; baseline -0.005 0"><span class='ocrx_word' id='word_1_35' title='bbox 1839 380 1938 433; x_wconf 90' lang='lat' dir='ltr'><strong>bus</strong></span> <span class='ocrx_word' id='word_1_36' title='bbox 1969 377 2096 433; x_wconf 63' lang='lat' dir='ltr'><strong>vita:</strong></span> <span class='ocrx_word' id='word_1_37' title='bbox 2120 394 2279 433; x_wconf 69' lang='lat' dir='ltr'><strong>meae.</strong></span> 
     </span>
    </p>
   </div>
   <div class='ocr_carea' id='block_1_8' title="bbox 1906 460 3431 549">
    <p class='ocr_par' dir='ltr' id='par_1_8' title="bbox 1906 460 3431 549">
     <span class='ocr_line' id='line_1_8' title="bbox 1906 460 3431 549; baseline 0 -20"><span class='ocrx_word' id='word_1_38' title='bbox 1906 472 1977 529; x_wconf 87' lang='lat' dir='ltr'><strong>Ut</strong></span> <span class='ocrx_word' id='word_1_39' title='bbox 2005 460 2301 533; x_wconf 74' lang='lat' dir='ltr'><strong>inhabilem</strong></span> <span class='ocrx_word' id='word_1_40' title='bbox 2340 473 2393 530; x_wconf 92' lang='lat' dir='ltr'><strong>in</strong></span> <span class='ocrx_word' id='word_1_41' title='bbox 2426 472 2588 530; x_wconf 91' lang='lat' dir='ltr'><strong>domo</strong></span> <span class='ocrx_word' id='word_1_42' title='bbox 2634 473 2871 547; x_wconf 80' lang='lat' dir='ltr'><strong>Domini,</strong></span> <span class='ocrx_word' id='word_1_43' title='bbox 2925 473 2981 531; x_wconf 90' lang='lat' dir='ltr'><strong>in</strong></span> <span class='ocrx_word' id='word_1_44' title='bbox 3035 474 3431 549; x_wconf 74' lang='lat' dir='ltr'><strong>longitudinem</strong></span> 
     </span>
    </p>
   </div>
   <div class='ocr_carea' id='block_1_9' title="bbox 1830 565 2063 621">
    <p class='ocr_par' dir='ltr' id='par_1_9' title="bbox 1830 565 2063 621">
     <span class='ocr_line' id='line_1_9' title="bbox 1830 565 2063 621; baseline 0.004 -2"><span class='ocrx_word' id='word_1_45' title='bbox 1830 565 2063 621; x_wconf 89' lang='lat' dir='ltr'><strong>dierum.</strong></span> 
     </span>
    </p>
   </div>
   <div class='ocr_carea' id='block_1_10' title="bbox 1447 655 2089 725">
    <p class='ocr_par' dir='ltr' id='par_1_10' title="bbox 1447 655 2089 725">
     <span class='ocr_line' id='line_1_10' title="bbox 1447 655 2089 725; baseline -0.012 0"><span class='ocrx_word' id='word_1_46' title='bbox 1447 655 1805 725; x_wconf 69' lang='lat' dir='ltr'><strong>PSALMUS</strong></span> <span class='ocrx_word' id='word_1_47' title='bbox 1848 658 2089 721; x_wconf 74' lang='lat' dir='ltr'><strong>XXIII.</strong></span> 
     </span>
    </p>
   </div>
   <div class='ocr_carea' id='block_1_11' title="bbox 337 773 1422 824">
    <p class='ocr_par' dir='ltr' id='par_1_11' title="bbox 337 773 1422 824">
     <span class='ocr_line' id='line_1_11' title="bbox 337 773 1422 824; baseline -0.004 -7"><span class='ocrx_word' id='word_1_48' title='bbox 337 776 568 818; x_wconf 70' lang='lat' dir='ltr'><strong>PSALIUS</strong></span> <span class='ocrx_word' id='word_1_49' title='bbox 609 778 806 824; x_wconf 69' lang='lat' dir='ltr'><strong>DAVID.</strong></span> <span class='ocrx_word' id='word_1_50' title='bbox 975 775 1136 817; x_wconf 67' lang='lat' dir='ltr'><strong>PBIIA</strong></span> <span class='ocrx_word' id='word_1_51' title='bbox 1177 773 1422 817; x_wconf 69' lang='grc' dir='ltr'><strong>ελεωτι.</strong></span> 
     </span>
    </p>
   </div>
   <div class='ocr_carea' id='block_1_12' title="bbox 208 853 1721 925">
    <p class='ocr_par' dir='ltr' id='par_1_12' title="bbox 208 853 1721 925">
     <span class='ocr_line' id='line_1_12' title="bbox 208 853 1721 925; baseline -0.001 -17"><span class='ocrx_word' id='word_1_52' title='bbox 208 855 401 909; x_wconf 81' lang='lat' dir='ltr'><strong>Domini</strong></span> <span class='ocrx_word' id='word_1_53' title='bbox 427 865 502 908; x_wconf 82' lang='lat' dir='ltr'><strong>est</strong></span> <span class='ocrx_word' id='word_1_54' title='bbox 525 864 666 910; x_wconf 88' lang='lat' dir='ltr'><strong>terra</strong></span> <span class='ocrx_word' id='word_1_55' title='bbox 690 866 736 909; x_wconf 87' lang='lat' dir='ltr'><strong>et</strong></span> <span class='ocrx_word' id='word_1_56' title='bbox 767 853 1032 925; x_wconf 80' lang='lat' dir='ltr'><strong>plenitudo</strong></span> <span class='ocrx_word' id='word_1_57' title='bbox 1058 854 1168 922; x_wconf 84' lang='lat' dir='ltr'><strong>ejus</strong></span> <span class='ocrx_word' id='word_1_58' title='bbox 1193 895 1209 920; x_wconf 93' lang='lat'><strong>,</strong></span> <span class='ocrx_word' id='word_1_59' title='bbox 1238 853 1377 907; x_wconf 86' lang='lat' dir='ltr'><strong>orbis</strong></span> <span class='ocrx_word' id='word_1_60' title='bbox 1403 861 1429 891; x_wconf 79' lang='grc'><strong>⁸</strong></span> <span class='ocrx_word' id='word_1_61' title='bbox 1466 866 1515 909; x_wconf 65' lang='lat' dir='ltr'><strong>-t~</strong></span> <span class='ocrx_word' id='word_1_62' title='bbox 1557 862 1721 908; x_wconf 87' lang='lat' dir='ltr'><strong>terra-</strong></span> 
     </span>
    </p>
   </div>
   <div class='ocr_carea' id='block_1_13' title="bbox 142 943 1356 1015">
    <p class='ocr_par' dir='ltr' id='par_1_13' title="bbox 142 943 1356 1015">
     <span class='ocr_line' id='line_1_13' title="bbox 142 943 1356 1015; baseline -0.003 -15"><span class='ocrx_word' id='word_1_63' title='bbox 142 963 240 1000; x_wconf 80' lang='lat' dir='ltr'><strong>rtnu</strong></span> <span class='ocrx_word' id='word_1_64' title='bbox 267 948 287 1015; x_wconf 99' lang='lat'><strong>1</strong></span> <span class='ocrx_word' id='word_1_65' title='bbox 318 954 365 999; x_wconf 86' lang='lat' dir='ltr'><strong>el</strong></span> <span class='ocrx_word' id='word_1_66' title='bbox 397 960 455 999; x_wconf 58' lang='grc' dir='ltr'><strong>έ-</strong></span> <span class='ocrx_word' id='word_1_67' title='bbox 486 945 721 1000; x_wconf 67' lang='grc' dir='ltr'><strong>καίνει-δί</strong></span> <span class='ocrx_word' id='word_1_68' title='bbox 755 947 777 1014; x_wconf 93' lang='lat'><strong>1</strong></span> <span class='ocrx_word' id='word_1_69' title='bbox 808 945 896 1014; x_wconf 82' lang='lat' dir='ltr'><strong>qui</strong></span> <span class='ocrx_word' id='word_1_70' title='bbox 931 943 1163 998; x_wconf 79' lang='lat' dir='ltr'><strong>habitant</strong></span> <span class='ocrx_word' id='word_1_71' title='bbox 1192 943 1245 996; x_wconf 90' lang='lat' dir='ltr'><strong>in</strong></span> <span class='ocrx_word' id='word_1_72' title='bbox 1274 958 1356 996; x_wconf 93' lang='lat' dir='ltr'><strong>eo.</strong></span> 
     </span>
    </p>
   </div>
   <div class='ocr_carea' id='block_1_14' title="bbox 204 1037 1717 1109">
    <p class='ocr_par' dir='ltr' id='par_1_14' title="bbox 204 1037 1717 1109">
     <span class='ocr_line' id='line_1_14' title="bbox 204 1037 1717 1109; baseline -0.003 -14"><span class='ocrx_word' id='word_1_73' title='bbox 204 1055 259 1095; x_wconf 69' lang='lat'><strong><em>+</em></strong></span> <span class='ocrx_word' id='word_1_74' title='bbox 293 1038 425 1104; x_wconf 82' lang='lat' dir='ltr'><strong>Quia</strong></span> <span class='ocrx_word' id='word_1_75' title='bbox 460 1040 482 1107; x_wconf 89' lang='lat'><strong>1</strong></span> <span class='ocrx_word' id='word_1_76' title='bbox 514 1038 629 1109; x_wconf 86' lang='lat' dir='ltr'><strong>ipse</strong></span> <span class='ocrx_word' id='word_1_77' title='bbox 654 1054 809 1107; x_wconf 88' lang='lat' dir='ltr'><strong>super</strong></span> <span class='ocrx_word' id='word_1_78' title='bbox 838 1037 1004 1092; x_wconf 75' lang='lat' dir='ltr'><strong>maria</strong></span> <span class='ocrx_word' id='word_1_79' title='bbox 1037 1037 1272 1107; x_wconf 81' lang='lat' dir='ltr'><strong>fundavit</strong></span> <span class='ocrx_word' id='word_1_80' title='bbox 1301 1052 1419 1091; x_wconf 85' lang='lat' dir='ltr'><strong>eum</strong></span> <span class='ocrx_word' id='word_1_81' title='bbox 1443 1052 1461 1091; x_wconf 90' lang='lat'><strong><em>:</em></strong></span> <span class='ocrx_word' id='word_1_82' title='bbox 1489 1044 1537 1092; x_wconf 87' lang='lat' dir='ltr'><strong>et</strong></span> <span class='ocrx_word' id='word_1_83' title='bbox 1565 1053 1717 1108; x_wconf 85' lang='lat' dir='ltr'><strong>super</strong></span> 
     </span>
    </p>
   </div>
   <div class='ocr_carea' id='block_1_15' title="bbox 138 1132 828 1201">
    <p class='ocr_par' dir='ltr' id='par_1_15' title="bbox 138 1132 828 1201">
     <span class='ocr_line' id='line_1_15' title="bbox 138 1132 828 1201; baseline -0.004 -15"><span class='ocrx_word' id='word_1_84' title='bbox 138 1132 334 1201; x_wconf 75' lang='lat' dir='ltr'><strong>ﬂumina</strong></span> <span class='ocrx_word' id='word_1_85' title='bbox 355 1134 670 1201; x_wconf 69' lang='lat' dir='ltr'><strong>prcpat&#39;aril</strong></span> <span class='ocrx_word' id='word_1_86' title='bbox 692 1146 828 1186; x_wconf 79' lang='lat' dir='ltr'><strong>sunt.</strong></span> 
     </span>
    </p>
   </div>
   <div class='ocr_carea' id='block_1_16' title="bbox 204 1219 1715 1291">
    <p class='ocr_par' dir='ltr' id='par_1_16' title="bbox 204 1219 1715 1291">
     <span class='ocr_line' id='line_1_16' title="bbox 204 1219 1715 1291; baseline -0.001 -12"><span class='ocrx_word' id='word_1_87' title='bbox 204 1224 320 1289; x_wconf 77' lang='lat' dir='ltr'><strong>Quis</strong></span> <span class='ocrx_word' id='word_1_88' title='bbox 345 1224 588 1278; x_wconf 81' lang='lat' dir='ltr'><strong>ascendet</strong></span> <span class='ocrx_word' id='word_1_89' title='bbox 616 1225 670 1276; x_wconf 90' lang='lat' dir='ltr'><strong>in</strong></span> <span class='ocrx_word' id='word_1_90' title='bbox 695 1230 914 1277; x_wconf 74' lang='lat' dir='ltr'><strong>montem</strong></span> <span class='ocrx_word' id='word_1_91' title='bbox 948 1219 1159 1277; x_wconf 83' lang='lat' dir='ltr'><strong>Domini</strong></span> <span class='ocrx_word' id='word_1_92' title='bbox 1178 1222 1203 1275; x_wconf 73' lang='lat'><strong>.7</strong></span> <span class='ocrx_word' id='word_1_93' title='bbox 1221 1229 1311 1276; x_wconf 89' lang='lat' dir='ltr'><strong>aut</strong></span> <span class='ocrx_word' id='word_1_94' title='bbox 1338 1221 1455 1291; x_wconf 83' lang='lat' dir='ltr'><strong>quis</strong></span> <span class='ocrx_word' id='word_1_95' title='bbox 1478 1222 1638 1278; x_wconf 89' lang='lat' dir='ltr'><strong>stabit</strong></span> <span class='ocrx_word' id='word_1_96' title='bbox 1661 1224 1715 1277; x_wconf 88' lang='lat' dir='ltr'><strong>in</strong></span> 
     </span>
    </p>
   </div>
   <div class='ocr_carea' id='block_1_17' title="bbox 140 1317 615 1382">
    <p class='ocr_par' dir='ltr' id='par_1_17' title="bbox 140 1317 615 1382">
     <span class='ocr_line' id='line_1_17' title="bbox 140 1317 615 1382; baseline 0.002 -13"><span class='ocrx_word' id='word_1_97' title='bbox 140 1318 239 1371; x_wconf 76' lang='lat' dir='ltr'><strong>loco</strong></span> <span class='ocrx_word' id='word_1_98' title='bbox 265 1326 441 1371; x_wconf 81' lang='lat' dir='ltr'><strong>sancto</strong></span> <span class='ocrx_word' id='word_1_99' title='bbox 465 1317 615 1382; x_wconf 79' lang='lat' dir='ltr'><strong>eius?</strong></span> 
     </span>
    </p>
   </div>
   <div class='ocr_carea' id='block_1_18' title="bbox 199 1405 1710 1479">
    <p class='ocr_par' dir='ltr' id='par_1_18' title="bbox 199 1405 1710 1479">
     <span class='ocr_line' id='line_1_18' title="bbox 199 1405 1710 1479; baseline -0.001 -18"><span class='ocrx_word' id='word_1_100' title='bbox 199 1408 445 1463; x_wconf 81' lang='lat' dir='ltr'><strong>lnnocens</strong></span> <span class='ocrx_word' id='word_1_101' title='bbox 474 1407 730 1471; x_wconf 75' lang='lat' dir='ltr'><strong>manibus,</strong></span> <span class='ocrx_word' id='word_1_102' title='bbox 760 1416 807 1460; x_wconf 90' lang='lat' dir='ltr'><strong>et</strong></span> <span class='ocrx_word' id='word_1_103' title='bbox 827 1405 1026 1461; x_wconf 73' lang='lat' dir='ltr'><strong>mundo</strong></span> <span class='ocrx_word' id='word_1_104' title='bbox 1055 1406 1232 1475; x_wconf 83' lang='lat' dir='ltr'><strong>corde,</strong></span> <span class='ocrx_word' id='word_1_105' title='bbox 1258 1405 1347 1474; x_wconf 90' lang='lat' dir='ltr'><strong>qui</strong></span> <span class='ocrx_word' id='word_1_106' title='bbox 1383 1422 1486 1462; x_wconf 78' lang='lat' dir='ltr'><strong>non</strong></span> <span class='ocrx_word' id='word_1_107' title='bbox 1515 1408 1710 1479; x_wconf 72' lang='lat' dir='ltr'><strong>accepit</strong></span> 
     </span>
    </p>
   </div>
   <div class='ocr_carea' id='block_1_19' title="bbox 144 1496 1710 1566">
    <p class='ocr_par' dir='ltr' id='par_1_19' title="bbox 144 1496 1710 1566">
     <span class='ocr_line' id='line_1_19' title="bbox 144 1496 1710 1566; baseline 0.001 -15"><span class='ocrx_word' id='word_1_108' title='bbox 144 1501 183 1551; x_wconf 82' lang='lat' dir='ltr'><strong>in</strong></span> <span class='ocrx_word' id='word_1_109' title='bbox 211 1516 331 1553; x_wconf 83' lang='lat' dir='ltr'><strong>rana</strong></span> <span class='ocrx_word' id='word_1_110' title='bbox 358 1499 582 1553; x_wconf 68' lang='lat' dir='ltr'><strong>animus</strong></span> <span class='ocrx_word' id='word_1_111' title='bbox 604 1514 758 1557; x_wconf 74' lang='lat' dir='ltr'><strong>suam</strong></span> <span class='ocrx_word' id='word_1_112' title='bbox 782 1514 802 1555; x_wconf 81' lang='lat'><strong>.°</strong></span> <span class='ocrx_word' id='word_1_113' title='bbox 836 1514 928 1555; x_wconf 81' lang='lat' dir='ltr'><strong>nec</strong></span> <span class='ocrx_word' id='word_1_114' title='bbox 960 1496 1157 1566; x_wconf 79' lang='lat' dir='ltr'><strong>juravit</strong></span> <span class='ocrx_word' id='word_1_115' title='bbox 1197 1497 1250 1551; x_wconf 88' lang='lat' dir='ltr'><strong>in</strong></span> <span class='ocrx_word' id='word_1_116' title='bbox 1280 1496 1403 1553; x_wconf 86' lang='lat' dir='ltr'><strong>dolo</strong></span> <span class='ocrx_word' id='word_1_117' title='bbox 1436 1511 1489 1552; x_wconf 65' lang='grc' dir='ltr'><strong>-ιν</strong></span> <span class='ocrx_word' id='word_1_118' title='bbox 1531 1499 1710 1566; x_wconf 73' lang='lat' dir='ltr'><strong>proxi-</strong></span> 
     </span>
    </p>
   </div>
   <div class='ocr_carea' id='block_1_20' title="bbox 203 1681 1711 1755">
    <p class='ocr_par' dir='ltr' id='par_1_20' title="bbox 203 1681 1711 1755">
     <span class='ocr_line' id='line_1_20' title="bbox 203 1681 1711 1755; baseline 0.001 -14"><span class='ocrx_word' id='word_1_119' title='bbox 203 1700 263 1741; x_wconf 76' lang='lat'><strong>+</strong></span> <span class='ocrx_word' id='word_1_120' title='bbox 292 1685 423 1755; x_wconf 83' lang='lat' dir='ltr'><strong>Hic1</strong></span> <span class='ocrx_word' id='word_1_121' title='bbox 446 1685 664 1754; x_wconf 73' lang='lat' dir='ltr'><strong>accipiet</strong></span> <span class='ocrx_word' id='word_1_122' title='bbox 698 1684 1103 1743; x_wconf 73' lang='lat' dir='ltr'><strong>benedictionem</strong></span> <span class='ocrx_word' id='word_1_123' title='bbox 1131 1701 1164 1741; x_wconf 88' lang='lat' dir='ltr'><strong>a</strong></span> <span class='ocrx_word' id='word_1_124' title='bbox 1184 1681 1442 1743; x_wconf 75' lang='lat' dir='ltr'><strong>Domino:</strong></span> <span class='ocrx_word' id='word_1_125' title='bbox 1474 1692 1523 1739; x_wconf 86' lang='lat' dir='ltr'><strong>et</strong></span> <span class='ocrx_word' id='word_1_126' title='bbox 1552 1684 1711 1742; x_wconf 80' lang='lat' dir='ltr'><strong>mise-</strong></span> 
     </span>
    </p>
   </div>
   <div class='ocr_carea' id='block_1_21' title="bbox 145 1775 960 1833">
    <p class='ocr_par' dir='ltr' id='par_1_21' title="bbox 145 1775 960 1833">
     <span class='ocr_line' id='line_1_21' title="bbox 145 1775 960 1833; baseline 0.004 -3"><span class='ocrx_word' id='word_1_127' title='bbox 145 1775 395 1832; x_wconf 76' lang='lat' dir='ltr'><strong>ricordiam</strong></span> <span class='ocrx_word' id='word_1_128' title='bbox 415 1794 444 1830; x_wconf 76' lang='grc' dir='ltr'><strong><em>ο</em></strong></span> <span class='ocrx_word' id='word_1_129' title='bbox 464 1775 578 1833; x_wconf 84' lang='lat' dir='ltr'><strong>Deo</strong></span> <span class='ocrx_word' id='word_1_130' title='bbox 597 1776 823 1833; x_wconf 75' lang='lat' dir='ltr'><strong>salutari</strong></span> <span class='ocrx_word' id='word_1_131' title='bbox 840 1792 960 1833; x_wconf 84' lang='lat' dir='ltr'><strong>suo.</strong></span> 
     </span>
    </p>
   </div>
   <div class='ocr_carea' id='block_1_22' title="bbox 202 1952 1705 2030">
    <p class='ocr_par' dir='ltr' id='par_1_22' title="bbox 202 1952 1705 2030">
     <span class='ocr_line' id='line_1_22' title="bbox 202 1952 1705 2030; baseline 0.002 -21"><span class='ocrx_word' id='word_1_132' title='bbox 202 1952 319 2009; x_wconf 66' lang='lat' dir='ltr'><strong>Haec</strong></span> <span class='ocrx_word' id='word_1_133' title='bbox 336 1964 407 2011; x_wconf 86' lang='lat' dir='ltr'><strong>est</strong></span> <span class='ocrx_word' id='word_1_134' title='bbox 424 1956 689 2026; x_wconf 78' lang='lat' dir='ltr'><strong>generatio</strong></span> <span class='ocrx_word' id='word_1_135' title='bbox 706 1956 1051 2027; x_wconf 70' lang='lat' dir='ltr'><strong>quwrutium</strong></span> <span class='ocrx_word' id='word_1_136' title='bbox 1078 1972 1196 2012; x_wconf 84' lang='lat' dir='ltr'><strong>eum</strong></span> <span class='ocrx_word' id='word_1_137' title='bbox 1219 1972 1239 2012; x_wconf 89' lang='lat'><strong><em>:</em></strong></span> <span class='ocrx_word' id='word_1_138' title='bbox 1256 1957 1600 2029; x_wconf 70' lang='lat' dir='ltr'><strong>querentium</strong></span> <span class='ocrx_word' id='word_1_139' title='bbox 1622 1958 1705 2030; x_wconf 79' lang='lat' dir='ltr'><strong>fa-</strong></span> 
     </span>
    </p>
   </div>
   <div class='ocr_carea' id='block_1_23' title="bbox 141 2044 941 2103">
    <p class='ocr_par' dir='ltr' id='par_1_23' title="bbox 141 2044 941 2103">
     <span class='ocr_line' id='line_1_23' title="bbox 141 2044 941 2103; baseline 0.006 -7"><span class='ocrx_word' id='word_1_140' title='bbox 141 2047 252 2097; x_wconf 78' lang='lat' dir='ltr'><strong>ciem</strong></span> <span class='ocrx_word' id='word_1_141' title='bbox 279 2044 366 2100; x_wconf 82' lang='lat' dir='ltr'><strong>Dei</strong></span> <span class='ocrx_word' id='word_1_142' title='bbox 392 2044 570 2101; x_wconf 84' lang='lat' dir='ltr'><strong>Jacob.</strong></span> <span class='ocrx_word' id='word_1_143' title='bbox 606 2046 941 2103; x_wconf 66' lang='lat' dir='ltr'><strong>Bursam.</strong></span> 
     </span>
    </p>
   </div>
   <div class='ocr_carea' id='block_1_24' title="bbox 199 2222 1698 2299">
    <p class='ocr_par' dir='ltr' id='par_1_24' title="bbox 199 2222 1698 2299">
     <span class='ocr_line' id='line_1_24' title="bbox 199 2222 1698 2299; baseline 0.008 -26"><span class='ocrx_word' id='word_1_144' title='bbox 199 2222 413 2278; x_wconf 76' lang='lat' dir='ltr'><strong>Attollite</strong></span> <span class='ocrx_word' id='word_1_145' title='bbox 457 2234 655 2295; x_wconf 86' lang='lat' dir='ltr'><strong>portas,</strong></span> <span class='ocrx_word' id='word_1_146' title='bbox 712 2226 994 2297; x_wconf 75' lang='lat' dir='ltr'><strong>principes,</strong></span> <span class='ocrx_word' id='word_1_147' title='bbox 1060 2235 1276 2295; x_wconf 80' lang='lat' dir='ltr'><strong>vestras,</strong></span> <span class='ocrx_word' id='word_1_148' title='bbox 1328 2240 1375 2285; x_wconf 87' lang='lat' dir='ltr'><strong>et</strong></span> <span class='ocrx_word' id='word_1_149' title='bbox 1405 2228 1698 2299; x_wconf 76' lang='lat' dir='ltr'><strong>elevantini,</strong></span> 
     </span>
    </p>
   </div>
   <div class='ocr_carea' id='block_1_25' title="bbox 138 2319 1295 2391">
    <p class='ocr_par' dir='ltr' id='par_1_25' title="bbox 138 2319 1295 2391">
     <span class='ocr_line' id='line_1_25' title="bbox 138 2319 1295 2391; baseline 0.007 -24"><span class='ocrx_word' id='word_1_150' title='bbox 138 2326 285 2383; x_wconf 76' lang='lat' dir='ltr'><strong>porta:</strong></span> <span class='ocrx_word' id='word_1_151' title='bbox 304 2319 591 2383; x_wconf 66' lang='lat' dir='ltr'><strong>eternales,</strong></span> <span class='ocrx_word' id='word_1_152' title='bbox 624 2328 673 2373; x_wconf 88' lang='lat' dir='ltr'><strong>et</strong></span> <span class='ocrx_word' id='word_1_153' title='bbox 712 2319 951 2374; x_wconf 84' lang='lat' dir='ltr'><strong>introibit</strong></span> <span class='ocrx_word' id='word_1_154' title='bbox 976 2335 1069 2375; x_wconf 81' lang='lat' dir='ltr'><strong>rea:</strong></span> <span class='ocrx_word' id='word_1_155' title='bbox 1092 2319 1295 2391; x_wconf 66' lang='lat' dir='ltr'><strong>gloriaa.</strong></span> 
     </span>
    </p>
   </div>
   <div class='ocr_carea' id='block_1_26' title="bbox 199 2409 1694 2486">
    <p class='ocr_par' dir='ltr' id='par_1_26' title="bbox 199 2409 1694 2486">
     <span class='ocr_line' id='line_1_26' title="bbox 199 2409 1694 2486; baseline 0.007 -24"><span class='ocrx_word' id='word_1_156' title='bbox 199 2409 314 2475; x_wconf 75' lang='lat' dir='ltr'><strong>Quis</strong></span> <span class='ocrx_word' id='word_1_157' title='bbox 341 2421 410 2464; x_wconf 86' lang='lat' dir='ltr'><strong>est</strong></span> <span class='ocrx_word' id='word_1_158' title='bbox 434 2412 528 2466; x_wconf 86' lang='lat' dir='ltr'><strong>iste</strong></span> <span class='ocrx_word' id='word_1_159' title='bbox 560 2428 657 2467; x_wconf 72' lang='lat' dir='ltr'><strong>res</strong></span> <span class='ocrx_word' id='word_1_160' title='bbox 684 2412 867 2483; x_wconf 78' lang='lat' dir='ltr'><strong>gloria:</strong></span> <span class='ocrx_word' id='word_1_161' title='bbox 890 2413 916 2468; x_wconf 71' lang='lat'><strong>.9</strong></span> <span class='ocrx_word' id='word_1_162' title='bbox 948 2410 1200 2469; x_wconf 84' lang='lat' dir='ltr'><strong>Dominus</strong></span> <span class='ocrx_word' id='word_1_163' title='bbox 1224 2414 1374 2485; x_wconf 79' lang='lat' dir='ltr'><strong>fortis</strong></span> <span class='ocrx_word' id='word_1_164' title='bbox 1401 2422 1453 2469; x_wconf 89' lang='lat' dir='ltr'><strong>et</strong></span> <span class='ocrx_word' id='word_1_165' title='bbox 1478 2422 1656 2486; x_wconf 84' lang='lat' dir='ltr'><strong>potens</strong></span> <span class='ocrx_word' id='word_1_166' title='bbox 1678 2459 1694 2486; x_wconf 89' lang='lat'><strong>,</strong></span> 
     </span>
    </p>
   </div>
   <div class='ocr_carea' id='block_1_27' title="bbox 138 2498 1071 2574">
    <p class='ocr_par' dir='ltr' id='par_1_27' title="bbox 138 2498 1071 2574">
     <span class='ocr_line' id='line_1_27' title="bbox 138 2498 1071 2574; baseline 0.009 -22"><span class='ocrx_word' id='word_1_167' title='bbox 138 2498 366 2558; x_wconf 86' lang='lat' dir='ltr'><strong>Dominus</strong></span> <span class='ocrx_word' id='word_1_168' title='bbox 392 2516 563 2573; x_wconf 88' lang='lat' dir='ltr'><strong>potens</strong></span> <span class='ocrx_word' id='word_1_169' title='bbox 619 2505 647 2543; x_wconf 70' lang='grc' dir='ltr'>δ</span> <span class='ocrx_word' id='word_1_170' title='bbox 685 2520 745 2560; x_wconf 69' lang='lat'><strong>-:—~</strong></span> <span class='ocrx_word' id='word_1_171' title='bbox 780 2506 833 2558; x_wconf 89' lang='lat' dir='ltr'><strong>in</strong></span> <span class='ocrx_word' id='word_1_172' title='bbox 868 2507 1071 2574; x_wconf 73' lang='lat' dir='ltr'><strong>prazlio.</strong></span> 
     </span>
    </p>
   </div>
   <div class='ocr_carea' id='block_1_28' title="bbox 192 2599 1696 2673">
    <p class='ocr_par' dir='ltr' id='par_1_28' title="bbox 192 2599 1696 2673">
     <span class='ocr_line' id='line_1_28' title="bbox 192 2599 1696 2673; baseline 0.003 -20"><span class='ocrx_word' id='word_1_173' title='bbox 192 2599 405 2655; x_wconf 75' lang='lat' dir='ltr'><strong>Attollite</strong></span> <span class='ocrx_word' id='word_1_174' title='bbox 424 2611 623 2673; x_wconf 84' lang='lat' dir='ltr'><strong>portas,</strong></span> <span class='ocrx_word' id='word_1_175' title='bbox 646 2602 932 2671; x_wconf 80' lang='lat' dir='ltr'><strong>principes,</strong></span> <span class='ocrx_word' id='word_1_176' title='bbox 960 2612 1173 2666; x_wconf 85' lang='lat' dir='ltr'><strong>vestras,</strong></span> <span class='ocrx_word' id='word_1_177' title='bbox 1198 2611 1245 2657; x_wconf 88' lang='lat' dir='ltr'><strong>et</strong></span> <span class='ocrx_word' id='word_1_178' title='bbox 1268 2602 1696 2673; x_wconf 79' lang='lat' dir='ltr'><strong>elevamini,por-</strong></span> 
     </span>
    </p>
   </div>
   <div class='ocr_carea' id='block_1_29' title="bbox 132 2693 1229 2766">
    <p class='ocr_par' dir='ltr' id='par_1_29' title="bbox 132 2693 1229 2766">
     <span class='ocr_line' id='line_1_29' title="bbox 132 2693 1229 2766; baseline 0.005 -25"><span class='ocrx_word' id='word_1_179' title='bbox 132 2698 185 2741; x_wconf 78' lang='lat' dir='ltr'><strong>ta:</strong></span> <span class='ocrx_word' id='word_1_180' title='bbox 207 2694 458 2747; x_wconf 69' lang='lat' dir='ltr'><strong>cternales</strong></span> <span class='ocrx_word' id='word_1_181' title='bbox 481 2708 500 2747; x_wconf 89' lang='lat'><strong><em>:</em></strong></span> <span class='ocrx_word' id='word_1_182' title='bbox 530 2703 578 2747; x_wconf 88' lang='lat' dir='ltr'><strong>et</strong></span> <span class='ocrx_word' id='word_1_183' title='bbox 626 2693 864 2747; x_wconf 82' lang='lat' dir='ltr'><strong>introibit</strong></span> <span class='ocrx_word' id='word_1_184' title='bbox 892 2709 984 2749; x_wconf 77' lang='lat' dir='ltr'><strong>rei:</strong></span> <span class='ocrx_word' id='word_1_185' title='bbox 1028 2693 1229 2766; x_wconf 78' lang='lat' dir='ltr'><strong>gloriw.</strong></span> 
     </span>
    </p>
   </div>
   <div class='ocr_carea' id='block_1_30' title="bbox 188 2780 1694 2858">
    <p class='ocr_par' dir='ltr' id='par_1_30' title="bbox 188 2780 1694 2858">
     <span class='ocr_line' id='line_1_30' title="bbox 188 2780 1694 2858; baseline 0.005 -23"><span class='ocrx_word' id='word_1_186' title='bbox 188 2780 305 2847; x_wconf 82' lang='lat' dir='ltr'><strong>Quis</strong></span> <span class='ocrx_word' id='word_1_187' title='bbox 332 2793 403 2837; x_wconf 82' lang='lat' dir='ltr'><strong>est</strong></span> <span class='ocrx_word' id='word_1_188' title='bbox 428 2784 522 2839; x_wconf 86' lang='lat' dir='ltr'><strong>iste</strong></span> <span class='ocrx_word' id='word_1_189' title='bbox 548 2802 642 2840; x_wconf 78' lang='lat' dir='ltr'><strong>rea:</strong></span> <span class='ocrx_word' id='word_1_190' title='bbox 670 2785 890 2856; x_wconf 66' lang='lat' dir='ltr'><strong>gloriae?</strong></span> <span class='ocrx_word' id='word_1_191' title='bbox 914 2783 1170 2841; x_wconf 85' lang='lat' dir='ltr'><strong>Dominus</strong></span> <span class='ocrx_word' id='word_1_192' title='bbox 1198 2786 1448 2842; x_wconf 75' lang='lat' dir='ltr'><strong>virtutum</strong></span> <span class='ocrx_word' id='word_1_193' title='bbox 1477 2786 1588 2858; x_wconf 87' lang='lat' dir='ltr'><strong>ipse</strong></span> <span class='ocrx_word' id='word_1_194' title='bbox 1620 2798 1694 2843; x_wconf 88' lang='lat' dir='ltr'><strong>est</strong></span> 
     </span>
    </p>
   </div>
   <div class='ocr_carea' id='block_1_31' title="bbox 127 2874 935 2944">
    <p class='ocr_par' dir='ltr' id='par_1_31' title="bbox 127 2874 935 2944">
     <span class='ocr_line' id='line_1_31' title="bbox 127 2874 935 2944; baseline 0.012 -24"><span class='ocrx_word' id='word_1_195' title='bbox 127 2886 204 2925; x_wconf 67' lang='lat' dir='ltr'><strong>rex</strong></span> <span class='ocrx_word' id='word_1_196' title='bbox 225 2874 413 2944; x_wconf 67' lang='lat' dir='ltr'><strong>glorias.</strong></span> <span class='ocrx_word' id='word_1_197' title='bbox 448 2885 469 2913; x_wconf 75' lang='grc' dir='ltr'><em>ε</em></span> <span class='ocrx_word' id='word_1_198' title='bbox 506 2880 570 2942; x_wconf 70' lang='grc' dir='ltr'><strong>&gt;ε&lt;</strong></span> <span class='ocrx_word' id='word_1_199' title='bbox 596 2876 935 2932; x_wconf 73' lang='lat' dir='ltr'><strong>DIAPSALIA.</strong></span> 
     </span>
    </p>
   </div>
   <div class='ocr_carea' id='block_1_32' title="bbox 1906 758 3370 833">
    <p class='ocr_par' dir='ltr' id='par_1_32' title="bbox 1906 758 3370 833">
     <span class='ocr_line' id='line_1_32' title="bbox 1906 758 3370 833; baseline 0.003 -18"><span class='ocrx_word' id='word_1_200' title='bbox 1906 774 2142 815; x_wconf 65' lang='lat' dir='ltr'><strong>rsnuus</strong></span> <span class='ocrx_word' id='word_1_201' title='bbox 2183 775 2341 815; x_wconf 74' lang='lat' dir='ltr'><strong>DAVID</strong></span> <span class='ocrx_word' id='word_1_202' title='bbox 2382 758 2509 833; x_wconf 60' lang='lat' dir='ltr'><strong>[HL</strong></span> <span class='ocrx_word' id='word_1_203' title='bbox 2552 774 2648 817; x_wconf 80' lang='lat' dir='ltr'><strong>lPSl</strong></span> <span class='ocrx_word' id='word_1_204' title='bbox 2688 759 2898 833; x_wconf 80' lang='lat' dir='ltr'><strong>omn],</strong></span> <span class='ocrx_word' id='word_1_205' title='bbox 2932 776 3089 817; x_wconf 68' lang='lat' dir='ltr'><strong>ratus</strong></span> <span class='ocrx_word' id='word_1_206' title='bbox 3130 776 3370 819; x_wconf 68' lang='lat' dir='ltr'><strong>sanant.</strong></span> 
     </span>
    </p>
   </div>
   <div class='ocr_carea' id='block_1_33' title="bbox 1839 837 3425 926">
    <p class='ocr_par' dir='ltr' id='par_1_33' title="bbox 1839 837 3425 926">
     <span class='ocr_line' id='line_1_33' title="bbox 1839 837 3425 926; baseline 0 -19"><span class='ocrx_word' id='word_1_207' title='bbox 1839 837 1854 849; x_wconf 72' lang='grc'><em>’</em></span> <span class='ocrx_word' id='word_1_208' title='bbox 1900 852 2113 909; x_wconf 85' lang='lat' dir='ltr'><strong>Domini</strong></span> <span class='ocrx_word' id='word_1_209' title='bbox 2140 864 2224 909; x_wconf 87' lang='lat' dir='ltr'><strong>est</strong></span> <span class='ocrx_word' id='word_1_210' title='bbox 2248 862 2388 909; x_wconf 88' lang='lat' dir='ltr'><strong>terra</strong></span> <span class='ocrx_word' id='word_1_211' title='bbox 2416 863 2468 908; x_wconf 91' lang='lat' dir='ltr'><strong>et</strong></span> <span class='ocrx_word' id='word_1_212' title='bbox 2499 853 2780 924; x_wconf 84' lang='lat' dir='ltr'><strong>plenitudo</strong></span> <span class='ocrx_word' id='word_1_213' title='bbox 2810 855 2948 926; x_wconf 89' lang='lat' dir='ltr'><strong>ejus,</strong></span> <span class='ocrx_word' id='word_1_214' title='bbox 2985 855 3133 910; x_wconf 87' lang='lat' dir='ltr'><strong>orbis</strong></span> <span class='ocrx_word' id='word_1_215' title='bbox 3158 863 3425 909; x_wconf 84' lang='lat' dir='ltr'><strong>terrarum</strong></span> 
     </span>
    </p>
   </div>
   <div class='ocr_carea' id='block_1_34' title="bbox 1826 946 2736 1017">
    <p class='ocr_par' dir='ltr' id='par_1_34' title="bbox 1826 946 2736 1017">
     <span class='ocr_line' id='line_1_34' title="bbox 1826 946 2736 1017; baseline 0.003 -17"><span class='ocrx_word' id='word_1_216' title='bbox 1826 954 1881 1000; x_wconf 89' lang='lat' dir='ltr'><strong>et</strong></span> <span class='ocrx_word' id='word_1_217' title='bbox 1912 946 2149 1002; x_wconf 84' lang='lat' dir='ltr'><strong>universi</strong></span> <span class='ocrx_word' id='word_1_218' title='bbox 2170 946 2260 1017; x_wconf 89' lang='lat' dir='ltr'><strong>qui</strong></span> <span class='ocrx_word' id='word_1_219' title='bbox 2296 946 2541 1002; x_wconf 83' lang='lat' dir='ltr'><strong>habitant</strong></span> <span class='ocrx_word' id='word_1_220' title='bbox 2572 947 2625 1002; x_wconf 92' lang='lat' dir='ltr'><strong>in</strong></span> <span class='ocrx_word' id='word_1_221' title='bbox 2649 962 2736 1003; x_wconf 90' lang='lat' dir='ltr'><strong>ea.</strong></span> 
     </span>
    </p>
   </div>
   <div class='ocr_carea' id='block_1_35' title="bbox 1896 1036 3425 1109">
    <p class='ocr_par' dir='ltr' id='par_1_35' title="bbox 1896 1036 3425 1109">
     <span class='ocr_line' id='line_1_35' title="bbox 1896 1036 3425 1109; baseline -0.001 -17"><span class='ocrx_word' id='word_1_222' title='bbox 1896 1037 2015 1107; x_wconf 87' lang='lat' dir='ltr'><strong>Ipse</strong></span> <span class='ocrx_word' id='word_1_223' title='bbox 2044 1052 2210 1109; x_wconf 86' lang='lat' dir='ltr'><strong>super</strong></span> <span class='ocrx_word' id='word_1_224' title='bbox 2233 1038 2405 1094; x_wconf 83' lang='lat' dir='ltr'><strong>maria</strong></span> <span class='ocrx_word' id='word_1_225' title='bbox 2436 1037 2683 1095; x_wconf 80' lang='lat' dir='ltr'><strong>fundavit</strong></span> <span class='ocrx_word' id='word_1_226' title='bbox 2707 1053 2827 1094; x_wconf 88' lang='lat' dir='ltr'><strong>eam</strong></span> <span class='ocrx_word' id='word_1_227' title='bbox 2859 1056 2871 1093; x_wconf 87' lang='lat'>:</span> <span class='ocrx_word' id='word_1_228' title='bbox 2905 1047 2956 1094; x_wconf 88' lang='lat' dir='ltr'><strong>et</strong></span> <span class='ocrx_word' id='word_1_229' title='bbox 2999 1052 3164 1109; x_wconf 88' lang='lat' dir='ltr'><strong>super</strong></span> <span class='ocrx_word' id='word_1_230' title='bbox 3204 1036 3425 1093; x_wconf 82' lang='lat' dir='ltr'><strong>flumina</strong></span> 
     </span>
    </p>
   </div>
   <div class='ocr_carea' id='block_1_36' title="bbox 1824 1129 2367 1199">
    <p class='ocr_par' dir='ltr' id='par_1_36' title="bbox 1824 1129 2367 1199">
     <span class='ocr_line' id='line_1_36' title="bbox 1824 1129 2367 1199; baseline 0 -16"><span class='ocrx_word' id='word_1_231' title='bbox 1824 1130 2154 1199; x_wconf 66' lang='lat' dir='ltr'><strong>prmparavit</strong></span> <span class='ocrx_word' id='word_1_232' title='bbox 2192 1129 2367 1185; x_wconf 84' lang='lat' dir='ltr'><strong>illam.</strong></span> 
     </span>
    </p>
   </div>
   <div class='ocr_carea' id='block_1_37' title="bbox 1893 1218 3425 1295">
    <p class='ocr_par' dir='ltr' id='par_1_37' title="bbox 1893 1218 3425 1295">
     <span class='ocr_line' id='line_1_37' title="bbox 1893 1218 3425 1295; baseline 0.005 -24"><span class='ocrx_word' id='word_1_233' title='bbox 1893 1218 2023 1286; x_wconf 83' lang='lat' dir='ltr'><strong>Quis</strong></span> <span class='ocrx_word' id='word_1_234' title='bbox 2053 1219 2310 1275; x_wconf 82' lang='lat' dir='ltr'><strong>ascendet</strong></span> <span class='ocrx_word' id='word_1_235' title='bbox 2338 1220 2393 1275; x_wconf 93' lang='lat' dir='ltr'><strong>in</strong></span> <span class='ocrx_word' id='word_1_236' title='bbox 2424 1227 2661 1276; x_wconf 84' lang='lat' dir='ltr'><strong>montem</strong></span> <span class='ocrx_word' id='word_1_237' title='bbox 2692 1219 2942 1276; x_wconf 83' lang='lat' dir='ltr'><strong>Domini?</strong></span> <span class='ocrx_word' id='word_1_238' title='bbox 2970 1229 3068 1275; x_wconf 89' lang='lat' dir='ltr'><strong>aut</strong></span> <span class='ocrx_word' id='word_1_239' title='bbox 3098 1221 3220 1295; x_wconf 84' lang='lat' dir='ltr'><strong>quis</strong></span> <span class='ocrx_word' id='word_1_240' title='bbox 3254 1223 3425 1287; x_wconf 82' lang='lat' dir='ltr'><strong>stabit</strong></span> 
     </span>
    </p>
   </div>
   <div class='ocr_carea' id='block_1_38' title="bbox 1822 1309 2418 1381">
    <p class='ocr_par' dir='ltr' id='par_1_38' title="bbox 1822 1309 2418 1381">
     <span class='ocr_line' id='line_1_38' title="bbox 1822 1309 2418 1381; baseline 0 -17"><span class='ocrx_word' id='word_1_241' title='bbox 1822 1309 1874 1364; x_wconf 90' lang='lat' dir='ltr'><strong>in</strong></span> <span class='ocrx_word' id='word_1_242' title='bbox 1899 1310 2019 1365; x_wconf 89' lang='lat' dir='ltr'><strong>loco</strong></span> <span class='ocrx_word' id='word_1_243' title='bbox 2047 1320 2239 1366; x_wconf 87' lang='lat' dir='ltr'><strong>sancto</strong></span> <span class='ocrx_word' id='word_1_244' title='bbox 2264 1309 2418 1381; x_wconf 80' lang='lat' dir='ltr'><strong>ejus?</strong></span> 
     </span>
    </p>
   </div>
   <div class='ocr_carea' id='block_1_39' title="bbox 1890 1400 3417 1477">
    <p class='ocr_par' dir='ltr' id='par_1_39' title="bbox 1890 1400 3417 1477">
     <span class='ocr_line' id='line_1_39' title="bbox 1890 1400 3417 1477; baseline 0.003 -20"><span class='ocrx_word' id='word_1_245' title='bbox 1890 1401 2151 1458; x_wconf 86' lang='lat' dir='ltr'><strong>Innocens</strong></span> <span class='ocrx_word' id='word_1_246' title='bbox 2200 1402 2469 1472; x_wconf 84' lang='lat' dir='ltr'><strong>manibus,</strong></span> <span class='ocrx_word' id='word_1_247' title='bbox 2500 1412 2556 1458; x_wconf 87' lang='lat' dir='ltr'><strong>et</strong></span> <span class='ocrx_word' id='word_1_248' title='bbox 2586 1401 2789 1460; x_wconf 88' lang='lat' dir='ltr'><strong>mundo</strong></span> <span class='ocrx_word' id='word_1_249' title='bbox 2844 1400 2863 1442; x_wconf 70' lang='grc' dir='ltr'>ί</span> <span class='ocrx_word' id='word_1_250' title='bbox 2906 1401 3114 1459; x_wconf 88' lang='lat' dir='ltr'><strong>corde:</strong></span> <span class='ocrx_word' id='word_1_251' title='bbox 3168 1404 3262 1477; x_wconf 89' lang='lat' dir='ltr'><strong>qui</strong></span> <span class='ocrx_word' id='word_1_252' title='bbox 3310 1421 3417 1461; x_wconf 91' lang='lat' dir='ltr'><strong>non</strong></span> 
     </span>
    </p>
   </div>
   <div class='ocr_carea' id='block_1_40' title="bbox 1818 1494 3417 1567">
    <p class='ocr_par' dir='ltr' id='par_1_40' title="bbox 1818 1494 3417 1567">
     <span class='ocr_line' id='line_1_40' title="bbox 1818 1494 3417 1567; baseline 0.004 -21"><span class='ocrx_word' id='word_1_253' title='bbox 1818 1494 2031 1563; x_wconf 90' lang='lat' dir='ltr'><strong>accepit</strong></span> <span class='ocrx_word' id='word_1_254' title='bbox 2060 1496 2111 1549; x_wconf 90' lang='lat' dir='ltr'><strong>in</strong></span> <span class='ocrx_word' id='word_1_255' title='bbox 2138 1510 2280 1549; x_wconf 86' lang='lat' dir='ltr'><strong>vano</strong></span> <span class='ocrx_word' id='word_1_256' title='bbox 2301 1494 2541 1551; x_wconf 86' lang='lat' dir='ltr'><strong>animam</strong></span> <span class='ocrx_word' id='word_1_257' title='bbox 2573 1509 2766 1550; x_wconf 87' lang='lat' dir='ltr'><strong>suam:</strong></span> <span class='ocrx_word' id='word_1_258' title='bbox 2807 1510 2907 1552; x_wconf 89' lang='lat' dir='ltr'><strong>nec</strong></span> <span class='ocrx_word' id='word_1_259' title='bbox 2933 1496 3143 1567; x_wconf 69' lang='lat' dir='ltr'><strong>iuravit</strong></span> <span class='ocrx_word' id='word_1_260' title='bbox 3190 1498 3242 1552; x_wconf 91' lang='lat' dir='ltr'><strong>in</strong></span> <span class='ocrx_word' id='word_1_261' title='bbox 3288 1497 3417 1553; x_wconf 90' lang='lat' dir='ltr'><strong>dolo</strong></span> 
     </span>
    </p>
   </div>
   <div class='ocr_carea' id='block_1_41' title="bbox 1735 1588 2204 1659">
    <p class='ocr_par' dir='ltr' id='par_1_41' title="bbox 1735 1588 2204 1659">
     <span class='ocr_line' id='line_1_41' title="bbox 1735 1588 2204 1659; baseline 0.009 -20"><span class='ocrx_word' id='word_1_262' title='bbox 1735 1594 1782 1655; x_wconf 74' lang='grc' dir='ltr'><strong>Β</strong></span> <span class='ocrx_word' id='word_1_263' title='bbox 1812 1588 2058 1659; x_wconf 75' lang='lat' dir='ltr'><strong>proximo</strong></span> <span class='ocrx_word' id='word_1_264' title='bbox 2084 1603 2204 1643; x_wconf 90' lang='lat' dir='ltr'><strong>suo.</strong></span> 
     </span>
    </p>
   </div>
   <div class='ocr_carea' id='block_1_42' title="bbox 1890 1678 3413 1752">
    <p class='ocr_par' dir='ltr' id='par_1_42' title="bbox 1890 1678 3413 1752">
     <span class='ocr_line' id='line_1_42' title="bbox 1890 1678 3413 1752; baseline 0.003 -19"><span class='ocrx_word' id='word_1_265' title='bbox 1890 1679 1988 1735; x_wconf 83' lang='lat' dir='ltr'><strong>Hic</strong></span> <span class='ocrx_word' id='word_1_266' title='bbox 2011 1679 2140 1752; x_wconf 83' lang='lat' dir='ltr'><strong>[Ms.</strong></span> <span class='ocrx_word' id='word_1_267' title='bbox 2175 1679 2299 1752; x_wconf 89' lang='lat' dir='ltr'><strong>iste]</strong></span> <span class='ocrx_word' id='word_1_268' title='bbox 2327 1679 2565 1752; x_wconf 86' lang='lat' dir='ltr'><strong>accipiet</strong></span> <span class='ocrx_word' id='word_1_269' title='bbox 2596 1678 3037 1739; x_wconf 87' lang='lat' dir='ltr'><strong>benedictionem</strong></span> <span class='ocrx_word' id='word_1_270' title='bbox 3074 1700 3102 1739; x_wconf 90' lang='lat' dir='ltr'><strong>a</strong></span> <span class='ocrx_word' id='word_1_271' title='bbox 3134 1681 3365 1740; x_wconf 90' lang='lat' dir='ltr'><strong>Domino</strong></span> <span class='ocrx_word' id='word_1_272' title='bbox 3398 1701 3413 1738; x_wconf 91' lang='lat'><strong>:</strong></span> 
     </span>
    </p>
   </div>
   <div class='ocr_carea' id='block_1_43' title="bbox 1817 1770 3419 1849">
    <p class='ocr_par' dir='ltr' id='par_1_43' title="bbox 1817 1770 3419 1849">
     <span class='ocr_line' id='line_1_43' title="bbox 1817 1770 3419 1849; baseline 0.004 -23"><span class='ocrx_word' id='word_1_273' title='bbox 1817 1777 1873 1826; x_wconf 92' lang='lat' dir='ltr'><strong>et</strong></span> <span class='ocrx_word' id='word_1_274' title='bbox 1920 1770 2352 1829; x_wconf 84' lang='lat' dir='ltr'><strong>misericordiam</strong></span> <span class='ocrx_word' id='word_1_275' title='bbox 2400 1787 2433 1829; x_wconf 87' lang='lat' dir='ltr'><strong>a</strong></span> <span class='ocrx_word' id='word_1_276' title='bbox 2472 1772 2586 1830; x_wconf 91' lang='lat' dir='ltr'><strong>Deo</strong></span> <span class='ocrx_word' id='word_1_277' title='bbox 2643 1773 2871 1830; x_wconf 89' lang='lat' dir='ltr'><strong>salutari</strong></span> <span class='ocrx_word' id='word_1_278' title='bbox 2922 1773 3053 1848; x_wconf 65' lang='lat' dir='ltr'><strong>[51s.</strong></span> <span class='ocrx_word' id='word_1_279' title='bbox 3108 1775 3419 1849; x_wconf 85' lang='lat' dir='ltr'><strong>salvatoris]</strong></span> 
     </span>
    </p>
   </div>
   <div class='ocr_carea' id='block_1_44' title="bbox 1815 1879 1940 1921">
    <p class='ocr_par' dir='ltr' id='par_1_44' title="bbox 1815 1879 1940 1921">
     <span class='ocr_line' id='line_1_44' title="bbox 1815 1879 1940 1921; baseline -0.008 0"><span class='ocrx_word' id='word_1_280' title='bbox 1815 1879 1940 1921; x_wconf 79' lang='lat' dir='ltr'><strong>SUO.</strong></span> 
     </span>
    </p>
   </div>
   <div class='ocr_carea' id='block_1_45' title="bbox 1887 1958 3414 2033">
    <p class='ocr_par' dir='ltr' id='par_1_45' title="bbox 1887 1958 3414 2033">
     <span class='ocr_line' id='line_1_45' title="bbox 1887 1958 3414 2033; baseline 0.002 -19"><span class='ocrx_word' id='word_1_281' title='bbox 1887 1958 2014 2017; x_wconf 82' lang='lat' dir='ltr'><strong>llaec</strong></span> <span class='ocrx_word' id='word_1_282' title='bbox 2041 1966 2125 2017; x_wconf 82' lang='lat' dir='ltr'><strong>est</strong></span> <span class='ocrx_word' id='word_1_283' title='bbox 2152 1958 2433 2031; x_wconf 73' lang='lat' dir='ltr'><strong>generatio</strong></span> <span class='ocrx_word' id='word_1_284' title='bbox 2462 1960 2826 2033; x_wconf 71' lang='lat' dir='ltr'><strong>quaerentium</strong></span> <span class='ocrx_word' id='word_1_285' title='bbox 2858 1960 3144 2017; x_wconf 88' lang='lat' dir='ltr'><strong>Dominum</strong></span> <span class='ocrx_word' id='word_1_286' title='bbox 3174 1978 3189 2021; x_wconf 92' lang='lat'><strong>:</strong></span> <span class='ocrx_word' id='word_1_287' title='bbox 3236 1961 3414 2033; x_wconf 83' lang='lat' dir='ltr'><strong>requi-</strong></span> 
     </span>
    </p>
   </div>
   <div class='ocr_carea' id='block_1_46' title="bbox 1812 2050 3408 2129">
    <p class='ocr_par' dir='ltr' id='par_1_46' title="bbox 1812 2050 3408 2129">
     <span class='ocr_line' id='line_1_46' title="bbox 1812 2050 3408 2129; baseline 0.002 -22"><span class='ocrx_word' id='word_1_288' title='bbox 1812 2053 2050 2107; x_wconf 90' lang='lat' dir='ltr'><strong>rentium</strong></span> <span class='ocrx_word' id='word_1_289' title='bbox 2078 2051 2205 2125; x_wconf 63' lang='lat' dir='ltr'><strong>[51s.</strong></span> <span class='ocrx_word' id='word_1_290' title='bbox 2248 2050 2634 2129; x_wconf 65' lang='lat' dir='ltr'><strong>quaerentium]</strong></span> <span class='ocrx_word' id='word_1_291' title='bbox 2676 2051 2869 2110; x_wconf 90' lang='lat' dir='ltr'><strong>faciem</strong></span> <span class='ocrx_word' id='word_1_292' title='bbox 2913 2052 3007 2109; x_wconf 91' lang='lat' dir='ltr'><strong>Dei</strong></span> <span class='ocrx_word' id='word_1_293' title='bbox 3057 2052 3245 2119; x_wconf 83' lang='lat' dir='ltr'><strong>Jacob.</strong></span> <span class='ocrx_word' id='word_1_294' title='bbox 3277 2053 3408 2110; x_wconf 72' lang='lat' dir='ltr'><strong>Du-</strong></span> 
     </span>
    </p>
   </div>
   <div class='ocr_carea' id='block_1_47' title="bbox 1808 2159 2037 2203">
    <p class='ocr_par' dir='ltr' id='par_1_47' title="bbox 1808 2159 2037 2203">
     <span class='ocr_line' id='line_1_47' title="bbox 1808 2159 2037 2203; baseline -0.013 0"><span class='ocrx_word' id='word_1_295' title='bbox 1808 2159 2037 2203; x_wconf 70' lang='lat' dir='ltr'><strong>PSALIA.</strong></span> 
     </span>
    </p>
   </div>
   <div class='ocr_carea' id='block_1_48' title="bbox 1877 2238 3407 2313">
    <p class='ocr_par' dir='ltr' id='par_1_48' title="bbox 1877 2238 3407 2313">
     <span class='ocr_line' id='line_1_48' title="bbox 1877 2238 3407 2313; baseline 0 -18"><span class='ocrx_word' id='word_1_296' title='bbox 1877 2238 2074 2295; x_wconf 81' lang='lat' dir='ltr'><strong>Tollite</strong></span> <span class='ocrx_word' id='word_1_297' title='bbox 2105 2247 2309 2308; x_wconf 85' lang='lat' dir='ltr'><strong>portas,</strong></span> <span class='ocrx_word' id='word_1_298' title='bbox 2343 2238 2637 2311; x_wconf 87' lang='lat' dir='ltr'><strong>principes,</strong></span> <span class='ocrx_word' id='word_1_299' title='bbox 2667 2249 2881 2295; x_wconf 87' lang='lat' dir='ltr'><strong>vestras</strong></span> <span class='ocrx_word' id='word_1_300' title='bbox 2918 2239 3045 2311; x_wconf 75' lang='grc' dir='ltr'><strong>[Με.</strong></span> <span class='ocrx_word' id='word_1_301' title='bbox 3085 2238 3306 2313; x_wconf 81' lang='lat' dir='ltr'><strong>vestri],</strong></span> <span class='ocrx_word' id='word_1_302' title='bbox 3354 2248 3407 2295; x_wconf 89' lang='lat' dir='ltr'><strong>et</strong></span> 
     </span>
    </p>
   </div>
   <div class='ocr_carea' id='block_1_49' title="bbox 1804 2331 3402 2407">
    <p class='ocr_par' dir='ltr' id='par_1_49' title="bbox 1804 2331 3402 2407">
     <span class='ocr_line' id='line_1_49' title="bbox 1804 2331 3402 2407; baseline -0.002 -19"><span class='ocrx_word' id='word_1_303' title='bbox 1804 2331 2121 2400; x_wconf 85' lang='lat' dir='ltr'><strong>elevamini,</strong></span> <span class='ocrx_word' id='word_1_304' title='bbox 2154 2342 2323 2404; x_wconf 69' lang='lat' dir='ltr'><strong>portae</strong></span> <span class='ocrx_word' id='word_1_305' title='bbox 2354 2333 2678 2398; x_wconf 63' lang='lat' dir='ltr'><strong>arternales;</strong></span> <span class='ocrx_word' id='word_1_306' title='bbox 2710 2341 2763 2387; x_wconf 93' lang='lat' dir='ltr'><strong>et</strong></span> <span class='ocrx_word' id='word_1_307' title='bbox 2788 2332 3029 2388; x_wconf 85' lang='lat' dir='ltr'><strong>introibit</strong></span> <span class='ocrx_word' id='word_1_308' title='bbox 3065 2350 3159 2389; x_wconf 85' lang='lat' dir='ltr'><strong>rex</strong></span> <span class='ocrx_word' id='word_1_309' title='bbox 3190 2334 3402 2407; x_wconf 72' lang='lat' dir='ltr'><strong>glorite.</strong></span> 
     </span>
    </p>
   </div>
   <div class='ocr_carea' id='block_1_50' title="bbox 1875 2424 3403 2498">
    <p class='ocr_par' dir='ltr' id='par_1_50' title="bbox 1875 2424 3403 2498">
     <span class='ocr_line' id='line_1_50' title="bbox 1875 2424 3403 2498; baseline 0.001 -21"><span class='ocrx_word' id='word_1_310' title='bbox 1875 2424 2009 2491; x_wconf 87' lang='lat' dir='ltr'><strong>Quis</strong></span> <span class='ocrx_word' id='word_1_311' title='bbox 2035 2432 2119 2479; x_wconf 91' lang='lat' dir='ltr'><strong>est</strong></span> <span class='ocrx_word' id='word_1_312' title='bbox 2146 2424 2253 2479; x_wconf 89' lang='lat' dir='ltr'><strong>iste</strong></span> <span class='ocrx_word' id='word_1_313' title='bbox 2283 2440 2376 2479; x_wconf 90' lang='lat' dir='ltr'><strong>rex</strong></span> <span class='ocrx_word' id='word_1_314' title='bbox 2406 2424 2632 2494; x_wconf 70' lang='lat' dir='ltr'><strong>gloriae?</strong></span> <span class='ocrx_word' id='word_1_315' title='bbox 2682 2424 2943 2479; x_wconf 87' lang='lat' dir='ltr'><strong>Dominus</strong></span> <span class='ocrx_word' id='word_1_316' title='bbox 2994 2424 3151 2480; x_wconf 86' lang='lat' dir='ltr'><strong>fortis</strong></span> <span class='ocrx_word' id='word_1_317' title='bbox 3200 2434 3253 2481; x_wconf 89' lang='lat' dir='ltr'><strong>et</strong></span> <span class='ocrx_word' id='word_1_318' title='bbox 3308 2442 3403 2498; x_wconf 87' lang='lat' dir='ltr'><strong>po-</strong></span> 
     </span>
    </p>
   </div>
   <div class='ocr_carea' id='block_1_51' title="bbox 1805 2515 3186 2589">
    <p class='ocr_par' dir='ltr' id='par_1_51' title="bbox 1805 2515 3186 2589">
     <span class='ocr_line' id='line_1_51' title="bbox 1805 2515 3186 2589; baseline -0.004 -15"><span class='ocrx_word' id='word_1_319' title='bbox 1805 2527 1927 2575; x_wconf 88' lang='lat' dir='ltr'><strong>tens</strong></span> <span class='ocrx_word' id='word_1_320' title='bbox 1958 2535 1971 2571; x_wconf 94' lang='lat'>:</span> <span class='ocrx_word' id='word_1_321' title='bbox 2006 2516 2269 2573; x_wconf 89' lang='lat' dir='ltr'><strong>Dominus</strong></span> <span class='ocrx_word' id='word_1_322' title='bbox 2299 2528 2491 2588; x_wconf 87' lang='lat' dir='ltr'><strong>potens</strong></span> <span class='ocrx_word' id='word_1_323' title='bbox 2525 2517 2579 2572; x_wconf 91' lang='lat' dir='ltr'><strong>in</strong></span> <span class='ocrx_word' id='word_1_324' title='bbox 2608 2516 2797 2588; x_wconf 70' lang='lat' dir='ltr'><strong>prtclio</strong></span> <span class='ocrx_word' id='word_1_325' title='bbox 2825 2516 2956 2589; x_wconf 65' lang='lat' dir='ltr'><strong>[31s.</strong></span> <span class='ocrx_word' id='word_1_326' title='bbox 2992 2515 3186 2588; x_wconf 90' lang='lat' dir='ltr'><strong>bello].</strong></span> 
     </span>
    </p>
   </div>
   <div class='ocr_carea' id='block_1_52' title="bbox 1802 2606 3400 2682">
    <p class='ocr_par' dir='ltr' id='par_1_52' title="bbox 1802 2606 3400 2682">
     <span class='ocr_line' id='line_1_52' title="bbox 1802 2606 3400 2682; baseline 0.001 -19"><span class='ocrx_word' id='word_1_327' title='bbox 1802 2618 1817 2652; x_wconf 67' lang='grc' dir='ltr'>τ</span> <span class='ocrx_word' id='word_1_328' title='bbox 1874 2609 2075 2664; x_wconf 88' lang='lat' dir='ltr'><strong>Tollite</strong></span> <span class='ocrx_word' id='word_1_329' title='bbox 2116 2617 2321 2679; x_wconf 87' lang='lat' dir='ltr'><strong>portas,</strong></span> <span class='ocrx_word' id='word_1_330' title='bbox 2366 2608 2667 2679; x_wconf 88' lang='lat' dir='ltr'><strong>principes,</strong></span> <span class='ocrx_word' id='word_1_331' title='bbox 2706 2619 2917 2664; x_wconf 82' lang='lat' dir='ltr'><strong>vestras</strong></span> <span class='ocrx_word' id='word_1_332' title='bbox 2962 2608 3089 2682; x_wconf 64' lang='lat' dir='ltr'><strong>[.lls.</strong></span> <span class='ocrx_word' id='word_1_333' title='bbox 3122 2606 3312 2681; x_wconf 80' lang='lat' dir='ltr'><strong>vestri]</strong></span> <span class='ocrx_word' id='word_1_334' title='bbox 3344 2617 3400 2664; x_wconf 88' lang='lat' dir='ltr'><strong>et</strong></span> 
     </span>
    </p>
   </div>
   <div class='ocr_carea' id='block_1_53' title="bbox 1804 2700 3397 2773">
    <p class='ocr_par' dir='ltr' id='par_1_53' title="bbox 1804 2700 3397 2773">
     <span class='ocr_line' id='line_1_53' title="bbox 1804 2700 3397 2773; baseline -0.003 -14"><span class='ocrx_word' id='word_1_335' title='bbox 1804 2701 2114 2773; x_wconf 84' lang='lat' dir='ltr'><strong>elevamini,</strong></span> <span class='ocrx_word' id='word_1_336' title='bbox 2137 2711 2311 2772; x_wconf 78' lang='lat' dir='ltr'><strong>porta:</strong></span> <span class='ocrx_word' id='word_1_337' title='bbox 2338 2701 2663 2759; x_wconf 64' lang='lat' dir='ltr'><strong>aeternales:</strong></span> <span class='ocrx_word' id='word_1_338' title='bbox 2690 2711 2742 2757; x_wconf 91' lang='lat' dir='ltr'><strong>et</strong></span> <span class='ocrx_word' id='word_1_339' title='bbox 2774 2701 3025 2757; x_wconf 89' lang='lat' dir='ltr'><strong>introibit</strong></span> <span class='ocrx_word' id='word_1_340' title='bbox 3068 2717 3165 2757; x_wconf 85' lang='lat' dir='ltr'><strong>rex</strong></span> <span class='ocrx_word' id='word_1_341' title='bbox 3189 2700 3397 2773; x_wconf 75' lang='lat' dir='ltr'><strong>gloriae.</strong></span> 
     </span>
    </p>
   </div>
   <div class='ocr_carea' id='block_1_54' title="bbox 1875 2792 3399 2869">
    <p class='ocr_par' dir='ltr' id='par_1_54' title="bbox 1875 2792 3399 2869">
     <span class='ocr_line' id='line_1_54' title="bbox 1875 2792 3399 2869; baseline 0 -21"><span class='ocrx_word' id='word_1_342' title='bbox 1875 2794 2008 2862; x_wconf 86' lang='lat' dir='ltr'><strong>Quis</strong></span> <span class='ocrx_word' id='word_1_343' title='bbox 2055 2804 2138 2850; x_wconf 85' lang='lat' dir='ltr'><strong>est</strong></span> <span class='ocrx_word' id='word_1_344' title='bbox 2178 2793 2281 2849; x_wconf 85' lang='lat' dir='ltr'><strong>iste</strong></span> <span class='ocrx_word' id='word_1_345' title='bbox 2322 2809 2419 2849; x_wconf 88' lang='lat' dir='ltr'><strong>rex</strong></span> <span class='ocrx_word' id='word_1_346' title='bbox 2448 2794 2671 2866; x_wconf 60' lang='lat' dir='ltr'><strong>gloria?</strong></span> <span class='ocrx_word' id='word_1_347' title='bbox 2701 2793 2964 2850; x_wconf 90' lang='lat' dir='ltr'><strong>Dominus</strong></span> <span class='ocrx_word' id='word_1_348' title='bbox 2991 2793 3249 2853; x_wconf 86' lang='lat' dir='ltr'><strong>virtutum</strong></span> <span class='ocrx_word' id='word_1_349' title='bbox 3283 2792 3399 2869; x_wconf 87' lang='lat' dir='ltr'><strong>ipse</strong></span> 
     </span>
    </p>
   </div>
   <div class='ocr_carea' id='block_1_55' title="bbox 1805 2874 3317 2959">
    <p class='ocr_par' dir='ltr' id='par_1_55' title="bbox 1805 2874 3317 2959">
     <span class='ocr_line' id='line_1_55' title="bbox 1805 2874 3317 2959; baseline 0.001 -17"><span class='ocrx_word' id='word_1_350' title='bbox 1805 2895 1889 2942; x_wconf 89' lang='lat' dir='ltr'><strong>est</strong></span> <span class='ocrx_word' id='word_1_351' title='bbox 1917 2902 2015 2942; x_wconf 87' lang='lat' dir='ltr'><strong>rex</strong></span> <span class='ocrx_word' id='word_1_352' title='bbox 2044 2884 2254 2959; x_wconf 61' lang='lat' dir='ltr'><strong>gloriae.</strong></span> <span class='ocrx_word' id='word_1_353' title='bbox 3312 2874 3317 2877; x_wconf 16' lang='grc' dir='ltr'><strong>Δ</strong></span> 
     </span>
    </p>
   </div>
   <div class='ocr_carea' id='block_1_56' title="bbox 1414 2968 2058 3039">
    <p class='ocr_par' dir='ltr' id='par_1_56' title="bbox 1414 2968 2058 3039">
     <span class='ocr_line' id='line_1_56' title="bbox 1414 2968 2058 3039; baseline 0.008 -8"><span class='ocrx_word' id='word_1_354' title='bbox 1414 2968 1775 3038; x_wconf 82' lang='lat' dir='ltr'><strong>PSALMUS</strong></span> <span class='ocrx_word' id='word_1_355' title='bbox 1820 2977 2058 3039; x_wconf 69' lang='lat' dir='ltr'><strong>XXIV.</strong></span> 
     </span>
    </p>
   </div>
   <div class='ocr_carea' id='block_1_57' title="bbox 660 3080 1167 3127">
    <p class='ocr_par' dir='ltr' id='par_1_57' title="bbox 660 3080 1167 3127">
     <span class='ocr_line' id='line_1_57' title="bbox 660 3080 1167 3127; baseline 0.01 -5"><span class='ocrx_word' id='word_1_356' title='bbox 660 3080 896 3123; x_wconf 68' lang='lat' dir='ltr'><strong>PSALIUS</strong></span> <span class='ocrx_word' id='word_1_357' title='bbox 933 3082 1114 3123; x_wconf 72' lang='lat' dir='ltr'><strong>DAVID.</strong></span> <span class='ocrx_word' id='word_1_358' title='bbox 1141 3104 1167 3127; x_wconf 77' lang='grc' dir='ltr'><strong>ο</strong></span> 
     </span>
    </p>
   </div>
   <div class='ocr_carea' id='block_1_58' title="bbox 177 3149 1686 3234">
    <p class='ocr_par' dir='ltr' id='par_1_58' title="bbox 177 3149 1686 3234">
     <span class='ocr_line' id='line_1_58' title="bbox 177 3149 1686 3234; baseline 0.008 -26"><span class='ocrx_word' id='word_1_359' title='bbox 177 3149 202 3189; x_wconf 71' lang='grc' dir='ltr'><em>δ</em></span> <span class='ocrx_word' id='word_1_360' title='bbox 224 3155 303 3209; x_wconf 76' lang='lat' dir='ltr'><strong>Ad</strong></span> <span class='ocrx_word' id='word_1_361' title='bbox 320 3165 393 3221; x_wconf 87' lang='lat' dir='ltr'><strong>te,</strong></span> <span class='ocrx_word' id='word_1_362' title='bbox 427 3157 670 3225; x_wconf 82' lang='lat' dir='ltr'><strong>Domine,</strong></span> <span class='ocrx_word' id='word_1_363' title='bbox 701 3158 866 3214; x_wconf 81' lang='lat' dir='ltr'><strong>levavi</strong></span> <span class='ocrx_word' id='word_1_364' title='bbox 887 3159 1116 3214; x_wconf 85' lang='lat' dir='ltr'><strong>animant</strong></span> <span class='ocrx_word' id='word_1_365' title='bbox 1140 3160 1498 3217; x_wconf 85' lang='lat' dir='ltr'><strong>meam:Deus</strong></span> <span class='ocrx_word' id='word_1_366' title='bbox 1528 3180 1686 3234; x_wconf 87' lang='lat' dir='ltr'><strong>meus,</strong></span> 
     </span>
    </p>
   </div>
   <div class='ocr_carea' id='block_1_59' title="bbox 121 3245 947 3319">
    <p class='ocr_par' dir='ltr' id='par_1_59' title="bbox 121 3245 947 3319">
     <span class='ocr_line' id='line_1_59' title="bbox 121 3245 947 3319; baseline 0.011 -24"><span class='ocrx_word' id='word_1_367' title='bbox 121 3245 165 3297; x_wconf 84' lang='lat' dir='ltr'><strong>in</strong></span> <span class='ocrx_word' id='word_1_368' title='bbox 184 3255 229 3300; x_wconf 86' lang='lat' dir='ltr'><strong>te</strong></span> <span class='ocrx_word' id='word_1_369' title='bbox 250 3251 465 3319; x_wconf 77' lang='lat' dir='ltr'><strong>confido,</strong></span> <span class='ocrx_word' id='word_1_370' title='bbox 498 3268 602 3304; x_wconf 89' lang='lat' dir='ltr'><strong>non</strong></span> <span class='ocrx_word' id='word_1_371' title='bbox 628 3250 947 3304; x_wconf 82' lang='lat' dir='ltr'><strong>erubescam.</strong></span> 
     </span>
    </p>
   </div>
   <div class='ocr_carea' id='block_1_60' title="bbox 183 3340 1691 3415">
    <p class='ocr_par' dir='ltr' id='par_1_60' title="bbox 183 3340 1691 3415">
     <span class='ocr_line' id='line_1_60' title="bbox 183 3340 1691 3415; baseline 0.007 -22"><span class='ocrx_word' id='word_1_372' title='bbox 183 3340 351 3410; x_wconf 70' lang='lat' dir='ltr'><strong>Neque</strong></span> <span class='ocrx_word' id='word_1_373' title='bbox 376 3342 621 3395; x_wconf 82' lang='lat' dir='ltr'><strong>irrideant</strong></span> <span class='ocrx_word' id='word_1_374' title='bbox 651 3358 734 3395; x_wconf 84' lang='lat' dir='ltr'><strong>me</strong></span> <span class='ocrx_word' id='word_1_375' title='bbox 760 3342 959 3397; x_wconf 81' lang='lat' dir='ltr'><strong>inimici</strong></span> <span class='ocrx_word' id='word_1_376' title='bbox 990 3343 1088 3397; x_wconf 87' lang='lat' dir='ltr'><strong>mei</strong></span> <span class='ocrx_word' id='word_1_377' title='bbox 1115 3359 1132 3396; x_wconf 92' lang='lat'><strong><em>:</em></strong></span> <span class='ocrx_word' id='word_1_378' title='bbox 1159 3354 1208 3398; x_wconf 87' lang='lat' dir='ltr'><strong>et</strong></span> <span class='ocrx_word' id='word_1_379' title='bbox 1244 3359 1299 3399; x_wconf 72' lang='lat'><em>+</em></span> <span class='ocrx_word' id='word_1_380' title='bbox 1333 3346 1471 3401; x_wconf 85' lang='lat' dir='ltr'><strong>enim</strong></span> <span class='ocrx_word' id='word_1_381' title='bbox 1508 3347 1531 3415; x_wconf 88' lang='lat'><strong>1</strong></span> <span class='ocrx_word' id='word_1_382' title='bbox 1574 3349 1691 3403; x_wconf 89' lang='lat' dir='ltr'><strong>uni-</strong></span> 
     </span>
    </p>
   </div>
   <div class='ocr_carea' id='block_1_61' title="bbox 120 3432 1294 3502">
    <p class='ocr_par' dir='ltr' id='par_1_61' title="bbox 120 3432 1294 3502">
     <span class='ocr_line' id='line_1_61' title="bbox 120 3432 1294 3502; baseline 0.007 -23"><span class='ocrx_word' id='word_1_383' title='bbox 120 3432 259 3494; x_wconf 68' lang='lat' dir='ltr'><strong>t‘ersi,</strong></span> <span class='ocrx_word' id='word_1_384' title='bbox 283 3434 366 3501; x_wconf 84' lang='lat' dir='ltr'><strong>qui</strong></span> <span class='ocrx_word' id='word_1_385' title='bbox 386 3435 635 3486; x_wconf 76' lang='lat' dir='ltr'><strong>sustinent</strong></span> <span class='ocrx_word' id='word_1_386' title='bbox 661 3442 731 3497; x_wconf 75' lang='lat' dir='ltr'><strong>te,</strong></span> <span class='ocrx_word' id='word_1_387' title='bbox 764 3449 865 3485; x_wconf 87' lang='lat' dir='ltr'><strong>non</strong></span> <span class='ocrx_word' id='word_1_388' title='bbox 896 3434 1294 3502; x_wconf 83' lang='lat' dir='ltr'><strong>confundcntur.</strong></span> 
     </span>
    </p>
   </div>
   <div class='ocr_carea' id='block_1_62' title="bbox 180 3520 946 3594">
    <p class='ocr_par' dir='ltr' id='par_1_62' title="bbox 180 3520 946 3594">
     <span class='ocr_line' id='line_1_62' title="bbox 180 3520 946 3594; baseline 0.009 -21"><span class='ocrx_word' id='word_1_389' title='bbox 180 3520 559 3590; x_wconf 74' lang='lat' dir='ltr'><strong>Confunduntur</strong></span> <span class='ocrx_word' id='word_1_390' title='bbox 602 3539 653 3579; x_wconf 59' lang='grc' dir='ltr'><strong>-ξ</strong></span> <span class='ocrx_word' id='word_1_391' title='bbox 708 3540 883 3579; x_wconf 87' lang='lat' dir='ltr'><strong>omnes</strong></span> <span class='ocrx_word' id='word_1_392' title='bbox 926 3524 946 3594; x_wconf 72' lang='grc' dir='ltr'>ζ</span> 
     </span>
    </p>
   </div>
   <div class='ocr_carea' id='block_1_63' title="bbox 120 3625 276 3667">
    <p class='ocr_par' dir='ltr' id='par_1_63' title="bbox 120 3625 276 3667">
     <span class='ocr_line' id='line_1_63' title="bbox 120 3625 276 3667; baseline 0.006 -2"><span class='ocrx_word' id='word_1_393' title='bbox 120 3625 276 3667; x_wconf 59' lang='lat' dir='ltr'><strong>Fatue.</strong></span> 
     </span>
    </p>
   </div>
   <div class='ocr_carea' id='block_1_64' title="bbox 188 3703 1682 3786">
    <p class='ocr_par' dir='ltr' id='par_1_64' title="bbox 188 3703 1682 3786">
     <span class='ocr_line' id='line_1_64' title="bbox 188 3703 1682 3786; baseline 0.011 -30"><span class='ocrx_word' id='word_1_394' title='bbox 188 3703 300 3759; x_wconf 76' lang='lat' dir='ltr'><strong>Vias</strong></span> <span class='ocrx_word' id='word_1_395' title='bbox 324 3717 450 3773; x_wconf 86' lang='lat' dir='ltr'><strong>tuas,</strong></span> <span class='ocrx_word' id='word_1_396' title='bbox 480 3708 723 3779; x_wconf 77' lang='lat' dir='ltr'><strong>Demitte,</strong></span> <span class='ocrx_word' id='word_1_397' title='bbox 750 3709 1050 3765; x_wconf 86' lang='lat' dir='ltr'><strong>demonstra</strong></span> <span class='ocrx_word' id='word_1_398' title='bbox 1074 3711 1197 3765; x_wconf 81' lang='lat' dir='ltr'><strong>mihi</strong></span> <span class='ocrx_word' id='word_1_399' title='bbox 1220 3730 1239 3767; x_wconf 88' lang='lat'><strong><em>:</em></strong></span> <span class='ocrx_word' id='word_1_400' title='bbox 1262 3728 1321 3768; x_wconf 61' lang='grc' dir='ltr'><strong>σιξ-</strong></span> <span class='ocrx_word' id='word_1_401' title='bbox 1344 3724 1389 3769; x_wconf 87' lang='lat' dir='ltr'><strong>et</strong></span> <span class='ocrx_word' id='word_1_402' title='bbox 1422 3716 1445 3786; x_wconf 91' lang='lat'><strong>1</strong></span> <span class='ocrx_word' id='word_1_403' title='bbox 1475 3718 1682 3773; x_wconf 83' lang='lat' dir='ltr'><strong>semitas</strong></span> 
     </span>
    </p>
   </div>
   <div class='ocr_carea' id='block_1_65' title="bbox 119 3800 514 3857">
    <p class='ocr_par' dir='ltr' id='par_1_65' title="bbox 119 3800 514 3857">
     <span class='ocr_line' id='line_1_65' title="bbox 119 3800 514 3857; baseline 0.03 -12"><span class='ocrx_word' id='word_1_404' title='bbox 119 3804 218 3851; x_wconf 82' lang='lat' dir='ltr'><strong>tuas</strong></span> <span class='ocrx_word' id='word_1_405' title='bbox 244 3800 391 3856; x_wconf 88' lang='lat' dir='ltr'><strong>edoce</strong></span> <span class='ocrx_word' id='word_1_406' title='bbox 420 3821 514 3857; x_wconf 87' lang='lat' dir='ltr'><strong>me.</strong></span> 
     </span>
    </p>
   </div>
   <div class='ocr_carea' id='block_1_66' title="bbox 181 3890 1683 3971">
    <p class='ocr_par' dir='ltr' id='par_1_66' title="bbox 181 3890 1683 3971">
     <span class='ocr_line' id='line_1_66' title="bbox 181 3890 1683 3971; baseline 0.013 -30"><span class='ocrx_word' id='word_1_407' title='bbox 181 3890 342 3963; x_wconf 80' lang='lat' dir='ltr'><strong>Dirige</strong></span> <span class='ocrx_word' id='word_1_408' title='bbox 362 3914 435 3951; x_wconf 90' lang='lat' dir='ltr'><strong>me</strong></span> <span class='ocrx_word' id='word_1_409' title='bbox 456 3898 505 3950; x_wconf 88' lang='lat' dir='ltr'><strong>in</strong></span> <span class='ocrx_word' id='word_1_410' title='bbox 530 3898 743 3952; x_wconf 83' lang='lat' dir='ltr'><strong>veritate</strong></span> <span class='ocrx_word' id='word_1_411' title='bbox 764 3909 873 3965; x_wconf 83' lang='lat' dir='ltr'><strong>tua,</strong></span> <span class='ocrx_word' id='word_1_412' title='bbox 900 3908 947 3951; x_wconf 84' lang='lat' dir='ltr'><strong>et</strong></span> <span class='ocrx_word' id='word_1_413' title='bbox 971 3899 1095 3954; x_wconf 85' lang='lat' dir='ltr'><strong>doce</strong></span> <span class='ocrx_word' id='word_1_414' title='bbox 1114 3915 1195 3952; x_wconf 86' lang='lat' dir='ltr'><strong>me</strong></span> <span class='ocrx_word' id='word_1_415' title='bbox 1210 3915 1227 3952; x_wconf 91' lang='lat'><strong><em>:</em></strong></span> <span class='ocrx_word' id='word_1_416' title='bbox 1250 3901 1372 3971; x_wconf 86' lang='lat' dir='ltr'><strong>quia</strong></span> <span class='ocrx_word' id='word_1_417' title='bbox 1397 3909 1453 3956; x_wconf 89' lang='lat' dir='ltr'><strong>tu</strong></span> <span class='ocrx_word' id='word_1_418' title='bbox 1476 3919 1527 3957; x_wconf 88' lang='lat' dir='ltr'><strong>es</strong></span> <span class='ocrx_word' id='word_1_419' title='bbox 1546 3902 1683 3961; x_wconf 86' lang='lat' dir='ltr'><strong>Deus</strong></span> 
     </span>
    </p>
   </div>
   <div class='ocr_carea' id='block_1_67' title="bbox 112 3980 1351 4057">
    <p class='ocr_par' dir='ltr' id='par_1_67' title="bbox 112 3980 1351 4057">
     <span class='ocr_line' id='line_1_67' title="bbox 112 3980 1351 4057; baseline 0.012 -27"><span class='ocrx_word' id='word_1_420' title='bbox 112 3980 309 4039; x_wconf 66' lang='lat' dir='ltr'><strong>sulcator</strong></span> <span class='ocrx_word' id='word_1_421' title='bbox 330 4004 489 4056; x_wconf 83' lang='lat' dir='ltr'><strong>meus,</strong></span> <span class='ocrx_word' id='word_1_422' title='bbox 520 4004 580 4044; x_wconf 51' lang='grc' dir='ltr'><em>ὴ</em></span> <span class='ocrx_word' id='word_1_423' title='bbox 604 3998 653 4042; x_wconf 84' lang='lat' dir='ltr'><strong>et</strong></span> <span class='ocrx_word' id='word_1_424' title='bbox 684 3989 709 4057; x_wconf 88' lang='lat'><strong>1</strong></span> <span class='ocrx_word' id='word_1_425' title='bbox 740 3998 789 4043; x_wconf 86' lang='lat' dir='ltr'><strong>te</strong></span> <span class='ocrx_word' id='word_1_426' title='bbox 815 3992 1037 4044; x_wconf 83' lang='lat' dir='ltr'><strong>sustinui</strong></span> <span class='ocrx_word' id='word_1_427' title='bbox 1060 3999 1166 4044; x_wconf 90' lang='lat' dir='ltr'><strong>tota</strong></span> <span class='ocrx_word' id='word_1_428' title='bbox 1193 3991 1278 4045; x_wconf 84' lang='lat' dir='ltr'><strong>die</strong></span> <span class='ocrx_word' id='word_1_429' title='bbox 1304 4001 1351 4045; x_wconf 78' lang='lat'><strong>°.</strong></span> 
     </span>
    </p>
   </div>
   <div class='ocr_carea' id='block_1_68' title="bbox 106 4191 1661 4265">
    <p class='ocr_par' dir='ltr' id='par_1_68' title="bbox 106 4191 1661 4265">
     <span class='ocr_line' id='line_1_68' title="bbox 106 4191 1661 4265; baseline 0.002 -19"><span class='ocrx_word' id='word_1_430' title='bbox 106 4203 273 4256; x_wconf 69' lang='grc' dir='ltr'><strong>ηῖειδω,</strong></span> <span class='ocrx_word' id='word_1_431' title='bbox 318 4195 457 4262; x_wconf 85' lang='lat' dir='ltr'><strong>quod</strong></span> <span class='ocrx_word' id='word_1_432' title='bbox 485 4196 645 4265; x_wconf 87' lang='lat' dir='ltr'><strong>plane</strong></span> <span class='ocrx_word' id='word_1_433' title='bbox 677 4193 873 4249; x_wconf 76' lang='lat' dir='ltr'><strong>falsum</strong></span> <span class='ocrx_word' id='word_1_434' title='bbox 908 4208 1029 4249; x_wconf 88' lang='lat' dir='ltr'><strong>esse</strong></span> <span class='ocrx_word' id='word_1_435' title='bbox 1053 4264 1057 4265; x_wconf 12' lang='grc' dir='ltr'>ί</span> <span class='ocrx_word' id='word_1_436' title='bbox 1081 4193 1182 4247; x_wconf 89' lang='lat' dir='ltr'><strong>nisi</strong></span> <span class='ocrx_word' id='word_1_437' title='bbox 1238 4191 1512 4248; x_wconf 80' lang='lat' dir='ltr'><strong>sexcentis</strong></span> <span class='ocrx_word' id='word_1_438' title='bbox 1542 4193 1661 4250; x_wconf 87' lang='lat' dir='ltr'><strong>aliis</strong></span> 
     </span>
    </p>
   </div>
   <div class='ocr_carea' id='block_1_69' title="bbox 102 4264 1660 4335">
    <p class='ocr_par' dir='ltr' id='par_1_69' title="bbox 102 4264 1660 4335">
     <span class='ocr_line' id='line_1_69' title="bbox 102 4264 1660 4335; baseline 0.003 -20"><span class='ocrx_word' id='word_1_439' title='bbox 102 4268 410 4335; x_wconf 50' lang='lat' dir='ltr'><strong>argumentis</strong></span> <span class='ocrx_word' id='word_1_440' title='bbox 458 4264 621 4335; x_wconf 76' lang='lat' dir='ltr'><strong>vulgo</strong></span> <span class='ocrx_word' id='word_1_441' title='bbox 669 4273 970 4329; x_wconf 88' lang='lat' dir='ltr'><strong>constaret,</strong></span> <span class='ocrx_word' id='word_1_442' title='bbox 1015 4264 1082 4317; x_wconf 87' lang='lat' dir='ltr'><strong>ab</strong></span> <span class='ocrx_word' id='word_1_443' title='bbox 1115 4280 1178 4318; x_wconf 90' lang='lat' dir='ltr'><strong>ea</strong></span> <span class='ocrx_word' id='word_1_444' title='bbox 1230 4265 1343 4331; x_wconf 87' lang='lat' dir='ltr'><strong>ipsa</strong></span> <span class='ocrx_word' id='word_1_445' title='bbox 1379 4279 1660 4331; x_wconf 79' lang='lat' dir='ltr'><strong>perperam</strong></span> 
     </span>
    </p>
   </div>
   <div class='ocr_carea' id='block_1_70' title="bbox 101 4328 1661 4406">
    <p class='ocr_par' dir='ltr' id='par_1_70' title="bbox 101 4328 1661 4406">
     <span class='ocr_line' id='line_1_70' title="bbox 101 4328 1661 4406; baseline 0.008 -27"><span class='ocrx_word' id='word_1_446' title='bbox 101 4328 285 4388; x_wconf 80' lang='lat' dir='ltr'><strong>laudata</strong></span> <span class='ocrx_word' id='word_1_447' title='bbox 322 4336 379 4392; x_wconf 90' lang='lat' dir='ltr'><strong>S.</strong></span> <span class='ocrx_word' id='word_1_448' title='bbox 410 4328 587 4391; x_wconf 76' lang='lat' dir='ltr'><strong>Patris</strong></span> <span class='ocrx_word' id='word_1_449' title='bbox 610 4336 935 4406; x_wconf 64' lang='lat' dir='ltr'><strong>praefatione</strong></span> <span class='ocrx_word' id='word_1_450' title='bbox 960 4328 1146 4390; x_wconf 83' lang='lat' dir='ltr'><strong>doceri</strong></span> <span class='ocrx_word' id='word_1_451' title='bbox 1177 4328 1409 4403; x_wconf 64' lang='lat' dir='ltr'><strong>poterat.</strong></span> <span class='ocrx_word' id='word_1_452' title='bbox 1448 4328 1553 4390; x_wconf 76' lang='lat' dir='ltr'><strong>Sed</strong></span> <span class='ocrx_word' id='word_1_453' title='bbox 1583 4338 1661 4406; x_wconf 83' lang='lat' dir='ltr'><strong>pi-</strong></span> 
     </span>
    </p>
   </div>
   <div class='ocr_carea' id='block_1_71' title="bbox 98 4406 1658 4479">
    <p class='ocr_par' dir='ltr' id='par_1_71' title="bbox 98 4406 1658 4479">
     <span class='ocr_line' id='line_1_71' title="bbox 98 4406 1658 4479; baseline 0.007 -26"><span class='ocrx_word' id='word_1_454' title='bbox 98 4412 170 4479; x_wconf 75' lang='lat' dir='ltr'><strong>get</strong></span> <span class='ocrx_word' id='word_1_455' title='bbox 193 4407 311 4479; x_wconf 51' lang='lat' dir='ltr'><strong>bare</strong></span> <span class='ocrx_word' id='word_1_456' title='bbox 344 4409 616 4479; x_wconf 64' lang='lat' dir='ltr'><strong>persequi,</strong></span> <span class='ocrx_word' id='word_1_457' title='bbox 666 4422 793 4479; x_wconf 11' lang='lat' dir='ltr'><strong>quae,</strong></span> <span class='ocrx_word' id='word_1_458' title='bbox 827 4407 970 4460; x_wconf 82' lang='lat' dir='ltr'><strong>scias</strong></span> <span class='ocrx_word' id='word_1_459' title='bbox 1012 4416 1137 4461; x_wconf 87' lang='lat' dir='ltr'><strong>tunc</strong></span> <span class='ocrx_word' id='word_1_460' title='bbox 1174 4406 1392 4460; x_wconf 70' lang='lat' dir='ltr'><strong>deorum</strong></span> <span class='ocrx_word' id='word_1_461' title='bbox 1424 4409 1595 4479; x_wconf 74' lang='lat' dir='ltr'><strong>notari</strong></span> <span class='ocrx_word' id='word_1_462' title='bbox 1628 4424 1658 4464; x_wconf 81' lang='lat' dir='ltr'><strong>a</strong></span> 
     </span>
    </p>
   </div>
   <div class='ocr_carea' id='block_1_72' title="bbox 99 4475 1655 4546">
    <p class='ocr_par' dir='ltr' id='par_1_72' title="bbox 99 4475 1655 4546">
     <span class='ocr_line' id='line_1_72' title="bbox 99 4475 1655 4546; baseline 0.005 -23"><span class='ocrx_word' id='word_1_463' title='bbox 99 4475 231 4528; x_wconf 91' lang='lat' dir='ltr'><strong>nobis</strong></span> <span class='ocrx_word' id='word_1_464' title='bbox 265 4490 316 4531; x_wconf 89' lang='lat' dir='ltr'><strong>ut</strong></span> <span class='ocrx_word' id='word_1_465' title='bbox 347 4475 564 4543; x_wconf 81' lang='lat' dir='ltr'><strong>caveas,</strong></span> <span class='ocrx_word' id='word_1_466' title='bbox 612 4475 734 4532; x_wconf 87' lang='lat' dir='ltr'><strong>cum</strong></span> <span class='ocrx_word' id='word_1_467' title='bbox 780 4478 1205 4546; x_wconf 78' lang='lat' dir='ltr'><strong>Ilieronymiuno</strong></span> <span class='ocrx_word' id='word_1_468' title='bbox 1238 4478 1440 4530; x_wconf 87' lang='lat' dir='ltr'><strong>nomini</strong></span> <span class='ocrx_word' id='word_1_469' title='bbox 1473 4476 1655 4532; x_wconf 86' lang='lat' dir='ltr'><strong>decori</strong></span> 
     </span>
    </p>
   </div>
   <div class='ocr_carea' id='block_1_73' title="bbox 98 4547 1651 4613">
    <p class='ocr_par' dir='ltr' id='par_1_73' title="bbox 98 4547 1651 4613">
     <span class='ocr_line' id='line_1_73' title="bbox 98 4547 1651 4613; baseline 0.007 -20"><span class='ocrx_word' id='word_1_470' title='bbox 98 4554 202 4597; x_wconf 79' lang='lat' dir='ltr'><strong>Sttttl</strong></span> <span class='ocrx_word' id='word_1_471' title='bbox 227 4564 240 4597; x_wconf 89' lang='lat'><strong>:</strong></span> <span class='ocrx_word' id='word_1_472' title='bbox 271 4558 464 4603; x_wconf 62' lang='lat' dir='ltr'><strong>cetera</strong></span> <span class='ocrx_word' id='word_1_473' title='bbox 494 4550 756 4603; x_wconf 84' lang='lat' dir='ltr'><strong>libentius</strong></span> <span class='ocrx_word' id='word_1_474' title='bbox 778 4549 1131 4603; x_wconf 88' lang='lat' dir='ltr'><strong>dissimulari.</strong></span> <span class='ocrx_word' id='word_1_475' title='bbox 1165 4547 1330 4601; x_wconf 87' lang='lat' dir='ltr'><strong>Paulo</strong></span> <span class='ocrx_word' id='word_1_476' title='bbox 1360 4557 1479 4613; x_wconf 84' lang='lat' dir='ltr'><strong>post</strong></span> <span class='ocrx_word' id='word_1_477' title='bbox 1511 4548 1651 4604; x_wconf 91' lang='lat' dir='ltr'><strong>idem</strong></span> 
     </span>
    </p>
   </div>
   <div class='ocr_carea' id='block_1_74' title="bbox 100 4618 1651 4691">
    <p class='ocr_par' dir='ltr' id='par_1_74' title="bbox 100 4618 1651 4691">
     <span class='ocr_line' id='line_1_74' title="bbox 100 4618 1651 4691; baseline 0.001 -20"><span class='ocrx_word' id='word_1_478' title='bbox 100 4627 217 4691; x_wconf 34' lang='lat' dir='ltr'><strong>ius,</strong></span> <span class='ocrx_word' id='word_1_479' title='bbox 236 4631 566 4691; x_wconf 77' lang='lat' dir='ltr'><strong>consequetur</strong></span> <span class='ocrx_word' id='word_1_480' title='bbox 591 4637 669 4674; x_wconf 87' lang='lat' dir='ltr'><strong>me</strong></span> <span class='ocrx_word' id='word_1_481' title='bbox 700 4636 789 4690; x_wconf 86' lang='lat' dir='ltr'><strong>per</strong></span> <span class='ocrx_word' id='word_1_482' title='bbox 816 4635 989 4674; x_wconf 85' lang='lat' dir='ltr'><strong>omnes</strong></span> <span class='ocrx_word' id='word_1_483' title='bbox 1016 4620 1126 4675; x_wconf 84' lang='lat' dir='ltr'><strong>dies</strong></span> <span class='ocrx_word' id='word_1_484' title='bbox 1165 4619 1282 4672; x_wconf 74' lang='lat' dir='ltr'><strong>vitta</strong></span> <span class='ocrx_word' id='word_1_485' title='bbox 1310 4634 1454 4673; x_wconf 69' lang='lat' dir='ltr'><strong>mete.</strong></span> <span class='ocrx_word' id='word_1_486' title='bbox 1485 4618 1549 4673; x_wconf 85' lang='lat' dir='ltr'><strong>Et</strong></span> <span class='ocrx_word' id='word_1_487' title='bbox 1595 4634 1651 4673; x_wconf 83' lang='lat' dir='ltr'><strong>ut</strong></span> 
     </span>
    </p>
   </div>
   <div class='ocr_carea' id='block_1_75' title="bbox 102 4685 513 4759">
    <p class='ocr_par' dir='ltr' id='par_1_75' title="bbox 102 4685 513 4759">
     <span class='ocr_line' id='line_1_75' title="bbox 102 4685 513 4759; baseline 0.029 -26"><span class='ocrx_word' id='word_1_488' title='bbox 102 4685 339 4759; x_wconf 73' lang='lat' dir='ltr'><strong>inhabilem</strong></span> <span class='ocrx_word' id='word_1_489' title='bbox 356 4737 369 4759; x_wconf 86' lang='lat'><strong>,</strong></span> <span class='ocrx_word' id='word_1_490' title='bbox 404 4703 513 4746; x_wconf 85' lang='lat' dir='ltr'><strong>etc.</strong></span> 
     </span>
    </p>
   </div>
   <div class='ocr_carea' id='block_1_76' title="bbox 160 4758 1653 4837">
    <p class='ocr_par' dir='ltr' id='par_1_76' title="bbox 160 4758 1653 4837">
     <span class='ocr_line' id='line_1_76' title="bbox 160 4758 1653 4837; baseline 0.004 -25"><span class='ocrx_word' id='word_1_491' title='bbox 160 4758 336 4837; x_wconf 53' lang='lat' dir='ltr'><strong>“nitide</strong></span> <span class='ocrx_word' id='word_1_492' title='bbox 361 4778 483 4837; x_wconf 61' lang='lat' dir='ltr'><strong>qua:</strong></span> <span class='ocrx_word' id='word_1_493' title='bbox 512 4760 939 4837; x_wconf 75' lang='lat' dir='ltr'><strong>superius,_uec</strong></span> <span class='ocrx_word' id='word_1_494' title='bbox 979 4776 1089 4817; x_wconf 90' lang='lat' dir='ltr'><strong>uno</strong></span> <span class='ocrx_word' id='word_1_495' title='bbox 1140 4761 1192 4815; x_wconf 92' lang='lat' dir='ltr'><strong>in</strong></span> <span class='ocrx_word' id='word_1_496' title='bbox 1235 4759 1653 4837; x_wconf 85' lang='lat' dir='ltr'><strong>loco,_diximus</strong></span> 
     </span>
    </p>
   </div>
   <div class='ocr_carea' id='block_1_77' title="bbox 100 4823 1648 4901">
    <p class='ocr_par' dir='ltr' id='par_1_77' title="bbox 100 4823 1648 4901">
     <span class='ocr_line' id='line_1_77' title="bbox 100 4823 1648 4901; baseline 0.005 -21"><span class='ocrx_word' id='word_1_497' title='bbox 100 4823 536 4901; x_wconf 49' lang='lat' dir='ltr'><strong>gellebrwo&#39;ﬁzn,</strong></span> <span class='ocrx_word' id='word_1_498' title='bbox 568 4823 714 4901; x_wconf 77' lang='lat' dir='ltr'><strong>quod</strong></span> <span class='ocrx_word' id='word_1_499' title='bbox 745 4823 916 4886; x_wconf 79' lang='lat' dir='ltr'><strong>orbem</strong></span> <span class='ocrx_word' id='word_1_500' title='bbox 939 4844 1195 4887; x_wconf 85' lang='lat' dir='ltr'><strong>terrarum</strong></span> <span class='ocrx_word' id='word_1_501' title='bbox 1226 4832 1442 4899; x_wconf 81' lang='lat' dir='ltr'><strong>proprie</strong></span> <span class='ocrx_word' id='word_1_502' title='bbox 1471 4841 1648 4887; x_wconf 74' lang='lat' dir='ltr'><strong>somn.</strong></span> 
     </span>
    </p>
   </div>
   <div class='ocr_carea' id='block_1_78' title="bbox 101 4892 1642 4973">
    <p class='ocr_par' dir='ltr' id='par_1_78' title="bbox 101 4892 1642 4973">
     <span class='ocr_line' id='line_1_78' title="bbox 101 4892 1642 4973; baseline 0.008 -27"><span class='ocrx_word' id='word_1_503' title='bbox 101 4892 328 4958; x_wconf 81' lang='lat' dir='ltr'><strong>Palatinus</strong></span> <span class='ocrx_word' id='word_1_504' title='bbox 354 4920 457 4960; x_wconf 83' lang='lat' dir='ltr'><strong>ms.</strong></span> <span class='ocrx_word' id='word_1_505' title='bbox 486 4892 667 4959; x_wconf 78' lang='lat' dir='ltr'><strong>altero</strong></span> <span class='ocrx_word' id='word_1_506' title='bbox 694 4903 765 4957; x_wconf 85' lang='lat' dir='ltr'><strong>ab</strong></span> <span class='ocrx_word' id='word_1_507' title='bbox 792 4904 896 4959; x_wconf 83' lang='lat' dir='ltr'><strong>hoc</strong></span> <span class='ocrx_word' id='word_1_508' title='bbox 928 4920 1094 4961; x_wconf 86' lang='lat' dir='ltr'><strong>versu</strong></span> <span class='ocrx_word' id='word_1_509' title='bbox 1122 4892 1432 4973; x_wconf 73' lang='lat' dir='ltr'><strong>Diapsalmn</strong></span> <span class='ocrx_word' id='word_1_510' title='bbox 1464 4918 1642 4958; x_wconf 82' lang='lat' dir='ltr'><strong>anno-</strong></span> 
     </span>
    </p>
   </div>
   <div class='ocr_carea' id='block_1_79' title="bbox 104 4974 180 5020">
    <p class='ocr_par' dir='ltr' id='par_1_79' title="bbox 104 4974 180 5020">
     <span class='ocr_line' id='line_1_79' title="bbox 104 4974 180 5020; baseline 0.053 -4"><span class='ocrx_word' id='word_1_511' title='bbox 104 4974 180 5020; x_wconf 77' lang='lat' dir='ltr'><strong>lal.</strong></span> 
     </span>
    </p>
   </div>
   <div class='ocr_carea' id='block_1_80' title="bbox 157 5037 1649 5117">
    <p class='ocr_par' dir='ltr' id='par_1_80' title="bbox 157 5037 1649 5117">
     <span class='ocr_line' id='line_1_80' title="bbox 157 5037 1649 5117; baseline 0.003 -20"><span class='ocrx_word' id='word_1_512' title='bbox 157 5037 516 5117; x_wconf 59' lang='grc' dir='ltr'><strong>ιῖξιιβΐτείιίηιιις</strong></span> <span class='ocrx_word' id='word_1_513' title='bbox 561 5046 707 5102; x_wconf 88' lang='lat' dir='ltr'><strong>hunc</strong></span> <span class='ocrx_word' id='word_1_514' title='bbox 759 5043 1003 5117; x_wconf 88' lang='lat' dir='ltr'><strong>obelum,</strong></span> <span class='ocrx_word' id='word_1_515' title='bbox 1047 5046 1140 5117; x_wconf 91' lang='lat' dir='ltr'><strong>qui</strong></span> <span class='ocrx_word' id='word_1_516' title='bbox 1187 5045 1405 5108; x_wconf 82' lang='lat' dir='ltr'><strong>deerat,</strong></span> <span class='ocrx_word' id='word_1_517' title='bbox 1439 5045 1649 5101; x_wconf 88' lang='lat' dir='ltr'><strong>codicis</strong></span> 
     </span>
    </p>
   </div>
   <div class='ocr_carea' id='block_1_81' title="bbox 106 5105 1651 5188">
    <p class='ocr_par' dir='ltr' id='par_1_81' title="bbox 106 5105 1651 5188">
     <span class='ocr_line' id='line_1_81' title="bbox 106 5105 1651 5188; baseline 0.005 -23"><span class='ocrx_word' id='word_1_518' title='bbox 106 5105 289 5188; x_wconf 56' lang='lat' dir='ltr'><strong>Palatini</strong></span> <span class='ocrx_word' id='word_1_519' title='bbox 314 5133 449 5183; x_wconf 85' lang='lat' dir='ltr'><strong>ope;</strong></span> <span class='ocrx_word' id='word_1_520' title='bbox 483 5133 608 5188; x_wconf 66' lang='lat' dir='ltr'><strong>[iam</strong></span> <span class='ocrx_word' id='word_1_521' title='bbox 642 5126 700 5171; x_wconf 90' lang='lat' dir='ltr'><strong>et</strong></span> <span class='ocrx_word' id='word_1_522' title='bbox 725 5117 777 5171; x_wconf 87' lang='lat' dir='ltr'><strong>in</strong></span> <span class='ocrx_word' id='word_1_523' title='bbox 816 5105 1041 5172; x_wconf 55' lang='lat' dir='ltr'><strong>Hebraio</strong></span> <span class='ocrx_word' id='word_1_524' title='bbox 1064 5105 1273 5188; x_wconf 62' lang='lat' dir='ltr'><strong>absque</strong></span> <span class='ocrx_word' id='word_1_525' title='bbox 1312 5118 1364 5171; x_wconf 89' lang='lat' dir='ltr'><strong>in</strong></span> <span class='ocrx_word' id='word_1_526' title='bbox 1390 5105 1651 5188; x_wconf 66' lang='lat' dir='ltr'><strong>praeposi-</strong></span> 
     </span>
    </p>
   </div>
   <div class='ocr_carea' id='block_1_82' title="bbox 112 5176 1133 5258">
    <p class='ocr_par' dir='ltr' id='par_1_82' title="bbox 112 5176 1133 5258">
     <span class='ocr_line' id='line_1_82' title="bbox 112 5176 1133 5258; baseline 0.013 -30"><span class='ocrx_word' id='word_1_527' title='bbox 112 5180 333 5258; x_wconf 58' lang='lat' dir='ltr'><strong>tione_est,</strong></span> <span class='ocrx_word' id='word_1_528' title='bbox 352 5176 571 5250; x_wconf 53' lang='lat' dir='ltr'><strong>ﬁmi-na</strong></span> <span class='ocrx_word' id='word_1_529' title='bbox 595 5198 727 5247; x_wconf 59' lang='lat'><strong>113:.</strong></span> <span class='ocrx_word' id='word_1_530' title='bbox 757 5188 910 5256; x_wconf 79' lang='lat' dir='ltr'><strong>fortis</strong></span> <span class='ocrx_word' id='word_1_531' title='bbox 932 5188 1133 5258; x_wconf 74' lang='lat' dir='ltr'><strong>prwlio.</strong></span> 
     </span>
    </p>
   </div>
   <div class='ocr_carea' id='block_1_83' title="bbox 138 5254 1650 5329">
    <p class='ocr_par' dir='ltr' id='par_1_83' title="bbox 138 5254 1650 5329">
     <span class='ocr_line' id='line_1_83' title="bbox 138 5254 1650 5329; baseline 0.002 -19"><span class='ocrx_word' id='word_1_532' title='bbox 138 5263 181 5329; x_wconf 51' lang='grc' dir='ltr'><strong>,ε</strong></span> <span class='ocrx_word' id='word_1_533' title='bbox 214 5254 492 5329; x_wconf 79' lang='lat' dir='ltr'><strong>Diapsalma</strong></span> <span class='ocrx_word' id='word_1_534' title='bbox 542 5261 685 5315; x_wconf 81' lang='lat' dir='ltr'><strong>istud</strong></span> <span class='ocrx_word' id='word_1_535' title='bbox 725 5254 831 5313; x_wconf 79' lang='lat' dir='ltr'><strong>sub</strong></span> <span class='ocrx_word' id='word_1_536' title='bbox 856 5254 1141 5324; x_wconf 76' lang='lat' dir='ltr'><strong>asterisco,</strong></span> <span class='ocrx_word' id='word_1_537' title='bbox 1174 5257 1318 5329; x_wconf 86' lang='lat' dir='ltr'><strong>quod</strong></span> <span class='ocrx_word' id='word_1_538' title='bbox 1350 5267 1402 5311; x_wconf 79' lang='lat' dir='ltr'><strong>et</strong></span> <span class='ocrx_word' id='word_1_539' title='bbox 1434 5273 1461 5311; x_wconf 89' lang='lat' dir='ltr'><strong>a</strong></span> <span class='ocrx_word' id='word_1_540' title='bbox 1495 5259 1650 5314; x_wconf 79' lang='lat' dir='ltr'><strong>Grae-</strong></span> 
     </span>
    </p>
   </div>
   <div class='ocr_carea' id='block_1_84' title="bbox 115 5327 1641 5397">
    <p class='ocr_par' dir='ltr' id='par_1_84' title="bbox 115 5327 1641 5397">
     <span class='ocr_line' id='line_1_84' title="bbox 115 5327 1641 5397; baseline 0.009 -26"><span class='ocrx_word' id='word_1_541' title='bbox 115 5327 430 5397; x_wconf 76' lang='lat' dir='ltr'><strong>ctsplcrisque</strong></span> <span class='ocrx_word' id='word_1_542' title='bbox 486 5330 745 5387; x_wconf 89' lang='lat' dir='ltr'><strong>omnibus</strong></span> <span class='ocrx_word' id='word_1_543' title='bbox 797 5330 1076 5384; x_wconf 88' lang='lat' dir='ltr'><strong>codicibus</strong></span> <span class='ocrx_word' id='word_1_544' title='bbox 1133 5327 1309 5395; x_wconf 87' lang='lat' dir='ltr'><strong>abest,</strong></span> <span class='ocrx_word' id='word_1_545' title='bbox 1365 5330 1641 5385; x_wconf 88' lang='lat' dir='ltr'><strong>Palatinus</strong></span> 
     </span>
    </p>
   </div>
   <div class='ocr_carea' id='block_1_85' title="bbox 119 5403 648 5521">
    <p class='ocr_par' dir='ltr' id='par_1_85' title="bbox 119 5403 648 5521">
     <span class='ocr_line' id='line_1_85' title="bbox 119 5403 648 5521; baseline 0.008 -70"><span class='ocrx_word' id='word_1_546' title='bbox 119 5405 273 5521; x_wconf 56' lang='lat' dir='ltr'><strong>quoque</strong></span> <span class='ocrx_word' id='word_1_547' title='bbox 298 5416 393 5456; x_wconf 90' lang='lat' dir='ltr'><strong>ms.</strong></span> <span class='ocrx_word' id='word_1_548' title='bbox 420 5403 648 5457; x_wconf 79' lang='lat' dir='ltr'><strong>omittit.</strong></span> 
     </span>
     <span class='ocr_line' id='line_1_86' title="bbox 168 5463 648 5521; baseline 0 0"><span class='ocrx_word' id='word_1_549' title='bbox 168 5463 185 5501; x_wconf 71' lang='grc' dir='ltr'><em>δ</em></span> <span class='ocrx_word' id='word_1_550' title='bbox 227 5488 249 5521; x_wconf 93' lang='lat' dir='ltr'><strong>n</strong></span> <span class='ocrx_word' id='word_1_551' title='bbox 270 5488 356 5521; x_wconf 80' lang='lat' dir='ltr'><strong>ms-</strong></span> <span class='ocrx_word' id='word_1_552' title='bbox 389 5472 648 5521; x_wconf 71' lang='lat' dir='ltr'><strong>Snrhmtit</strong></span> 
     </span>
    </p>
   </div>
   <div class='ocr_carea' id='block_1_86' title="bbox 168 5463 1637 5542">
    <p class='ocr_par' dir='ltr' id='par_1_86' title="bbox 168 5463 1637 5542">
     <span class='ocr_line' id='line_1_87' title="bbox 168 5463 1637 5542; baseline 0.003 -21"><span class='ocrx_word' id='word_1_553' title='bbox 168 5463 249 5524; x_wconf 73' lang='lat' dir='ltr'><strong>dIn</strong></span> <span class='ocrx_word' id='word_1_554' title='bbox 270 5488 356 5527; x_wconf 89' lang='lat' dir='ltr'><strong>ms.</strong></span> <span class='ocrx_word' id='word_1_555' title='bbox 389 5472 701 5530; x_wconf 83' lang='lat' dir='ltr'><strong>Sorbouico</strong></span> <span class='ocrx_word' id='word_1_556' title='bbox 724 5470 933 5536; x_wconf 86' lang='lat' dir='ltr'><strong>codice,</strong></span> <span class='ocrx_word' id='word_1_557' title='bbox 959 5472 1048 5541; x_wconf 87' lang='lat' dir='ltr'><strong>qui</strong></span> <span class='ocrx_word' id='word_1_558' title='bbox 1079 5472 1245 5527; x_wconf 77' lang='lat' dir='ltr'><strong>solam</strong></span> <span class='ocrx_word' id='word_1_559' title='bbox 1280 5470 1637 5542; x_wconf 79' lang='lat' dir='ltr'><strong>posteriorem</strong></span> 
     </span>
    </p>
   </div>
   <div class='ocr_carea' id='block_1_87' title="bbox 119 5542 1641 5612">
    <p class='ocr_par' dir='ltr' id='par_1_87' title="bbox 119 5542 1641 5612">
     <span class='ocr_line' id='line_1_88' title="bbox 119 5542 1641 5612; baseline 0.002 -18"><span class='ocrx_word' id='word_1_560' title='bbox 119 5542 471 5612; x_wconf 72' lang='lat' dir='ltr'><strong>emendationem</strong></span> <span class='ocrx_word' id='word_1_561' title='bbox 506 5542 763 5601; x_wconf 80' lang='lat' dir='ltr'><strong>Psalterii</strong></span> <span class='ocrx_word' id='word_1_562' title='bbox 786 5543 1182 5612; x_wconf 84' lang='lat' dir='ltr'><strong>complectitur,</strong></span> <span class='ocrx_word' id='word_1_563' title='bbox 1212 5543 1515 5612; x_wconf 87' lang='lat' dir='ltr'><strong>appositmn</strong></span> <span class='ocrx_word' id='word_1_564' title='bbox 1566 5543 1641 5597; x_wconf 85' lang='lat' dir='ltr'><strong>le-</strong></span> 
     </span>
    </p>
   </div>
   <div class='ocr_carea' id='block_1_88' title="bbox 120 5609 1636 5684">
    <p class='ocr_par' dir='ltr' id='par_1_88' title="bbox 120 5609 1636 5684">
     <span class='ocr_line' id='line_1_89' title="bbox 120 5609 1636 5684; baseline 0.004 -22"><span class='ocrx_word' id='word_1_565' title='bbox 120 5609 239 5684; x_wconf 67' lang='lat' dir='ltr'><strong>gimus</strong></span> <span class='ocrx_word' id='word_1_566' title='bbox 271 5617 506 5671; x_wconf 85' lang='lat' dir='ltr'><strong>scholion</strong></span> <span class='ocrx_word' id='word_1_567' title='bbox 559 5627 807 5684; x_wconf 88' lang='lat' dir='ltr'><strong>sequens</strong></span> <span class='ocrx_word' id='word_1_568' title='bbox 843 5628 880 5684; x_wconf 15' lang='lat' dir='ltr'><strong>7e</strong></span> <span class='ocrx_word' id='word_1_569' title='bbox 912 5609 1107 5684; x_wconf 9' lang='lat' dir='ltr'><strong>&#39;rlatere</strong></span> <span class='ocrx_word' id='word_1_570' title='bbox 1132 5609 1381 5669; x_wconf 80' lang='lat' dir='ltr'><strong>versiculi</strong></span> <span class='ocrx_word' id='word_1_571' title='bbox 1422 5614 1560 5667; x_wconf 81' lang='lat' dir='ltr'><strong>sexti</strong></span> <span class='ocrx_word' id='word_1_572' title='bbox 1623 5630 1636 5668; x_wconf 89' lang='lat'><strong>:</strong></span> 
     </span>
    </p>
   </div>
   <div class='ocr_carea' id='block_1_89' title="bbox 121 5675 1637 5757">
    <p class='ocr_par' dir='ltr' id='par_1_89' title="bbox 121 5675 1637 5757">
     <span class='ocr_line' id='line_1_90' title="bbox 121 5675 1637 5757; baseline 0.005 -28"><span class='ocrx_word' id='word_1_573' title='bbox 121 5675 213 5736; x_wconf 67' lang='grc' dir='ltr'><strong>Παίς</strong></span> <span class='ocrx_word' id='word_1_574' title='bbox 240 5688 412 5752; x_wconf 74' lang='lat' dir='ltr'><strong>psalmo</strong></span> <span class='ocrx_word' id='word_1_575' title='bbox 450 5675 789 5744; x_wconf 75' lang='lat' dir='ltr'><strong>ascribuntur</strong></span> <span class='ocrx_word' id='word_1_576' title='bbox 825 5682 1055 5739; x_wconf 64' lang='lat' dir='ltr'><strong>Hebrive:</strong></span> <span class='ocrx_word' id='word_1_577' title='bbox 1091 5683 1276 5741; x_wconf 80' lang='lat' dir='ltr'><strong>litterae</strong></span> <span class='ocrx_word' id='word_1_578' title='bbox 1300 5703 1332 5739; x_wconf 82' lang='grc' dir='ltr'><em>α</em></span> <span class='ocrx_word' id='word_1_579' title='bbox 1358 5686 1637 5757; x_wconf 76' lang='lat' dir='ltr'><strong>plerisque,</strong></span> 
     </span>
    </p>
   </div>
   <div class='ocr_carea' id='block_1_90' title="bbox 996 3525 1690 3602">
    <p class='ocr_par' dir='ltr' id='par_1_90' title="bbox 996 3525 1690 3602">
     <span class='ocr_line' id='line_1_91' title="bbox 996 3525 1690 3602; baseline 0.013 -24"><span class='ocrx_word' id='word_1_580' title='bbox 996 3525 1173 3596; x_wconf 87' lang='lat' dir='ltr'><strong>iniqua</strong></span> <span class='ocrx_word' id='word_1_581' title='bbox 1214 3537 1422 3598; x_wconf 80' lang='lat' dir='ltr'><strong>agentes</strong></span> <span class='ocrx_word' id='word_1_582' title='bbox 1446 3570 1461 3597; x_wconf 90' lang='lat'><strong>,</strong></span> <span class='ocrx_word' id='word_1_583' title='bbox 1508 3547 1690 3602; x_wconf 84' lang='lat' dir='ltr'><strong>super-</strong></span> 
     </span>
    </p>
   </div>
   <div class='ocr_carea' id='block_1_91' title="bbox 1710 3072 3244 3151">
    <p class='ocr_par' dir='ltr' id='par_1_91' title="bbox 1710 3072 3244 3151">
     <span class='ocr_line' id='line_1_92' title="bbox 1710 3072 3244 3151; baseline 0.001 -17"><span class='ocrx_word' id='word_1_584' title='bbox 1710 3072 1757 3134; x_wconf 88' lang='lat' dir='ltr'>C</span> <span class='ocrx_word' id='word_1_585' title='bbox 1931 3093 1984 3134; x_wconf 75' lang='lat' dir='ltr'><strong>tu</strong></span> <span class='ocrx_word' id='word_1_586' title='bbox 2013 3090 2179 3133; x_wconf 71' lang='lat' dir='ltr'><strong>FINEI</strong></span> <span class='ocrx_word' id='word_1_587' title='bbox 2202 3117 2220 3147; x_wconf 89' lang='lat'><strong>,</strong></span> <span class='ocrx_word' id='word_1_588' title='bbox 2263 3090 2501 3134; x_wconf 64' lang='lat' dir='ltr'><strong>essurus</strong></span> <span class='ocrx_word' id='word_1_589' title='bbox 2530 3092 2687 3137; x_wconf 59' lang='grc' dir='ltr'><strong>»μιν</strong></span> <span class='ocrx_word' id='word_1_590' title='bbox 2726 3077 2865 3151; x_wconf 75' lang='grc' dir='ltr'><strong>[Μδ.</strong></span> <span class='ocrx_word' id='word_1_591' title='bbox 2898 3091 3000 3135; x_wconf 84' lang='lat' dir='ltr'><strong>IPSI</strong></span> <span class='ocrx_word' id='word_1_592' title='bbox 3030 3077 3244 3151; x_wconf 70' lang='lat' dir='ltr'><strong>nuto].</strong></span> 
     </span>
    </p>
   </div>
   <div class='ocr_carea' id='block_1_92' title="bbox 1867 3169 3389 3241">
    <p class='ocr_par' dir='ltr' id='par_1_92' title="bbox 1867 3169 3389 3241">
     <span class='ocr_line' id='line_1_93' title="bbox 1867 3169 3389 3241; baseline 0.005 -18"><span class='ocrx_word' id='word_1_593' title='bbox 1867 3169 1949 3224; x_wconf 89' lang='lat' dir='ltr'><strong>Ad</strong></span> <span class='ocrx_word' id='word_1_594' title='bbox 1979 3181 2052 3239; x_wconf 90' lang='lat' dir='ltr'><strong>te,</strong></span> <span class='ocrx_word' id='word_1_595' title='bbox 2085 3172 2335 3238; x_wconf 90' lang='lat' dir='ltr'><strong>Domine,</strong></span> <span class='ocrx_word' id='word_1_596' title='bbox 2357 3172 2527 3228; x_wconf 82' lang='lat' dir='ltr'><strong>levavi</strong></span> <span class='ocrx_word' id='word_1_597' title='bbox 2552 3173 2787 3237; x_wconf 80' lang='lat' dir='ltr'><strong>animam</strong></span> <span class='ocrx_word' id='word_1_598' title='bbox 2810 3188 2984 3230; x_wconf 88' lang='lat' dir='ltr'><strong>meam</strong></span> <span class='ocrx_word' id='word_1_599' title='bbox 3009 3191 3020 3227; x_wconf 90' lang='lat'><strong>:</strong></span> <span class='ocrx_word' id='word_1_600' title='bbox 3042 3175 3184 3230; x_wconf 88' lang='lat' dir='ltr'><strong>Deus</strong></span> <span class='ocrx_word' id='word_1_601' title='bbox 3213 3190 3389 3241; x_wconf 88' lang='lat' dir='ltr'><strong>meus,</strong></span> 
     </span>
    </p>
   </div>
   <div class='ocr_carea' id='block_1_93' title="bbox 1798 3260 3390 3340">
    <p class='ocr_par' dir='ltr' id='par_1_93' title="bbox 1798 3260 3390 3340">
     <span class='ocr_line' id='line_1_94' title="bbox 1798 3260 3390 3340; baseline 0.005 -24"><span class='ocrx_word' id='word_1_602' title='bbox 1798 3260 1854 3316; x_wconf 91' lang='lat' dir='ltr'><strong>in</strong></span> <span class='ocrx_word' id='word_1_603' title='bbox 1890 3271 1941 3317; x_wconf 88' lang='lat' dir='ltr'><strong>te</strong></span> <span class='ocrx_word' id='word_1_604' title='bbox 1969 3263 2188 3319; x_wconf 82' lang='lat' dir='ltr'><strong>conﬁdo</strong></span> <span class='ocrx_word' id='word_1_605' title='bbox 2216 3280 2233 3324; x_wconf 83' lang='lat'><strong>:</strong></span> <span class='ocrx_word' id='word_1_606' title='bbox 2268 3280 2376 3321; x_wconf 89' lang='lat' dir='ltr'><strong>non</strong></span> <span class='ocrx_word' id='word_1_607' title='bbox 2407 3266 2727 3323; x_wconf 87' lang='lat' dir='ltr'><strong>erubescam</strong></span> <span class='ocrx_word' id='word_1_608' title='bbox 2756 3308 2770 3333; x_wconf 90' lang='lat'><strong>,</strong></span> <span class='ocrx_word' id='word_1_609' title='bbox 2798 3282 2976 3340; x_wconf 87' lang='lat' dir='ltr'><strong>neque</strong></span> <span class='ocrx_word' id='word_1_610' title='bbox 3007 3266 3275 3325; x_wconf 88' lang='lat' dir='ltr'><strong>irrideant</strong></span> <span class='ocrx_word' id='word_1_611' title='bbox 3302 3284 3390 3324; x_wconf 89' lang='lat' dir='ltr'><strong>me</strong></span> 
     </span>
    </p>
   </div>
   <div class='ocr_carea' id='block_1_94' title="bbox 1796 3353 2153 3413">
    <p class='ocr_par' dir='ltr' id='par_1_94' title="bbox 1796 3353 2153 3413">
     <span class='ocr_line' id='line_1_95' title="bbox 1796 3353 2153 3413; baseline 0.011 -6"><span class='ocrx_word' id='word_1_612' title='bbox 1796 3353 1996 3409; x_wconf 82' lang='lat' dir='ltr'><strong>inimici</strong></span> <span class='ocrx_word' id='word_1_613' title='bbox 2024 3356 2153 3413; x_wconf 88' lang='lat' dir='ltr'><strong>mei.</strong></span> 
     </span>
    </p>
   </div>
   <div class='ocr_carea' id='block_1_95' title="bbox 1868 3446 3389 3522">
    <p class='ocr_par' dir='ltr' id='par_1_95' title="bbox 1868 3446 3389 3522">
     <span class='ocr_line' id='line_1_96' title="bbox 1868 3446 3389 3522; baseline 0.001 -19"><span class='ocrx_word' id='word_1_614' title='bbox 1868 3446 2081 3505; x_wconf 86' lang='lat' dir='ltr'><strong>Etenim</strong></span> <span class='ocrx_word' id='word_1_615' title='bbox 2116 3450 2391 3520; x_wconf 88' lang='lat' dir='ltr'><strong>universi,</strong></span> <span class='ocrx_word' id='word_1_616' title='bbox 2424 3451 2513 3522; x_wconf 89' lang='lat' dir='ltr'><strong>qui</strong></span> <span class='ocrx_word' id='word_1_617' title='bbox 2560 3460 2609 3506; x_wconf 89' lang='lat' dir='ltr'><strong>te</strong></span> <span class='ocrx_word' id='word_1_618' title='bbox 2637 3460 2986 3521; x_wconf 63' lang='lat' dir='ltr'><strong>exspectant,</strong></span> <span class='ocrx_word' id='word_1_619' title='bbox 3024 3466 3130 3505; x_wconf 87' lang='lat' dir='ltr'><strong>non</strong></span> <span class='ocrx_word' id='word_1_620' title='bbox 3161 3451 3389 3505; x_wconf 88' lang='lat' dir='ltr'><strong>confun-</strong></span> 
     </span>
    </p>
   </div>
   <div class='ocr_carea' id='block_1_96' title="bbox 1796 3538 3213 3613">
    <p class='ocr_par' dir='ltr' id='par_1_96' title="bbox 1796 3538 3213 3613">
     <span class='ocr_line' id='line_1_97' title="bbox 1796 3538 3213 3613; baseline 0.002 -19"><span class='ocrx_word' id='word_1_621' title='bbox 1796 3538 1992 3595; x_wconf 84' lang='lat' dir='ltr'><strong>dentur</strong></span> <span class='ocrx_word' id='word_1_622' title='bbox 2019 3559 2032 3596; x_wconf 93' lang='lat'><strong>:</strong></span> <span class='ocrx_word' id='word_1_623' title='bbox 2059 3543 2456 3598; x_wconf 84' lang='lat' dir='ltr'><strong>confundantur</strong></span> <span class='ocrx_word' id='word_1_624' title='bbox 2486 3545 2666 3613; x_wconf 89' lang='lat' dir='ltr'><strong>iniqua</strong></span> <span class='ocrx_word' id='word_1_625' title='bbox 2699 3553 2724 3590; x_wconf 73' lang='grc' dir='ltr'>ε</span> <span class='ocrx_word' id='word_1_626' title='bbox 2761 3545 3025 3599; x_wconf 87' lang='lat' dir='ltr'><strong>facientes</strong></span> <span class='ocrx_word' id='word_1_627' title='bbox 3055 3560 3213 3599; x_wconf 86' lang='lat' dir='ltr'><strong>vane.</strong></span> 
     </span>
    </p>
   </div>
   <div class='ocr_carea' id='block_1_97' title="bbox 1872 3632 3385 3702">
    <p class='ocr_par' dir='ltr' id='par_1_97' title="bbox 1872 3632 3385 3702">
     <span class='ocr_line' id='line_1_98' title="bbox 1872 3632 3385 3702; baseline 0.003 -15"><span class='ocrx_word' id='word_1_628' title='bbox 1872 3632 1995 3687; x_wconf 85' lang='lat' dir='ltr'><strong>Vias</strong></span> <span class='ocrx_word' id='word_1_629' title='bbox 2020 3643 2137 3689; x_wconf 89' lang='lat' dir='ltr'><strong>tuas</strong></span> <span class='ocrx_word' id='word_1_630' title='bbox 2161 3676 2175 3701; x_wconf 90' lang='lat'><strong>,</strong></span> <span class='ocrx_word' id='word_1_631' title='bbox 2221 3635 2451 3690; x_wconf 85' lang='lat' dir='ltr'><strong>Domine</strong></span> <span class='ocrx_word' id='word_1_632' title='bbox 2479 3676 2493 3702; x_wconf 91' lang='lat'><strong>,</strong></span> <span class='ocrx_word' id='word_1_633' title='bbox 2540 3644 2699 3690; x_wconf 89' lang='lat' dir='ltr'><strong>notas</strong></span> <span class='ocrx_word' id='word_1_634' title='bbox 2742 3634 2829 3690; x_wconf 88' lang='lat' dir='ltr'><strong>fac</strong></span> <span class='ocrx_word' id='word_1_635' title='bbox 2868 3635 2998 3689; x_wconf 90' lang='lat' dir='ltr'><strong>mibi</strong></span> <span class='ocrx_word' id='word_1_636' title='bbox 3029 3651 3044 3691; x_wconf 90' lang='lat'><strong>:</strong></span> <span class='ocrx_word' id='word_1_637' title='bbox 3077 3645 3132 3691; x_wconf 90' lang='lat' dir='ltr'><strong>et</strong></span> <span class='ocrx_word' id='word_1_638' title='bbox 3162 3634 3385 3691; x_wconf 86' lang='lat' dir='ltr'><strong>semitas</strong></span> 
     </span>
    </p>
   </div>
   <div class='ocr_carea' id='block_1_98' title="bbox 1793 3725 2237 3782">
    <p class='ocr_par' dir='ltr' id='par_1_98' title="bbox 1793 3725 2237 3782">
     <span class='ocr_line' id='line_1_99' title="bbox 1793 3725 2237 3782; baseline 0.002 -4"><span class='ocrx_word' id='word_1_639' title='bbox 1793 3731 1913 3779; x_wconf 89' lang='lat' dir='ltr'><strong>tuas</strong></span> <span class='ocrx_word' id='word_1_640' title='bbox 1935 3725 2102 3782; x_wconf 85' lang='lat' dir='ltr'><strong>edoce</strong></span> <span class='ocrx_word' id='word_1_641' title='bbox 2127 3741 2237 3781; x_wconf 90' lang='lat' dir='ltr'><strong>me.</strong></span> 
     </span>
    </p>
   </div>
   <div class='ocr_carea' id='block_1_99' title="bbox 1864 3818 3380 3891">
    <p class='ocr_par' dir='ltr' id='par_1_99' title="bbox 1864 3818 3380 3891">
     <span class='ocr_line' id='line_1_100' title="bbox 1864 3818 3380 3891; baseline 0.002 -21"><span class='ocrx_word' id='word_1_642' title='bbox 1864 3818 2049 3886; x_wconf 82' lang='lat' dir='ltr'><strong>Dirige</strong></span> <span class='ocrx_word' id='word_1_643' title='bbox 2077 3834 2165 3873; x_wconf 88' lang='lat' dir='ltr'><strong>me</strong></span> <span class='ocrx_word' id='word_1_644' title='bbox 2192 3820 2244 3873; x_wconf 86' lang='lat' dir='ltr'><strong>itt</strong></span> <span class='ocrx_word' id='word_1_645' title='bbox 2278 3820 2509 3874; x_wconf 86' lang='lat' dir='ltr'><strong>veritate</strong></span> <span class='ocrx_word' id='word_1_646' title='bbox 2542 3828 2650 3885; x_wconf 77' lang='lat' dir='ltr'><strong>tua,</strong></span> <span class='ocrx_word' id='word_1_647' title='bbox 2686 3828 2742 3874; x_wconf 85' lang='lat' dir='ltr'><strong>et</strong></span> <span class='ocrx_word' id='word_1_648' title='bbox 2765 3819 2901 3875; x_wconf 82' lang='lat' dir='ltr'><strong>doce</strong></span> <span class='ocrx_word' id='word_1_649' title='bbox 2933 3834 3056 3874; x_wconf 85' lang='lat' dir='ltr'><strong>me:</strong></span> <span class='ocrx_word' id='word_1_650' title='bbox 3090 3820 3211 3888; x_wconf 86' lang='lat' dir='ltr'><strong>quia</strong></span> <span class='ocrx_word' id='word_1_651' title='bbox 3241 3819 3380 3891; x_wconf 74' lang='lat' dir='ltr'><strong>[Ms.</strong></span> 
     </span>
    </p>
   </div>
   <div class='ocr_carea' id='block_1_100' title="bbox 1788 3912 3379 3987">
    <p class='ocr_par' dir='ltr' id='par_1_100' title="bbox 1788 3912 3379 3987">
     <span class='ocr_line' id='line_1_101' title="bbox 1788 3912 3379 3987; baseline 0.005 -26"><span class='ocrx_word' id='word_1_652' title='bbox 1788 3912 2070 3983; x_wconf 82' lang='lat' dir='ltr'><strong>quoniam]</strong></span> <span class='ocrx_word' id='word_1_653' title='bbox 2103 3922 2158 3966; x_wconf 93' lang='lat' dir='ltr'><strong>tu</strong></span> <span class='ocrx_word' id='word_1_654' title='bbox 2191 3928 2249 3967; x_wconf 91' lang='lat' dir='ltr'><strong>es</strong></span> <span class='ocrx_word' id='word_1_655' title='bbox 2283 3914 2423 3970; x_wconf 89' lang='lat' dir='ltr'><strong>Deus</strong></span> <span class='ocrx_word' id='word_1_656' title='bbox 2454 3914 2710 3969; x_wconf 79' lang='lat' dir='ltr'><strong>salutaris</strong></span> <span class='ocrx_word' id='word_1_657' title='bbox 2735 3912 2870 3986; x_wconf 67' lang='lat' dir='ltr'><strong>[31s.</strong></span> <span class='ocrx_word' id='word_1_658' title='bbox 2899 3912 3172 3987; x_wconf 85' lang='lat' dir='ltr'><strong>salvator]</strong></span> <span class='ocrx_word' id='word_1_659' title='bbox 3207 3929 3379 3985; x_wconf 88' lang='lat' dir='ltr'><strong>meus,</strong></span> 
     </span>
    </p>
   </div>
   <div class='ocr_carea' id='block_1_101' title="bbox 1786 4002 2475 4059">
    <p class='ocr_par' dir='ltr' id='par_1_101' title="bbox 1786 4002 2475 4059">
     <span class='ocr_line' id='line_1_102' title="bbox 1786 4002 2475 4059; baseline 0.004 -4"><span class='ocrx_word' id='word_1_660' title='bbox 1786 4009 1841 4055; x_wconf 86' lang='lat' dir='ltr'><strong>et</strong></span> <span class='ocrx_word' id='word_1_661' title='bbox 1870 4009 1921 4056; x_wconf 89' lang='lat' dir='ltr'><strong>te</strong></span> <span class='ocrx_word' id='word_1_662' title='bbox 1952 4002 2182 4057; x_wconf 90' lang='lat' dir='ltr'><strong>sustinui</strong></span> <span class='ocrx_word' id='word_1_663' title='bbox 2222 4010 2332 4059; x_wconf 86' lang='lat' dir='ltr'><strong>tota</strong></span> <span class='ocrx_word' id='word_1_664' title='bbox 2364 4004 2475 4059; x_wconf 89' lang='lat' dir='ltr'><strong>die.</strong></span> 
     </span>
    </p>
   </div>
   <div class='ocr_carea' id='block_1_102' title="bbox 1768 4199 3374 4276">
    <p class='ocr_par' dir='ltr' id='par_1_102' title="bbox 1768 4199 3374 4276">
     <span class='ocr_line' id='line_1_103' title="bbox 1768 4199 3374 4276; baseline 0.007 -26"><span class='ocrx_word' id='word_1_665' title='bbox 1768 4199 1859 4276; x_wconf 61' lang='lat' dir='ltr'><strong>sed</strong></span> <span class='ocrx_word' id='word_1_666' title='bbox 1887 4216 1996 4276; x_wconf 79' lang='lat' dir='ltr'><strong>non</strong></span> <span class='ocrx_word' id='word_1_667' title='bbox 2024 4211 2177 4276; x_wconf 71' lang='lat' dir='ltr'><strong>recte.</strong></span> <span class='ocrx_word' id='word_1_668' title='bbox 2203 4203 2373 4260; x_wconf 84' lang='lat' dir='ltr'><strong>Docet</strong></span> <span class='ocrx_word' id='word_1_669' title='bbox 2397 4219 2612 4276; x_wconf 88' lang='lat' dir='ltr'><strong>quoque</strong></span> <span class='ocrx_word' id='word_1_670' title='bbox 2640 4206 2699 4261; x_wconf 84' lang='lat' dir='ltr'><strong>S.</strong></span> <span class='ocrx_word' id='word_1_671' title='bbox 2728 4204 3092 4276; x_wconf 81' lang='lat' dir='ltr'><strong>Hieronymus</strong></span> <span class='ocrx_word' id='word_1_672' title='bbox 3120 4206 3281 4274; x_wconf 91' lang='lat' dir='ltr'><strong>epist.</strong></span> <span class='ocrx_word' id='word_1_673' title='bbox 3307 4208 3374 4262; x_wconf 85' lang='lat' dir='ltr'><strong>ad</strong></span> 
     </span>
    </p>
   </div>
   <div class='ocr_carea' id='block_1_103' title="bbox 1769 4267 3371 4347">
    <p class='ocr_par' dir='ltr' id='par_1_103' title="bbox 1769 4267 3371 4347">
     <span class='ocr_line' id='line_1_104' title="bbox 1769 4267 3371 4347; baseline 0.006 -25"><span class='ocrx_word' id='word_1_674' title='bbox 1769 4267 1990 4347; x_wconf 66' lang='lat' dir='ltr'><strong>Paulam</strong></span> <span class='ocrx_word' id='word_1_675' title='bbox 2024 4272 2273 4347; x_wconf 77' lang='lat' dir='ltr'><strong>Urbicam</strong></span> <span class='ocrx_word' id='word_1_676' title='bbox 2315 4267 2446 4330; x_wconf 70' lang='lat' dir='ltr'><strong>falsa</strong></span> <span class='ocrx_word' id='word_1_677' title='bbox 2480 4267 2737 4347; x_wconf 83' lang='lat' dir='ltr'><strong>opinione</strong></span> <span class='ocrx_word' id='word_1_678' title='bbox 2768 4267 3065 4331; x_wconf 74' lang='lat' dir='ltr'><strong>nonnullos</strong></span> <span class='ocrx_word' id='word_1_679' title='bbox 3095 4267 3371 4332; x_wconf 67' lang='lat' dir='ltr'><strong>aestimare</strong></span> 
     </span>
    </p>
   </div>
   <div class='ocr_carea' id='block_1_104' title="bbox 1766 4339 3371 4418">
    <p class='ocr_par' dir='ltr' id='par_1_104' title="bbox 1766 4339 3371 4418">
     <span class='ocr_line' id='line_1_105' title="bbox 1766 4339 3371 4418; baseline 0.007 -27"><span class='ocrx_word' id='word_1_680' title='bbox 1766 4339 1906 4395; x_wconf 87' lang='lat' dir='ltr'><strong>alios</strong></span> <span class='ocrx_word' id='word_1_681' title='bbox 1928 4342 2172 4418; x_wconf 72' lang='lat' dir='ltr'><strong>Psalmm</strong></span> <span class='ocrx_word' id='word_1_682' title='bbox 2198 4346 2470 4403; x_wconf 79' lang='lat' dir='ltr'><strong>Hebraico</strong></span> <span class='ocrx_word' id='word_1_683' title='bbox 2495 4339 2790 4418; x_wconf 73' lang='lat' dir='ltr'><strong>alphabeto</strong></span> <span class='ocrx_word' id='word_1_684' title='bbox 2814 4347 3138 4414; x_wconf 83' lang='lat' dir='ltr'><strong>supputari;</strong></span> <span class='ocrx_word' id='word_1_685' title='bbox 3170 4356 3371 4414; x_wconf 69' lang='lat' dir='ltr'><strong>praeter</strong></span> 
     </span>
    </p>
   </div>
   <div class='ocr_carea' id='block_1_105' title="bbox 1766 4416 3366 4489">
    <p class='ocr_par' dir='ltr' id='par_1_105' title="bbox 1766 4416 3366 4489">
     <span class='ocr_line' id='line_1_106' title="bbox 1766 4416 3366 4489; baseline 0.007 -26"><span class='ocrx_word' id='word_1_686' title='bbox 1766 4416 2161 4489; x_wconf 75' lang='lat' dir='ltr'><strong>eosqnosipse</strong></span> <span class='ocrx_word' id='word_1_687' title='bbox 2184 4428 2455 4487; x_wconf 86' lang='lat' dir='ltr'><strong>numerat,</strong></span> <span class='ocrx_word' id='word_1_688' title='bbox 2490 4416 2696 4474; x_wconf 85' lang='lat' dir='ltr'><strong>scilicet</strong></span> <span class='ocrx_word' id='word_1_689' title='bbox 2722 4420 2843 4480; x_wconf 85' lang='grc'><strong>110,</strong></span> <span class='ocrx_word' id='word_1_690' title='bbox 2881 4420 3006 4482; x_wconf 85' lang='grc'><strong>111,</strong></span> <span class='ocrx_word' id='word_1_691' title='bbox 3034 4418 3138 4473; x_wconf 88' lang='grc'><strong>118</strong></span> <span class='ocrx_word' id='word_1_692' title='bbox 3161 4430 3215 4473; x_wconf 87' lang='lat' dir='ltr'><strong>et</strong></span> <span class='ocrx_word' id='word_1_693' title='bbox 3241 4418 3366 4484; x_wconf 66' lang='lat' dir='ltr'><strong>Ml;</strong></span> 
     </span>
    </p>
   </div>
   <div class='ocr_carea' id='block_1_106' title="bbox 1765 4481 2979 4557">
    <p class='ocr_par' dir='ltr' id='par_1_106' title="bbox 1765 4481 2979 4557">
     <span class='ocr_line' id='line_1_107' title="bbox 1765 4481 2979 4557; baseline 0.008 -24"><span class='ocrx_word' id='word_1_694' title='bbox 1765 4481 2076 4557; x_wconf 75' lang='lat' dir='ltr'><strong>alibiaddit</strong></span> <span class='ocrx_word' id='word_1_695' title='bbox 2094 4488 2254 4542; x_wconf 88' lang='lat' dir='ltr'><strong>etiam</strong></span> <span class='ocrx_word' id='word_1_696' title='bbox 2289 4481 2557 4557; x_wconf 81' lang='lat' dir='ltr'><strong>psalmum</strong></span> <span class='ocrx_word' id='word_1_697' title='bbox 2590 4506 2769 4545; x_wconf 77' lang='lat' dir='ltr'><strong>xxxvr.</strong></span> <span class='ocrx_word' id='word_1_698' title='bbox 2802 4489 2979 4545; x_wconf 65' lang='lat' dir='ltr'><strong>Mam.</strong></span> 
     </span>
    </p>
   </div>
   <div class='ocr_carea' id='block_1_107' title="bbox 1835 4554 3365 4628">
    <p class='ocr_par' dir='ltr' id='par_1_107' title="bbox 1835 4554 3365 4628">
     <span class='ocr_line' id='line_1_108' title="bbox 1835 4554 3365 4628; baseline 0.004 -20"><span class='ocrx_word' id='word_1_699' title='bbox 1835 4554 2007 4628; x_wconf 65' lang='grc' dir='ltr'><strong>-τΔό</strong></span> <span class='ocrx_word' id='word_1_700' title='bbox 2060 4554 2307 4614; x_wconf 84' lang='lat' dir='ltr'><strong>llebraici</strong></span> <span class='ocrx_word' id='word_1_701' title='bbox 2354 4559 2627 4628; x_wconf 77' lang='lat' dir='ltr'><strong>alphobeti</strong></span> <span class='ocrx_word' id='word_1_702' title='bbox 2678 4560 2887 4615; x_wconf 86' lang='lat' dir='ltr'><strong>litteras</strong></span> <span class='ocrx_word' id='word_1_703' title='bbox 2918 4601 2934 4625; x_wconf 94' lang='lat'><strong>,</strong></span> <span class='ocrx_word' id='word_1_704' title='bbox 2985 4574 3137 4613; x_wconf 86' lang='lat' dir='ltr'><strong>suam</strong></span> <span class='ocrx_word' id='word_1_705' title='bbox 3167 4557 3365 4627; x_wconf 85' lang='lat' dir='ltr'><strong>cuique</strong></span> 
     </span>
    </p>
   </div>
   <div class='ocr_carea' id='block_1_108' title="bbox 1765 4625 3358 4696">
    <p class='ocr_par' dir='ltr' id='par_1_108' title="bbox 1765 4625 3358 4696">
     <span class='ocr_line' id='line_1_109' title="bbox 1765 4625 3358 4696; baseline 0.005 -20"><span class='ocrx_word' id='word_1_706' title='bbox 1765 4625 2034 4696; x_wconf 74' lang='lat' dir='ltr'><strong>versiculo</strong></span> <span class='ocrx_word' id='word_1_707' title='bbox 2061 4644 2129 4682; x_wconf 85' lang='lat' dir='ltr'><strong>ex</strong></span> <span class='ocrx_word' id='word_1_708' title='bbox 2154 4629 2347 4685; x_wconf 90' lang='lat' dir='ltr'><strong>ordine</strong></span> <span class='ocrx_word' id='word_1_709' title='bbox 2374 4625 2619 4686; x_wconf 79' lang='lat' dir='ltr'><strong>tribuens</strong></span> <span class='ocrx_word' id='word_1_710' title='bbox 2649 4674 2663 4690; x_wconf 92' lang='lat'><strong>.</strong></span> <span class='ocrx_word' id='word_1_711' title='bbox 2712 4630 2885 4686; x_wconf 74' lang='lat' dir='ltr'><strong>Carus</strong></span> <span class='ocrx_word' id='word_1_712' title='bbox 2916 4634 3056 4684; x_wconf 85' lang='lat' dir='ltr'><strong>hunc</strong></span> <span class='ocrx_word' id='word_1_713' title='bbox 3089 4625 3358 4696; x_wconf 81' lang='lat' dir='ltr'><strong>psalmum</strong></span> 
     </span>
    </p>
   </div>
   <div class='ocr_carea' id='block_1_109' title="bbox 1762 4692 3363 4766">
    <p class='ocr_par' dir='ltr' id='par_1_109' title="bbox 1762 4692 3363 4766">
     <span class='ocr_line' id='line_1_110' title="bbox 1762 4692 3363 4766; baseline 0.004 -20"><span class='ocrx_word' id='word_1_714' title='bbox 1762 4692 2005 4761; x_wconf 81' lang='lat' dir='ltr'><strong>digessit.</strong></span> <span class='ocrx_word' id='word_1_715' title='bbox 2039 4698 2287 4753; x_wconf 83' lang='lat' dir='ltr'><strong>Martian.</strong></span> <span class='ocrx_word' id='word_1_716' title='bbox 2322 4719 2423 4755; x_wconf 87' lang='lat' dir='ltr'><strong>non</strong></span> <span class='ocrx_word' id='word_1_717' title='bbox 2456 4712 2591 4757; x_wconf 85' lang='lat' dir='ltr'><strong>recte</strong></span> <span class='ocrx_word' id='word_1_718' title='bbox 2622 4702 2672 4756; x_wconf 94' lang='lat' dir='ltr'><strong>id</strong></span> <span class='ocrx_word' id='word_1_719' title='bbox 2704 4701 2821 4756; x_wconf 83' lang='lat' dir='ltr'><strong>fieri</strong></span> <span class='ocrx_word' id='word_1_720' title='bbox 2851 4741 2865 4766; x_wconf 92' lang='lat'><strong>,</strong></span> <span class='ocrx_word' id='word_1_721' title='bbox 2915 4692 3233 4754; x_wconf 74' lang='lat' dir='ltr'><strong>annotatum</strong></span> <span class='ocrx_word' id='word_1_722' title='bbox 3270 4715 3363 4753; x_wconf 88' lang='lat' dir='ltr'><strong>ve-</strong></span> 
     </span>
    </p>
   </div>
   <div class='ocr_carea' id='block_1_110' title="bbox 1764 4767 3354 4830">
    <p class='ocr_par' dir='ltr' id='par_1_110' title="bbox 1764 4767 3354 4830">
     <span class='ocr_line' id='line_1_111' title="bbox 1764 4767 3354 4830; baseline 0.004 -12"><span class='ocrx_word' id='word_1_723' title='bbox 1764 4771 1878 4821; x_wconf 89' lang='lat' dir='ltr'><strong>tere</strong></span> <span class='ocrx_word' id='word_1_724' title='bbox 1903 4767 2112 4825; x_wconf 88' lang='lat' dir='ltr'><strong>scbolio</strong></span> <span class='ocrx_word' id='word_1_725' title='bbox 2134 4769 2338 4827; x_wconf 87' lang='lat' dir='ltr'><strong>invenit</strong></span> <span class='ocrx_word' id='word_1_726' title='bbox 2362 4777 2413 4828; x_wconf 91' lang='lat' dir='ltr'><strong>in</strong></span> <span class='ocrx_word' id='word_1_727' title='bbox 2435 4773 2741 4830; x_wconf 89' lang='lat' dir='ltr'><strong>Sorbonico</strong></span> <span class='ocrx_word' id='word_1_728' title='bbox 2764 4787 2865 4826; x_wconf 91' lang='lat' dir='ltr'><strong>ms.</strong></span> <span class='ocrx_word' id='word_1_729' title='bbox 2890 4770 3000 4826; x_wconf 84' lang='lat' dir='ltr'><strong>Nos</strong></span> <span class='ocrx_word' id='word_1_730' title='bbox 3025 4770 3080 4824; x_wconf 90' lang='lat' dir='ltr'><strong>in</strong></span> <span class='ocrx_word' id='word_1_731' title='bbox 3108 4770 3354 4826; x_wconf 83' lang='lat' dir='ltr'><strong>Palatino</strong></span> 
     </span>
    </p>
   </div>
   <div class='ocr_carea' id='block_1_111' title="bbox 1758 4838 3354 4912">
    <p class='ocr_par' dir='ltr' id='par_1_111' title="bbox 1758 4838 3354 4912">
     <span class='ocr_line' id='line_1_112' title="bbox 1758 4838 3354 4912; baseline 0.006 -25"><span class='ocrx_word' id='word_1_732' title='bbox 1758 4838 2064 4912; x_wconf 78' lang='lat' dir='ltr'><strong>appositum</strong></span> <span class='ocrx_word' id='word_1_733' title='bbox 2094 4856 2124 4893; x_wconf 93' lang='lat' dir='ltr'><strong>e</strong></span> <span class='ocrx_word' id='word_1_734' title='bbox 2151 4844 2375 4911; x_wconf 78' lang='lat' dir='ltr'><strong>regione</strong></span> <span class='ocrx_word' id='word_1_735' title='bbox 2407 4847 2646 4912; x_wconf 86' lang='lat' dir='ltr'><strong>priorum</strong></span> <span class='ocrx_word' id='word_1_736' title='bbox 2677 4842 2977 4912; x_wconf 83' lang='lat' dir='ltr'><strong>verborum</strong></span> <span class='ocrx_word' id='word_1_737' title='bbox 3004 4841 3354 4908; x_wconf 84' lang='lat' dir='ltr'><strong>asleriscum,</strong></span> 
     </span>
    </p>
   </div>
   <div class='ocr_carea' id='block_1_112' title="bbox 1761 4910 3359 4985">
    <p class='ocr_par' dir='ltr' id='par_1_112' title="bbox 1761 4910 3359 4985">
     <span class='ocr_line' id='line_1_113' title="bbox 1761 4910 3359 4985; baseline 0.004 -26"><span class='ocrx_word' id='word_1_738' title='bbox 1761 4922 1937 4985; x_wconf 78' lang='lat' dir='ltr'><strong>neque</strong></span> <span class='ocrx_word' id='word_1_739' title='bbox 1952 4910 2212 4985; x_wconf 71' lang='lat' dir='ltr'><strong>iiualibus</strong></span> <span class='ocrx_word' id='word_1_740' title='bbox 2234 4910 2485 4985; x_wconf 81' lang='lat' dir='ltr'><strong>umquam</strong></span> <span class='ocrx_word' id='word_1_741' title='bbox 2512 4915 2722 4983; x_wconf 90' lang='lat' dir='ltr'><strong>punctis</strong></span> <span class='ocrx_word' id='word_1_742' title='bbox 2745 4910 3089 4985; x_wconf 73' lang='lat' dir='ltr'><strong>cauelusum,</strong></span> <span class='ocrx_word' id='word_1_743' title='bbox 3120 4912 3187 4965; x_wconf 90' lang='lat' dir='ltr'><strong>ad</strong></span> <span class='ocrx_word' id='word_1_744' title='bbox 3210 4912 3359 4985; x_wconf 66' lang='lat' dir='ltr'><strong>eius-</strong></span> 
     </span>
    </p>
   </div>
   <div class='ocr_carea' id='block_1_113' title="bbox 1759 4977 3358 5053">
    <p class='ocr_par' dir='ltr' id='par_1_113' title="bbox 1759 4977 3358 5053">
     <span class='ocr_line' id='line_1_114' title="bbox 1759 4977 3358 5053; baseline 0.006 -25"><span class='ocrx_word' id='word_1_745' title='bbox 1759 4977 1879 5031; x_wconf 87' lang='lat' dir='ltr'><strong>dem</strong></span> <span class='ocrx_word' id='word_1_746' title='bbox 1916 4980 2190 5050; x_wconf 85' lang='lat' dir='ltr'><strong>alpbabeti</strong></span> <span class='ocrx_word' id='word_1_747' title='bbox 2223 4977 2755 5053; x_wconf 54' lang='lat' dir='ltr'><strong>elementa&#39;singulis</strong></span> <span class='ocrx_word' id='word_1_748' title='bbox 2779 4980 3087 5053; x_wconf 71' lang='lat' dir='ltr'><strong>quibusque</strong></span> <span class='ocrx_word' id='word_1_749' title='bbox 3109 4977 3358 5038; x_wconf 82' lang='lat' dir='ltr'><strong>versibus</strong></span> 
     </span>
    </p>
   </div>
   <div class='ocr_carea' id='block_1_114' title="bbox 1761 5051 3355 5125">
    <p class='ocr_par' dir='ltr' id='par_1_114' title="bbox 1761 5051 3355 5125">
     <span class='ocr_line' id='line_1_115' title="bbox 1761 5051 3355 5125; baseline 0.004 -25"><span class='ocrx_word' id='word_1_750' title='bbox 1761 5053 2125 5125; x_wconf 70' lang='lat' dir='ltr'><strong>prmportenda</strong></span> <span class='ocrx_word' id='word_1_751' title='bbox 2173 5097 2189 5120; x_wconf 92' lang='lat'><strong>,</strong></span> <span class='ocrx_word' id='word_1_752' title='bbox 2256 5057 2475 5125; x_wconf 76' lang='lat' dir='ltr'><strong>signum</strong></span> <span class='ocrx_word' id='word_1_753' title='bbox 2533 5051 2847 5125; x_wconf 74' lang='lat' dir='ltr'><strong>accipimus.</strong></span> <span class='ocrx_word' id='word_1_754' title='bbox 2902 5051 3119 5125; x_wconf 50' lang='lat' dir='ltr'><strong>Videsis</strong></span> <span class='ocrx_word' id='word_1_755' title='bbox 3176 5064 3355 5109; x_wconf 77' lang='lat' dir='ltr'><strong>tanien</strong></span> 
     </span>
    </p>
   </div>
   <div class='ocr_carea' id='block_1_115' title="bbox 1763 5121 3352 5193">
    <p class='ocr_par' dir='ltr' id='par_1_115' title="bbox 1763 5121 3352 5193">
     <span class='ocr_line' id='line_1_116' title="bbox 1763 5121 3352 5193; baseline 0.002 -18"><span class='ocrx_word' id='word_1_756' title='bbox 1763 5134 1884 5193; x_wconf 61' lang='lat' dir='ltr'><strong>qua:</strong></span> <span class='ocrx_word' id='word_1_757' title='bbox 1920 5121 1985 5176; x_wconf 87' lang='lat' dir='ltr'><strong>ad</strong></span> <span class='ocrx_word' id='word_1_758' title='bbox 2029 5122 2283 5181; x_wconf 88' lang='lat' dir='ltr'><strong>buncmet</strong></span> <span class='ocrx_word' id='word_1_759' title='bbox 2316 5121 2595 5193; x_wconf 70' lang='lat' dir='ltr'><strong>psalmum</strong></span> <span class='ocrx_word' id='word_1_760' title='bbox 2644 5124 2695 5178; x_wconf 93' lang='lat' dir='ltr'><strong>in</strong></span> <span class='ocrx_word' id='word_1_761' title='bbox 2746 5121 3107 5179; x_wconf 77' lang='lat' dir='ltr'><strong>translatione</strong></span> <span class='ocrx_word' id='word_1_762' title='bbox 3145 5140 3211 5179; x_wconf 86' lang='lat' dir='ltr'><strong>ex</strong></span> <span class='ocrx_word' id='word_1_763' title='bbox 3242 5125 3352 5178; x_wconf 90' lang='lat' dir='ltr'><strong>lle-</strong></span> 
     </span>
    </p>
   </div>
   <div class='ocr_carea' id='block_1_116' title="bbox 1766 5190 3354 5270">
    <p class='ocr_par' dir='ltr' id='par_1_116' title="bbox 1766 5190 3354 5270">
     <span class='ocr_line' id='line_1_117' title="bbox 1766 5190 3354 5270; baseline 0.005 -29"><span class='ocrx_word' id='word_1_764' title='bbox 1766 5190 1945 5270; x_wconf 58' lang='lat' dir='ltr'><strong>Iiraico</strong></span> <span class='ocrx_word' id='word_1_765' title='bbox 1973 5192 2206 5248; x_wconf 83' lang='lat' dir='ltr'><strong>diximus</strong></span> <span class='ocrx_word' id='word_1_766' title='bbox 2253 5190 2374 5270; x_wconf 67' lang='lat' dir='ltr'><strong>Iam</strong></span> <span class='ocrx_word' id='word_1_767' title='bbox 2404 5209 2530 5249; x_wconf 89' lang='lat' dir='ltr'><strong>vero</strong></span> <span class='ocrx_word' id='word_1_768' title='bbox 2558 5193 2800 5259; x_wconf 87' lang='lat' dir='ltr'><strong>obelum,</strong></span> <span class='ocrx_word' id='word_1_769' title='bbox 2831 5194 2925 5265; x_wconf 89' lang='lat' dir='ltr'><strong>qui</strong></span> <span class='ocrx_word' id='word_1_770' title='bbox 2958 5194 3133 5265; x_wconf 87' lang='lat' dir='ltr'><strong>primo</strong></span> <span class='ocrx_word' id='word_1_771' title='bbox 3161 5209 3354 5251; x_wconf 78' lang='lat' dir='ltr'><strong>occur-</strong></span> 
     </span>
    </p>
   </div>
   <div class='ocr_carea' id='block_1_117' title="bbox 1764 5264 2754 5329">
    <p class='ocr_par' dir='ltr' id='par_1_117' title="bbox 1764 5264 2754 5329">
     <span class='ocr_line' id='line_1_118' title="bbox 1764 5264 2754 5329; baseline 0.004 -16"><span class='ocrx_word' id='word_1_772' title='bbox 1764 5264 1853 5324; x_wconf 90' lang='lat' dir='ltr'><strong>rit,</strong></span> <span class='ocrx_word' id='word_1_773' title='bbox 1889 5264 2028 5317; x_wconf 84' lang='lat' dir='ltr'><strong>idem</strong></span> <span class='ocrx_word' id='word_1_774' title='bbox 2059 5281 2161 5317; x_wconf 90' lang='lat' dir='ltr'><strong>ms.</strong></span> <span class='ocrx_word' id='word_1_775' title='bbox 2193 5276 2249 5319; x_wconf 88' lang='lat' dir='ltr'><strong>et</strong></span> <span class='ocrx_word' id='word_1_776' title='bbox 2272 5266 2441 5320; x_wconf 82' lang='lat' dir='ltr'><strong>Carus</strong></span> <span class='ocrx_word' id='word_1_777' title='bbox 2470 5274 2754 5329; x_wconf 87' lang='lat' dir='ltr'><strong>respuunt.</strong></span> 
     </span>
    </p>
   </div>
   <div class='ocr_carea' id='block_1_118' title="bbox 1836 5330 2855 5402">
    <p class='ocr_par' dir='ltr' id='par_1_118' title="bbox 1836 5330 2855 5402">
     <span class='ocr_line' id='line_1_119' title="bbox 1836 5330 2855 5402; baseline 0.004 -15"><span class='ocrx_word' id='word_1_778' title='bbox 1836 5340 1859 5402; x_wconf 58' lang='lat'><strong><em>?</em></strong></span> <span class='ocrx_word' id='word_1_779' title='bbox 1901 5334 2189 5401; x_wconf 84' lang='lat' dir='ltr'><strong>Subjungit</strong></span> <span class='ocrx_word' id='word_1_780' title='bbox 2220 5336 2363 5390; x_wconf 87' lang='lat' dir='ltr'><strong>idem</strong></span> <span class='ocrx_word' id='word_1_781' title='bbox 2396 5350 2495 5388; x_wconf 90' lang='lat' dir='ltr'><strong>ms.</strong></span> <span class='ocrx_word' id='word_1_782' title='bbox 2523 5330 2855 5402; x_wconf 86' lang='lat' dir='ltr'><strong>Diapsalma.</strong></span> 
     </span>
    </p>
   </div>
   <div class='ocr_carea' id='block_1_119' title="bbox 1838 5400 3349 5473">
    <p class='ocr_par' dir='ltr' id='par_1_119' title="bbox 1838 5400 3349 5473">
     <span class='ocr_line' id='line_1_120' title="bbox 1838 5400 3349 5473; baseline 0.001 -17"><span class='ocrx_word' id='word_1_783' title='bbox 1838 5400 1855 5437; x_wconf 75' lang='grc' dir='ltr'><strong>ί</strong></span> <span class='ocrx_word' id='word_1_784' title='bbox 1896 5400 2039 5457; x_wconf 87' lang='lat' dir='ltr'><strong>Idem</strong></span> <span class='ocrx_word' id='word_1_785' title='bbox 2071 5400 2171 5456; x_wconf 82' lang='lat' dir='ltr'><strong>ms.</strong></span> <span class='ocrx_word' id='word_1_786' title='bbox 2205 5418 2269 5457; x_wconf 82' lang='lat' dir='ltr'><strong>ex</strong></span> <span class='ocrx_word' id='word_1_787' title='bbox 2313 5400 2635 5473; x_wconf 70' lang='lat' dir='ltr'><strong>Augustino,</strong></span> <span class='ocrx_word' id='word_1_788' title='bbox 2684 5406 2945 5468; x_wconf 82' lang='lat' dir='ltr'><strong>niundus;</strong></span> <span class='ocrx_word' id='word_1_789' title='bbox 2996 5415 3127 5471; x_wconf 89' lang='lat' dir='ltr'><strong>tum,</strong></span> <span class='ocrx_word' id='word_1_790' title='bbox 3162 5413 3207 5458; x_wconf 89' lang='lat' dir='ltr'><strong>et</strong></span> <span class='ocrx_word' id='word_1_791' title='bbox 3239 5421 3349 5458; x_wconf 87' lang='lat' dir='ltr'><strong>non</strong></span> 
     </span>
    </p>
   </div>
   <div class='ocr_carea' id='block_1_120' title="bbox 1740 5472 3345 5544">
    <p class='ocr_par' dir='ltr' id='par_1_120' title="bbox 1740 5472 3345 5544">
     <span class='ocr_line' id='line_1_121' title="bbox 1740 5472 3345 5544; baseline 0.005 -21"><span class='ocrx_word' id='word_1_792' title='bbox 1740 5474 1943 5544; x_wconf 86' lang='lat' dir='ltr'><strong>juravit</strong></span> <span class='ocrx_word' id='word_1_793' title='bbox 1972 5472 2024 5524; x_wconf 88' lang='lat' dir='ltr'><strong>in</strong></span> <span class='ocrx_word' id='word_1_794' title='bbox 2061 5473 2265 5544; x_wconf 64' lang='lat' dir='ltr'><strong>dolore,</strong></span> <span class='ocrx_word' id='word_1_795' title='bbox 2300 5472 2440 5540; x_wconf 80' lang='lat' dir='ltr'><strong>quod</strong></span> <span class='ocrx_word' id='word_1_796' title='bbox 2475 5481 2812 5539; x_wconf 84' lang='lat' dir='ltr'><strong>postremum</strong></span> <span class='ocrx_word' id='word_1_797' title='bbox 2846 5476 3064 5531; x_wconf 76' lang='lat' dir='ltr'><strong>verbum</strong></span> <span class='ocrx_word' id='word_1_798' title='bbox 3113 5476 3345 5531; x_wconf 80' lang='lat' dir='ltr'><strong>manife-</strong></span> 
     </span>
    </p>
   </div>
   <div class='ocr_carea' id='block_1_121' title="bbox 1764 5541 3203 5613">
    <p class='ocr_par' dir='ltr' id='par_1_121' title="bbox 1764 5541 3203 5613">
     <span class='ocr_line' id='line_1_122' title="bbox 1764 5541 3203 5613; baseline 0.001 -16"><span class='ocrx_word' id='word_1_799' title='bbox 1764 5552 2022 5613; x_wconf 82' lang='lat' dir='ltr'><strong>Stum_est</strong></span> <span class='ocrx_word' id='word_1_800' title='bbox 2059 5541 2383 5601; x_wconf 83' lang='lat' dir='ltr'><strong>Veronensis</strong></span> <span class='ocrx_word' id='word_1_801' title='bbox 2413 5545 2619 5599; x_wconf 86' lang='lat' dir='ltr'><strong>librarii</strong></span> <span class='ocrx_word' id='word_1_802' title='bbox 2651 5548 2903 5600; x_wconf 86' lang='lat' dir='ltr'><strong>mendum</strong></span> <span class='ocrx_word' id='word_1_803' title='bbox 2937 5562 3033 5613; x_wconf 89' lang='lat' dir='ltr'><strong>pro</strong></span> <span class='ocrx_word' id='word_1_804' title='bbox 3063 5547 3203 5600; x_wconf 85' lang='lat' dir='ltr'><strong>dolo.</strong></span> 
     </span>
    </p>
   </div>
   <div class='ocr_carea' id='block_1_122' title="bbox 1823 5610 3339 5690">
    <p class='ocr_par' dir='ltr' id='par_1_122' title="bbox 1823 5610 3339 5690">
     <span class='ocr_line' id='line_1_123' title="bbox 1823 5610 3339 5690; baseline 0.003 -26"><span class='ocrx_word' id='word_1_805' title='bbox 1823 5621 1851 5690; x_wconf 68' lang='grc' dir='ltr'><strong>εξ</strong></span> <span class='ocrx_word' id='word_1_806' title='bbox 1891 5610 2217 5669; x_wconf 73' lang='lat' dir='ltr'><strong>Veronensis</strong></span> <span class='ocrx_word' id='word_1_807' title='bbox 2262 5630 2365 5677; x_wconf 84' lang='lat' dir='ltr'><strong>ms.</strong></span> <span class='ocrx_word' id='word_1_808' title='bbox 2411 5616 2570 5672; x_wconf 87' lang='lat' dir='ltr'><strong>unice</strong></span> <span class='ocrx_word' id='word_1_809' title='bbox 2606 5628 2730 5670; x_wconf 86' lang='lat' dir='ltr'><strong>cum</strong></span> <span class='ocrx_word' id='word_1_810' title='bbox 2771 5610 3113 5690; x_wconf 69' lang='lat' dir='ltr'><strong>Auguétitto,</strong></span> <span class='ocrx_word' id='word_1_811' title='bbox 3165 5618 3339 5684; x_wconf 80' lang='lat' dir='ltr'><strong>inique</strong></span> 
     </span>
    </p>
   </div>
   <div class='ocr_carea' id='block_1_123' title="bbox 1750 5683 2172 5750">
    <p class='ocr_par' dir='ltr' id='par_1_123' title="bbox 1750 5683 2172 5750">
     <span class='ocr_line' id='line_1_124' title="bbox 1750 5683 2172 5750; baseline -0.002 -12"><span class='ocrx_word' id='word_1_812' title='bbox 1750 5683 1991 5750; x_wconf 78' lang='lat' dir='ltr'><strong>facientes</strong></span> <span class='ocrx_word' id='word_1_813' title='bbox 2022 5700 2172 5743; x_wconf 83' lang='lat' dir='ltr'><strong>vana.</strong></span> 
     </span>
    </p>
   </div>
  </div>
