3960 6208
79 224 147 282 Ilii
1343 212 1554 272 LIBER
1594 212 2056 273 PSALMORUM.‘

3235 216 3338 273 162

131 338 314 393 Lavabo
342 336 476 391 inter
499 335 797 391 innocentes
824 349 1010 390 manus
1037 347 1211 388 meas:
1232 342 1279 387 et
1303 331 1635 387 circumdabo
1665 334 1721 393 Α
1813 329 2030 385 Lavabo
2054 328 2195 386 inter
2215 328 2537 389 innocentes
2561 344 2753 388 manus
2786 344 2973 389 meas:
3007 336 3064 388 et
3092 329 3339 388 circuibo

82 433 212 485 altare
234 440 387 496 tuum,
419 427 664 482 Domine.

142 521 202 577 Ut
229 521 421 574 audiam
449 536 628 575 vocem
660 520 835 575 laudis
875 536 895 575 :

84 614 237 669 rabilia
262 624 342 667 tua
370 621 412 666 ι.

133 708 349 774 Domine,
376 705 538 761 dilexi
567 706 811 762 decorem
836 705 1023 760 domus
1051 713 1176 773 lttll’,
1209 713 1255 759 et
1283 702 1456 759 locum
1488 704 1637 758 habi-

90 800 255 854 tationis
273 799 449 869 gloria
474 807 601 853 tute.

135 889 206 943 Ne
222 890 396 961 perdas
420 906 543 943 cum
574 890 747 961 impiis
779 890 1006 944 animam
1037 904 1205 943 meam
1234 904 1254 944 :
1291 897 1341 943 et
1369 906 1486 945 cum
1514 888 1637 943 viris

91 983 351 1054 anguinum
380 983 545 1037 uitam
574 998 762 1037 means.

136 1074 189 1129 In
207 1090 416 1143 quorum
437 1076 681 1130 manibus
708 1075 1009 1144 iniquitates
1037 1085 1157 1131 sunt
1179 1090 1199 1131 :
1218 1076 1431 1130 dextera
1455 1091 1635 1130 eorum

90 1168 237 1237 repleta
261 1176 329 1221 est
351 1166 675 1222 muneribus.

130 1258 231 1333 Ego
247 1268 406 1314 autem
430 1261 485 1315 in
511 1262 808 1316 innocentia
832 1279 943 1319 mea
970 1264 1236 1334 ingressus
1260 1278 1375 1317 sum
1399 1277 1417 1315 :
1441 1260 1634 1316 redime

89 1370 153 1422 ut,
179 1364 221 1407 et
244 1355 479 1408 miserere
503 1355 629 1410 mei.

131 1445 218 1499 Pes
238 1462 377 1501 meus
405 1448 541 1502 stetit
568 1448 622 1501 in
650 1446 848 1505 directo
875 1463 895 1503 :
921 1448 975 1505 in
1005 1448 1230 1504 ecclesiis
1251 1449 1546 1505 benedicam
1570 1464 1630 1505 οξ-

89 1538 153 1605 te:
182 1537 417 1596 Domine.

941 530 988 574 et
1014 534 1247 575 enarrem
1274 517 1514 572 universa
1543 516 1635 571 mi-

1747 424 1921 479 altare
1954 433 2129 491 tuum,
2165 424 2413 481 Domine.

1818 515 1890 572 Ut
1916 516 2130 571 audiam
2152 531 2346 573 vocem
2372 516 2547 573 laudis
2568 528 2676 574 tua:
2700 534 2715 574 :
2738 528 2792 575 et
2817 532 3066 575 enarrem
3087 517 3340 575 universa

1742 608 2014 663 mirabilia
2045 619 2159 663 tua.

1816 700 2088 769 Domine,
2135 702 2309 758 dilexi
2347 702 2605 759 decorem
2636 704 2830 759 domus
2865 713 2971 760 tute
2997 746 3013 773 ,
3066 713 3124 761 et
3160 706 3338 761 locum

1745 792 2081 848 tabernaculi
2112 792 2244 865 [Με.
2279 794 2654 867 habitationis]
2684 795 2868 867 gloria:
2902 806 3029 852 tute.

1808 890 1887 947 Ne
1915 900 1939 939 ε
1970 892 2171 963 perdas
2203 909 2325 949 cum
2358 894 2540 965 impiis
2585 895 2823 950 animam
2865 909 3043 950 meam
3074 910 3089 949 :
3130 904 3185 947 et
3214 906 3338 947 cum

1739 983 1874 1040 viris
1918 986 2245 1058 sanguinum
2284 987 2454 1043 vitam
2502 1004 2699 1057 meam,
2725 989 2777 1043 in
2808 1003 3041 1059 quorum
3088 984 3340 1041 manibus

1736 1077 2057 1148 iniquitates
2098 1089 2247 1134 sunt.

1812 1171 2047 1227 Dextera
2076 1187 2266 1227 eorum
2295 1174 2503 1244 repleta
2532 1183 2617 1231 est
2643 1172 3112 1245 muneribuszego
3142 1181 3328 1228 autem

1740 1264 1794 1321 in
1829 1264 2137 1320 innocentia
2178 1281 2295 1322 mea
2340 1267 2620 1338 ingressus
2648 1283 2808 1335 sum;
2856 1268 3065 1323 redime
3111 1282 3239 1334 me,
3288 1276 3344 1322 et

1747 1358 2012 1413 miserere
2042 1358 2170 1413 mei.

1820 1450 1925 1506 Pes
1956 1450 2104 1506 enim
2135 1465 2294 1506 meus
2321 1453 2476 1508 stetit
2515 1452 2568 1509 in
2607 1453 2693 1510 via
2724 1463 2875 1511 recta

1748 1540 2068 1597 benedicam
2099 1540 2416 1599 Dominum.
2510 1545 2523 1553 ’

2922 1471 2935 1508 :
2988 1453 3043 1510 in
3092 1451 3345 1507 ecclesiis

1363 1658 1720 1721 PSALMUS
1765 1658 2005 1720 XXVI.

318 1755 347 1799 δ
374 1774 533 1816 eum
555 1800 572 1827 ,
606 1774 669 1816 σε»
700 1773 1001 1826 rnlusouu
1029 1774 1347 1816 mutuatus.

132 1940 365 1996 Dominus
393 1942 711 1997 illuminatio
737 1958 851 1997 mea
871 1982 888 2009 ,
930 1949 980 1995 et
1015 1939 1160 1995 salus
1190 1956 1299 1995 mea
1328 1955 1348 1995 :
1377 1955 1527 2010 quem
1570 1937 1639 1993 ti-

89 2034 198 2087 mebo
215 2034 240 2087 .’

135 2126 366 2181 Dominus
387 2134 641 2196 protector
665 2126 784 2179 uitta
809 2139 939 2179 metu
959 2139 978 2177 :
1004 2140 1037 2178 a
1061 2130 1163 2195 quo
1192 2123 1501 2197 trepidabo?

137 2217 260 2273 Dum
284 2222 594 2292 appropiant
620 2235 782 2291 super
807 2234 889 2273 me
921 2228 1178 2286 nocentes,
1211 2227 1267 2272 ut
1288 2218 1443 2273 edant
1462 2233 1644 2273 carnes

92 2325 219 2364 Μαι.

140 2402 234 2469 Qui
259 2403 502 2458 tribulam
526 2418 609 2457 me
639 2412 662 2441 ε
692 2403 891 2458 inimici
920 2404 1020 2458 mei
1049 2419 1068 2458 :
1096 2402 1197 2473 ipsi
1222 2403 1473 2472 inﬁrmati
1500 2410 1637 2471 sunt,

97 2502 126 2545 et
156 2496 449 2549 ceciderunt.

139 2586 192 2639 Si
220 2587 494 2644 consistant
532 2586 814 2644 aduersum
839 2603 921 2643 me
949 2597 1120 2643 castra
1152 2604 1170 2642 :
1200 2603 1305 2642 non
1335 2586 1529 2642 timebit
1557 2602 1645 2642 cor

93 2694 247 2733 meum.

144 2774 197 2828 Si
223 2772 250 2812 εἰ
277 2784 515 2848 exsurgat
540 2776 814 2832 aduersum
856 2793 938 2833 me
981 2777 1217 2849 pralium
1257 2793 1278 2833 :

94 2870 289 2937 sperabo.

147 2960 296 3017 Unam
320 2964 445 3034 petii
471 2981 504 3018 a
532 2961 783 3030 Domino,
817 2961 954 3017 hanc
991 2962 1250 3032 requiram
1274 2978 1294 3017 :
1334 2971 1390 3016 ut
1432 2961 1644 3016 inhabi-

94 3060 165 3106 lem
183 3055 234 3109 in
262 3057 410 3111 domo
437 3056 648 3111 Domini
678 3054 920 3110 omnibus
949 3054 1127 3109 diebus
1153 3056 1273 3110 rita:
1300 3071 1451 3110 mete.

1322 2778 1376 2833 in
1420 2778 1515 2833 hoc
1552 2793 1647 2849 ego

1669 1759 1716 1822 Β
1816 1774 2051 1818 rssuus
2081 1759 2213 1835 [Ms.
2238 1760 2371 1834 IPSI]
2403 1778 2596 1833 ωιτη),
2629 1778 2923 1827 ριιιυςοωιι
2950 1778 3271 1820 uscenerun

2251 1855 2380 1927 [Με.
2407 1858 2840 1929 genuussuum].

1817 1947 2081 2005 Dominus
2111 1948 2442 2006 illuminatio
2470 1966 2589 2007 mea
2617 1991 2633 2019 ,
2680 1960 2735 2007 et
2778 1951 2927 2007 salus
2972 1965 3088 2006 mea
3122 1965 3135 2003 :
3182 1963 3343 2020 quem

1747 2041 1953 2098 timebo
1970 2042 1993 2097 l

1824 2135 2084 2190 Dominus
2118 2134 2379 2191 defensor
2407 2132 2550 2208 [Με.
2577 2130 2890 2205 protector]
2938 2134 3062 2189 vitae
3095 2148 3232 2190 mea:
3260 2149 3275 2190 :
3316 2148 3347 2187 a

1747 2242 1855 2300 quo
1886 2226 2219 2298 trepidabo?

1816 2318 1953 2373 Dum
1998 2318 2331 2389 appropiant
2384 2318 2514 2391 [Με.
2555 2316 3140 2389 appropinquavcrint]
3180 2331 3345 2386 super

1746 2425 1834 2467 me
1864 2420 2124 2466 nocentes
2153 2452 2170 2478 ,
2219 2420 2282 2465 ut
2306 2410 2469 2465 edant
2492 2424 2689 2465 carnes
2729 2425 2879 2465 meas
2903 2450 2919 2477 ,
2960 2411 3051 2480 qui
3085 2408 3347 2463 tribulant

1747 2517 1834 2559 me
1858 2502 2105 2557 “inimici
2127 2502 2232 2557 mei
2262 2520 2275 2555 :
2304 2500 2407 2571 ipsi
2438 2501 2696 2555 inﬁrmati
2724 2508 2883 2562 sunt.
2920 2507 2975 2554 ct
3004 2497 3342 2554 ceciderunt.

1816 2597 1876 2653 Si
1901 2596 2205 2652 consistant
2228 2594 2491 2650 adversus
2518 2608 2606 2649 me
2630 2602 2835 2660 castra,
2869 2608 2973 2646 non
3002 2590 3215 2646 timebit
3244 2604 3341 2645 cor

1746 2704 1931 2746 meum
1961 2705 1979 2745 :
2007 2690 2053 2745 si
2080 2688 2326 2761 insurgat
2358 2687 2413 2743 in
2437 2701 2524 2743 me
2555 2686 2835 2757 praelium,
2882 2684 2935 2740 in
2964 2684 3069 2741 hoc
3091 2697 3194 2755 ego
3220 2697 3344 2754 spe-

1748 2783 1905 2840 rabo.

1820 2875 1993 2930 Unam
2022 2872 2151 2944 petii
2170 2888 2200 2928 a
2227 2872 2481 2941 Domino,
2514 2872 2654 2927 hanc
2679 2870 2955 2941 requiram
2983 2887 2995 2922 :
3028 2877 3087 2923 ut
3116 2867 3332 2922 inhabi-

1750 2977 1859 3024 tem
1903 2968 1959 3023 in
2009 2966 2174 3021 domo
2220 2963 2434 3020 Domini
2486 2964 2744 3020 omnibus
2772 2962 2967 3018 diebus
2992 2958 3121 3032 [Με.
3149 2973 3342 3014 omnes

1753 3057 1895 3131 dies]
1924 3058 2053 3113 vitae
2082 3071 2239 3113 meas.

148 3147 207 3203 Ut
246 3151 442 3204 rideam
471 3150 786 3222 voluptatem
814 3147 1028 3203 Domini
1055 3164 1075 3203 :
1103 3160 1153 3203 et
1181 3149 1378 3203 visitem
1399 3147 1645 3219 templum
1672 3154 1719 3220 ρ
1827 3152 1895 3208 Ut
1930 3148 1946 3187 ί
1981 3148 2200 3205 videam
2248 3147 2585 3203 voluntatem
2639 3142 2856 3201 Domini
2892 3160 2906 3199 :
2937 3150 2993 3199 et
3041 3151 3296 3215 protegar
3321 3158 3352 3199 a

95 3257 202 3309 qus.

151 3336 393 3401 Quoniam
421 3338 691 3394 abscondit
734 3354 818 3394 me
860 3339 916 3391 in
956 3337 1291 3393 tabernaculo
1322 3354 1438 3403 suo,
1467 3338 1523 3391 in
1567 3337 1652 3391 die

98 3431 317 3485 malorum
337 3433 562 3505 protexit
586 3448 666 3487 me
694 3433 751 3485 in
775 3431 1082 3486 abscondito
1108 3430 1428 3485 tabernaculi
1455 3431 1559 3485 sui.

42 3542 49 3557 ι
146 3521 204 3577 In
230 3533 373 3595 petra
388 3525 634 3580 exultavit
654 3540 736 3580 me
762 3538 781 3579 :
803 3529 849 3577 et
872 3539 1009 3577 nunc
1031 3523 1282 3578 exultavit
1302 3530 1459 3594 caput
1486 3536 1655 3576 meum

95 3631 220 3684 super
238 3619 467 3673 inimicos
504 3634 671 3672 meos.

149 3708 382 3782 Circuiui,
406 3721 451 3766 et
482 3710 754 3765 immolari
798 3710 853 3764 in
904 3708 1234 3763 tabernaculo
1281 3711 1393 3780 ejus
1434 3708 1655 3763 hostium

99 3801 483 3872 tociferationis:
512 3803 735 3857 cantabo
788 3811 835 3858 et
862 3803 1122 3871 psalmum
1150 3802 1322 3855 dicam
1355 3799 1596 3856 Domino.
1632 3811 1656 3839 ο

155 3979 368 4053 Emdi,
401 3982 651 4049 Domine,
678 3998 854 4038 uocem
890 3997 1075 4049 meam,
1100 3998 1204 4053 qua
1246 3982 1465 4037 clamavi
1498 3996 1551 4037 ’ἕ-
1590 3982 1661 4036 ad

108 4080 139 4125 te
166 4075 186 4140 ζ
214 4080 445 4137 miserere
474 4080 597 4145 mei,
622 4087 670 4131 el
698 4077 886 4132 exaudi
910 4092 1009 4130 me.

147 4166 251 4223 Tibi
288 4173 414 4227 dixit
461 4190 553 4227 cor
602 4188 770 4226 meum
800 4187 819 4226 :
848 4168 1145 4241 anuisivit
1179 4168 1199 4209 ί
1233 4178 1281 4225 te
1320 4170 1479 4241 facies
1508 4186 1619 4225 mea
1646 4184 1667 4224 .'

108 4262 258 4325 ladem
281 4272 442 4332 tuam,
473 4262 726 4332 Domine,
766 4265 1053 4335 requirant.

1756 3242 1962 3315 templo
1992 3249 2182 3297 sancto
2205 3240 2345 3311 ejus.

1827 3336 2094 3406 Quoniam
2120 3334 2407 3392 abscondit
2429 3350 2516 3391 me
2538 3335 2590 3389 in
2621 3331 2978 3390 tabernaculo
3000 3345 3101 3387 suo
3138 3348 3153 3388 :
3184 3331 3236 3387 in
3263 3331 3355 3389 die

1757 3432 2020 3490 malorum
2046 3431 2287 3502 protexit
2317 3445 2403 3487 me
2429 3430 2483 3486 in
2510 3428 2835 3487 abscondito
2867 3425 3209 3483 tabernaculi
3238 3428 3357 3486 sui:

1760 3525 1814 3581 in
1846 3533 2001 3594 petra
2030 3522 2296 3579 exallavit
2321 3536 2429 3577 me.

1834 3617 1989 3672 Nunc
2017 3625 2197 3672 autem
2231 3612 2489 3672 exaltavit
2516 3621 2677 3683 caput
2699 3628 2881 3669 meum
2912 3628 3079 3686 super
3106 3613 3360 3670 inimicos

1761 3723 1951 3777 meos;
1981 3708 2258 3775 circuibo,
2292 3716 2347 3763 et
2375 3706 2673 3763 immolabo
2730 3708 2785 3761 in
2838 3705 3191 3763 tabernaculo
3242 3705 3362 3775 eius

1763 3802 1999 3857 hostiam
2047 3799 2409 3872 jubilationis,
2461 3799 2699 3856 cantabo
2750 3808 2808 3855 et
2863 3800 3128 3871 psalmum
3182 3800 3359 3857 dicam

1765 3891 2017 3949 Domino.

1837 3983 2069 4052 Exaudi,
2102 3982 2350 4054 Domine,
2386 3996 2573 4040 vocem
2610 3998 2811 4051 meam,
2845 3984 2859 4034 l
2898 3999 3004 4056 qua
3033 3986 3269 4042 clamavi
3291 3988 3362 4044 ad

1767 4090 1823 4138 te
1854 4098 1870 4137 :
1897 4079 2165 4136 miserere
2194 4078 2322 4149 mei,
2358 4086 2414 4135 et
2442 4078 2639 4134 exaudi
2662 4094 2773 4135 me.

1846 4171 1967 4227 Tibi
2022 4169 2164 4227 dixit
2208 4185 2306 4226 cor
2357 4186 2585 4226 meum:
2630 4170 2867 4238 Quaesivi
2925 4172 3132 4228 vultum
3165 4181 3362 4241 tu‘um;

1764 4263 1974 4320 vultum
2017 4272 2194 4329 tuum,
2223 4262 2473 4331 Domine,
2501 4263 2806 4334 requiram.

110 4458 198 4495 tum
220 4448 566 4504 innocentibus
594 4432 779 4502 manus
808 4462 949 4502 meas
972 4487 989 4513 ,
1036 4456 1082 4503 et
1120 4445 1454 4501 circumdabo
1478 4485 1493 4509 ,
1542 4452 1649 4501 etc.
1692 4447 1748 4510 D
1777 4446 1923 4503 niam
1964 4453 2019 4502 et
2046 4442 2320 4500 Fretelam
2350 4442 2513 4511 epist.
2538 4442 2891 4513 improbatur.

112 4512 312 4588 Denique
338 4531 391 4576 et
418 4529 522 4574 tua:
549 4534 851 4587 pronomen
889 4512 1005 4585 poSl
1037 4520 1207 4572 laudis
1235 4526 1396 4572 tacet.

166 4587 189 4661 ξ
222 4587 499 4661 §uliiungit
526 4590 808 4661 Palatinus
836 4603 939 4661 ms.
972 4588 1298 4661 Diapsalma.

164 4648 188 4685 δ
223 4658 274 4714 In
294 4648 463 4716 Palai'.
490 4676 597 4715 ms.
626 4659 716 4714 hic
734 4663 855 4714 sine
877 4659 1037 4716 obelo
1061 4648 1147 4715 est
1177 4659 1383 4725 titulus,
1417 4656 1666 4713 Psalmus

117 4723 285 4804 Dauid,
308 4735 613 4804 priusquam
643 4740 980 4804 ungueretur.

174 4751 253 4783 tua
272 4776 285 4795 ,
350 4751 613 4804 nusquam
643 4751 980 4801 ungueretur.

174 4809 194 4837 ε
230 4751 440 4859 “(icitur
469 4806 557 4858 hic
588 4801 693 4856 sub
719 4801 987 4857 asterisco
1014 4798 1310 4870 supplenda
1348 4809 1394 4854 et
1425 4802 1620 4871 copula
1653 4843 1668 4862 .

122 4872 286 4933 (11min
315 4875 427 4941 ipso
469 4873 705 4930 ﬂebrmo
734 4880 885 4933 tum
914 4882 1165 4939 resonat,
1197 4881 1251 4927 et
1283 4873 1335 4926 in
1360 4872 1552 4928 Grmco
1586 4876 1671 4930 καὶ

126 4941 158 4988 ﬁt;
179 4947 325 4989 hith

202 4966 210 4971 .
236 4948 253 4983 τ
286 4950 325 4989 ,-

168 4948 469 5092 bI'ljieumore
506 5016 892 5092 Palatians.
939 5012 1384 5092 praepositionem
1432 5015 1667 5080 ὀϐελὶζει.

132 5080 177 5132 Si
195 5100 240 5137 -ξ
263 5104 318 5140 ea:
338 5095 352 5155 ς
369 5099 563 5163 surgat,
597 5099 707 5145 etc.
736 5084 909 5140 Paulo
936 5080 1079 5156 post,
1112 5085 1446 5152 voluntatem,
1462 5102 1559 5156 pro
1584 5103 1673 5141 vo-

135 5152 330 5213 luptatem
356 5162 495 5213 leait.

177 5172 603 5287 aliiiztlijﬁiiinus
634 5243 743 5285 ms.
777 5225 1085 5295 Diapsalma
1108 5225 1355 5295 apponit,
1390 5234 1501 5281 tum
1534 5241 1673 5292 pra:-

145 5298 399 5373 positionem
422 5302 728 5373 ealjugulat
764 5313 828 5352 +
862 5296 1105 5373 Eataudi
1129 5296 1404 5373 :_denique
1434 5297 1670 5373 obelum,

147 5370 210 5429 qui
226 5367 562 5458 subsequitur,
581 5367 885 5458 vocesque
908 5369 1073 5450 ipsas,
1096 5367 1165 5458 a‘d
1189 5378 1259 5435 te,
1284 5369 1671 5439 prmtermittit,

152 5449 241 5502 quas
265 5443 410 5500 Carus
436 5447 555 5502 sine
593 5444 765 5500 obelo
806 5443 1161 5505 ascripserat.

154 5575 171 5581 _
203 5507 423 5572 'Praestat
452 5529 499 5575 te
524 5514 788 5572 voculam
825 5508 1031 5571 induci,
1054 5507 1512 5581 quemadmodum
1547 5516 1598 5562 et
1625 5506 1677 5561 in

154 5575 326 5657 Palatino
348 5605 444 5644 ms.
472 5585 753 5657 secundis
768 5582 922 5657 eu_ris
944 5575 1289 5657 expungitur.
1317 5575 1478 5635 certe
1505 5592 1682 5645 neque

156 5652 186 5733 it}
206 5653 381 5733 Hebrum
398 5671 502 5727 est,
526 5674 711 5733 neque
737 5653 1027 5733 i_lt_Gl'iBCiS
1054 5652 1292 5733 melioris
1316 5660 1682 5733 ῃοιαχεξοηι-

154 5723 349 5803 plaribus;
378 5718 542 5811 atque
589 5718 702 5808 ipsi
750 5726 1091 5798 Hieronymo
1146 5722 1363 5783 laudata
1422 5719 1490 5779 ad
1533 5718 1677 5783 Sun-

1849 4527 1873 4565 8
1914 4517 2036 4573 Pari
2062 4517 2224 4571 iidem
2250 4528 2555 4585 consensu,
2581 4512 2666 4568 Ne
2693 4513 2996 4585 comperdas
3022 4528 3135 4565 cum
3161 4512 3366 4580 impiis;

1774 4588 2003 4644 alterum
2024 4629 2038 4651 ,
2070 4603 2224 4650 cum,
2262 4584 2591 4639 Veronensis
2617 4584 2813 4650 tacet,
2852 4595 2908 4637 ut
2947 4592 3001 4639 et
3030 4593 3361 4651 postremam

1776 4659 2031 4714 versiculi
2065 4672 2251 4711 vocem
2281 4696 2296 4720 ,
2341 4666 2480 4709 sunt.
2532 4655 2887 4725 Prosequitur
2911 4669 3039 4725 vero
3066 4656 3216 4725 juxta
3250 4656 3360 4725 Au-

1773 4732 2050 4799 gustinum
2077 4770 2092 4793 ,
2127 4736 2175 4782 et
2201 4727 2413 4780 dextera
2442 4742 2653 4799 eorum;
2684 4724 2819 4799 tum,
2847 4724 3124 4799 ambulavi,
3158 4737 3254 4791 pro
3283 4724 3366 4799 in-

1773 4794 1978 4871 pressus
2007 4815 2121 4871 sum
2145 4839 2160 4862 ,
2199 4806 2258 4871 ut
2287 4796 2537 4871 superius
2568 4815 2582 4871 _:
2611 4798 2845 4871 denique.
2874 4836 2889 4859 ,
2925 4794 3039 4871 Pes
3058 4809 3197 4871 mens
3223 4796 3361 4847 stetit

1778 4862 1835 4923 in
1862 4869 2188 4933 rectitudine,
2220 4869 2275 4922 in
2301 4862 2529 4922 ecclesiis
2561 4862 2860 4921 benedicam
2892 4874 2961 4935 te,
2996 4862 3231 4935 Domine.

1854 4941 1882 4977 ἰ
1926 4940 2146 4996 Rectius
2175 4942 2440 5007 pra-ponit
2465 4940 2613 5006 juxta
2659 4934 2950 5006 originales
2981 4944 3157 4987 textus
3187 4934 3361 4988 Vero-

1780 5027 1938 5069 nens.
1972 5027 2075 5065 ms.
2107 5019 2152 5064 et
2178 5012 2448 5079 c0pulam.
2485 5007 2552 5079 Et
2580 5008 2773 5062 inimici
2798 5007 2918 5079 mei,
2950 5014 3054 5079 etc.

1862 5081 1877 5121 ί
1908 5082 1969 5138 In
1997 5074 2289 5135 Veronensi
2323 5094 2424 5135 ms.
2460 5095 2475 5131 :
2504 5076 2573 5131 Ut
2616 5076 2931 5145 contempler
2972 5074 3360 5130 delectationem

1783 5152 2022 5215 Domini,
2051 5162 2095 5206 et
2125 5152 2324 5223 protegi
2354 5167 2385 5202 a
2408 5148 2596 5223 templo
2628 5149 2760 5223 ejus,
2793 5161 2820 5197 a
2845 5161 2952 5223 quo
2982 5151 3073 5223 vis
3096 5161 3205 5199 uno
3235 5163 3358 5223 ver-

1781 5225 1878 5290 bo,
1906 5214 2177 5293 templum,
2204 5214 2301 5293 pro
2329 5238 2360 5273 a
2386 5217 2594 5293 templo,
2621 5214 3183 5293 diciturA‘ugustiuns
3208 5218 3364 5293 ablu-

1783 5286 1935 5351 dere.
1961 5286 2171 5349 Cintera
2205 5286 2563 5358 'adamussim,
2598 5295 2781 5358 ut_est
2825 5286 2981 5352 infra,
3016 5288 3160 5358 quod
3216 5287 3367 5339 addit

1781 5381 2032 5429 meorum,
2058 5362 2177 5416 voci
2208 5356 2495 5419 malorum;
2524 5365 2643 5429 tum,
2669 5356 2796 5423 legit
2831 5367 2875 5409 et
2911 5356 3048 5411 nunc
3084 5373 3195 5429 ecce
3222 5358 3370 5411 exal-

1783 5437 1907 5489 tavit
1939 5452 1955 5488 :
1979 5424 2054 5497 et,
2079 5430 2291 5484 circuivi
2317 5439 2361 5482 et
2383 5424 2646 5480 immolavi
2675 5443 2695 5480 :
2725 5428 2960 5497 denique
3000 5428 3243 5498 psallam,
3272 5445 3368 5501 pro

1781 5505 2037 5577 psalmum
2065 5501 2257 5552 dicam.

1861 5578 1874 5625 i
1913 5574 2059 5628 Idem
2087 5584 2191 5625 ms.
2217 5583 2372 5650 quam
2400 5567 2641 5640 clamavi,
2666 5568 2875 5627 voculis
2906 5584 3027 5642 quae
3049 5579 3371 5643 sequuntur,

1786 5647 1857 5704 ad
1880 5654 1948 5716 te,
1981 5641 2391 5716 praetermissis.
