3960 6208
591 250 698 316 163

1589 236 1674 302 ξε.
1723 225 2103 289 lllERONYMl
2141 217 2377 284 omns
2417 203 2891 281 BIBIJOTHECA.

3797 205 3920 267 (σε

666 368 752 424 Ne
782 371 978 421 avertas
1006 357 1192 430 [aciem
1213 363 1355 411 tuam
1375 366 1407 407 a
1435 363 1534 419 me,
1566 364 1632 406 ne
1659 346 1884 403 declines
1938 345 1992 399 in
2033 343 2113 398 ira
2156 357 2189 395 a
2217 343 2266 405 Α
2365 340 2444 398 Ne
2477 349 2693 396 avertas
2723 337 2916 392 faciem
2940 340 3086 390 tuam
3104 330 3236 405 [Ms.
3260 330 3468 388 vultum
3512 326 3686 401 tuum]
3708 341 3741 384 a
3777 341 3921 384 me:

594 481 738 522 servo
769 469 876 517 tuo.

666 556 891 627 Adjutor
917 561 1057 617 meus
1095 555 1221 614 esto,
1247 559 1309 598 ne
1334 535 1660 611 derelinquas
1695 551 1794 606 me,
1822 547 1988 605 neque
2011 529 2186 601 despi-

592 653 698 705 cias
722 666 820 714 me,
854 645 991 699 Deus
1013 639 1254 697 salutaris
1275 654 1433 691 meus.

665 740 925 809 Quoniam
966 745 1112 807 pater
1152 748 1296 786 meus
1338 739 1384 783 et
1434 735 1598 780 mater
1639 740 1751 778 mea
1802 719 2184 788 dereliquerunt

589 853 670 892 me
697 852 716 890 :
748 833 1004 887 Dominus
1031 838 1206 882 autem
1235 821 1515 894 assumpsit
1545 835 1645 872 me.

659 925 848 998 Legem
871 938 1003 996 pone
1028 919 1178 986 mihi,
1206 915 1449 981 Domine,
1483 914 1537 966 in
1567 911 1646 964 ria
1677 916 1766 962 tua
1795 923 1814 963 :
1845 915 1892 960 et
1920 903 2082 975 dirige
2109 915 2191 956 me

588 1023 642 1076 in
666 1020 901 1075 semitam
930 1022 1126 1070 rectam
1157 1019 1366 1082 propter
1402 1005 1639 1060 inimicos
1667 1015 1828 1056 meos.

664 1197 748 1253 Ne
773 1192 1048 1252 tradideris
1078 1201 1157 1244 me
1179 1189 1233 1243 in
1271 1187 1476 1241 animas
1504 1180 1870 1237 tribulantium
1900 1191 1980 1230 me
2016 1189 2035 1228 :
2059 1186 2190 1242 quo-

587 1293 728 1346 niam
750 1290 1143 1343 insurrexerunt
1177 1283 1232 1336 in
1268 1295 1348 1334 me
1381 1285 1531 1332 testes
1557 1272 1767 1344 iniqui:
1792 1279 1838 1324 et
1869 1267 2083 1322 mentita
2114 1273 2190 1320 est

587 1382 834 1452 iniquitas
867 1387 892 1415 α
925 1392 985 1431 -ξ-
1011 1374 1110 1428 sibi
1138 1378 1156 1438 ζ

659 1471 825 1528 Credo
849 1470 1022 1524 videre
1044 1466 1179 1521 bona
1213 1461 1418 1518 Domini
1444 1460 1500 1513 in
1529 1467 1666 1513 terra
1695 1455 1996 1510 viventium.

662 1565 921 1635 Exspecta
959 1560 1263 1622 Dominunt,
1300 1555 1517 1609 viriliter
1556 1566 1653 1624 age
1690 1565 1709 1603 :
1756 1557 1805 1604 et
1861 1546 2185 1617 confortetur

588 1672 678 1709 cor
699 1665 867 1720 tuum,
889 1661 935 1708 et
966 1649 1163 1705 sustine
1190 1643 1494 1700 Dominunt.

2292 443 2346 491 et
2377 449 2445 489 ne
2468 433 2716 488 declines
2745 430 2798 484 iu
2825 427 2905 483 ira
2931 443 2962 482 a
2991 440 3150 482 servo
3179 433 3298 480 tuo.

2364 525 2594 595 Adjutor
2621 537 2772 578 meus
2799 531 2939 588 esto,
2964 535 3032 577 ne
3058 519 3414 589 derelinquas
3436 529 3525 572 me
3545 531 3560 569 :
3584 527 3771 586 neque
3813 511 3920 568 tle-

2292 620 2491 690 Spicias
2522 633 2632 682 me,
2658 617 2802 670 Dens
2822 614 3078 669 salutaris
3111 627 3288 667 meus.

2367 709 2636 780 Quoniam
2677 717 2830 779 pater
2861 721 3018 762 meus
3046 712 3102 761 et
3127 711 3301 760 mater
3328 717 3448 758 tnea
3477 701 3919 772 dereliquernut

2298 819 2386 859 mc
2413 819 2430 860 :
2458 802 2722 856 Dominus
2750 808 2932 853 autem
2964 794 3262 863 assumpsit
3281 808 3389 848 me.

2370 897 2568 966 Legem
2620 892 2756 948 milii
2799 892 3096 955 constitue,
3125 888 3375 953 Domine,
3411 885 3466 940 in
3491 884 3600 950 via,
3635 892 3693 938 et
3721 883 3913 952 dirige

2298 1003 2386 1044 me
2441 989 2496 1042 in
2534 987 2786 1042 semitam
2831 993 3033 1040 rectam
3067 977 3194 1052 [Με.
3240 979 3438 1034 semita
3466 973 3644 1046 recta]
3672 982 3914 1047 propter

2295 1082 2552 1139 inimicos
2577 1092 2754 1135 meos.

2365 1175 2447 1232 Ne
2495 1172 2786 1230 tradideris
2817 1186 2906 1228 me
2945 1169 3000 1225 in
3049 1168 3262 1224 animas
3293 1162 3741 1236 persequentium
3766 1160 3907 1234 [Με.

2295 1265 2696 1338 tribulantium]
2714 1281 2822 1334 me,
2847 1263 3105 1334 quoniam
3132 1263 3550 1316 insurrexerunt
3576 1258 3630 1311 in
3662 1253 3903 1326 melus.

2295 1360 2455 1431 mihi]
2477 1370 2643 1415 testes
2676 1359 2870 1429 iniqui,
2897 1365 2953 1410 et
2975 1355 3199 1410 mentita
3231 1365 3317 1408 εει
3342 1351 3602 1422 iniquitas
3629 1349 3757 1404 sibi.

2366 1451 2546 1508 Credo
2573 1451 2762 1507 videre
2793 1450 2932 1504 bona
2964 1446 3177 1502 Domini
3208 1447 3261 1499 iu
3293 1453 3437 1499 terra
3466 1441 3795 1498 viventium.

2366 1548 2634 1616 Exspecta
2665 1543 2796 1617 [11s.
2821 1540 3050 1611 sustine]
3081 1539 3397 1603 Dominum,
3427 1544 3485 1591 et
3505 1535 3743 1590 viriliter
3771 1545 3899 1605 age,

2291 1647 2347 1694 et
2372 1640 2710 1695 contortetur
2735 1652 2832 1695 cor
2859 1647 3031 1701 tuum,
3059 1641 3116 1690 et
3152 1632 3364 1688 sustine
3385 1629 3710 1686 Dominum.

1896 1727 2256 1792 PSALMUS
2303 1732 2568 1794 XXVII.

996 1843 1025 1883 δ
1057 1858 1106 1898 -ξ
1148 1853 1383 1896 essemus
1424 1850 1522 1892 rem
1562 1837 1581 1901 ξ
1617 1847 1797 1890 nutu.

661 1939 741 1994 Ad
762 1947 831 2005 te,
859 1936 1096 2004 Domine,
1122 1933 1376 1995 clamabo,
1395 1927 1534 1983 Deus
1555 1942 1721 1994 meus,
1753 1940 1817 1980 ne
1844 1923 2000 1980 sileas
2022 1938 2055 1976 a
2081 1937 2186 1988 me,

590 2052 656 2090 ne
683 2033 888 2100 quando
915 2043 1086 2084 taceas
1115 2045 1148 2081 a
1171 2045 1250 2080 me
1279 2026 1301 2095 ζ
1327 2033 1374 2079 et
1400 2019 1733 2076 assimilabor
1758 2015 2188 2073 descendentibus

591 2130 645 2182 in
674 2129 872 2182 lucum.

667 2235 714 2274 οξ
757 2218 876 2283 Ex:
901 2216 1026 2270 audi
1051 2225 1074 2254 ε
1100 2227 1274 2268 t-occm
1311 2207 1689 2283 deprecationis
1732 2221 1878 2270 mete,
1924 2204 2046 2256 dum
2091 2217 2185 2256 oro

588 2315 657 2367 ad
681 2323 762 2367 te:
785 2312 911 2365 dum
933 2309 1128 2364 extollo
1167 2322 1354 2360 manus
1399 2320 1536 2358 meas
1565 2301 1634 2357 ad
1659 2299 1909 2371 templum
1944 2307 2181 2352 sanctum

588 2415 755 2459 inﬂﬂh

661 2495 746 2550 Ne
769 2508 826 2549 σε-
863 2491 1022 2547 simul
1049 2495 1066 2557 ξ
1100 2487 1278 2543 trahas
1317 2502 1397 2540 me
1427 2501 1544 2539 cum
1571 2483 1926 2555 peccatoribus
1957 2489 2044 2536 :et
2068 2495 2186 2533 cum

587 2589 918 2664 operantibus
940 2585 1267 2657 iniquitatem
1298 2596 1356 2636 -ενΔ
1393 2597 1456 2634 ne
1481 2579 1668 2651 perdas
1696 2593 1776 2631 me
1810 2577 1832 2644 ζ

659 2685 762 2750 Qui
794 2683 1082 2752 loquuntur
1120 2691 1301 2746 pacem
1327 2689 1442 2728 cum
1471 2673 1709 2742 proximo
1737 2685 1832 2726 suo
1865 2683 1884 2724 .'
1916 2667 2055 2722 ntala
2078 2681 2190 2737 oau-

551 2785 558 2790 '
590 2790 686 2834 tem
703 2778 757 2830 in
782 2774 1025 2829 cordibus
1049 2785 1248 2825 eorum.

659 2870 744 2926 Da
769 2869 877 2923 illis
903 2863 1192 2920 secundum
1220 2875 1379 2932 opera
1400 2873 1599 2921 eorum,
1623 2865 1670 2910 et
1699 2854 1980 2910 secundum
2009 2853 2190 2924 nequi-

584 2968 713 3023 tiam
741 2959 1166 3017 adlnventionum
1196 2955 1452 3026 ipsorum.

651 3053 952 3112 Secundum
973 3066 1130 3120 Opera
1166 3062 1410 3101 ntanuum
1428 3059 1605 3100 eorum
1633 3043 1804 3098 tribue
1841 3042 1948 3098 illis
1979 3055 1999 3098 :
2028 3038 2188 3096 redde

586 3149 974 3204 retributionem
1003 3156 1182 3198 eorum
1207 3141 1358 3210 ipsis.

2217 1835 2264 1894 Β

2752 1848 2777 1886 ε
2809 1851 2933 1892 HUIC
2973 1849 3132 1890 ωνιι)
3169 1845 3426 1888 ιδεΑωιυε.

2345 1936 2450 1992 "Ad
2486 1945 2560 2000 le,
2605 1934 2860 1999 Domine,
2891 1929 3143 1996 clamavi,
3199 1929 3342 1982 Deus
3389 1938 3568 1990 meus,
3631 1937 3705 1978 ne
3726 1919 3894 1977 sileas

2290 2051 2318 2088 a
2348 2048 2434 2087 me
2466 2049 2478 2084 :
2504 2039 2558 2086 et
2588 2043 2684 2085 ero
2708 2026 2908 2082 similis
2934 2019 3397 2079 descendentibus
3424 2019 3476 2072 in
3509 2019 3712 2072 lacum.

2365 2121 2569 2178 Exaudi
2617 2131 2809 2174 vocem
2849 2112 3256 2186 deprecationis
3309 2123 3465 2175 mete,
3496 2108 3626 2163 dum
3674 2122 3774 2162 oro
3825 2104 3890 2159 ad

2293 2228 2346 2276 te
2381 2237 2392 2272 :
2427 2229 2476 2274 et
2511 2215 2640 2289 Ws.
2672 2223 2803 2267 tacet
2849 2211 2926 2282 et]
2957 2211 3085 2264 dum
3131 2205 3339 2263 extollo
3367 2218 3564 2260 mnus
3610 2215 3768 2256 nicas
3823 2199 3888 2254 ad

2291 2311 2549 2380 templum
2583 2315 2826 2362 sanctum
2863 2316 3035 2357 illum.

2362 2402 2438 2458 Ne
2475 2399 2636 2455 simul
2670 2397 2854 2453 tradas
2884 2391 2912 2432 ιι
2937 2409 3023 2450 me
3053 2407 3178 2448 cum
3219 2387 3608 2460 peccatoribus
3637 2403 3652 2441 :
3682 2395 3738 2443 et
3763 2399 3885 2440 cum

2291 2495 2645 2568 operantibus
2667 2491 3010 2562 iniquitatem
3036 2502 3104 2542 ne
3126 2486 3322 2558 perdas
3345 2499 3452 2540 me.

2361 2588 2496 2645 Cum
2523 2585 2610 2641 liis
2640 2583 2734 2654 qui
2757 2583 3054 2652 loquuntur
3081 2593 3268 2650 pacem
3299 2589 3422 2631 cum
3449 2573 3704 2647 proximo
3735 2586 3837 2627 suo
3871 2589 3883 2625 :

2292 2682 2432 2738 mala
2464 2689 2644 2735 autem
2676 2685 2805 2732 sunt
2833 2674 2964 2747 [11s.
2999 2680 3127 2727 tacet
3158 2667 3305 2740 sunt]
3329 2669 3380 2723 in
3410 2665 3671 2723 cordibus
3694 2677 3882 2720 eorum

2293 2774 2420 2849 [Μδ.
2463 2770 2623 2842 suis].

2361 2866 2439 2920 Da
2464 2864 2594 2928 illis,
2614 2861 2838 2916 Domine
2855 2856 2983 2931 liis.
3007 2867 3112 2910 tac.
3140 2853 3410 2923 Domine],
3433 2853 3738 2908 secundum
3757 2864 3880 2921 ope-

2290 2975 2348 3016 ra
2399 2969 2592 3014 eorum
2619 2971 2634 3011 :
2659 2963 2715 3010 et
2759 2951 3063 3009 secundum
3093 2947 3107 2986 ί
3141 2946 3412 3019 nequitias
3439 2942 3752 3001 studiorum
3800 2954 3879 2999 re-

2291 3052 2471 3108 tribue
2501 3050 2629 3106 illis.

2361 3142 2548 3199 Redde
2586 3137 3003 3198 retributionem
3032 3149 3223 3193 eorum
3257 3134 3387 3206 [Μι.
3411 3132 3679 3205 ipsorum]
3709 3133 3876 3204 ipsis:

663 3239 918 3306 Quoniam
949 3252 1051 3290 non
1071 3233 1435 3287 intellexerunt
1468 3247 1625 3300 opera
1650 3228 1883 3294 Domini,
1911 3237 1961 3283 et
1984 3228 2038 3282 in
2062 3235 2178 3295 ape‘

2331 3235 2542 3292 n0uiam
2575 3250 2684 3289 non
2719 3232 3106 3287 intellexerunt
3130 3243 3297 3298 Opera
3326 3227 3638 3292 Domini,et
3669 3225 3726 3280 in
3754 3237 3876 3294 ope-

587 3350 648 3388 ru
675 3344 921 3385 manuum
942 3329 1053 3398 ejus
1075 3325 1304 3378 destrues
1332 3320 1474 3387 illos,
1498 3329 1547 3375 et
1581 3335 1684 3375 non
1705 3319 1992 3389 cediﬁcabis
2018 3317 2044 3356 ά
2073 3333 2180 3372 eos.

660 3421 972 3477 Benedictus
1010 3413 1302 3470 Dominus:
1326 3412 1570 3478 quoniam
1601 3426 1663 3468 σθ-
1697 3411 1963 3466 exaudiuit
2008 3425 2180 3466 uocem

589 3513 970 3588 deprecationis
994 3523 1142 3567 mete.

659 3696 918 3752 Dominus
941 3693 1156 3766 adjutor
1180 3703 1322 3745 meus
1350 3695 1397 3741 et
1419 3692 1679 3759 protector
1715 3696 1856 3736 meus
1880 3696 1898 3736 :
1927 3690 1949 3717 ι’
1967 3679 2023 3735 in
2070 3679 2181 3752 ipso

584 3788 810 3858 speravit
836 3801 924 3839 cor
945 3800 1114 3840 meum
1143 3791 1190 3836 et
1221 3781 1439 3853 adjutus
1467 3793 1604 3832 sum.

659 3881 726 3935 Et
753 3880 986 3950 reﬂoruit
1015 3894 1135 3932 caro
1166 3892 1278 3931 mea
1310 3890 1326 3929 :
1354 3883 1400 3928 et
1436 3889 1498 3929 ea:
1525 3871 1790 3927 voluntate
1814 3885 1928 3924 mea
1958 3866 2175 3936 conﬁte-

581 3975 676 4030 bor
691 3975 761 4029 ei.

653 4067 907 4122 Dominus
926 4063 1172 4137 fortitudo
1202 4062 1361 4136 plebis
1387 4077 1498 4117 sua:
1527 4076 1548 4116 :
1568 4067 1614 4115 et
1645 4066 1904 4132 protector
1927 4055 2174 4112 salvatio-

580 4178 704 4218 nnnt
731 4159 924 4216 Christi
952 4158 1036 4211 sui
1062 4165 1158 4212 est.
1595 4223 1599 4228 1

652 4262 868 4319 Salvum
906 4261 990 4331 {ac
1036 4257 1286 4330 populum
1325 4267 1470 4311 tuum
1502 4255 1520 4296 ί
1547 4272 1606 4314 +
1633 4253 1856 4310 Domine
1885 4255 1901 4321 ζ
1933 4258 1980 4306 et
2018 4249 2174 4306 bene.

648 4416 673 4445 ⁸
706 4405 804 4461 Est
833 4407 886 4459 in
929 4401 1162 4457 llebrzno
1207 4405 1381 4461 textu,
1413 4397 1555 4468 quod
1576 4403 1652 4469 τῷ
1677 4397 1773 4453 sibi
1816 4395 2172 4469 respondeat,

726 4519 743 4545 ,
790 4472 1080 4530 tamenetsi
1145 4469 1250 4545 alia
1312 4466 1755 4545 inleipuncﬁonc
1805 4466 2174 4545 _Massorctbtn

575 4566 698 4608 eam
729 4538 918 4601 uocem
949 4559 1073 4600 cum
1105 4539 1456 4610 subsequenti
1499 4556 1663 4595 versu
1696 4538 2050 4610 conjuugant,
2081 4539 2170 4594 dc-

574 4639 681 4693 quc
703 4620 822 4689 ejus
845 4624 994 4693 recta
1022 4607 1662 4693 scriptura'dissentiant.
1687 4609 1831 4665 Salis
1860 4607 1970 4693 hoc
1993 4619 2174 4665 tamen

575 4682 682 4757 ést,
707 4682 765 4746 u't
793 4687 956 4756 scias,
987 4687 1170 4757 minus
1201 4683 1289 4737 hic
1312 4691 1462 4757 recte
1485 4682 1702 4757 obelnm
1728 4683 2172 4757 praeponi,quem

578 4772 636 4818 et
672 4750 962 4816 'Palatinus
1018 4769 1124 4812 ms.
1159 4755 1396 4825 ignorat,
1420 4761 1476 4807 et
1523 4753 1698 4808 satius
1747 4750 1910 4806 fuerit
1957 4750 2173 4823 ad’ejus

573 4833 738 4888 [idem
769 4828 1029 4901 expungi.

647 4903 675 4942 δ
702 4890 985 4957 Palatinus
1033 4901 1138 4952 ms.
1183 4893 1391 4965 absque
1428 4893 1612 4958 obelo,
1649 4890 1788 4948 Huic
1815 4891 1984 4948 David
2034 4895 2174 4964 psal-

575 4990 714 5028 mus.
741 4973 1077 5027 Asteriscum
1111 4981 1327 5037 qucque
1357 4965 1558 5028 verbis,
1595 4980 1660 5037 ne
1689 4965 1904 5037 quando
1943 4975 2110 5020 taceas
2140 4983 2172 5018 a

577 5060 682 5106 me,
709 5042 1013 5109 prmﬁxum,
1040 5033 1182 5094 idem
1213 5033 1317 5092 ms.
1354 5040 1444 5089 uni
1495 5035 1615 5109 voci
1659 5033 1866 5109 quando
1895 5036 2169 5092 attribuit.

652 5104 677 5152 θ’
704 5104 973 5180 Corrupto
1000 5104 1228 5165 omnino
1262 5109 1470 5180 positus
1506 5106 1699 5180 visitur
1728 5104 1822 5180 ltic
1850 5105 1902 5159 in
1930 5107 2171 5162 editione

571 5185 696 5241 Cari
724 5175 1017 5239 astcri'scus
1049 5196 1170 5236 cum
1200 5175 1420 5234 nomine
1446 5177 1692 5244 Domini;
1718 5175 1927 5232 Exaudi
1966 5183 2031 5246 >4
2064 5176 2174 5231 Do-

572 5257 709 5311 mine
742 5255 984 5324 :rocem,
1017 5259 1124 5306 etc.
1161 5250 1346 5324 ilonet
1382 5251 1526 5324 enim
1555 5247 1786 5314 ipsemet
1810 5247 2172 5318 llierunymns

574 5327 626 5381 id
655 5320 958 5381 addititium
1006 5337 1146 5376 esse.
1175 5321 1328 5388 Quod
1361 5323 1546 5389 utique
1575 5335 1762 5374 verum
1779 5320 2047 5390 reperiet,
2077 5321 2166 5390 qui

572 5396 779 5522 {putem
826 5393 1149 5449 llebraicum
1177 5432 1192 5459 ,
1221 5391 1306 5446 vel
1339 5388 1653 5446 Graecorum
1692 5388 1910 5444 codices
1951 5388 2164 5445 adierit.

627 5483 750 5522 sur.

627 5483 750 5522 Αιιτ.

645 5538 866 5591 —ldem
898 5549 1001 5588 tus.
1034 5543 1196 5603 atque
1221 5548 1283 5603 es
1316 5546 1380 5602 eo
1403 5532 1498 5588 Cat
1516 5546 1578 5587 us
1599 5531 1807 5603 addunt
1831 5530 1932 5585 sub
1951 5531 2174 5586 asteris-

575 5621 641 5662 co
670 5607 911 5683 Domine,
946 5604 1088 5683 quod
1113 5600 1184 5683 ζει
1229 5600 1662 5683 blartiatt._tt2tat
1699 5601 1925 5683 ipsituct
1977 5603 2166 5683 llicro-

576 5691 741 5747 nymo
780 5671 982 5741 saepius
1008 5672 1221 5727 laudata
1249 5672 1412 5740 epist.
1439 5671 1505 5725 ad
1542 5672 1805 5726 Sunniam
1845 5671 2164 5740 improbari.

645 5744 673 5784 ιι
706 5745 1006 5803 Perneram
1034 5744 1090 5799 in
1131 5740 1430 5799 Μαμίλιηωὶ
1455 5741 1696 5798 editione
1724 5756 2022 5803 pronomen
2053 5759 2164 5803 eos.

748 5755 1006 5813 crperam
1034 5744 1090 5799 in
1131 5741 1430 5799 Μαμίλιηωὶ
1455 5741 1696 5798 editione
1724 5756 2022 5812 pronomen
2053 5759 2166 5816 eos,

2291 3347 2349 3387 ra
2381 3344 2633 3387 manuum
2663 3327 2781 3396 ejus
2811 3343 2916 3380 non
2941 3322 3450 3380 consideraverunt.

2367 3422 2597 3477 Destrue
2638 3419 2782 3485 illos,
2817 3432 2919 3472 nec
2949 3413 3174 3487 [’Msiet
3221 3412 3352 3484 non]
3388 3408 3688 3467 aediﬁcabis
3733 3422 3825 3465 eos
3854 3421 3868 3463 :

2288 3513 2614 3572 benedictus
2646 3510 2933 3578 Dominus,
2959 3506 3216 3579 quoniam
3247 3501 3527 3561 exaudivit
3554 3516 3747 3558 vocem
3781 3498 3873 3554 de-

2290 3605 2622 3679 precationis
2643 3618 2800 3658 mem.

2361 3699 2623 3755 Dominus
2637 3696 2855 3766 adjutor
2875 3707 3028 3748 meus
3047 3699 3100 3747 et
3119 3696 3398 3762 protector
3415 3699 3571 3742 meus
3585 3701 3600 3739 :
3616 3682 3740 3739 etin
3764 3683 3871 3751 ipso

2283 3793 2412 3868 μισ.
2455 3793 2509 3846 in
2538 3789 2738 3863 ipsum]
2771 3789 3010 3860 speravit
3037 3801 3134 3841 cor
3163 3795 3366 3847 meum,
3397 3788 3456 3837 et
3482 3780 3708 3848 adjutus
3736 3791 3867 3833 sum.

2357 3889 2425 3942 Et
2453 3885 2698 3942 reﬂoruit
2721 3899 2852 3940 caro
2883 3898 2999 3938 mea
3031 3897 3046 3936 :
3075 3889 3215 3936 etes
3247 3878 3531 3932 voluntate
3563 3888 3686 3930 mea
3712 3868 3868 3928 conli-

2286 3977 2439 4038 tebor
2466 3980 2568 4035 illi.

2355 4072 2616 4130 Dominus
2649 4067 2912 4125 fortitudo
2957 4064 3133 4138 plebis
3159 4079 3274 4121 sunt
3307 4081 3321 4120 :
3350 4068 3406 4120 et
3426 4067 3709 4133 protector
3731 4056 3866 4114 salu-

2283 4167 2479 4224 tarium
2501 4162 2704 4221 Christi
2727 4161 2808 4218 sui
2831 4167 2938 4215 est.

2354 4259 2577 4315 Salvum
2620 4254 2704 4310 lac
2739 4251 2996 4324 populum
3043 4256 3216 4311 tuum,
3246 4244 3498 4312 Domine,
3541 4252 3597 4300 et
3648 4239 3864 4299 benedic

2264 4384 2440 4450 'obelo
2477 4391 2913 4455 confodit-batur,
2947 4387 3089 4458 quod
3138 4383 3420 4458 tameu_in
3469 4383 3713 4458 llebrccq
3731 4395 3866 4458 reso-

2277 4472 2372 4524 nat
2399 4471 2556 4526 Diti.
2588 4465 2700 4520 Nos
2732 4464 2851 4529 ejus
2891 4451 3034 4514 nunc
3081 4454 3396 4511 atuovendte
3428 4457 3652 4529 _mo_nuit
3683 4451 3866 4529 Palati-

2281 4541 2423 4593 tinus
2455 4525 2584 4601 ms.,
2611 4537 2701 4606 qui
2731 4525 2781 4588 ei
2809 4534 2969 4604 paulo
3012 4537 3138 4585 autc
3179 4529 3384 4584 destrue
3427 4525 3559 4596 legit
3613 4539 3712 4598 pro
3755 4525 3861 4578 des-

2278 4619 2439 4663 trues.

2354 4689 2377 4718 ο
2406 4677 2570 4734 Addit
2597 4673 2830 4730 Palatin.
2857 4687 2958 4728 ms.
2976 4680 3023 4727 et
3045 4667 3320 4742 copulam,
3343 4666 3504 4723 obelo
3535 4676 3715 4722 tamen
3739 4678 3863 4737 prte-

2280 4753 2407 4817 lixo,
2447 4764 2496 4804 σξη
2542 4758 2587 4801 et
2614 4752 2630 4817 ξ
2653 4749 2706 4800 in
2731 4747 2868 4813 ipso,
2899 4753 3006 4817 clo.

2358 4799 2581 4876 "ilibus
2611 4799 2867 4873 bicb'ene'
2895 4816 3035 4869 idem
3075 4829 3177 4868 ms.
3221 4808 3438 4866 obelnm
3483 4805 3857 4878 prmtermittit.

2356 4902 2380 4940 Β
2413 4892 2516 4946 Pro
2544 4890 2703 4945 titulo
2739 4889 2789 4943 in
2829 4885 3124 4941 Veronensi
3149 4892 3202 4938 et
3234 4881 3634 4949 Augustiniano
3668 4879 3859 4933 Psalte-

2279 4963 2364 5019 rio
2405 4972 2617 5017 tantum
2649 4970 2755 5021 est.
2788 4957 2901 5023 Ipsi
2932 4955 3126 5012 David.
3157 4955 3210 5008 in
3243 4953 3438 5023 quibus
3467 4962 3517 5006 et
3557 4955 3733 5023 primo
3761 4957 3858 5003 sta-

2282 5036 2376 5090 tim
2405 5049 2589 5098 versu,
2621 5042 2742 5102 post
2774 5021 2961 5102 verba,
2989 5042 3051 5102 ne
3084 5023 3238 5078 sileas
3262 5021 3307 5077 'a
3337 5040 3434 5089 rne,
3467 5021 3660 5102 eadem
3701 5021 3857 5102 let-me

2279 5088 2724 5174 t'epetutttur.'nc
2752 5088 2959 5174 quando
2987 5098 3144 5150 silens
3178 5111 3209 5147 a
3253 5111 3351 5162 me,
3385 5088 3504 5164 qua:
3537 5091 3591 5147 in
3625 5088 3853 5163 Opposita

2279 5171 2530 5232 columna
2563 5175 2826 5229 asterisco
2849 5171 3216 5224 illustrantur.

2352 5247 2379 5283 ἰ
2396 5248 2538 5301 Idem
2563 5260 2693 5308 ms.,
2710 5241 2890 5296 tradas
2912 5253 3024 5293 cun:
3054 5235 3407 5308 peccatoribus
3426 5233 3654 5288 animam
3685 5245 3852 5290 ineant.

2277 5329 2353 5375 et.
2390 5333 2451 5371 ne
2477 5331 2587 5370 com
2597 5313 2781 5386 perdas
2804 5325 2900 5365 me.

2357 5387 2372 5425 ί
2415 5373 2774 5442 llabet'unicc
2800 5397 2920 5436 cum
2949 5377 3248 5446 Augustino
3289 5373 3627 5431 Veronensis
3664 5390 3757 5428 ms.
3785 5386 3852 5423 se-

2272 5459 2498 5513 cundum
2543 5449 3292 5526 malignitatemAalfeetionum
3331 5448 3661 5526 ipsorum._et
3689 5459 3852 5520 Set'ttll:

2275 5533 2397 5583 dum
2429 5544 2583 5601 Opera
2616 5511 2862 5601 manuum
2893 5511 3102 5601 illorum
3132 5518 3202 5572 da
3237 5521 3308 5572 eis
3324 5511 3480 5601 ίιιιη)
3515 5511 3848 5586 subsequt-nti

2274 5585 2472 5664 verm:
2491 5616 2592 5653 non
2643 5595 3003 5664 intellexerunt
3027 5591 3098 5664 _iu
3131 5606 3286 5659 opera
3321 5585 3555 5664 Domini,
3577 5585 3713 5664 etc.,
3738 5599 3850 5653 pos-

2277 5658 2469 5728 tremis
2499 5667 2704 5739 verbis,
2735 5683 2839 5721 nou
2860 5658 3330 5728 considerarerunt,
3358 5662 3519 5730 plane
3552 5658 3786 5714 omissis.
