3960 6208
116 151 188 209 lilii

1404 152 1605 209 LIBER
1646 148 2092 209 PSALMORUM.

3281 148 3383 207 166

128 269 431 326 ἀπήωροιὶωὶ
461 280 607 327 ιωτ
638 280 691 328 et
727 287 865 344 rege
891 286 1014 339 eos,
1047 283 1093 324 et
1132 267 1314 325 extollo
1355 266 1474 324 illos
1525 284 1686 338 usque
1712 273 1760 330 Α
1790 266 2163 322 Ιιωτοςαὶιειιρω
2199 272 2346 321 tuam
2374 281 2388 320 :
2420 274 2476 323 et
2514 276 2644 336 rege
2678 276 2797 334 eos,
2825 271 2883 323 et
2910 261 3115 321 extollo
3143 262 3265 321 illos
3296 279 3385 322 us-

136 363 175 417 in
192 374 374 419 attritum
385 408 397 423 .

1790 374 1897 429 que
1922 358 1975 413 in
2005 356 2293 413 smculum.

1368 471 1730 536 PSALMUS
1777 470 2074 532 XXVIII.

155 594 474 636 rsmusntvtn
496 590 546 647 δ,
595 596 655 636 -ξπ
694 597 747 637 ιιι
791 596 1248 637 οοκευκιιηιοκε
1287 581 1689 642 manassent:

104 738 105 741 η
206 672 343 738 Alme
374 671 615 740 Domino,
652 689 713 728 σε»
752 676 853 743 ﬁlii
894 672 998 728 Dei
1031 690 1049 728 .'
1092 674 1270 741 a/ferte
1318 670 1545 727 Domino
1574 676 1591 737 ξ
1623 671 1692 739 ﬁ-

161 764 229 819 lios
248 768 425 820 arietum
436 807 448 819 .

203 857 343 923 Marte
362 856 587 912 Domino
614 860 844 931 gloriam
868 866 915 911 et
942 856 1195 911 honorem
1228 855 1440 924 :a/ferte
1462 852 1690 909 Domino

62 982 71 1033 ί
146 952 305 1021 gloriam
334 951 524 1004 nomini
552 953 668 1020 ejus
710 969 729 1005 :
760 952 977 1005 adorate
1010 948 1291 1004 Dontinum
1326 948 1379 1001 in
1413 947 1548 1000 atrio
1572 963 1693 1000 san-

142 1053 263 1096 “0+
289 1046 430 1113 ejus:

197 1134 288 1188 Vo:
312 1133 521 1188 Domini
555 1150 715 1204 super
743 1150 928 1204 aquas,
953 1134 1098 1189 Deus
1128 1134 1411 1206 majestatis
1442 1134 1692 1189 intonuit:

42 1230 51 1251 ’
131 1229 342 1283 Dominus
372 1245 525 1299 sup:r
551 1244 713 1297 aquas
741 1229 951 1283 multas.

42 1304 47 1343 θη
189 1322 281 1378 Vox
298 1321 506 1377 Domini
527 1324 581 1376 in
614 1326 797 1378 virtute
814 1341 826 1376 :
842 1340 943 1378 eoa:
966 1322 1181 1377 Domini
1204 1324 1255 1378 in
1278 1322 1688 1397 magnificentia.

186 1502 287 1558 Fas
350 1504 565 1559 Domini
616 1507 988 1580 confringentis
1041 1505 1244 1570 cedros.
1300 1516 1348 1562 et
1403 1505 1692 1577 confringet

119 1598 342 1653 Dominus
366 1602 541 1653 cedro:
573 1599 777 1654 Libani.

179 1690 236 1743 Et
277 1694 577 1745 comminuet
605 1707 713 1759 eas,
742 1702 1007 1764 tamquam
1033 1694 1247 1748 vitulum
1281 1692 1468 1749 Libani
1489 1711 1509 1761 ;
1536 1703 1582 1749 et
1613 1694 1694 1749 di-

116 1784 276 1847 lectas,
299 1784 731 1848 quemadmodum
771 1785 911 1851 filius
942 1787 1289 1841 unicorniunt.

1970 588 2205 628 PSALMUS
2232 583 2252 611 θ
2279 588 2461 638 ωνιυ,
2515 587 2566 627 IN
2606 587 2769 628 EXI'I'U
2817 586 3209 627 TABERNACULI.

1866 665 2069 720 Aﬂerte
2110 664 2365 729 Domino,
2405 662 2503 719 lilii
2550 662 2646 720 Dei
2688 680 2700 718 :
2734 663 2929 720 aiierte
2980 662 3208 718 Domino
3248 661 3388 719 illius

1794 761 2046 814 arietum.

1867 853 2072 908 Aﬂ'erte
2115 851 2344 906 Domino
2382 850 2613 921 gloriam
2645 860 2697 907 et
2727 850 3016 915 honorem,
3050 849 3239 906 at't‘erte
3290 849 3391 904 Do-

1797 948 1943 1002 mino
1963 945 2194 1017 gloriam
2216 943 2425 999 nomini
2451 944 2567 1015 ejus
2591 960 2607 1002 :
2628 944 2853 1001 adorate
2875 942 3165 999 Dominum
3190 944 3241 997 in
3270 943 3388 996 aula

1794 1052 1978 1100 sancta
2010 1046 2149 1115 ejus.

1867 1138 1983 1193 Vox
2028 1140 2241 1195 Domini
2288 1156 2454 1210 super
2508 1157 2697 1212 aquas,
2723 1141 2867 1195 Deus
2912 1134 3209 1206 majestatis
3252 1134 3386 1190 into-

1796 1229 1917 1285 nuit
1951 1247 1966 1285 :
1999 1231 2255 1286 Dominus
2287 1248 2450 1304 super
2482 1249 2652 1304 aquas
2686 1234 2905 1288 multas.

1874 1322 1990 1376 Vox
2040 1323 2257 1379 Domini
2292 1324 2347 1379 in
2380 1323 2581 1379 virtute
2610 1341 2625 1381 :
2653 1340 2755 1378 vos
2790 1320 3006 1377 Domini
3053 1318 3106 1375 in
3151 1326 3397 1397 magnifi-

1794 1417 1997 1473 cetttia.

1868 1505 1985 1561 Vox
2019 1504 2237 1562 Domini
2264 1502 2292 1543 τί
2320 1502 2723 1577 confringentis
2746 1504 2965 1575 eedros,
2992 1512 3047 1563 et
3088 1508 3398 1580 confringet

1797 1597 2055 1653 Dominus
2102 1597 2298 1673 cedros
2341 1597 2557 1662 Libani,
2591 1607 2646 1651 et
2694 1598 3030 1653 comminuet
3085 1615 3201 1666 cas,
3258 1612 3394 1654 tani-

1795 1704 1957 1761 quam
1989 1690 2217 1744 vitulum
2266 1688 2492 1747 Libani:
2528 1701 2583 1745 et
2614 1689 2870 1760 dilectus,
2898 1691 3038 1747 sicut
3094 1674 3239 1746 ﬁlius
3278 1696 3395 1747 uni-

1804 1798 2157 1839 COI'DUONIID.

181 1873 288 1928 Vox
305 1872 509 1929 Domini
529 1878 886 1932 intercidentis
898 1880 1166 1948 ﬂammant
1192 1882 1325 1951 ignis
1340 1897 1358 1935 :
1373 1898 1470 1937 ι·οχ
1489 1878 1700 1938 Domini

1886 1876 1996 1931 Vox
2032 1877 2241 1931 Domini
2272 1875 2652 1931 intereidentis
2680 1874 2807 1947 [Μς.
2848 1877 3221 1951 praeeidentis]
3245 1878 3397 1935 liam-

113 1969 424 2022 (mentientis
451 1970 727 2035 desertum,
762 1978 805 2025 et
843 1971 1179 2026 commovrbit
1222 1968 1481 2029 Dominus
1512 1976 1689 2030 deser-

114 2065 209 2111 tum
234 2056 412 2114 Cedet.

188 2234 295 2289 Vox
332 2235 544 2291 Domini
597 2241 940 2308 pra'parantis
969 2255 1163 2305 cereos,
1188 2250 1238 2295 et
1284 2240 1527 2296 rerelabit
1568 2256 1690 2296 con-

120 2328 260 2380 densa
284 2344 303 2381 :
332 2339 375 2382 et
402 2332 454 2383 in
482 2333 673 2401 templo
698 2334 810 2401 ejus
841 2333 865 2371 δ
896 2348 1073 2387 omnes
1104 2332 1276 2387 dicent
1303 2334 1543 2405 gloriam.

181 2422 416 2477 Dominus
458 2423 709 2477 diluvium
749 2426 1045 2480 inhabitare
1078 2427 1223 2497 facit,
1259 2437 1306 2481 et
1345 2428 1541 2481 sedelit
1582 2426 1695 2481 Da-

124 2516 279 2568 atinas
304 2533 391 2571 re:
417 2520 469 2571 in
497 2527 763 2595 internum.

190 2608 419 2664 Dominus
450 2612 688 2666 uirtutem
716 2613 1041 2681 populosae
1067 2613 1211 2666 dabit
1255 2629 1271 2666 :
1319 2612 1575 2669 Dominus
1616 2616 1701 2671 be-

127 2704 302 2757 nedicet
331 2709 518 2775 populo
540 2722 639 2761 suo
666 2707 719 2759 in
750 2722 895 2775 pace.

1806 1985 1951 2026 mam
1987 1970 2124 2041 ignis
2156 1988 2170 2028 :
2202 1987 2307 2025 vox
2340 1970 2554 2026 Domini
2599 1971 2961 2027 concutio-niis
2985 1971 3114 2044 [Ms.
3162 1989 3401 2029 commo-

1804 2066 2003 2137 ventis]
2021 2067 2373 2123 solitudinem
2405 2077 2492 2122 :et
2523 2066 2893 2123 eommovebit
2924 2066 3186 2122 Dominus
3214 2067 3401 2124 deser-

1802 2166 1915 2213 tum
1947 2156 2148 2215 Cades.

1874 2250 1994 2306 Vox
2043 2251 2255 2307 Domini
2304 2253 2661 2322 prmparantis
2707 2262 2729 2289 ο
2759 2266 2977 2316 cervos,
3035 2260 3091 2307 et
3136 2251 3401 2308 revelabit

1802 2342 2080 2400 condensa
2117 2353 2208 2397 :et
2239 2344 2293 2397 in
2326 2343 2529 2413 templo
2560 2344 2676 2413 ejus
2718 2358 2909 2398 omnes
2941 2342 3121 2397 dicent
3151 2344 3401 2411 gloriam.

1883 2436 2149 2493 Dominus
2178 2436 2444 2493 diluvium
2478 2436 2781 2492 inhabitat:
2816 2448 2869 2492 et
2894 2436 3103 2492 sedebit
3142 2436 3402 2491 Dominus

1810 2544 1908 2585 rex
1930 2529 1983 2584 in
2006 2538 2293 2585 internum.

1883 2623 2145 2677 Dominus
2174 2622 2428 2678 virtutem
2476 2622 2674 2692 populo
2703 2636 2802 2677 suo
2830 2622 3018 2677 dabit:
3054 2631 3108 2677 et
3140 2621 3268 2694 [.ils.
3301 2622 3406 2678 Do-

1811 2712 2015 2784 minus]
2046 2715 2334 2770 bencdicet
2372 2712 2632 2785 pupulum
2664 2729 2818 2768 suum
2848 2713 2901 2769 in
2931 2728 3087 2784 pace.

1417 2823 1779 2890 PSALMUS
1823 2828 2050 2893 XXIX
2065 2872 2080 2887 .

232 2934 454 2979 PSALIUS
481 2940 691 2980 CANTICI
721 2939 773 2979 LV
800 2936 1158 2980 DBDICATIONE
1188 2936 1363 2977 DOIUS
1388 2938 1567 2978 DAVID.

184 3010 510 3081 Exaltabote,
544 3015 781 3084 Domine,
833 3017 1080 3086 quoniam
1128 3016 1398 3085 suscepisti
1446 3033 1562 3071 me:
1602 3033 1694 3072 nec

130 3103 367 3160 delectasti
396 3109 624 3162 inimicos
656 3124 793 3163 meos
817 3124 978 3177 super
1002 3123 1101 3161 me.

179 3196 384 3253 Domine
409 3199 541 3254 Deus
564 3218 731 3266 meus,
763 3200 983 3254 clamaui
1007 3198 1077 3251 ad
1107 3208 1174 3264 te,
1204 3210 1248 3251 et
1275 3201 1474 3253 sanasti
1506 3183 1604 3253 me.

181 3289 407 3360 Domine,
432 3296 656 3349 eduxiin
679 3297 744 3347 ab
771 3295 975 3365 inferno
1006 3293 1231 3347 animant
1258 3310 1421 3348 nteam
1445 3309 1462 3346 :
1486 3294 1697 3350 salt'asti

125 3396 189 3436 nte
214 3401 245 3437 a
272 3388 680 3443 descendentibus
706 3388 760 3441 in
790 3392 983 3441 lacum.

180 3474 386 3533 Psallite
410 3479 649 3549 Domino,
671 3482 838 3536 sancti
862 3476 1012 3551 Ejus:
1033 3490 1083 3534 et
1099 3478 1419 3549 conﬁtemini
1440 3481 1699 3536 memora:

122 3571 379 3625 sanctitatis
406 3575 537 3642 ejus.

180 3661 428 3728 Quoniam
444 3667 517 3720 ira
543 3667 597 3720 in
623 3665 981 3737 indignatione
1003 3666 1115 3736 ejus
1136 3680 1153 3720 :
1175 3674 1223 3719 et
1246 3666 1352 3719 vita
1370 3665 1419 3717 in
1441 3665 1700 3722 voluntate

122 3752 236 3819 ejus.

178 3842 251 3895 Ad
278 3862 534 3918 resperunt
566 3848 923 3904 demorabitur
955 3849 1107 3918 ﬂetus
1133 3864 1149 3901 :
1191 3860 1239 3904 et
1277 3848 1346 3901 ad
1392 3852 1700 3906 matutinum

120 3935 301 3992 ltrtitia.

179 4024 283 4098 Ego
310 4042 476 4087 autem
503 4033 619 4087 dixi
646 4034 701 4088 in
744 4032 1065 4087 abundantia
1100 4047 1256 4088 mea:
1304 4031 1428 4087 Non
1468 4035 1703 4089 movebar

120 4116 164 4171 in
188 4132 445 4179 teternunt.

180 4210 410 4285 Domine,
431 4218 483 4272 in
515 4217 778 4273 voluntate
814 4226 902 4271 tua
936 4217 1223 4289 prcestitisti
1260 4216 1436 4273 decori
1469 4235 1579 4273 mea
1595 4219 1702 4272 vir-

126 4310 286 4359 tatem.

187 4394 410 4455 Arertisti
430 4401 615 4472 [aciem
631 4409 773 4457 tuam
790 4418 820 4455 a
837 4418 936 4469 me,
961 4411 1007 4455 et
1021 4404 1191 4474 factus
1213 4419 1327 4457 sum
1350 4402 1703 4458 conturbatus.

192 4489 262 4540 Ad
292 4500 355 4558 te,
395 4493 633 4565 Domine,
679 4496 953 4551 clamabo:
979 4504 1028 4550 et
1074 4496 1143 4549 ad
1185 4495 1352 4550 Deum
1396 4500 1450 4558 σε·
1474 4512 1642 4550 meum
1680 4495 1702 4563 ζ

137 4577 431 4646 deprecabor.

198 4671 314 4738 Qute
340 4681 526 4738 utilitas
551 4684 606 4737 in
634 4684 883 4755 sanguine
906 4698 1047 4750 meo,
1081 4683 1208 4736 dum
1236 4682 1490 4739 descendo
1517 4684 1570 4739 in
1596 4699 1709 4737 coro

140 4769 396 4833 ﬁnitionem
412 4778 436 4829 ?

199 4961 222 4990 ⁸
246 4955 453 5016 Obelum
478 4962 530 5017 in
564 4960 725 5016 titulo
747 4960 1031 5015 Palatinus
1059 4971 1165 5012 ms.
1195 4954 1400 5026 omittit
1428 4971 1442 5010 :
1473 4970 1504 5011 e
1529 4957 1704 5026 regio-

143 5037 385 5101 neauletn
409 5034 625 5088 secundi
653 5046 841 5087 versus
882 5033 1004 5101 plus
1040 5030 1207 5083 habet
1231 5022 1559 5101 Diapsalma.

204 5098 223 5133 ¹³
251 5100 424 5158 Minori
476 5120 704 5159 numero
755 5097 902 5157 idem
939 5116 1072 5161 ms.,
1106 5101 1271 5153 omnis
1301 5099 1460 5161 dicet,
1490 5097 1705 5163 Graece,

150 5172 232 5229 πᾶς
256 5172 388 5245 λέγει.
422 5176 655 5231 Rursum
685 5190 820 5231 vero
850 5169 1162 5242 Diapsaltna
1189 5168 1255 5224 ad
1283 5170 1706 5238 subsequentem

156 5251 339 5317 versum
358 5250 593 5317 apponit.

209 5322 226 5348 ⁸
248 5313 296 5386 In
326 5308 613 5375 Ve'rottensi
637 5327 692 5371 et
721 5313 1124 5386 Augustiniano
1145 5308 1708 5386 Psalterio_inseribi_-

155 5385 237 5461 ιιιιζν
256 5383 483 5461 ΡιιιΙηιαε
513 5390 613 5461 ipsi
658 5379 837 5443 David
860 5384 1327 5461 consummationis
1364 5379 1705 5461 tabernaculi.

208 5450 229 5489 ⁸³
255 5456 302 5513 lu
336 5450 543 5532 iisdem,
574 5457 897 5517 conterentis
922 5456 1137 5524 cedrus,
1170 5464 1218 5509 et
1255 5459 1483 5507 conteret
1531 5451 1717 5505 Domi-

152 5538 244 5580 nus.

208 5601 505 5676 °_Mcndose,
537 5604 751 5669 cedros,
787 5615 889 5672 pro
930 5614 1102 5652 cereos
1125 5593 1359 5676 scripsit
1392 5590 1723 5648 Veronensis

154 5672 442 5747 antiquarius
474 5667 502 5735 ς’
522 5667 756 5742 caetera,
787 5667 853 5731 ut
880 5680 989 5742 est,
1015 5667 1353 5742 perﬁcientis,
1383 5679 1482 5737 pro
1521 5678 1727 5735 pra’pa-

1732 4764 1787 4824 D

1909 2928 1928 2966 ί
1955 2941 2188 2982 [ιδλικυε
2212 2940 2428 2981 CANTICI
2456 2940 2509 2980 IN
2540 2939 2895 2981 DEDICATIONE
2914 2939 3082 2981 DOIIUS
3110 2941 3290 2982 DAVID.

1872 3020 2141 3077 Exaltabo
2173 3030 2245 3089 te,
2277 3019 2532 3088 Domine,
2561 3018 2812 3090 quoniam
2843 3020 3128 3089 suscepisti
3154 3035 3274 3075 me:
3307 3036 3408 3078 nec

1798 3114 2085 3170 delectasti
2113 3112 2364 3167 inimiCos
2392 3126 2543 3167 meos
2572 3127 2734 3182 super
2761 3127 2867 3167 me.

1875 3204 2103 3262 Domine
2136 3206 2279 3261 Deus
2305 3219 2480 3273 meus,
2511 3204 2740 3259 clamavi
2770 3204 2835 3259 ad
2865 3213 2934 3270 te,
2970 3213 3022 3260 et
3052 3205 3253 3261 sanasti
3283 3221 3409 3263 me:

1802 3296 2051 3362 Domine,
2084 3294 2396 3350 abstraxisti
2421 3294 2549 3367 [ινδ.
2578 3294 2830 3364 eduxisti|
2863 3294 2929 3348 ab
2952 3294 3141 3349 inieris
3170 3295 3407 3353 animant

1715 3386 1762 3448 C
1795 3403 1993 3456 meam,
2021 3388 2245 3443 salvasti
2272 3402 2360 3442 me
2381 3402 2408 3441 a
2436 3386 2890 3442 descendentibus
2913 3384 2966 3441 in
2994 3386 3192 3441 lacum.

1878 3480 2091 3535 Psallite
2112 3480 2370 3546 Domino,
2404 3481 2574 3535 sancti
2599 3480 2745 3548 ejus:
2770 3489 2825 3534 et
2845 3479 3177 3535 conﬁtemini
3201 3495 3410 3537 memo-

1805 3572 1902 3627 ria:
1933 3574 2237 3629 sanctitatis
2263 3572 2404 3642 ejus.

1876 3664 2141 3732 Quoniam
2171 3664 2248 3718 ira
2281 3665 2334 3718 in
2362 3662 2729 3734 indignatione
2754 3660 2902 3732 ejus:
2928 3672 2981 3719 et
3004 3662 3110 3719 vita
3144 3662 3197 3719 in
3220 3665 3412 3723 volun-

1806 3764 1919 3812 tate
1950 3756 2120 3825 ipsius
2148 3753 2277 3826 [Μδ.
2310 3752 2472 3825 ejus].

1880 3844 1960 3900 Ad
1989 3860 2274 3913 vesperum
2304 3842 2433 3914 [ινδ.
2463 3842 2709 3915 vespera]
2738 3845 3107 3902 demorabitur
3131 3846 3327 3905 ﬂetus:
3360 3861 3415 3908 et
3476 3902 3477 3905 η

1806 3936 1875 3991 ad
1908 3936 2227 3990 matutinum
2260 3934 2441 3989 laetitia
2476 3933 2603 4007 [Ms.
2634 3936 2966 4009 exsultatio].

1880 4025 1996 4097 Ego
2026 4036 2204 4080 autem
2233 4023 2346 4080 dixi
2376 4024 2430 4080 in
2463 4041 2581 4082 mea
2609 4026 2936 4086 abundantia
2963 4048 2977 4087 :
3011 4030 3126 4089 Non
3158 4035 3419 4095 movebar

1812 4121 1866 4175 in
1898 4130 2185 4175 aeternum.

1886 4215 2133 4282 Domine,
2182 4212 2235 4269 in
2262 4222 2285 4260 ε
2319 4211 2458 4269 bona
2491 4212 2763 4269 voluntate
2786 4222 2873 4269 tua
2897 4215 3191 4286 praestitisti
3233 4217 3418 4273 decoti

1814 4320 1938 4361 meo
1971 4306 2223 4361 virtutem
2254 4322 2267 4360 :
2302 4305 2545 4363 avertisti
2574 4306 2763 4363 faciem
2796 4317 2939 4363 tuam
2970 4323 3001 4363 a
3028 4322 3136 4373 me,
3166 4315 3218 4361 et
3241 4305 3416 4362 tactus

1812 4414 1932 4455 sum
1962 4399 2332 4454 conturbatus.

1886 4491 1966 4546 Ad
1994 4501 2065 4559 te,
2092 4491 2335 4561 Domine,
2363 4491 2631 4562 clamabo,
2657 4499 2712 4547 et
2736 4489 2801 4547 ad
2831 4493 2996 4547 Deum
3020 4505 3198 4547 meum
3224 4488 3421 4560 depre-

1817 4585 2016 4651 cabor;
2040 4600 2160 4655 quae
2197 4584 2399 4641 utilitas
2433 4587 2485 4639 in
2516 4586 2779 4656 sanguine
2808 4599 2951 4651 meo,
2984 4584 3112 4639 dum
3150 4582 3421 4639 descendo

1824 4677 1953 4752 [Μδ.
1983 4676 2336 4749 descendere]
2366 4678 2419 4732 in
2451 4676 2888 4748 corruptionem?

1820 4950 2084 5024 rantis,et
2114 4951 2293 5017 silvas,
2323 4967 2422 5020 pro
2450 4954 2738 5024 condensa,
2763 4947 2996 5024 denique
3027 4957 3081 5004 et
3120 4952 3284 5024 omnis
3308 4955 3423 5024 qni-

1819 5037 1940 5091 que,
1982 5023 2119 5085 sive,
2152 5024 2507 5093 unusquisque
2558 5022 2687 5075 dicit
2730 5020 2973 5091 gloriam,
3023 5035 3091 5077 ex
3125 5020 3425 5093 Augustino

1820 5092 2135 5161 descripsit.

1896 5163 1914 5201 τ
1953 5160 2269 5219 lnScribitur
2300 5165 2352 5217 in
2380 5160 2774 5231 Augustiniano
2797 5170 2849 5213 ut
2874 5167 2931 5215 et
2958 5161 3251 5219 Veronensi
3280 5163 3424 5221 Psal.

1818 5234 1986 5298 terio,
2024 5234 2091 5287 In
2121 5237 2298 5299 ﬁnem,
2322 5234 2552 5301 psalmus
2586 5232 2780 5285 cantici
2813 5232 3175 5302 dedicationis,
3219 5244 3324 5288 etc.
3372 5239 3425 5293 lit

1823 5316 1991 5365 textu.
2024 5316 2199 5357 etnon
2226 5302 2555 5369 iucundasti,
2586 5316 2684 5371 pro
2711 5316 2802 5355 nec
2832 5304 3116 5357 delectasti.

1902 5387 1923 5423 ε
1956 5375 2120 5428 Tacet
2148 5375 2201 5427 iu
2231 5373 2527 5426 Veronensi
2561 5388 2665 5427 ms.
2700 5387 2830 5436 vox,
2864 5377 2993 5427 bona
3014 5389 3034 5427 :
3063 5385 3170 5428 tum
3203 5379 3431 5432 avertisti

1830 5458 1997 5499 autem
2024 5446 2211 5515 {aciem
2234 5453 2373 5495 tuam
2399 5442 2619 5515 legitur,
2647 5445 3030 5512 prtetermissis
3055 5461 3173 5515 quae
3196 5461 3429 5515 sequun-

1834 5529 1941 5581 tur,
1967 5513 2192 5587 vnculis,
2221 5530 2254 5566 a
2277 5527 2395 5565 me:
2421 5514 2605 5587 nisirsi
2632 5516 2900 5585 putandus
2924 5516 3012 5573 ille
3038 5513 3120 5573 eSt
3143 5513 3427 5587 illtlitiltat‘ti

1835 5587 2041 5656 lapsus,
2070 5585 2161 5656 qui
2188 5595 2361 5643 autem
2387 5598 2488 5657 pro
2514 5586 2585 5643 iis
2616 5587 2879 5659 posuerit.
