3936 6180
521 255 625 316 167

595 367 870 442 Numquid
915 359 1170 432 conﬁtebit

515 463 777 519 ueritatem
807 458 983 513 tuam?

591 552 795 608 Audiuit
839 548 1109 613 Dominus,
1155 553 1205 600 et
1244 544 1483 597 misertus
1535 547 1610 594 est
1660 537 1800 592 mei:
1852 535 2109 590 Dominus

535 652 590 712 -ξ-
611 648 777 718 factus
803 643 825 710 ζ
855 649 929 695 est
952 639 1165 710 atljutor
1191 651 1355 690 meus.

589 733 892 790 Concertisti
930 730 1195 800 planctum
1223 741 1391 780 meum
1419 725 1474 778 in
1497 723 1748 795 gaudium
1777 718 1904 774 mihi
1929 733 1949 773 :
1985 733 2111 771 con-

515 828 715 884 scidisti
743 805 950 882 saccum
979 839 1170 887 meum,
1193 829 1242 874 et
1267 817 1654 874 circumdedisti
1683 831 1760 869 me
1788 812 1985 868 laetitia.

593 921 661 976 Ut
689 926 852 973 cantet
880 916 970 970 tibi
997 913 1165 985 gloria
1201 917 1256 978 ἐς
1283 927 1398 964 mea
1449 909 1472 977 ζ
1517 918 1565 962 et
1609 923 1712 962 non
1752 916 2115 974 compungar:

517 1013 736 1070 Domine
764 1011 904 1066 Deus
933 1023 1096 1074 meus,
1125 1007 1180 1060 in
1207 1014 1456 1060 tcternum
1479 1001 1756 1072 confitebor
1783 999 1872 1054 tibi
1897 1006 1946 1051 ⁸.

1606 234 1667 292 8.
1708 222 2096 289 HIERONYMI
2133 220 2368 283 DWINA
2405 214 2884 277 BIBLIOTIIECA.

1173 374 1236 414 ur
1263 353 1354 412 tibi
1396 351 1600 424 pulvis?
1647 359 1736 404 aut
1782 346 2108 402 annuntiabit
2136 347 2190 405 Α
2284 335 2553 407 Numquid
2591 330 2939 390 conﬁtebitor
2966 327 3058 384 tibi
3087 323 3308 399 pulvis!
3334 329 3430 379 aut
3476 319 3844 378 annuntiabit

2216 431 2502 486 veritatem
2537 424 2728 480 tuam?

3736 198 3844 262 168

2287 519 2509 577 Audivit
2539 517 2823 582 Dominus,
2853 523 2907 570 et
2940 512 3200 568 misertus
3234 517 3320 565 est
3346 507 3477 563 mihi
3501 505 3634 580 uls.
3663 504 3838 576 mei]:

2219 614 2478 673 Dominus
2501 611 2674 666 iactus
2699 618 2783 665 est
2809 607 3024 678 adjutor
3054 620 3228 661 meus.

2289 703 2617 763 Convertisti
2640 701 2909 773 planctum
2933 715 3112 755 meum
3136 699 3191 752 in
3216 695 3470 768 gaudium
3495 695 3630 750 mihi
3654 712 3672 750 :
3703 709 3843 750 con-

2219 799 2426 856 scidisti
2455 811 2673 852 saccum
2702 808 2903 860 meum,
2936 802 2993 848 et
3022 790 3356 862 prrecinxisti
3388 805 3476 845 me
3502 789 3701 845 laetitia
3730 803 3748 846 :
3783 797 3843 845 ut

2219 901 2403 950 cantet
2427 890 2523 946 tibi
2550 887 2722 959 gloria
2750 900 2896 953 mea,
2927 892 2983 940 et
3009 899 3114 939 non
3141 895 3496 952 compungar.

2294 985 2522 1041 Domine
2549 982 2692 1038 Deus
2720 995 2898 1045 meus,
2925 979 2979 1034 in
3010 986 3273 1033 azternum
3297 975 3605 1032 conﬁtebor
3635 975 3761 1030 tibi.

1853 1081 2214 1151 PSALMUS
2254 1078 2472 1141 XXX.

956 1198 1010 1239 ΙΝ
1039 1195 1222 1248 ειισειί,
1253 1191 1483 1235 νειιιιυε
1506 1189 1684 1231 ῺᾹΠΙ).

593 1279 662 1338 1η
692 1289 762 1347 te,
794 1277 1034 1344 Domine,
1056 1275 1280 1348 sperari,
1305 1290 1408 1328 non
1432 1269 1726 1341 confundor
1745 1267 1798 1322 in
1819 1274 2070 1322 reternum
2093 1276 2114 1316 :

516 1375 573 1430 in
592 1371 805 1446 justitia
833 1379 923 1424 tua
948 1367 1109 1423 libera
1129 1383 1229 1420 me.

595 1464 806 1520 Inclina
832 1461 901 1515 ad
943 1476 1023 1514 me
1046 1475 1224 1514 aurem
1254 1466 1396 1512 tuam
1416 1471 1436 1511 :
1465 1455 1717 1520 accelera,
1748 1465 1803 1506 ut
1829 1465 1980 1505 eruas
2010 1463 2111 1501 me.

595 1557 722 1612 Esto
752 1554 877 1610 mihi
901 1554 956 1608 in
987 1552 1155 1608 Deum
1182 1558 1536 1621 protectorem,
1569 1556 1615 1602 et
1645 1547 1698 1600 in
1728 1545 1936 1599 domum
1972 1541 2115 1610 refu-

527 1649 621 1722 gii,
651 1656 708 1705 ut
737 1648 938 1702 salvum
965 1660 1047 1698 me
1073 1644 1258 1714 facias.

599 1739 858 1808 Quoniam
885 1737 1140 1808 fortitudo
1168 1751 1278 1788 mea
1304 1741 1352 1787 et
1379 1731 1636 1804 refugium
1666 1745 1834 1784 meum
1867 1744 1920 1783 es
1950 1735 2005 1782 tu
2023 1741 2043 1780 :
2072 1732 2119 1778 et

523 1843 734 1909 propter
758 1848 944 1889 nomen
971 1840 1116 1885 tuum
1142 1829 1364 1883 dcduces
1394 1842 1495 1893 me,
1525 1835 1570 1879 et
1590 1823 1816 1879 enutries
1836 1836 1936 1876 me.

599 2012 804 2070 Educes
833 2029 912 2068 me
937 2012 1002 2068 de
1026 2008 1208 2080 laqueo
1231 2008 1346 2076 hoc,
1379 2021 1527 2077 quem
1551 2001 1922 2058 absconderant
1953 1996 2122 2052 mihi:

524 2109 770 2183 quoniam
798 2118 852 2162 tu
877 2124 930 2162 es
955 2113 1213 2179 protector
1241 2118 1401 2156 meus.

600 2203 668 2260 In
713 2218 894 2258 manus
932 2209 1048 2254 tuas
1087 2196 1115 2236 ι’
1145 2192 1447 2251 commendo
1473 2191 1708 2264 spiritum
1738 2203 1906 2243 meum
1931 2201 1948 2241 :
1977 2184 2124 2240 rede-

523 2297 660 2353 misti
686 2312 785 2364 me,
817 2293 1036 2348 Domine
1067 2289 1209 2346 Deus
1234 2287 1483 2342 veritatis.

597 2387 768 2444 Odisti
791 2386 1112 2442 observantes
1142 2381 1413 2448 vanitates,
1439 2392 1773 2449 supervacue.

592 2478 706 2552 Ego
733 2487 904 2533 autem
933 2475 987 2530 in
1014 2473 1234 2529 Domino
1261 2469 1494 2543 speravi:
1516 2465 1808 2535 exsultabo,
1838 2474 1884 2520 et
1913 2462 2124 2520 lwtabor

518 2573 574 2630 in
601 2568 956 2627 misericordia
985 2575 1097 2622 tua.

599 2751 857 2816 Quoniam
884 2747 1155 2820 respexisti
1182 2744 1520 2801 humilitatem
1567 2758 1734 2798 meam
1756 2757 1776 2797 :
1812 2739 2022 2797 salvasti
2061 2741 2127 2795 de

499 2875 504 2880 -
527 2845 915 2902 necessitatibus
943 2843 1172 2898 animam
1203 2856 1388 2896 meum.

603 3047 715 3104 Nec
735 3044 1035 3102 conclusisti
1057 3060 1136 3100 me
1173 3044 1228 3099 in
1267 3041 1504 3098 manibus
1540 3038 1779 3097 inimici:
1811 3038 1970 3094 statui

515 3139 643 3222 loco
672 3139 899 3211 spatioso
925 3136 1080 3209 pedes
1112 3151 1270 3190 meos.

607 3317 855 3375 Miserere
881 3315 1004 3381 mei,
1035 3312 1274 3378 Domine,
1303 3310 1546 3382 quoniam
1569 3309 1785 3364 tribulor
1807 3324 1826 3363 :
1856 3306 2129 3362 conturba-

532 3425 614 3468 tus
639 3419 714 3466 est
737 3410 792 3464 in
817 3410 898 3462 ira
929 3407 1109 3462 oculus
1139 3419 1305 3469 meus,
1331 3401 1507 3456 anima
1528 3415 1665 3465 mea,
1694 3408 1742 3454 et
1768 3408 1941 3454 center
1965 3414 2126 3452 meus.

608 3502 872 3568 Quoniam
901 3497 1087 3568 defecit
1114 3495 1168 3550 in
1197 3493 1374 3549 dolore
1398 3492 1502 3547 vita
1532 3507 1646 3546 mea
1670 3505 1687 3544 :
1719 3498 1765 3545 cl
1791 3489 1916 3543 anni
1944 3488 2043 3543 mei
2077 3489 2130 3542 in

566 3595 823 3651 emitibus.

566 3616 823 3651 emuwus.

531 3616 564 3670 9
607 3689 889 3758 Inﬁrmata
915 3695 989 3741 est
1012 3685 1066 3740 in
1097 3689 1403 3756 paupertate
1432 3680 1592 3735 virtus
1619 3695 1730 3734 mea
1753 3694 1774 3733 :
1798 3688 1846 3734 et
1872 3693 1990 3733 ossa
2017 3692 2130 3733 mea

533 3782 837 3839 conturbata
863 3789 1005 3835 sunt.

608 3875 780 3948 Super
802 3889 975 3930 omnes
1003 3869 1238 3928 inimicos
1259 3886 1396 3926 meos
1421 3872 1591 3942 fartus
1628 3884 1744 3925 sum
1772 3863 2126 3940 approbrium,

538 3977 563 4008 ε
587 3975 636 4025 et
665 3967 842 4022 vicinis
868 3966 994 4021 meis
1019 3963 1186 4033 valde,
1217 3973 1264 4018 et
1291 3964 1446 4017 timor
1475 3961 1610 4017 natis
1631 3962 1778 4016 meis.

611 4125 716 4195 Qui
759 4123 994 4180 uidebant
1041 4138 1144 4192 me,
1191 4123 1332 4194 foras
1373 4121 1619 4194 fugerunt
1659 4138 1692 4176 a
1734 4136 1858 4176 me:
1887 4119 2133 4175 oblivioni

609 4260 636 4289 ἰ
666 4248 828 4308 Addit
857 4249 947 4306 hic
976 4248 1028 4304 in
1056 4247 1160 4304 line
1188 4246 1358 4302 Palat.
1389 4261 1493 4302 ms.
1529 4244 1857 4317 Diapsalma.

533 4324 543 4352 '
606 4320 635 4362 δ
666 4319 1009 4392 Beposuitiin
1042 4319 1208 4374 Palat.
1239 4319 1363 4392 cod.
1395 4319 1614 4392 sequior
1645 4333 1836 4372 manus
1866 4335 2133 4392 commen-

2622 1170 2675 1212 ια
2706 1169 2897 1222 nam,
2929 1147 2957 1189 ἀ
2986 1163 3218 1208 pssuws
3245 1165 3428 1210 mvro.

2294 1251 2352 1307 In
2376 1258 2448 1319 te,
2475 1249 2719 1317 Domine,
2745 1246 2978 1316 speravi,
2999 1259 3104 1300 non
3127 1243 3430 1300 eonfundar
3452 1245 3504 1299 in
3522 1251 3831 1300 mternum:

2224 1345 2278 1402 in
2304 1352 2394 1400 tua
2417 1342 2629 1413 justitia
2654 1352 2677 1381 ο
2710 1340 2879 1396 libera
2912 1353 3020 1403 me,
3052 1347 3108 1394 et
3135 1337 3287 1409 eripe
3313 1353 3425 1394 me.

2296 1438 2496 1493 lnclina
2519 1435 2587 1492 ad
2606 1450 2694 1491 me
2713 1448 2898 1490 aurem
2923 1441 3099 1488 tuam:
3147 1432 3390 1488 accelera
3412 1440 3470 1486 ut
3489 1433 3695 1504 eripias
3719 1448 3830 1488 me.

2301 1531 2430 1587 Esto
2457 1529 2587 1585 mihi
2615 1529 2670 1584 in
2695 1528 2860 1583 Deum
2886 1535 3274 1598 protectorem,
3305 1535 3360 1582 et
3391 1525 3446 1582 in
3474 1526 3657 1582 locum
3685 1526 3838 1582 refu-

2147 1601 2198 1662 B
2221 1626 2295 1700 gii
2322 1644 2334 1681 :
2369 1634 2427 1681 ut
2455 1625 2665 1680 salvum
2693 1638 2781 1678 me
2810 1621 2996 1677 facias.

2293 1717 2559 1787 Quoniam
2588 1715 2993 1771 ﬁrmamentum
3022 1727 3226 1780 meum,
3253 1719 3310 1768 et
3334 1711 3604 1782 refugium
3648 1726 3835 1768 meum

2223 1827 2283 1869 es
2326 1822 2422 1869 tu:
2472 1819 2530 1866 et
2573 1818 2796 1880 propter
2838 1820 3040 1862 nomen
3085 1815 3236 1861 tuum
3279 1803 3391 1860 dux
3433 1803 3569 1859 mihi
3613 1804 3754 1870 eris,
3783 1813 3838 1861 et

2221 1900 2466 1959 enutries
2493 1915 2600 1956 me.

2300 1994 2368 2050 Et
2397 1991 2527 2066 μισ.
2558 1999 2689 2046 tacet
2717 1988 2794 2064 et]
2821 1989 3022 2047 educes
3048 2004 3136 2045 me
3159 1987 3227 2044 de
3249 1987 3441 2059 laqueo
3468 1984 3487 2026 ί
3516 1987 3649 2056 isto,
3673 2002 3837 2058 quem

2225 2089 2638 2146 occultaverunt
2670 2085 2826 2152 mihi,
2854 2084 3110 2156 quoniam
3145 2093 3200 2138 tu
3219 2098 3281 2140 es
3299 2092 3324 2129 ε
3347 2090 3630 2153 protector
3655 2098 3837 2152 meus,

2225 2182 2452 2239 Domine
2478 2198 2490 2232 :
2525 2180 2580 2235 iu
2611 2193 2803 2234 manus
2833 2185 2956 2233 tuas
2984 2175 3306 2232 commendo
3334 2174 3586 2245 spiritum
3621 2189 3831 2230 meum.

2295 2271 2594 2330 Redemisti
2637 2286 2747 2339 me,
2776 2269 3008 2327 Domine
3044 2269 3188 2324 Deus
3215 2267 3498 2323 veritatis:
3529 2267 3698 2323 odisti
3730 2266 3833 2322 ob-

2223 2374 2504 2424 servantes
2530 2365 2845 2430 vanitatem,
2877 2375 3228 2432 supervacue.

2298 2459 2415 2531 Ego
2443 2465 2624 2513 autem
2648 2456 2701 2511 in
2733 2455 2964 2510 Domino
2990 2451 3223 2524 sperabo
3261 2450 3391 2523 [Hs.
3416 2449 3660 2523 speravi]
3688 2469 3702 2505 :
3733 2465 3834 2507 ex-

2225 2551 2461 2620 sultabo,
2490 2557 2546 2606 et
2575 2546 2800 2606 laetabor
2845 2543 2976 2618 [ωε.
3007 2543 3374 2616 jucundabor]
3401 2544 3454 2599 in
3483 2551 3574 2598 tua
3615 2541 3834 2598 miseri-

2226 2645 2436 2703 cordia.
3026 2631 3055 2649 ’

2298 2738 2438 2806 Quia
2469 2734 2758 2808 respexisti
2785 2734 3143 2791 humilitatem
3172 2749 3347 2791 meam
3372 2751 3388 2789 :
3417 2731 3626 2790 salvam
3653 2732 3836 2788 fecisti

2227 2829 2298 2887 de
2317 2829 2744 2886 necessitatibus
2767 2829 3003 2884 animam
3035 2843 3210 2885 meam
3239 2845 3252 2882 :
3284 2841 3385 2884 nec
3404 2827 3725 2883 conclusisti
3751 2844 3838 2883 me

2231 2923 2286 2980 in
2313 2935 2505 2978 manus
2532 2920 2758 2977 inimici.

1971 3036 2040 3092 διε
2073 3035 2128 3092 in
2154 3024 2202 3090 c
2303 3013 2554 3072 Statuisti
2595 3013 2649 3070 in
2683 3014 2806 3069 loco
2849 3012 2978 3086 [Hs.
3023 3021 3152 3068 tacet
3195 3009 3336 3084 loco]
3377 3011 3623 3084 spatioso
3667 3011 3836 3083 pedes

2233 3123 2414 3167 meos:
2445 3109 2710 3166 miserere
2733 3107 2867 3164 mihi
2897 3105 3024 3180 [Μς.
3053 3115 3182 3162 tacet
3211 3105 3361 3178 mei],
3404 3106 3656 3173 Domine,
3692 3121 3836 3178 quo-

2235 3204 2380 3260 niam
2411 3202 2661 3258 tribulor.

2305 3293 2673 3351 Conturbatus
2702 3299 2787 3350 est
2815 3291 2973 3349 inira
3001 3291 3192 3349 oculus
3219 3305 3396 3360 meus,
3443 3291 3629 3347 anima
3673 3307 3797 3348 mea
3817 3335 3832 3362 ,

2235 3395 2293 3445 et
2323 3397 2518 3444 venter
2541 3401 2717 3444 meus.

2305 3481 2572 3548 Quoniam
2602 3478 2806 3537 defecit
2830 3479 2886 3537 in
2915 3478 3107 3538 dolore
3133 3478 3240 3536 vita
3268 3494 3388 3537 mea
3413 3498 3428 3534 :
3470 3488 3528 3537 et
3561 3480 3692 3537 anni
3724 3479 3832 3537 mei

2239 3571 2291 3628 in
2321 3571 2635 3641 gemitibus.
3482 3576 3494 3582 '

2309 3659 2339 3699 ιι
2369 3661 2644 3718 Inﬁrmata
2683 3672 2768 3720 est
2792 3662 2846 3719 in
2885 3672 3203 3736 paupertate
3242 3663 3415 3721 virtus
3458 3679 3610 3722 mea:
3635 3675 3690 3724 et
3711 3680 3836 3723 ossa

2236 3770 2357 3813 mea
2387 3755 2704 3812 co:.turbata
2734 3766 2880 3812 sunt.

2307 3847 2483 3918 Super
2498 3860 2689 3904 omnes
2712 3846 2964 3903 inimicos
2985 3861 3137 3904 meos
3155 3847 3326 3904 laetus
3345 3862 3465 3904 sum
3478 3850 3836 3922 opprobrium

2235 3942 2364 4015 ldis.
2391 3943 2519 3999 add.
2549 3940 2625 4013 et]
2667 3941 2862 3999 vicinis
2908 3943 3044 4000 meis
3089 3944 3314 4000 nimium
3363 3944 3483 4017 [ms.
3526 3945 3748 4019 nimis],
3785 3957 3839 4004 et

2234 4036 2397 4092 timor
2425 4037 2565 4091 uotis
2593 4035 2749 4091 meis.

2231 4130 2259 4201 ι
2304 4129 2408 4196 Qui
2429 4128 2685 4185 videbant
2702 4126 2970 4195 me,l’oras
2991 4129 3263 4202 fugiebant
3283 4145 3312 4186 a
3336 4146 3450 4187 me:
3476 4129 3836 4190 icxciditam-

2235 4266 2429 4308 manus
2457 4249 2654 4307 alicubi
2681 4249 3038 4319 depravaret:
3070 4265 3192 4305 nam
3229 4249 3360 4306 licet
3403 4250 3468 4305 de
3513 4251 3699 4321 laqueo
3741 4254 3838 4306 isto

2239 4339 2381 4404 nunc
2425 4323 2585 4404 legat,
2621 4322 2818 4404 retinet
2852 4332 3028 4404 tamen
3065 4337 3244 4404 (piam,
3291 4332 3476 4404 monet
3514 4332 3678 4404 atque
3722 4323 3839 4391 ipse

537 4393 690 4460 dabo,
729 4389 883 4466 juxta
922 4391 1019 4466 _G_r.
1040 4391 1469 4466 ,παραθήσομαμ
1504 4389 1770 4445 Praeterea
1813 4389 2026 4446 additur
2074 4394 2128 4448 in
2158 4397 2212 4460 D
2237 4395 2356 4462 ejus
2383 4389 2564 4466 editor
2589 4392 2979 4466 restituendam
3007 4389 3290 4466 pristinam
3314 4389 3610 4466 lectionem
3638 4393 3704 4448 de
3728 4389 3842 4447 nm-

535 4466 645 4521 line
675 4459 996 4519 itemisticltii
1026 4459 1353 4530 Diap'salntn.

611 4547 634 4574 ο
666 4533 732 4590 Et
755 4534 1002 4602 copulam
1031 4533 1171 4587 idem
1201 4546 1303 4586 ms.
1334 4539 1495 4586 tacet.

605 4603 631 4642 ιι
665 4605 1170 4658 Sun-Germnuensc
1199 4602 1515 4656 Psalterium
1541 4615 1640 4674 ms.
1670 4617 1823 4674 num,
1848 4602 2131 4674 8soquen-

539 4687 646 4733 tem
676 4676 838 4731 habet
867 4674 1310 4730 observationem
1333 4687 1495 4739 Super
1523 4673 1677 4726 titulo
1701 4673 1858 4741 hujus
1884 4673 2082 4730 Psalmi
2111 4691 2126 4730 :

540 4747 605 4801 In
635 4747 923 4817 Augustino
949 4745 1131 4799 titulus
1161 4745 1256 4817 sic,
1289 4743 1342 4794 in
1364 4742 1792 4817 finent_l"salnt_ns
1815 4742 1982 4798 David
2005 4787 2020 4811 ,
2041 4762 2132 4800 cx-

537 4812 737 4882 stasisf
750 4817 888 4887 quod
917 4825 990 4870 est
1015 4816 1196 4887 mentis
1215 4828 1472 4868 excessus.
1507 4813 1696 4887 Editus
1711 4812 1834 4887 Cari
1866 4817 2128 4884 legitcum

537 4891 696 4943 olnslu
725 4883 782 4943 σεξ
803 4903 895 4957 pro
923 4887 1110 4941 exstasi
1141 4885 1160 4952 ζ
1195 4900 1326 4957 mss.
1358 4892 1540 4939 autem
1568 4883 1700 4938 nihil
1733 4883 1970 4941 retinent
1991 4903 2131 4957 prino

539 4969 623 5014 ter
647 4975 710 5013 ea
735 4955 853 5028 qua:
880 4957 1166 5012 edidimus.
1199 4955 1380 5008 Man'r.

609 5057 680 5070 --
701 5024 953 5084 Testatur
973 5037 1028 5082 et
1053 5025 1540 5094 Sangermaneusis
1564 5024 1705 5094 apud
1727 5025 1976 5082 Martian.
1999 5043 2128 5094 ms.,

536 5099 640 5156 sub
664 5117 719 5154 u.
759 5103 810 5162 8,
847 5098 990 5152 hunc
1020 5097 1186 5152 luisse
1217 5096 1270 5150 in
1301 5096 1696 5164 Augustiniano
1723 5097 1982 5154 Psalterio
2008 5100 2134 5153 titu-

538 5171 672 5238 lum,
707 5168 771 5223 In
802 5171 954 5237 finem
989 5167 1234 5222 Psaltnus
1265 5167 1366 5235 ipsi
1393 5165 1562 5239 Dauid
1583 5168 1824 5236 exstasis,
1854 5184 2014 5239 quem
2046 5170 2132 5224 ni-

537 5237 732 5298 mirum
761 5252 812 5296 et
845 5239 1174 5294 Veronensis
1200 5253 1302 5292 ms.
1339 5237 1578 5306 praefert.

560 5385 573 5398 .
608 5325 631 5350 υ
669 5313 988 5398 Veronense
1016 5318 1377 5398 aeque-“atque
1428 5309 1880 5398 Au‘gustinianum
1933 5309 2138 5380 psalte-

531 5385 668 5440 rium
695 5425 711 5447 .
761 5397 885 5435 erue
912 5396 1011 5445 me,
1062 5391 1110 5433 et
1157 5382 1320 5432 exime
1356 5394 1470 5433 me;
1505 5390 1639 5444 tum,
1683 5391 1736 5433 ut
1779 5382 1976 5434 exiutas
2019 5396 2131 5448 me,

532 5472 630 5522 pro
660 5454 870 5522 eripias,
897 5460 954 5505 et
982 5453 1034 5503 in
1061 5450 1272 5522 domum
1299 5450 1506 5519 refugii.
1543 5466 1642 5520 pro
1657 5451 1853 5516 locum;
1878 5452 2133 5522 denique,

536 5519 966 5591 Quiaifortitudo,
995 5530 1042 5575 et
1069 5519 1327 5590 refugium
1353 5519 1555 5591 meum,
1575 5532 1682 5576 etc.

615 5593 632 5632 ί
671 5590 776 5647 Pro
806 5594 990 5660 laqueo
1020 5593 1246 5660 Attgusl.
1278 5590 1619 5660 tnuscipulam
1646 5591 1760 5647 fere
1787 5591 2136 5649 continenter

533 5662 836 5734 rescripsit,
864 5657 1049 5730 sicque
1089 5659 1262 5734 ipsum
1291 5657 1657 5716 Veronensem
1698 5663 1894 5717 librum
1932 5675 2131 5734 praetu-

538 5734 667 5794 lisse
705 5728 856 5800 olim,
886 5728 985 5803 par
1019 5739 1105 5787 est
1130 5728 1374 5808 credere,
1404 5737 1695 5802 antequam
1742 5746 1867 5792 cum
1914 5728 2134 5808 sequior

2234 4463 2439 4534 scipula
2485 4465 2608 4518 ista.
2654 4463 2776 4534 Pari
2823 4475 3010 4532 pacto,
3060 4463 3204 4533 quod
3246 4463 3592 4534 subsequitur
3641 4480 3838 4520 nomen

2234 4533 2478 4599 Domine,
2502 4535 2555 4589 in
2577 4533 2768 4590 eodem
2789 4548 2892 4588 ms.
2917 4533 3168 4589 secundis
3199 4534 3346 4588 curis
3366 4533 3571 4589 temere
3592 4535 3837 4590 additum

2231 4615 2337 4675 est,
2365 4614 2420 4660 et
2442 4614 2626 4660 contra
2650 4605 3026 4674 Augustiniani
3071 4605 3433 4675 exemplaris,
3471 4605 3614 4674 quod
3640 4615 3838 4662 ca-tera

2233 4692 2490 4747 perquam
2514 4676 2766 4746 religiose
2787 4675 3067 4734 describit.
3095 4674 3273 4730 tidem.
3293 4674 3423 4741 Qua:
3443 4689 3539 4728 nos
3564 4676 3691 4731 ideo
3727 4693 3840 4730 tuo-

2235 4750 2474 4812 ttuimus,
2499 4757 2557 4801 ut
2581 4747 2746 4810 scias,
2771 4760 2892 4800 cum
2919 4747 2988 4799 ab
3010 4748 3406 4815 Augustiniano
3426 4747 3701 4801 tantillum
3734 4747 3835 4801 Ve-

2235 4833 2469 4872 ronense
2502 4818 2870 4886 apograpltum
2903 4817 3194 4886 discrepat.
3213 4816 3344 4871 illud
3373 4827 3467 4870 aut
3488 4819 3838 4873 amanuensis

2234 4890 2406 4943 errori
2432 4888 2772 4942 tribuendum
2797 4901 2939 4954 esse,
2974 4895 3067 4941 aut
3087 4887 3306 4941 ausibus
3325 4888 3592 4955 sequioris
3622 4903 3835 4944 manus.

2337 4967 2363 5007 ε
2421 4960 2778 5030 Hieronymus
2832 4957 2898 5011 ad
2953 4957 3139 5030 suun.
3188 4966 3248 5030 et
3300 4955 3524 5030 Alj‘rctel.
3602 4975 3615 5012 :
3703 4960 3839 5014 Rur-

2235 5045 2350 5083 sum
2379 5030 2434 5083 in
2478 5030 2575 5084 hoc
2621 5026 2734 5082 loco
2770 5043 2953 5082 nomen
2985 5026 3199 5082 Domini
3240 5027 3485 5081 additum
3526 5037 3603 5081 est
3636 5044 3657 5084 :
3687 5041 3735 5083 et
3777 5045 3838 5084 ne

2234 5101 2412 5154 eadem
2443 5115 2648 5167 semper
2670 5100 2926 5152 inculcem
2951 5140 2964 5163 ,
3000 5101 3269 5152 observare
3298 5099 3492 5151 debetis
3522 5116 3710 5154 nomen
3734 5098 3839 5154 Do-

2234 5171 2363 5224 mini
2389 5178 2437 5224 et
2467 5169 2876 5241 Deisazpissime
2904 5169 3182 5241 additum;
3213 5177 3263 5223 et
3288 5169 3343 5241 id
3371 5170 3671 5241 vos‘dcberc
3696 5174 3838 5241 sequi

2234 5242 2372 5310 quod
2414 5241 2484 5312 de
2531 5236 2794 5312 Hebr_a_ico
2841 5249 2887 5294 et
2944 5239 3009 5294 de
3061 5239 3403 5312 Septuaginta
3456 5236 3838 5312 Interprctibus

2238 5309 2643 5365 emendavimus.
2667 5309 2847 5365 Man'r.

2310 5378 2336 5417 ιι
2372 5381 2430 5436 In
2462 5382 2652 5438 eodem
2676 5395 2780 5436 ms.
2813 5389 2872 5435 ut
2898 5388 2955 5436 et
2983 5394 3150 5450 penes
3176 5379 3559 5452 Augustinum,
3605 5382 3840 5452 inﬁrma-

2236 5461 2315 5505 tus
2347 5461 2420 5505 est
2447 5453 2500 5507 in
2524 5461 2746 5523 egestate
2772 5452 2820 5504 vi
2859 5467 2917 5504 or
2941 5467 3102 5506 meus.

2316 5521 2330 5560 ί
2364 5521 2599 5576 Rursum
2631 5523 2792 5576 iidem
2823 5469 2966 5576 fibri.
2993 5521 3102 5576 obiit

2316 5521 2330 5560 ί
2364 5521 2599 5577 Rursum
2631 5523 2792 5578 iidem
2823 5521 2966 5585 libri,
2993 5521 3178 5577 oblitus
3206 5537 3339 5583 sum.
3371 5537 3471 5589 pro
3499 5523 3693 5586 excidi,
3723 5532 3832 5578 tum

2235 5601 2286 5647 et
2313 5593 2507 5662 copula
2537 5595 2921 5663 praetermissa,
2950 5593 3116 5663 factus
3145 5609 3257 5663 sum
3283 5604 3541 5662 tamquam
3572 5605 3832 5659 vas,etc.,

2236 5663 2454 5727 deinde,
2479 5662 2657 5717 audivi
2679 5662 3073 5732 uituperationes
3104 5662 3380 5717 multorum
3408 5663 3755 5721 habitantium
3784 5666 3836 5723 in

2238 5733 2478 5792 circuitu.
2504 5733 2642 5790 Dum
2665 5743 3098 5809 congregarentur
3120 5733 3219 5812 ipsi
3235 5733 3410 5803 simul,
3440 5743 3549 5792 etc.
