3936 6180
120 166 223 221 169

118 281 267 333 datus
286 294 403 333 sum
423 290 683 355 tamquam
714 296 957 343 mortuus
984 306 1016 343 a
1040 294 1213 347 corde.

188 370 380 426 Factus
399 392 512 428 sum
536 386 804 448 tamquam
834 398 922 434 ras
951 386 1207 453 perditum
1230 403 1250 441 :
1278 390 1520 458 quoniam
1541 393 1716 447 audiri

122 464 522 530 ritnperationein
557 469 844 524 multorum
869 478 1301 532 commorantium
1332 481 1385 534 in
1411 483 1648 537 circuitu.

192 565 219 591 ³
254 555 317 611 In
341 575 398 611 eo
422 560 546 612 dum
575 565 913 619 convenirent
938 568 1100 623 simul
1135 571 1405 627 adversum
1434 593 1511 629 me
1534 594 1551 629 :
1579 579 1716 631 acci-

128 667 247 720 pere
272 654 486 706 animum
514 673 686 709 meam
708 658 974 714 consiliati
998 674 1141 717 sunt.

192 744 301 815 Ego
327 756 492 800 autem
520 749 574 803 in
607 758 658 803 te
684 756 911 823 speravi,
946 753 1190 825 Domine,
1223 760 1332 814 dixi
1354 777 1373 815 :
1407 760 1544 818 Deus
1576 780 1715 820 incus

125 857 173 892 es
201 849 272 902 tu,
297 840 347 893 in
374 842 615 897 manibus
645 845 750 899 tuis
777 857 941 902 sortes
969 866 1116 906 metr.

192 930 346 1003 Eripe
372 951 453 990 me
479 938 546 990 de
577 954 736 992 manu
762 940 1088 997 inimicorum
1117 961 1364 1017 meorum,
1399 958 1447 1003 et
1474 966 1508 1002 a
1546 965 1715 1020 persc-

126 1027 377 1095 quentibus
410 1047 507 1083 me.

124 1304 354 1371 quoniam
386 1308 436 1359 in
446 1310 619 1361 rocari
648 1320 717 1365 te.

189 1394 503 1452 Erubescant
532 1400 700 1471 impii,
734 1411 780 1456 et
807 1403 1136 1460 deducantur
1158 1407 1211 1462 in
1238 1408 1542 1480 infernum:
1573 1421 1715 1467 muta

123 1488 243 1553 ﬁant
272 1491 411 1545 labia
437 1493 637 1560 dolosa,

194 1583 321 1651 Qua:
344 1587 627 1657 loquuntur
650 1590 900 1647 adversus
919 1595 1124 1665 justum
1160 1596 1503 1669 iniquitatem,
1538 1600 1592 1653 in
1626 1618 1715 1657 su-

126 1678 292 1744 perbia
319 1690 366 1732 et
396 1682 663 1739 abusione.

195 1775 359 1842 Quam
383 1795 566 1849 magna
587 1782 865 1838 multitudo
884 1784 1173 1844 dulcedinis
1190 1796 1345 1858 tua',°
1365 1792 1661 1864 +{Domine
1688 1794 1708 1863 ζ

126 1889 274 1942 quam
295 1874 604 1931 abscondisti
628 1880 929 1937 timentibus
958 1892 1025 1936 te.

196 1966 458 2041 Perfecisti
490 1972 561 2027 eis
603 1973 689 2042 qui
716 1984 926 2045 sperant
966 1974 1017 2028 in
1050 1985 1118 2042 te,
1160 1977 1214 2031 in
1256 1988 1531 2049 conspectu
1573 1979 1714 2048 [ilio-

128 2077 235 2114 runt
264 2061 540 2118 hominum.

194 2157 477 2213 Abscondes
503 2175 588 2214 eos
616 2158 668 2213 in
697 2159 999 2215 abscondito
1035 2162 1190 2232 faciei
1223 2170 1343 2230 tute,
1373 2180 1405 2216 a
1435 2163 1711 2218 conturba-

130 2254 261 2309 tione
284 2254 561 2310 hominum.

200 2346 437 2419 Proteges
476 2365 561 2404 eos
602 2348 654 2403 in
698 2347 1042 2403 tabernaculo
1088 2357 1197 2416 tuo,
1243 2365 1275 2402 a
1311 2348 1715 2404 contradictione

134 2438 436 2512 linguarum.

196 2532 496 2589 Benedictus
526 2534 801 2597 Dominus,
826 2536 1070 2605 quoniam
1100 2536 1393 2606 miri/icavit
1424 2537 1717 2591 misericor-

127 2623 262 2679 diam
284 2644 428 2681 suam
454 2628 577 2680 milii
608 2628 660 2680 in
692 2628 897 2682 civitate
922 2629 1139 2683 munita.

191 2716 303 2788 Ego
333 2730 499 2774 autem
527 2716 553 2755 ἀ
587 2720 699 2773 dixi
722 2721 777 2774 in
804 2736 1015 2776 excessu
1046 2721 1225 2776 mentis
1250 2738 1376 2776 mete
1398 2738 1417 2776 :
1443 2722 1716 2795 Projectus

120 2828 231 2863 sunt
257 2829 288 2864 a
314 2814 444 2880 [acie
471 2814 743 2868 oculorum
769 2823 999 2869 tuorum.

193 2904 317 2959 Ideo
343 2908 591 2961 exaudiin
618 2923 790 2961 vocem
820 2909 1068 2963 orationis
1109 2924 1254 2977 mete,
1282 2910 1406 2963 dum
1434 2908 1715 2967 clamarem

121 2998 188 3049 ad
213 3010 280 3052 te.

191 3087 402 3160 Diligite
422 3088 724 3157 Dominum,
749 3107 923 3145 omnes
944 3092 1113 3146 sancti
1134 3093 1269 3163 ejus,
1296 3106 1351 3147 οι-
1384 3092 1622 3161 quoniam
1651 3091 1671 3159 ζ
1700 3101 1722 3129 ο

118 3181 354 3234 veritates
388 3186 607 3253 requiret
659 3182 910 3238 Dominus
946 3199 965 3237 :
1008 3193 1057 3238 et
1104 3182 1349 3238 retribuet
1400 3182 1724 3239 abundanter

134 3271 430 3334 facientibus
474 3275 787 3347 superbiam.

203 3362 427 3422 l’iriliter
471 3370 630 3441 agite,
677 3379 725 3422 et
773 3369 1088 3440 confer-tatur
1127 3384 1215 3424 cor
1245 3379 1486 3438 vestrum,
1542 3385 1714 3425 omnes

120 3457 204 3526 qui
229 3464 438 3531 speratis
458 3464 510 3519 in
542 3462 792 3518 Dontino.

1448 183 1651 241 LIBER
1688 185 2135 251 PSALHURUM.

1743 306 1793 364 Α
1822 319 1979 373 quam
1994 316 2239 365 mortuus
2252 323 2281 365 a
2295 312 2540 380 corde,et
2557 314 2854 375 factussum
2870 323 3007 379 sicut
3021 341 3113 382 vas
3130 330 3418 397 perditum.

3314 184 3427 278 .170

1888 397 2153 465 Quoniam
2181 404 2363 459 audivi
2392 407 2841 478 vituperationem
2873 418 3161 475 multorutn
3188 424 3421 479 circum-

1819 484 2195 548 habitantium.

1890 577 1947 633 In
1971 595 2036 635 eo
2072 583 2197 639 dum
2236 602 2695 663 congregarentur
2739 613 2927 655 omnes
2965 602 3124 659 simul
3157 606 3418 665 adversus

1817 684 1933 726 me:
1967 684 2023 727 ut
2052 678 2359 749 acciperent
2388 685 2622 743 animum
2653 706 2849 760 meam,
2883 698 3149 752 consiliati
3184 710 3328 754 sunt.

1888 762 2001 834 Ego
2028 781 2155 823 vero
2187 771 2239 825 in
2270 782 2323 828 te
2352 779 2584 848 speravi,
2621 780 2867 849 Domine,
2898 786 3006 840 dixi
3035 805 3049 842 :
3079 788 3155 843 Tu
3185 806 3242 845 es
3274 791 3418 849 Deus

1816 868 1988 923 meus,
2019 860 2073 915 in
2106 866 2351 922 manibus
2378 871 2484 925 tuis
2516 882 2757 945 tempora
2790 895 2927 935 mea.

1886 951 2079 1009 Libera
2111 972 2197 1013 me
2220 957 2272 1027 ιι,
2305 972 2361 1017 et
2403 966 2551 1036 eripe
2581 985 2665 1024 me
2710 970 2778 1026 de
2806 974 3052 1031 manibus
3076 976 3415 1036 inimicorum

1816 1060 2083 1117 meorum,
2115 1060 2171 1107 et
2199 1069 2230 1107 a
2264 1063 2713 1131 persequentibus
2745 1082 2851 1121 me.

1897 1137 2142 1196 lllumina
2172 1144 2298 1213 [.iIs.
2335 1148 2581 1224 inlustre]
2614 1155 2804 1211 faciem
2837 1168 2980 1215 tuam
3010 1176 3171 1233 super
3199 1181 3416 1223 servum

1821 1241 1995 1304 tuum,
2023 1248 2074 1293 et
2108 1237 2233 1309 [Ms.
2266 1250 2395 1298 tacet
2423 1247 2497 1317 et]
2525 1250 2731 1306 salvum
2762 1269 2847 1309 me
2879 1256 2958 1310 lac
2988 1258 3039 1312 in
3076 1268 3160 1313 tua
3206 1263 3417 1317 miseri‘

1814 1329 2034 1383 cordia:
2062 1331 2310 1402 Domine,
2332 1352 2438 1393 non
2458 1344 2778 1411 confundar,
2798 1350 3050 1417 quoniam
3074 1353 3321 1408 invocavi
3343 1366 3414 1410 te.

1886 1419 2409 1499 Erubescantimpii,
2426 1441 2483 1487 et
2502 1433 2840 1492 deducantur
2858 1440 2908 1494 in
2927 1441 3233 1499 infernum:
3270 1458 3418 1504 muta

1816 1512 2123 1574 efﬁciantur
2152 1520 2290 1577 labia
2321 1523 2529 1597 dolosa,
2557 1545 2679 1599 qua}
2707 1531 3003 1603 loquuntur
3034 1538 3294 1595 adversus
3329 1542 3419 1612 ju-

1816 1616 1957 1664 stum
1991 1611 2349 1685 iniquitatem,
2379 1618 2433 1673 in
2462 1621 2712 1691 superbia
2744 1635 2794 1679 et
2825 1637 3163 1701 contemptu.

1744 1713 1793 1773 B

1890 1786 2061 1855 Quam
2080 1805 2269 1862 magna
2296 1795 2424 1869 [διδ.
2448 1799 2639 1875 multa]
2665 1805 2951 1862 multitudo
2969 1809 3271 1869 dulcedinis
3291 1823 3417 1885 tute,

1819 1878 2046 1939 Domine
2062 1899 2076 1938 :
2091 1901 2249 1956 quam
2266 1890 2597 1951 abscondisti
2612 1898 2923 1957 timentibus
2941 1915 3009 1971 te,
3028 1905 3041 1941 ί
3071 1919 3121 1961 et
3143 1912 3419 1976 perlecisti

1816 1985 1938 2029 eam
1956 1978 2373 2053 sperantibusiu
2388 1985 2833 2062 te,§n_con5pectu
2852 1994 3085 2051 ﬁliorum
3112 1998 3415 2058 hominum!

1886 2154 2213 2221 Abscondes
2232 2180 2329 2223 eos
2346 2167 2400 2224 in
2425 2169 2613 2227 abdito
2630 2174 2808 2233 vultus
2834 2178 2933 2246 tui,
2952 2194 2980 2234 a
3007 2185 3420 2244 conturbatio;:e

1820 2248 2123 2311 hominum.

1896 2344 2164 2419 Proteges
2194 2366 2289 2408 eos
2321 2354 2374 2409 in
2397 2356 2749 2417 tabernaculo
2782 2371 2875 2419 tuo
2903 2364 3031 2437 [Ms.
3066 2378 3169 2422 (ac.
3211 2370 3347 2441 tuo],
3376 2387 3406 2426 a

1826 2441 2267 2502 contradictione
2298 2448 2630 2519 linguarum.
2672 2454 2692 2520 ζ

1898 2532 2226 2593 Benedictus
2256 2539 2537 2609 Dominus,
2568 2545 2823 2614 quoniam
2860 2548 3169 2607 mirilicavit
3202 2554 3419 2613 miscri-

1825 2625 2077 2683 cordiam‘
2102 2646 2256 2686 suam
2289 2634 2343 2688 in
2371 2634 2594 2693 civitate
2626 2639 3070 2699 circumstantia.

1896 2720 2051 2791 Egoi
2085 2733 2267 2780 autem
2294 2726 2483 2783 dixiin
2515 2745 2712 2800 pavore
2745 2749 2895 2790 meo:
2924 2736 3205 2809 Proiectus
3238 2756 3357 2799 sum
3389 2762 3418 2802 a

1821 2811 1979 2867 vultu
2011 2816 2295 2873 oculorum
2330 2828 2569 2876 tuorum.

1893 2902 2022 2961 Ideo
2064 2910 2340 2965 exaudisti
2391 2927 2583 2969 vocem
2635 2914 3045 2987 deprecationis
3096 2939 3253 2992 mete,
3294 2927 3423 2985 dum

1822 2998 2116 3056 clamarem
2151 3004 2218 3058 ad
2247 3011 2319 3059 te.

1901 3089 2122 3163 Diligite
2156 3094 2466 3164 Dominum,
2501 3114 2696 3157 omnes
2736 3107 2911 3160 sancti
2954 3106 3111 3179 ejus:
3159 3113 3421 3182 quoniam

1824 3183 2109 3239 veritatem
2142 3187 2383 3258 requiret
2414 3190 2541 3261 [51s.
2570 3195 2822 3269 requirit]
2854 3198 3147 3268 Dominus,
3179 3213 3233 3259 et
3261 3209 3427 3262 retri-

1821 3268 1951 3327 buet
1981 3274 2067 3331 his
2103 3278 2195 3347 qui
2224 3278 2568 3339 abundanter
2598 3284 2803 3342 faciunt
2828 3292 3162 3360 superbiam.
3482 3366 3487 3373 ,

1899 3366 2140 3426 Viriliter
2189 3374 2371 3443 agile,
2395 3382 2449 3430 et
2489 3376 2830 3435 conforlelur
2861 3398 2959 3437 cor
2991 3395 3261 3457 vestrum,
3295 3404 3418 3446 om-

1826 3475 1946 3528 nes,
1975 3464 2065 3531 qui
2092 3466 2326 3535 speratis
2356 3467 2410 3523 in
2436 3466 2666 3527 Domino
2692 3471 2821 3543 [Με.
2859 3473 3193 3551 Dominum].

1447 3552 1584 3616 PSA
1596 3553 1805 3616 LMUS
1847 3553 2096 3617 XXXI.

401 3674 421 3713 τ
580 3690 703 3732 uete
750 3678 773 3745 ζ
824 3692 1011 3744 anno,
1045 3690 1431 3733 INTELLECTUS.

190 3767 337 3824 Beati
362 3788 578 3842 quorum
628 3772 854 3825 remissa:
893 3782 1009 3827 sunt
1059 3770 1370 3841 iniquitates,
1408 3778 1454 3826 et
1494 3786 1715 3842 quarunt

134 3872 255 3918 tecta
284 3876 397 3920 sunt
423 3876 657 3939 peccata.

197 3957 378 4015 Beatus
422 3963 497 4015 rir
542 3962 630 4015 cui
668 3976 773 4015 non
813 3962 1079 4032 imputavit
1110 3956 1364 4015 Dominus
1394 3966 1661 4030 peccatum
1692 3974 1713 4013 :

139 4066 216 4105 nec
242 4068 313 4108 est
338 4056 389 4109 in
416 4055 607 4126 spiritu
639 4057 750 4127 ejus
774 4054 943 4109 dolus.

201 4147 443 4211 Quoniam
476 4148 641 4214 tacui,
675 4147 1080 4202 inveteraverunt
1115 4161 1231 4201 ossa
1276 4160 1410 4212 mea,
1440 4143 1563 4198 dum
1599 4144 1711 4198 cla-

142 4251 306 4292 marem
334 4249 443 4294 tota
475 4242 584 4295 die.

202 4337 224 4375 3
248 4330 501 4396 Quoniam
533 4332 617 4386 die
642 4348 704 4386 ac
730 4340 875 4385 nocte
893 4329 1209 4404 gravata’est
1238 4344 1391 4401 super
1421 4344 1497 4382 me
1530 4343 1715 4383 manus

147 4425 217 4471 tua
243 4438 258 4472 :
289 4439 561 4479 conversus
590 4440 707 4477 sum
738 4423 789 4477 in
828 4439 1061 4480 a'rumna
1096 4437 1157 4477 -t-
1194 4438 1304 4476 mea
1340 4420 1362 4489 ζ
1398 4420 1521 4473 dum
1554 4420 1719 4490 confi-

207 4538 230 4567 ι
252 4532 466 4589 Ohelnm
494 4536 700 4592 voculis
730 4538 781 4590 in
809 4553 885 4601 eo,
917 4533 1089 4589 Carus
1116 4543 1170 4588 et
1200 4531 1371 4587 Palat.
1418 4546 1517 4585 ms.
1562 4546 1702 4601 prte-

152 4598 306 4668 ﬁgunt.
335 4606 475 4662 haud
502 4618 682 4662 tamen
713 4598 878 4663 reete.

208 4669 228 4708 δ
255 4673 382 4757 idem
413 4694 543 4747 IIIS"
576 4696 641 4733 ne
668 4680 1001 4757 confundor:
1074 4688 1097 4699 ‘
1140 4749 1151 4757 ‘
1267 4744 1281 4757 _
1306 4746 1318 4757 ο
1572 4744 1583 4756 ,

211 4754 230 4829 ξ
254 4746 468 4803 ltursum
499 4744 553 4805 in
583 4744 780 4829 eodem
800 4767 900 4829 ms.
933 4749 1237 4829 Diapsulma
1258 4744 1363 4829 .ltic‘
1392 4744 1697 4829 apponitur.

212 4811 489 4875 “Testatur
537 4821 706 4905 idem_
733 4820 792 4876 S.
844 4811 1064 4885 Doctor,
1108 4811 1696 4905 hoehjuxta’Grzu-um

159 4890 479 4959 transtulisse,
519 4895 647 4963 quia
688 4891 923 4970 Latinus
945 4908 1127 4970 sermo
1155 4892 1312 4970 aliter
1339 4890 1704 4970 {uerae-tuen—

159 4959 345 5020 primere
377 4958 481 5019 non
514 4958 713 5033 potest.
744 4963 1085 5039 Ante‘ipsuni
1114 4961 1391 5039 legebatur
1417 4959 1470 5011 in
1498 4958 1704 5039 Latinis

158 5031 403 5105 codicibus,
429 5036 481 5088 in
508 5030 701 5105 parare
723 5051 853 5088 meo.
879 5035 1030 5102 Quod
1050 5030 1279 5105 quidem
1304 5039 1513 5105 mutare
1534 5030 1706 5083 noluit

160 5095 197 5149 in
222 5115 295 5153 sua
327 5095 486 5168 priori
508 5095 921 5185 'entendatiottt;
946 5095 1520 5185 Psalntorutn..MA_It-'r.
1658 5172 1669 5183 .

192 5172 395 5231 °Miuori
431 5193 668 5233 numero
706 5176 937 5230 Palatin.
981 5191 1083 5231 ms.
1123 5184 1179 5230 ct
1206 5175 1331 5229 Cari
1362 5173 1531 5228 editio
1564 5172 1699 5225 reri-

160 5248 290 5325 tatem.
460 5320 634 5325 --Α
944 5318 977 5325 _
1169 5318 1181 5325 _
1404 5313 1484 5325 _,
1592 5311 1696 5325 ,,

214 5314 227 5351 ί
254 5321 429 5375 Iterum
458 5320 701 5375 Palatin.
729 5334 833 5374 ms.
860 5327 915 5374 et
937 5318 1108 5374 Carus
1133 5318 1343 5387 absque
1366 5313 1545 5378 obelo,
1582 5311 1695 5383 Ipsi

161 5381 431 5472 David,_etc.
475 5391 813 5472 ιιι-ςιξΐυιςιιιιιἶ
899 5468 908 5472 Δ
1254 5381 1313 5472 '_

212 5460 400 5517 “idem
434 5465 617 5517 obelis
661 5462 923 5541 jugulant
949 5476 1133 5527 voces,
1157 5463 1422 5532 quoniam,
1469 5467 1523 5541 et
1562 5471 1723 5539 “mox.

161 5539 235 5593 tua,
258 5533 382 5588 haud
411 5546 565 5589 recte
593 5555 618 5612 :_
647 5544 758 5612 tum
778 5533 1019 5612 plurium
1056 5548 1304 5612 numero,
1335 5533 1574 5612 sequiori
1604 5544 1700 5581 au-

156 5606 230 5655 tem
250 5621 418 5673 manu,
456 5620 563 5660 ms.
600 5604 892 5670 injustitias
916 5621 1055 5657 meas
1087 5622 1190 5658 nou
1217 5604 1482 5673 abscondi,
1516 5610 1625 5655 etc.

203 5670 288 5732 ιιΙιι
310 5670 505 5735 iisdem
538 5675 721 5741 libris,
754 5674 924 5731 semel
965 5683 1168 5730 tantum
1202 5688 1306 5744 est,
1346 5672 1490 5728 Erue
1525 5686 1603 5725 me
1642 5670 1706 5727 de

609 5772 888 5834 Ριτιιοι.
926 5769 1168 5832 XXIX.

1922 3691 2019 3730 IPSI
2061 3692 2242 3741 nuto,
2286 3692 2653 3735 tu'ruLLucrus
2694 3678 2823 3752 [51s.
2864 3696 3325 3766 INTELLIGENTIAI.

1892 3768 2045 3823 Beati
2090 3785 2322 3839 quorum
2364 3772 2610 3827 remissa:
2648 3782 2773 3829 sunt
2806 3774 3123 3847 iniquitates
3154 3802 3167 3841 :
3198 3796 3253 3842 et
3283 3804 3420 3860 quo-

1824 3875 1943 3916 rtnn
1978 3871 2118 3917 tecta
2146 3873 2274 3918 ειιηι
2304 3873 2551 3934 peccata.

1891 3954 2090 4010 Beatus
2108 3956 2213 4019 vir,
2230 3957 2314 4011 cui
2342 3958 2889 4035 nonimputavitws.
2908 3966 3215 4045 imputabit]
3239 3975 3419 4034 Domi-

1816 4066 1922 4107 nus
1947 4062 2223 4122 peccatum
2251 4067 2266 4107 :
2296 4052 2543 4125 nec[Ms.
2577 4056 2706 4129 nOn]
2732 4054 2758 4095 ιε
2783 4068 2868 4115 est
2898 4061 2951 4117 in
2985 4080 3078 4121 ore
3101 4068 3217 4138 ejus
3236 4070 3414 4131 dolus.

1888 4144 2155 4213 Quoniam
2182 4144 2346 4211 tacui,
2376 4146 2820 4207 inveteraverunt
2847 4154 3028 4211 omnia
3052 4172 3173 4213 ossa
3200 4176 3320 4217 mea
3349 4179 3361 4216 :
3395 4163 3412 4202 1

1817 4232 1945 4291 dum
1975 4235 2268 4292 clamarem
2296 4245 2406 4291 tota
2438 4236 2547 4294 die.

1890 4327 2158 4395 Quoniam
2187 4326 2276 4384 die
2307 4341 2372 4384 ac
2402 4340 2564 4385 nocte
2593 4342 2813 4401 gravata
2844 4346 2929 4391 est
2969 4351 3134 4408 super
3171 4355 3254 4396 me
3300 4358 3415 4399 ma-

1822 4433 1923 4475 nus
1951 4428 2064 4486 tua,
2091 4434 2392 4476 conversus
2429 4436 2549 4477 sum
2580 4422 2634 4478 in
2665 4440 2939 4496 aerumna,
2970 4430 3096 4484 dum
3125 4432 3412 4503 configitur

1813 4531 2069 4597 manibus,
2099 4539 2204 4588 etc.

1891 4602 1905 4679 ξ
1942 4603 2062 4658 Pari
2089 4618 2382 4679 consensu,
2407 4616 2461 4661 et
2485 4608 2675 4675 copula
2706 4613 3072 4678 pretermissa,
3101 4614 3258 4670 iidem
3286 4620 3408 4679 libri

1811 4671 2031 4741 habent,
2062 4676 2321 4750 perfeciin
2352 4671 2674 4750 sperant-ibus
2706 4671 2764 4733 iu
2794 4692 2874 4735 te:
2906 4671 3070 4749 mox,
3091 4685 3144 4737 in
3184 4690 3404 4747 abscon-

1808 4746 1935 4809 dito,
1969 4761 2063 4813 pro
2091 4747 2286 4802 abdito.

1886 4815 2293 4891 iContinentcr
2330 4819 2483 4888 juxta
2537 4822 2896 4891 Augustinum
2945 4823 3247 4885 Veronens.
3296 4851 3398 4891 nis.

1810 4884 1930 4969 Ego
1953 4889 2061 4942 dixi
2105 4889 2159 4942 in
2184 4884 2398 4945 excessu
2429 4884 2825 4969 mentis'mere:
2860 4894 3135 4969 Profectus
3185 4918 3217 4953 a
3265 4905 3398 4969 facie

1813 4958 2086 5012 oculorum
2134 4976 2398 5030 meorum,
2448 4963 2562 5017 ideo
2615 4965 2891 5030 exaudiui,
2939 4958 3178 5033 Domine,
3226 4958 3395 5031 vocem

1812 5032 2062 5110 orationis
2092 5047 2236 5110 metu,
2266 5050 2401 5099 eum,
2433 5043 2540 5110 εἰς.
2578 5034 2796 5110 Videsis
2822 5048 2876 5089 et
2908 5032 3299 5110 Hieronymum
3339 5050 3393 5104 in

1807 5102 1966 5170 epist.
1999 5102 2064 5156 ad
2095 5101 2354 5157 Sunniant
2387 5116 2440 5157 et
2483 5104 2775 5157 Fretelant.

1878 5170 1906 5209 ¹ί
1946 5173 2103 5227 Solus
2133 5174 2491 5251 Symmachus
2531 5177 2710 5251 pointit
2756 5179 2806 5251 ἐν
2849 5184 2920 5247 τῷ
2966 5179 3186 5251 στόματι
3236 5194 3391 5248 αὐτοῦ

1806 5240 1945 5306 δόλος
1966 5285 1979 5307 ,
2012 5245 2066 5297 in
2105 5240 2210 5334 ore.
2238 5247 2349 5315 ejus
2378 5240 2549 5297 dolus.
2583 5245 2776 5299 C:rteri
2816 5240 3007 5303 euntes
3034 5240 3389 5334 interpretes;

1806 5314 1853 5334 .-__
2127 5315 2223 5334 ..-.
2388 5330 2473 5334 ___
2514 5315 2558 5334 ξ-.
2601 5331 2615 5334 -
2728 5317 2770 5334 ιι
2819 5333 2826 5334 κ

1788 5314 1856 5367 .ἱη
1878 5317 2089 5383 spiritu,
2126 5314 2352 5377 habent,
2386 5330 2483 5381 pro
2510 5315 2561 5367 in
2592 5331 2697 5369 ore.
2725 5317 2901 5371 Mam.

1882 5386 1893 5421 ¹
1935 5386 2167 5439 Rursum
2217 5384 2549 5455 Augustinus
2594 5396 2649 5439 et
2692 5388 3018 5445 Veronensis
3065 5408 3166 5448 ms.
3206 5414 3237 5449 a
3282 5403 3392 5455 cla-

1804 5456 1995 5508 mando
2027 5469 2105 5505 me
2126 5471 2144 5504 :
2172 5469 2293 5505 mox
2328 5454 2690 5532 conﬁgeretur,
2728 5475 2824 5532 pro
2852 5464 3141 5532 conﬁgitur,
3180 5467 3388 5527 mum.“

1806 5529 1950 5581 enim
1977 5524 2228 5578 mendum
2260 5533 2365 5587 est,
2391 5524 2535 5593 quod
2566 5524 2740 5585 habet
2762 5524 3060 5612 Veronens.
3092 5524 3394 5612 confrinqp;

1808 5608 1967 5651 νειαν,
2002 5595 2136 5648 Tum
2188 5605 2455 5675 peccatum
2510 5615 2675 5652 meum
2712 5602 2944 5677 cognovi,
3000 5614 3045 5677 rt
3084 5595 3393 5677 iujqutiti‘t'un

1810 5683 1976 5724 meam
2001 5666 2225 5738 (minori
2252 5681 2504 5742 numero,
2532 5680 2589 5729 ut
2612 5680 2667 5727 et
2696 5666 2856 5745 paulo
2881 5666 3026 5749 post)
3059 5666 3160 5735 non
3185 5666 3389 5751 operui;

2832 5770 2872 5829 6
