3936 6180
549 196 654 252 O75

619 307 750 375 Quis
789 314 862 361 est
904 303 1078 372 Itonia,
1109 301 1198 370 qui
1245 297 1346 350 uult
1389 295 1544 350 vitam
1569 310 1587 347 :
1614 291 1784 364 diligit
1824 290 1931 343 dies
1967 285 2141 341 uidere
2173 288 2211 344 Α

551 400 747 455 bonos?

623 490 850 544 Prohibe
876 488 1108 558 linguam
1137 492 1276 536 luam
1307 497 1338 534 a
1369 478 1547 533 malo:
1593 486 1640 531 et
1673 474 1809 530 labia
1851 481 1939 526 tua
1975 489 2037 525 ne
2063 470 2140 524 lo-

550 591 772 655 quantur
801 579 998 633 dolum.

622 673 830 726 Diuerte
857 687 887 722 a
911 667 1050 721 malo
1078 675 1124 720 et
1153 666 1237 735 {ac
1261 663 1448 718 bonum
1481 677 1497 716 :
1533 675 1592 715 ~2—
1629 661 1682 712 iu
1715 658 1738 726 1
1771 658 1916 727 quire
1941 669 2140 726 pacem,

548 773 596 820 et
622 773 646 802 ⁸
671 776 970 835 persequere
992 774 1124 813 eam.

621 857 775 914 Oculi
810 853 1024 910 Domini
1061 867 1216 923 super
1237 853 1411 924 justas
1438 864 1456 902 :
1487 856 1534 904 et
1569 862 1719 900 aures
1747 847 1859 917 ejus
1889 842 1940 896 in
1972 856 2145 913 preces

547 945 745 985 eorum.

630 1017 817 1073 Vultus
852 1031 908 1072 -ξί
941 1026 1109 1070 autem
1140 1014 1162 1081 1
1190 998 1401 1066 Domini
1439 1027 1592 1080 super
1617 1010 1862 1080 facientes
1889 1004 2058 1070 ntala,
2089 1011 2144 1056 ut

541 1114 721 1186 perdat
744 1113 808 1166 de
836 1121 973 1165 terra
1004 1108 1308 1163 memoriam
1332 1121 1536 1160 eorum.

619 1204 984 1258 Clamavcrunt
1031 1215 1091 1253 οξυ-
1133 1197 1268 1270 justi
1305 1197 1328 1264 1
1375 1207 1420 1250 ct
1447 1195 1696 1250 Dominus
1729 1192 1757 1232 ι)
1789 1191 2048 1247 exaudivit
2079 1204 2138 1244 -:—

548 1313 635 1352 eos
675 1295 698 1364 1
740 1303 787 1350 et
831 1310 895 1348 ea:
943 1290 1179 1348 omnibus
1229 1289 1648 1344 tribulationibus
1687 1303 1868 1342 eorum
1914 1281 2146 1338 liberavit

546 1407 656 1446 εοε.

616 1479 880 1536 Ιυπιιίεςςι
922 1480 1178 1534 Dominus
1210 1480 1311 1547 his,
1345 1477 1433 1548 qui
1466 1475 1712 1531 tribulato
1742 1458 1860 1528 sunt
1888 1471 2072 1539 corde,
2099 1478 2147 1524 et

547 1571 771 1627 humiles
794 1573 978 1643 spiritu
1003 1571 1250 1625 saluabit.

617 1663 672 1716 Μ
681 1664 803 1717 ultte
833 1662 1197 1717 tribulationes
1216 1663 1481 1730 justorum
1507 1678 1523 1716 :
1550 1670 1595 1714 et
1621 1661 1683 1714 tle
1712 1659 1945 1714 omnibus
1973 1657 2052 1711 Itis
2083 1656 2147 1710 li—
2180 1680 2224 1740 Β

551 1755 744 1810 berabit
771 1772 853 1808 eos
876 1753 1152 1809 Dominus.

624 1845 858 1900 Custodit
887 1860 946 1899 ἦ
977 1841 1232 1900 Dominus
1260 1844 1282 1912 1
1316 1845 1491 1898 omnia
1517 1861 1634 1900 ossa
1665 1861 1840 1900 eorum
1865 1860 1883 1898 :
1911 1860 2068 1898 unum
2091 1857 2152 1896 ea;

550 1939 616 1993 iis
642 1955 742 1992 non
769 1947 1076 1992 conteretur.

625 2030 773 2085 Mors
811 2042 1138 2102 peccatorum
1188 2032 1407 2104 pessima
1439 2047 1456 2088 :
1488 2043 1534 2087 et
1576 2032 1667 2103 qui
1697 2033 1915 2088 oderunt
1945 2034 2151 2104 justunt

554 2124 877 2194 delinquont.

624 2218 865 2272 Redimet
895 2215 1150 2272 Dominus
1189 2217 1393 2272 animus
1433 2234 1693 2273 servorum
1728 2233 1944 2274 suorunt
1975 2226 2022 2272 et
2048 2235 2153 2273 non

556 2321 578 2350 ε
612 2309 874 2381 delinquet
903 2325 1080 2366 omnes
1108 2309 1198 2381 qui
1227 2319 1436 2382 sperant
1459 2310 1512 2365 in
1540 2327 1618 2366 eo.

1469 205 1474 212 ν
1550 179 1608 234 S.
1655 171 2037 233 llll:RO.\l\’1\ll
2078 163 2309 224 DIVINA
2350 156 2826 218 BIBLIOTIIECA.

3740 140 3846 200 176

2313 279 2446 347 Quis
2464 286 2546 332 est
2569 276 2734 330 homo
2758 267 2984 341 quivult
3006 266 3172 321 vitam
3201 282 3214 318 :
3246 272 3296 319 et
3321 263 3472 333 cupit
3493 261 3620 334 μὴ.
3651 259 3844 330 diligit]

2245 371 2433 428 videre
2465 369 2586 424 dies
2614 365 2828 422 bonos?

2319 463 2528 519 Cohibe
2559 462 2795 529 linguam
2827 467 2972 510 tuam
3000 468 3030 508 a
3053 452 3195 508 malo
3221 468 3234 506 :
3261 459 3316 505 et
3336 449 3476 504 labia
3511 457 3600 502 tua
3628 461 3692 502 ne
3717 445 3843 518 illis.

2246 568 2304 613 ut
2335 555 2466 625 non]
2500 554 2791 622 loquantur
2818 549 3026 604 dolum.

2320 659 2344 696 ες
2374 647 2601 703 Diverte
2631 660 2661 699 a
2695 643 2863 710 malo,
2891 649 2948 696 et
2977 639 3063 694 fac
3091 637 3293 693 bonum
3326 651 3340 688 :
3368 633 3586 704 inquire
3615 646 3801 704 pacem
3828 647 3842 685 :

2247 750 2303 796 et
2333 754 2562 809 sequere
2591 751 2734 792 eam.

2317 831 2473 887 Oculi
2505 827 2720 883 Domini
2761 840 2927 896 super
2950 823 3128 895 justos
3155 840 3170 878 :
3203 830 3259 878 et
3280 833 3440 876 aures
3472 818 3590 890 ejus
3621 815 3685 872 ad
3715 813 3843 888 [Με.

2247 922 2326 997 in]
2357 936 2548 993 preces
2577 934 2791 976 eorum.

2322 1014 2514 1069 Vultus
2539 1022 2720 1066 autem
2758 1008 2966 1065 Domini
2992 1023 3154 1080 super
3177 1004 3441 1061 iacientes
3485 1001 3625 1058 mala
3652 1008 3708 1056 ut
3730 1015 3845 1071 pcr-

2249 1109 2341 1164 dat
2368 1106 2436 1162 de
2466 1115 2612 1162 terra
2641 1103 2958 1158 memoriam
2987 1115 3204 1156 eorum.

2319 1199 2707 1254 Clamaverunt
2730 1194 2860 1265 justi
2885 1236 2900 1260 ,
2933 1201 2990 1248 ct
3024 1193 3284 1247 Dominus
3324 1187 3604 1245 exaudivit
3628 1201 3721 1242 eos
3752 1203 3765 1240 ε
3794 1194 3846 1240 ct

2249 1305 2318 1346 ex
2370 1288 2626 1344 omnibus
2681 1284 3121 1341 tribulationibus
3172 1297 3360 1339 eorum
3417 1279 3670 1336 liberavit
3720 1277 3842 1349 |_Ms.

2249 1383 2414 1454 eruit]
2445 1397 2561 1438 eos.

2323 1479 2483 1534 Juxta
2524 1485 2609 1532 est
2637 1473 2900 1530 Dominus
2927 1473 3014 1530 bis
3045 1471 3135 1543 qui
3158 1469 3187 1508 ιι
3215 1469 3476 1528 tribulato
3507 1478 3631 1524 sunt
3654 1465 3839 1533 corde;

2252 1579 2307 1627 et
2330 1569 2562 1624 humiles
2589 1568 2783 1638 spiritu
2815 1567 3068 1622 salvavil.

2325 1663 2506 1718 Multae
2537 1661 2916 1716 tribulationes
2941 1661 3212 1730 justorum
3249 1673 3262 1712 :
3296 1665 3352 1712 et
3391 1655 3461 1712 de
3498 1651 3583 1711 his
3609 1653 3844 1710 omnibus

2251 1759 2503 1814 liberavit
2537 1756 2664 1829 [.lls.
2691 1756 2852 1828 eruit]
2877 1771 2972 1812 eos
2999 1756 3286 1811 Dominus.

2323 1850 2589 1905 Dominus
2631 1849 2874 1903 custodit
2915 1849 3096 1903 omnia
3139 1863 3262 1903 ossa
3313 1861 3502 1902 eorum
3539 1863 3552 1900 :
3594 1859 3754 1900 unum
3781 1859 3841 1898 ex

2251 1941 2332 1999 eis
2357 1939 2485 2013 [.lls.
2516 1939 2643 2011 illis}
2672 1957 2778 1994 non
2811 1948 3149 1996 conteretur.

2326 2034 2472 2089 Mors
2517 2043 2867 2104 peccatorum
2912 2033 3149 2102 pessima
3181 2038 3267 2086 est
3310 2029 3437 2101 llis.
3487 2037 3593 2083 trsc.
3623 2025 3764 2100 est]:
3800 2034 3849 2080 et

2257 2126 2352 2196 qui
2384 2124 2614 2180 oderunt
2638 2124 2843 2194 justum
2866 2121 3184 2195 delinquont
3212 2120 3342 2194 ]Ms.
3385 2118 3747 2191 delinquunt].

2329 2215 2584 2274 Redimet
2629 2217 2895 2272 Dominus
2933 2216 3146 2271 animas
3187 2229 3472 2270 servorqu
3504 2228 3726 2267 suorum
3758 2227 3770 2261 :
3798 2216 3848 2263 et

2256 2325 2366 2366 non
2394 2309 2713 2381 delinquont
2739 2323 2932 2366 omnes
2961 2308 3051 2379 qui
3089 2313 3318 2378 sperant
3348 2304 3402 2361 in
3433 2319 3500 2361 eo
3528 2300 3656 2376 Ws.
3689 2298 3845 2369 eum}.

1879 2471 2019 2534 PSA
2030 2473 2240 2537 LMUS
2285 2473 2588 2537 XXXIV.

561 2692 570 2699 .
1127 2631 1176 2671 οι
1215 2630 1310 2672 IPSI
1341 2615 1364 2683 1
1397 2629 1578 2671 υιγιι).

623 2709 836 2778 Indica,
884 2707 1141 2775 Domine,
1186 2717 1425 2763 nocentes
1472 2723 1596 2762 me:
1639 2705 1666 2744 ἀ
1697 2723 1937 2780 expugna
1981 2710 2150 2782 impu-

592 2816 772 2862 nantes
795 2821 891 2859 me.

555 2827 772 2880 gnantes
795 2827 891 2859 me.

623 2895 964 2971 Appreheude
999 2910 1146 2948 arma
1175 2903 1224 2950 et
1255 2901 1459 2949 scutum
1485 2907 1504 2948 :
1539 2901 1585 2947 et
1613 2908 1832 2963 exsurge
1862 2892 1914 2947 in
1945 2891 2152 2964 adjuto-

554 2992 692 3044 rium
715 2990 864 3043 mihi.

2891 2632 3018 2673 BUIC
3057 2631 3235 2672 DAVID.

2329 2708 2516 2766 Judica
2537 2753 2552 2779 ,
2584 2709 2836 2776 Domine,
2862 2718 3122 2766 nocentes
3149 2723 3236 2764 me
3269 2725 3282 2764 :
3315 2719 3564 2777 expugna
3585 2703 3849 2776 impugna-

2261 2809 2342 2858 tes
2368 2800 2500 2873 [Με.
2528 2799 2929 2873 expugnantes]
2958 2815 3064 2856 me.

2331 2894 2696 2967 Apprehendc
2725 2909 2873 2950 arma
2903 2903 2959 2952 et
2980 2901 3194 2950 scutum
3225 2910 3237 2946 :
3269 2900 3324 2949 et
3352 2905 3590 2962 exsurge
3615 2889 3667 2945 in
3697 2887 3846 2958 adju-

2265 2989 2466 3045 torium
2500 2987 2656 3043 mihi.

628 3080 860 3148 E/funde
882 3080 1158 3149 frameam,
1189 3086 1236 3133 et
1263 3076 1516 3132 conclude
1542 3078 1786 3132 adversus
1816 3093 1900 3132 eos
1921 3078 2013 3150 qui
2040 3092 2158 3146 per-
2185 3107 2232 3172 ο
2341 3077 2571 3134 Ellunde
2605 3078 2895 3143 frameam,
2939 3087 2988 3132 et
3029 3076 3294 3133 concludo
3338 3076 3604 3134 adversos
3641 3091 3734 3132 eos
3770 3074 3848 3145 qui

555 3179 838 3243 sequuntur
867 3187 945 3223 me
974 3188 986 3222 :
1015 3171 1095 3223 dic
1113 3170 1302 3223 animae
1326 3185 1450 3223 mea:
1469 3185 1487 3222 :
1519 3168 1680 3224 Salus
1703 3179 1789 3223 tua
1811 3185 1903 3239 ego
1924 3164 2059 3222 sum;

630 3263 1028 3334 Confundantur
1069 3271 1114 3316 et
1154 3270 1512 3328 revereantur,
1549 3271 1572 3299 ε
1615 3271 1898 3332 ᾳιιίειέηιεε
1928 3263 2155 3317 animam

564 3373 755 3412 meam.

631 3451 946 3504 Auertantur
981 3454 1296 3512 retrorsum,
1338 3453 1386 3499 et
1429 3443 1840 3517 confundantur,
1875 3444 2156 3518 cogitantes

565 3541 693 3595 mihi
719 3539 878 3593 mala.

637 3630 800 3685 Fiant
840 3639 1096 3700 tamquam
1116 3629 1287 3702 pulvis
1314 3638 1433 3684 ante
1459 3630 1646 3700 faciem
1666 3630 1798 3684 uenti
1819 3646 1837 3685 :
1869 3637 1917 3685 et
1944 3630 2157 3697 angelus

566 3726 782 3781 Domini
801 3733 1074 3780 coarctans
1108 3739 1167 3779 σιν
1195 3741 1285 3778 eos
1323 3723 1343 3792 1

640 3817 761 3872 Fiat
793 3819 874 3871 via
913 3815 1122 3870 illorum
1166 3813 1388 3870 tenebrae
1417 3821 1466 3868 et
1507 3811 1806 3869 lubricum:
1848 3823 1897 3869 et
1941 3815 2160 3887 angelus

567 3910 781 3966 Domini
811 3924 1112 3982 persequens
1143 3923 1249 3961 eos.

640 4003 895 4071 Quoniam
925 4001 1086 4073 gratis
1110 3997 1488 4052 absconderant
1529 3997 1655 4051 mihi
1697 3998 1964 4052 interitum
1993 3998 2161 4068 laquei

564 4096 647 4151 sui
677 4109 696 4150 :
724 4109 1031 4165 supervacue
1065 4091 1500 4160 exprobrauerunt
1529 4091 1753 4144 animum
1785 4106 1969 4144 meam.

650 4187 832 4243 Veniat
876 4186 955 4240 illi
982 4183 1198 4255 laqueus
1223 4223 1238 4250 ,
1265 4199 1412 4254 quem
1449 4183 1674 4253 iqnorat,
1707 4191 1754 4236 et
1788 4183 1982 4252 captio,
2008 4198 2162 4250 quam

568 4277 861 4343 abscondit,
888 4274 1244 4347 apprehendat
1267 4286 1419 4328 eum:
1467 4285 1526 4326 -ε-
1559 4282 1606 4326 et
1654 4270 1676 4339 1
1708 4271 1760 4325 in
1802 4271 2042 4341 laqueum
2078 4289 2164 4326 ra-

567 4373 659 4426 dat
689 4367 707 4407 ί
734 4369 785 4422 in
806 4368 996 4440 ipsum.

2267 3186 2352 3228 me
2369 3181 2767 3242 persequuntur
2796 3168 3120 3225 :dicauimae
3137 3185 3267 3224 mca'
3285 3210 3300 3237 ,
3321 3169 3483 3224 Salus
3497 3177 3585 3223 tua
3603 3183 3699 3240 ego
3719 3184 3845 3222 sum.

2326 3261 2742 3318 Cttnfundantur
2779 3270 2833 3315 et
2876 3269 3233 3318 revereantttr
3280 3259 3295 3298 ί
3341 3260 3547 3318 inimici
3585 3259 3726 3331 mei,
3765 3258 3846 3330 qui

2258 3365 2508 3431 quzerunt
2536 3353 2775 3408 animum
2810 3367 3008 3408 meam.

2332 3448 2666 3502 Avertantur
2710 3456 3010 3500 retrorsum
3040 3487 3054 3513 ,
3097 3454 3152 3501 et
3181 3445 3546 3514 erubescant,
3590 3443 3676 3516 qui
3715 3442 3847 3513 cogi-

2263 3545 2379 3592 tant
2405 3535 2536 3608 [51s.
2571 3535 2896 3608 cogitantes]
2925 3535 3056 3590 mihi
3087 3537 3248 3592 mala.

2335 3627 2492 3683 Fiant
2523 3635 2795 3698 tamquam
2838 3627 3015 3697 pulvis
3037 3638 3164 3682 ante
3187 3626 3378 3683 faciem
3419 3625 3598 3695 venti,
3629 3633 3680 3683 et
3705 3638 3851 3695 ange-

2260 3722 2341 3778 lus
2371 3721 2582 3776 Domini
2619 3731 2632 3772 t
2668 3719 2913 3792 alﬂigens
2938 3735 3048 3778 eos.

2334 3813 2494 3870 Fiant
2524 3814 2624 3870 viae
2651 3829 2839 3870 eorum
2874 3815 3110 3871 tenebrat
3139 3825 3196 3872 et
3217 3815 3486 3872 lubricum
3514 3833 3529 3872 :
3559 3825 3614 3872 et
3641 3814 3847 3887 angelus

2266 3905 2476 3963 Domini
2506 3921 2840 3979 persequens
2869 3922 2985 3964 eos.

2337 3998 2604 4068 Quoniam
2641 4001 2806 4071 gratis
2858 3999 3264 4057 absconderant
3305 4001 3436 4058 mihi
3479 4000 3752 4058 interitum
3781 4000 3845 4055 la-

2264 4093 2387 4164 quei
2415 4091 2499 4147 sui
2526 4109 2539 4147 :
2563 4106 2703 4149 vane
2729 4093 3201 4162 exprobraverunt
3233 4095 3473 4150 animam
3503 4112 3702 4151 meam.

2339 4185 2537 4242 Veniat
2585 4186 2693 4242 illis
2735 4184 2959 4257 laqueus
3013 4201 3172 4258 quem
3228 4188 3514 4259 ignorant,
3565 4200 3618 4245 et
3660 4188 3840 4260 captio,

2270 4295 2432 4352 quam
2464 4279 2907 4347 occultaverunt,
2944 4280 3319 4351 apprehendat
3352 4280 3480 4353 μιε.
3512 4282 3846 4353 comprehen-

2267 4371 2380 4444 dat]
2411 4386 2504 4428 eos
2537 4389 2551 4427 :
2584 4381 2638 4428 et
2666 4372 2718 4427 in
2745 4372 2997 4443 laqueum
3022 4372 3257 4428 incidant
3283 4375 3334 4429 in
3365 4375 3626 4447 idipsum.
3657 4441 3659 4443 ι

636 4461 824 4516 Anima
844 4468 1020 4513 autem
1042 4471 1153 4511 mea
1183 4454 1461 4511 exsultabit
1492 4455 1544 4509 in
1573 4452 1795 4511 Domino
1818 4463 1863 4511 et
1883 4453 2164 4512 delectabi-
2188 4499 2246 4562 Β
2339 4465 2533 4520 Anima
2559 4473 2737 4520 autem
2767 4481 2886 4521 mea
2923 4465 3223 4522 exsultabit,
3251 4465 3304 4522 in
3339 4466 3571 4526 Domino
3603 4485 3616 4523 ε
3665 4477 3720 4525 οι
3758 4465 3841 4523 σε-

567 4567 651 4610 tur
671 4569 827 4625 super
849 4549 1068 4606 salutari
1093 4563 1210 4603 suo.

639 4747 665 4774 ει
693 4737 749 4792 In
786 4735 956 4792 Palat.
992 4745 1095 4788 ms.
1138 4737 1184 4786 et
1210 4744 1422 4800 sequere
1465 4742 1613 4798 eam,
1663 4729 1936 4786 recentior
1972 4747 2162 4789 manus

569 4811 806 4878 scripsit.

640 4871 864 4934 b'ldem
913 4892 1016 4932 ms.
1062 4871 1506 4946 prmpositionem
1550 4871 1698 4928 verbi
1739 4874 2002 4927 exaudivit
2034 4889 2164 4932 veru

571 4951 1003 5006 transverberat.

645 5032 668 5059 ε
695 5021 926 5076 Temere
948 5020 999 5074 in
1022 5017 1272 5073 Palatino
1294 5014 1417 5071 cod.
1438 5015 1659 5086 sequior
1674 5030 1862 5070 manus
1885 5018 2168 5088 reseiipsit

569 5091 884 5161 derelinquet
896 5131 908 5144 .

637 5161 664 5198 ά
695 5156 1140 5231 Ρτιῑυροείιίοηθιιι
1171 5178 1236 5214 ea:
1257 5159 1324 5216 de
1353 5173 1508 5213 more
1540 5156 1770 5231 Palatia.
1801 5173 1902 5231 nisi.
1930 5159 2161 5225 ὀϐελίζει.

644 5244 668 5271 ε
699 5228 898 5288 lterum
930 5231 1184 5287 secundis
1213 5232 1358 5286 curis
1401 5230 1697 5300 repositum
1726 5229 1778 5282 in
1806 5228 2032 5282 Palatin.
2060 5247 2162 5286 ms.

566 5305 654 5375 qtti
675 5311 934 5375 quterant.

645 5376 663 5412 τ
689 5371 870 5428 Carus
893 5371 1106 5426 obelum
1139 5371 1320 5426 verbis
1365 5371 1418 5423 in
1464 5372 1635 5438 ipsum
1676 5380 2069 5440 prmposuerat.
2104 5372 2160 5426 In

565 5444 798 5499 Palatiu.
851 5454 1029 5498 autem
1089 5443 1210 5497 cod.
1269 5444 1547 5511 rescripsit
1595 5443 1818 5510 sequior
1872 5457 2060 5496 manus
2110 5445 2163 5496 in

567 5533 704 5570 ιυεο.

625 5533 704 5570 so.

589 5533 665 5630 pe
694 5584 1046 5638 Continenter
1077 5598 1140 5635 cx
1171 5583 1393 5652 ᾼυέιιςι.
1427 5590 1485 5635 ιιι
1507 5592 1558 5635 et
1581 5592 1776 5636 cattcra
1810 5600 1926 5652 (μω
1958 5586 2010 5638 in
2040 5583 2164 5638 libri

565 5654 690 5709 albo
723 5653 1118 5707 anuotavimus.
1151 5651 1447 5706 Vcrouens.
1481 5667 1583 5706 ms.
1623 5651 1838 5708 Declina
1872 5671 1903 5708 a
1929 5655 2087 5721 malo,
2115 5663 2170 5709 ct

2269 4556 2563 4614 lectabitur
2591 4571 2755 4629 super
2777 4557 3017 4613 salutare
3040 4555 3066 4595 ¹ί
3098 4557 3238 4629 ejus.

2273 4735 2357 4805 fac
2377 4736 2514 4803 quod
2543 4735 2732 4789 bonum
2759 4745 2834 4790 est
2865 4751 2882 4790 .'
2911 4751 3082 4805 qurere
3109 4753 3316 4805 pacem,
3350 4747 3456 4794 etc.

2344 4806 2368 4842 ¹¹
2384 4807 2560 4876 Atque
2575 4808 2675 4860 hoc
2695 4809 2848 4862 unice
2869 4823 2990 4861 cum
3010 4813 3310 4877 Augustino
3331 4810 3630 4865 Veronens.
3661 4825 3757 4866 ms.
3776 4810 3847 4862 his

2271 4877 2360 4958 qui
2385 4880 2696 4958 obtriver-tmt
2734 4895 2822 4932 cor
2852 4894 2870 4933 :
2918 4888 3060 4950 tum,
3092 4878 3261 4934 salvos
3291 4881 3445 4951 faciet
3477 4898 3575 4952 pro
3617 4881 3843 4944 saluauit,

2273 4950 2389 5002 sive
2412 4950 2648 5003 salt-abit.

2352 5019 2366 5055 ί
2402 5019 2610 5101 Tacent
2633 5019 2684 5102 in
2719 5018 3017 5101 Veronensi
3047 5035 3148 5075 ms.
3180 5029 3238 5074 ut
3259 5031 3308 5076 et
3337 5021 3478 5092 apud
3511 5021 3844 5094 Augustinum

2271 5105 2433 5146 VOCCS
2464 5107 2657 5143 ιηηηιει
2689 5107 2810 5144 met.

2345 5163 2358 5210 t'
2403 5162 2566 5216 lnlem
2599 5161 2724 5216 libri
2771 5161 3025 5216 tribulans
3055 5179 3140 5217 eos
3172 5178 3190 5215 :
3225 5172 3335 5216 tum
3379 5165 3579 5220 minori
3617 5179 3843 5220 numero.

2269 5231 2395 5285 Fiat
2429 5232 2509 5285 via
2540 5247 2759 5286 eorum:
2803 5243 2858 5303 et
2893 5235 3055 5302 paulo
3101 5247 3222 5303 post
3252 5275 3266 5297 ,
3310 5235 3695 5290 absconderant
3738 5232 3846 5287 mihi

2272 5303 2655 5378 corruptionem
2679 5302 2984 5378 muscipula}
3013 5321 3142 5368 suto,
3175 5307 3317 5373 quod
3342 5322 3537 5362 nomen
3567 5324 3665 5378 pro
3685 5307 3845 5373 laqueo

2272 5374 2728 5441 subsequentibus
2775 5373 2908 5427 locis
2959 5373 3152 5428 iterum
3218 5379 3519 5443 iterumque
3567 5373 3789 5432 'servant
3833 5391 3844 5425 ί

2272 5443 2558 5527 muscipula
2590 5460 2745 5508 quant
2777 5445 3062 5512 ignorant:
3096 5455 3148 5498 et
3169 5485 3182 5510 ,
3214 5446 3265 5500 in
3310 5449 3605 5519 muscipula
3643 5446 3846 5502 incident

2272 5532 2408 5568 ιηδπ.

2328 5533 2408 5568 δα.

2293 5533 2372 5621 pl-
2410 5584 2633 5640 l.ibrarii
2680 5583 2877 5658 mendo
2924 5594 3068 5638 tuum
3111 5585 3242 5654 legit
3289 5586 3587 5646 \‘eroneus.
3630 5604 3728 5646 tus.
3769 5598 3850 5658 pro

2277 5673 2460 5724 suum,
2497 5666 2555 5712 ut
2577 5665 2657 5712 cst
2680 5655 2820 5725 apud
2848 5656 3224 5728 Augustinum.
