3936 6180
160 284 252 340 17⁵1
1427 277 1629 333 LIBER
1671 276 1706 333 P

1842 276 2121 336 .MORUM.

3325 284 3430 343 I78

225 399 384 455 Omnia
421 413 532 454 ossa
575 414 690 452 nia
741 398 933 469 dicent_
960 413 978 452 :
1010 395 1254 462 Domine,
1295 395 1409 468 quis
1438 394 1635 466 :siinitis
1681 404 1702 432 ³
1735 399 1787 456 Α
1881 395 2072 450 Omnia
2098 407 2221 449 ossa
2249 408 2365 449 mea
2392 394 2577 450 dicent
2603 412 2616 450 :
2644 394 2896 458 Domine,
2920 393 3042 464 quis
3063 391 3262 448 similis
3291 395 3424 452 tibi?

159 501 243 554 tibi
261 502 284 553 .’

217 592 426 661 Eripiens
452 591 662 657 inopem
702 591 773 644 de
801 606 958 642 manu
985 589 1258 658 [ortinrum
1294 590 1408 659 ejus
1442 603 1461 640 :
1495 603 1710 656 egenum

147 694 189 738 et
207 699 456 754 pauperem
483 699 513 734 a
530 682 904 748 diripientibus
925 697 1059 734 eum.
1086 676 1410 748 Surgentesb
1429 688 1580 732 testes
1604 678 1708 730 ini-

153 796 170 846 tl
181 778 224 830 Ii
247 793 350 845 qua’
369 776 677 847 ignorabam
700 774 1083 842 interrogabant
1109 788 1205 825 me.

206 867 551 921 Iletribuebant
605 865 743 920 mihi
791 866 927 919 mala
975 880 1068 934 pro
1117 864 1264 918 bonis
1308 880 1327 916 :

146 961 299 1011 animi?
323 975 467 1013 mete.

196 1051 290 1123 Ego
319 1060 490 1106 autem
519 1069 646 1104 cum
686 1053 812 1106 milii
851 1051 1051 1106 molesti
1083 1059 1249 1104 essent
1279 1067 1298 1104 :
1341 1048 1598 1104 induebar
1636 1049 1710 1102 ci-

138 1145 252 1197 licio.

191 1235 534 1289 Humiliabam
573 1237 630 1289 in
674 1236 881 1308 jejunio
925 1237 1152 1289 animant
1182 1250 1348 1288 meam
1381 1249 1400 1288 :
1443 1242 1490 1288 et
1536 1235 1707 1288 oratio

135 1345 224 1380 tum
247 1329 293 1380 in
314 1331 428 1380 sinu
450 1346 564 1382 meo
596 1339 946 1383 conrertetur.

191 1420 334 1483 Quasi
371 1422 706 1489 proximum,
757 1432 780 1459 ε
825 1431 873 1474 et
904 1421 1053 1490 quasi
1092 1424 1310 1490 fratrem
1357 1428 1610 1484 nostrum,
1637 1419 1710 1472 sic

132 1511 480 1574 annplaccbam
503 1527 522 1562 :
546 1511 705 1578 quasi
732 1511 911 1582 lugens
938 1520 984 1566 et
1017 1513 1373 1576 contristatus,
1415 1511 1488 1565 sic
1531 1511 1709 1564 [tienti-

134 1602 293 1653 dabor.

188 1691 244 1745 Et
273 1693 544 1747 diuersum
588 1711 673 1748 me
702 1695 863 1748 lwtati
891 1703 1034 1759 sunt,
1066 1703 1112 1747 et
1142 1703 1489 1762 convenerunt
1524 1709 1542 1749 :
1571 1710 1697 1749 con-

132 1795 307 1852 gregata
325 1796 440 1838 sunt
463 1803 632 1856 super
663 1803 742 1839 me
765 1785 1003 1858 ﬂagella,
1032 1797 1076 1840 et
1106 1787 1360 1856 ignoravi.

186 1873 416 1945 Di:sipati
440 1887 605 1940 sunt,
642 1894 732 1931 nec
762 1878 1054 1945 compuncti
1072 1917 1085 1941 .
1113 1887 1429 1932 tentarerunt
1457 1894 1565 1944 me,
1593 1878 1715 1931 sub-

129 1980 438 2022 sannareruut
466 1986 552 2022 me
594 1969 1035 2024 subsannatione:
1075 1971 1422 2040 [renduerunt
1454 1985 1610 2039 super
1627 1986 1708 2024 me

141 2060 337 2113 dentibus
366 2062 492 2116 suis.

187 2153 408 2218 Domine,
438 2157 666 2223 quando
700 2155 984 2226 respicies?
1018 2155 1250 2208 llestitue
1273 2156 1502 2208 animam
1539 2170 1709 2208 meam

136 2258 159 2292 η
178 2247 472 2314 ntalignitate
503 2263 693 2300 eorum
716 2292 729 2314 ,
764 2264 797 2300 a
826 2245 1057 2299 leonibus
1085 2247 1295 2299 unicam
1323 2262 1513 2299 meam.

185 2336 450 2404 Conﬁtebor
480 2340 577 2393 tibi
609 2340 663 2393 in
693 2338 908 2392 ecclesia
956 2353 1144 2408 magna
1183 2353 1202 2392 :
1236 2338 1287 2391 in
1319 2337 1517 2408 populo
1565 2336 1711 2407 gravi

134 2427 315 2482 ltndabo
335 2438 402 2484 lc.

188 2519 290 2576 Non
335 2523 771 2594 supergaudennt
820 2524 983 2594 mihi,
1034 2525 1124 2596 qui
1187 2526 1536 2579 adversantur
1583 2525 1712 2579 mihi

137 2614 269 2683 inique
297 2631 312 2669 :
343 2618 426 2686 qui
463 2619 692 2670 oderunt
725 2633 806 2668 me
832 2617 992 2688 gratis
1013 2657 1028 2679 ,
1064 2627 1110 2669 et
1141 2627 1382 2670 annuunt
1411 2616 1598 2670 oculis.

190 2706 420 2771 Quoniam
465 2710 605 2762 milii
650 2708 859 2778 quidem
899 2709 1111 2778 paciﬁre
1143 2709 1484 2777 loquebantur
1514 2723 1533 2761 :
1566 2718 1611 2762 et
1654 2708 1708 2762 in

133 2794 459 2872 iracundia
487 2813 646 2855 terra:
682 2799 705 2866 ζ
736 2796 762 2834 ι¹
793 2799 1055 2870 loquentes
1086 2799 1234 2854 dolos
1261 2799 1578 2870 cogitabant.

193 2889 248 2942 Et
275 2891 627 2947 dilataveruttl
651 2907 808 2961 super
832 2908 910 2944 me
937 2907 993 2946 os
1017 2909 1189 2961 suum,
1221 2892 1468 2947 dixerunt
1493 2908 1510 2946 :
1537 2889 1704 2962 Euge,

136 2994 265 3048 euge,
293 2983 530 3037 viderunt
561 2983 699 3036 oculi
727 2981 914 3035 nostri.

198 3070 397 3143 Vidisti,
431 3075 664 3131 Domine
687 3116 700 3142 ,
735 3090 796 3128 ne
843 3074 998 3128 sileas
1044 3090 1063 3128 :
1097 3073 1344 3143 Domine,
1376 3091 1439 3130 ne
1467 3074 1705 3130 discedas

138 3176 161 3210 α
189 3177 274 3215 ille.

195 3253 427 3328 Exsurge,
474 3267 526 3313 et
561 3259 772 3314 in'ende
807 3257 1014 3331 judicio
1059 3273 1168 3311 meo
1225 3273 1243 3311 :
1275 3255 1416 3312 Deus
1448 3275 1624 3328 meus,
1655 3267 1702 3312 et

144 3346 356 3406 Dominus
389 3363 409 3390 ε
442 3371 589 3408 nteus
616 3355 667 3407 in
697 3370 907 3406 causam
938 3369 1126 3406 meam.

194 3440 355 3496 iudica
383 3463 458 3499 me
486 3446 780 3499 secundum
803 3445 1067 3518 justitiam
1093 3454 1266 3512 tuam,
1301 3443 1520 3500 Domine
1562 3441 1704 3498 Deus

139 3551 279 3604 meus,
308 3550 349 3594 et
375 3561 478 3596 non
518 3544 940 3611 supergaudeant
968 3541 1116 3596 mihi.

197 3633 301 3689 Non
327 3638 498 3693 dicunt
533 3639 586 3691 in
613 3637 858 3691 cordibus
885 3637 993 3690 suis
1023 3651 1039 3687 :
1070 3634 1236 3705 Euge,
1271 3632 1290 3672 τ
1323 3651 1475 3705 euge,
1512 3635 1706 3689 anima:

141 3739 294 3782 nostra:
323 3748 339 3786 :
367 3751 456 3787 nec
490 3735 671 3786 dicant
703 3748 721 3785 :
755 3729 1123 3784 Devoravimus
1153 3747 1288 3784 eum.
1483 3791 1508 3806 ἒ

199 3817 496 3879 Ειιιειεπαηι
519 3866 534 3892 ,
568 3833 615 3878 et
646 3833 982 3878 reeereantur
1016 3822 1199 3890 simul,
1242 3821 1332 3892 qui
1377 3822 1707 3892 gratulantur

144 3914 273 3966 matis
301 3918 438 3971 meis.

200 4001 471 4063 lnduantur
500 4007 822 4079 confusione
862 4015 909 4059 et
939 4005 1228 4061 reverentia
1253 4046 1268 4071 ,
1308 4005 1398 4076 qui
1453 4015 1477 4054 ις
1522 4023 1708 4079 magna

146 4090 378 4161 lojuuntur
412 4117 566 4174 super
598 4116 700 4153 me.

202 4184 454 4245 Exsultent
474 4235 488 4258 ,
521 4202 567 4246 et
593 4193 836 4246 la'tentur
862 4190 948 4259 qui
980 4190 1156 4243 volunt
1199 4191 1464 4264 justitiam
1493 4208 1658 4246 meatu
1687 4209 1705 4247 :

143 4283 176 4326 et
215 4280 363 4339 dicant
416 4303 611 4358 semper
641 4304 655 4340 :
695 4284 1062 4354 Magniﬁcetur
1088 4281 1378 4350 Dominus,
1410 4284 1497 4354 qui
1528 4286 1706 4339 volunt

149 4386 285 4435 pacem
307 4379 441 4433 servi
465 4381 598 4448 ejus.

208 4463 256 4516 Et
297 4470 478 4540 lingua
524 4486 636 4525 mea
686 4466 1026 4523 meditabitur
1044 4467 1306 4539 justitiam
1338 4475 1483 4522 tuam

152 4552 214 4610 die
237 4561 429 4619 laudem
460 4575 625 4619 tuam.

1383 863 1710 918 sterilitatem

1537 4483 1556 4523 .'
1603 4476 1709 4523 tota

1733 3160 1780 3222 C

1814 489 2052 558 eripiens
2078 488 2205 560 μιδ.
2233 489 2457 559 eruensl
2481 491 2700 560 inopem
2725 490 2792 544 de
2815 504 2972 543 manu
2997 486 3238 542 fortioris
3261 489 3380 556 ejus
3404 506 3418 541 :

1815 598 2044 654 egenum
2089 593 2144 637 et
2190 597 2482 653 pauperem
2515 598 2543 637 a
2587 583 2924 653 ralientibus
2962 597 3083 637 eum
3114 579 3241 654 llis.
3278 581 3414 638 diri-

1816 674 2137 746 pientibus].

1887 769 2262 839 Exsurgentes
2294 770 2422 841 [31s.
2461 769 2831 838 [insurgentes]
2871 775 3037 824 testes
3074 767 3266 838 iniqui,
3291 783 3414 835 quae

1814 860 2128 930 ignorabam
2169 861 2580 933 interrogabant
2617 877 2702 917 me
2755 879 2768 914 :
2812 869 2868 915 et
2898 859 3026 932 'lMs.
3073 870 3173 915 tac.
3213 857 3289 931 et]
3327 875 3414 914 re-

1813 953 2130 1008 tribuebant
2175 954 2309 1009 inibi
2361 954 2501 1009 mala
2553 969 2650 1026 pro
2702 954 2901 1018 bonis,
2957 960 3016 1008 et
3068 951 3411 1008 sterilitatem

1811 1045 2004 1100 animae
2045 1061 2202 1101 meze.

1887 1139 1997 1208 Ego
2026 1150 2208 1194 autem
2251 1139 2374 1193 dum
2409 1139 2540 1210 [.ils.
2582 1138 2729 1211 cum]
2772 1138 2901 1192 mihi
2934 1136 3146 1192 molesti
3179 1143 3365 1190 essent
3397 1152 3412 1188 :

1812 1232 2100 1287 induebam
2134 1248 2220 1287 me
2248 1232 2426 1288 cilicio
2459 1233 2588 1303 ιΜδ.
2634 1232 2931 1303 cilicium],
2974 1243 3026 1285 et
3055 1229 3409 1284 ltuiniliabam

1812 1325 1864 1379 in
1896 1324 2103 1394 jejunio
2131 1325 2366 1378 animam
2401 1339 2600 1389 meam,
2632 1331 2689 1379 et
2717 1324 2894 1378 oratio
2919 1338 3036 1377 mea
3062 1323 3114 1376 in
3146 1321 3268 1375 sinu
3291 1335 3411 1376 meo

1812 1417 1940 1489 [51s.
1973 1417 2164 1473 Sinum
2192 1418 2394 1489 meum]
2424 1417 2864 1472 convertebatur.

1884 1509 2036 1566 Sicut
2058 1511 2386 1580 proximum,
2413 1519 2465 1564 et
2494 1509 2623 1580 Ws.
2653 1521 2754 1563 tae.
2781 1508 2858 1580 et]
2881 1509 3017 1563 sicut
3045 1507 3262 1563 fratrem
3294 1523 3414 1562 nos-

1812 1612 1988 1671 trum,
2025 1607 2095 1658 ita
2125 1602 2534 1673 complacebam
2570 1620 2582 1655 :
2611 1613 2866 1672 tanquam
2903 1600 3096 1671 lugens
3127 1608 3182 1655 et
3209 1600 3413 1655 contri-

1809 1703 1984 1749 status
2003 1737 2018 1760 ,
2049 1697 2120 1748 ita
2149 1695 2496 1749 bumiliabar.

1886 1784 2215 1841 hAdversus
2265 1802 2350 1841 me
2392 1785 2554 1840 laéttti
2605 1794 2761 1849 sunt,
2805 1794 2860 1840 et
2905 1795 3310 1853 convenerunt,
3356 1794 3412 1841 et

1816 1885 2285 1948 congregaverunt
2308 1877 2360 1932 in
2395 1894 2480 1932 me
2507 1878 2716 1948 ﬂagella
2741 1919 2755 1941 ,
2787 1887 2842 1933 et
2872 1878 3285 1947 ignoraverunt.

1887 1969 2142 2025 Dissoluti
2160 1981 2305 2035 sunt,
2325 1985 2424 2025 nec
2439 1970 2748 2039 compuncti
2763 1979 2908 2036 sunt,
2934 1980 3276 2027 tentaverunt
3295 1952 3408 2038 me,

1813 2069 1870 2117 et
1894 2062 2205 2116 deriserunt
2234 2061 2416 2116 derisu
2440 2061 2771 2116 :striderunt
2799 2063 2851 2116 in
2881 2078 2964 2116 tne
2989 2063 3246 2118 dentibus
3268 2065 3403 2119 suis.

1887 2153 2147 2220 Domine,
2217 2154 2432 2223 quando
2498 2152 2798 2223 respicies?
2849 2154 3093 2209 Πρςιίιιιθ
3164 2157 3400 2210 animum

1816 2262 1990 2300 meam
2023 2263 2052 2301 a
2099 2246 2399 2301 malefactis
2438 2247 2580 2318 [.lls.
2617 2248 2683 2303 ab
2714 2247 2968 2320 astutiis]
3015 2265 3240 2316 eorum,
3288 2260 3341 2305 et
3371 2266 3403 2306 a

1815 2337 2067 2394 leonibus
2097 2340 2310 2393 unicam
2334 2354 2535 2394 meam.

1884 2429 2196 2486 Conﬁtebor
2228 2433 2361 2499 tibi,
2406 2432 2656 2498 Domine,
2689 2433 2742 2486 in
2768 2432 3000 2488 ecclesia
3031 2449 3221 2504 magna
3251 2433 3265 2506 [
3297 2433 3400 2490 Ms.

1813 2525 1981 2580 multa
2011 2523 2026 2594 ]
2059 2541 2073 2581 :
2107 2525 2158 2579 in
2191 2525 2384 2594 popqu
2412 2525 2560 2592 gravi
2595 2524 2826 2579 laudabo
2854 2533 2925 2579 te.

1887 2617 1953 2672 Ut
1978 2615 2114 2688 His.
2149 2626 2276 2669 tacet
2298 2626 2354 2669 ut
2379 2615 2396 2687 j
2421 2632 2524 2669 non
2555 2616 2815 2670 insultent
2854 2617 2905 2671 in
2937 2632 3023 2672 me
3058 2617 3183 2689 [Με.
3216 2618 3343 2672 mihi
3367 2619 3404 2689 ],

1811 2709 1900 2781 qui
1925 2708 2278 2764 adversantur
2303 2709 2432 2763 mihi
2457 2708 2639 2777 inique
2674 2727 2686 2762 :
2718 2709 2812 2779 qui
2840 2709 3071 2766 oderunt
3103 2728 3185 2766 me
3209 2711 3404 2782 gratis,

1811 2803 2193 2858 ctannucbant
2223 2801 2349 2874 [.lls.
2377 2803 2705 2873 annuentes]
2736 2805 2933 2858 oculis.

1881 2895 2147 2963 Quoniam
2177 2895 2306 2949 mibi
2329 2895 2546 2966 quidem
2578 2896 2805 2964 pacitice
2838 2895 2854 2966 [
2885 2894 2990 2949 Ms.
3021 2895 3244 2966 pacifica
3277 2875 3401 2965 1ιό-

1811 2987 2120 3056 quebantur
2153 3007 2166 3040 ;
2211 2996 2264 3041 et
2295 3003 2461 3056 super
2492 2987 2628 3041 iram
2660 2986 2786 3057 [Με.
2820 2986 2872 3041 in
2903 2987 3004 3058 ira]
3035 2987 3224 3042 dolose
3251 2988 3400 3059 cogi-

1813 3078 2016 3134 labant.

1891 3170 1903 3207 ί
1939 3171 2310 3226 Dilataverunt
2333 3170 2386 3224 in
2417 3186 2503 3227 me
2546 3186 2608 3226 os
2649 3185 2840 3238 suum,
2876 3169 3134 3226 dixerunt
3169 3189 3180 3224 :
3211 3170 3399 3243 Euge,

1807 3279 1978 3333 euge,
2012 3263 2267 3318 viderunt
2297 3264 2436 3318 oeuli
2486 3264 2656 3318 nostri
2693 3281 2708 3319 :
2742 3261 2961 3331 vidisti,
3019 3263 3244 3318 Domine
3267 3305 3282 3329 ,
3333 3278 3402 3318 ne

1807 3358 1938 3412 sitas
1963 3376 1974 3410 :
2003 3357 2250 3424 Domine,
2284 3373 2350 3410 ne
2381 3356 2627 3413 discedas
2659 3373 2687 3411 a
2721 3372 2827 3415 me.

1882 3450 2170 3520 Exsurge,
2221 3450 2449 3506 Domine
2477 3492 2492 3516 ,
2533 3458 2589 3505 et
2641 3450 2862 3505 intende
2914 3449 3176 3518 judicium
3219 3463 3400 3503 meum

1811 3544 1831 3616 [
1859 3544 1960 3597 Ms.
1986 3544 2190 3615 judicio
2221 3542 2385 3615 meo]
2419 3543 2563 3598 Dens
2588 3559 2770 3609 meus,
2803 3554 2856 3598 et
2881 3543 3144 3598 Dominus
3171 3557 3326 3598 meus
3349 3542 3403 3597 in

1808 3651 2031 3692 causam
2063 3651 2261 3691 meant.

1880 3729 2075 3784 Judiea
2123 3743 2209 3783 me
2258 3729 2270 3778 i
2327 3726 2628 3782 secundum
2671 3740 2920 3793 magnam
2973 3724 3402 3781 misericordiam

1811 3830 1958 3877 tuam
1985 3863 2001 3889 ,
2034 3822 2078 3875 ῐ)
2100 3821 2266 3876 imine
2291 3821 2436 3874 Deus
2467 3834 2617 3874 meus
2637 3860 2651 3885 ,
2686 3828 2740 3873 ut
2767 3835 2872 3873 non
2899 3819 3164 3875 insultent
3219 3820 3273 3873 in
3315 3835 3404 3876 mc

1811 3915 2018 3971 inimici
2046 3915 2149 3969 mei
2189 3930 2202 3967 :
2235 3928 2336 3968 nec
2366 3911 2548 3967 dicant
2600 3912 2652 3966 in
2702 3913 2960 3968 cordibus
2999 3915 3112 3970 suis
3159 3931 3172 3968 :
3218 3914 3404 3985 Euge,

1809 4023 1978 4079 euge,
2008 4007 2202 4061 animm
2227 4016 2450 4071 nostrze,
2473 4021 2572 4060 nec
2593 4005 2802 4061 dicant:
2831 4007 2912 4062 0b
2945 4007 3230 4063 orbuimus
3254 4024 3402 4063 eum.

1884 4098 2256 4167 Erubescant,
2311 4108 2364 4154 et
2412 4108 2770 4152 revereantnr
2818 4099 3021 4161 simul,
3076 4101 3164 4170 qui
3214 4109 3402 4169 gratu-

1810 4191 1991 4246 lantur
2022 4189 2177 4244 malis
2211 4190 2344 4245 meis
2372 4209 2384 4244 :
2419 4188 2718 4244 induantur
2746 4191 2952 4260 pudore
2979 4201 3031 4246 et
3062 4193 3366 4247 reverentia
3395 4233 3412 4261 ,

1811 4282 1901 4354 qui
1932 4297 2122 4352 magna
2155 4282 2452 4352 loquuntur
2480 4282 2766 4337 adversum
2799 4298 2906 4337 me.

1886 4377 2170 4432 Exsultent
2199 4386 2248 4431 et
2279 4377 2532 4430 lmtentur
2555 4377 2646 4446 qui
2678 4377 2870 4431 volunt
2890 4374 3156 4445 justitiam
3182 4389 3358 4429 meam
3393 4393 3406 4429 :

1811 4477 1868 4526 et
1897 4469 2079 4524 dicant
2107 4484 2360 4540 semper:
2387 4470 2757 4538 Magnilicetur
2780 4469 3064 4532 Dominus,
3097 4468 3189 4536 qui
3222 4467 3411 4522 volunt

1814 4577 2000 4633 pacem
2029 4561 2174 4616 servi
2203 4562 2340 4630 ejus.
2372 4562 2479 4617 Sed
2510 4561 2640 4634 [Ms.
2670 4572 2801 4617 tacet
2838 4560 2956 4631 sed]
2996 4569 3051 4615 et
3077 4561 3254 4629 lingua
3288 4575 3409 4617 mea

1735 4623 1788 4684 Β
1818 4623 2175 4714 meditabitur
2199 4657 2468 4728 justitiam
2507 4623 2652 4711 iuam
2690 4665 2840 4711 :tota
2865 4655 2953 4710 die
2984 4653 3197 4709 laudem
3239 4661 3409 4709 tuam.

210 4877 337 4954 ξξίέ.
359 4881 635 4939 Palatinus
663 4883 782 4954 quis
811 4882 998 4935 similis
1027 4883 1151 4938 tui?

210 4943 232 4981 δ
259 4950 424 5006 Denuo
449 4943 843 5017 temere'nrior
866 4955 904 5008 S
936 4955 1115 5008 littera
1141 4956 1192 5010 in
1223 4955 1454 5011 Palatin.
1487 4970 1588 5012 ms.
1614 4955 1708 5013 de-

158 5011 280 5096 letur,
309 5033 366 5077 ut
393 5026 602 5095 legatur
631 5011 740 5081 alio
763 5040 958 5096 sensu,
987 5024 1257 5096 Urgentes.

215 5093 502 5164 {incudem
537 5112 641 5150 IIIS.
677 5106 724 5150 et
753 5095 946 5164 Copula
981 5093 1344 5152 (le-'ideratur.

180 5155 233 5236 ,ἀ
259 5163 464 5238 videtur
494 5169 678 5232 ipsum
711 5155 930 5238 quoque
977 5169 1200 5222 verbum
1234 5169 1495 5238 loquentes
1518 5214 1531 5235 ,
1567 5177 1710 5223 aste—

159 5239 267 5283 TISCII
313 5236 724 5303 illustrandum,
774 5237 891 5292 sive
946 5238 1046 5306 ipsi
1090 5236 1468 5309 postponenda
1528 5239 1708 5294 ﬁnalia

162 5309 357 5380 Intacta:
388 5309 440 5363 in
484 5309 695 5364 Graecis
733 5309 887 5380 enim
943 5309 1349 5378 exeinplaribns
1404 5313 1709 5365 consitionis

161 5368 369 5453 editionis
393 5391 684 5453 utrumque
713 5379 1058 5433 desideratur
1083 5368 1218 5453 ..γῆς
1238 5382 1526 5442 λαλοῦντες.

165 5451 233 5560 ὼε
257 5445 304 5499 In
342 5445 606 5504 Palatino
633 5465 738 5504 ms.
771 5464 1073 5519 pronomen
1104 5445 1282 5520 meus,
1328 5453 1486 5507 obelo
1529 5450 1715 5507 confo-

211 5528 293 5560 .lll'_

194 5524 293 5569 ιειιτ.

220 5581 484 5662 ξΑΙιθτυιῐι
516 5607 651 5662 euge
701 5592 753 5645 in
804 5591 1039 5646 Palatio.
1093 5608 1195 5648 ms.
1251 5609 1382 5648 veru
1437 5593 1718 5662 prmlisnm

166 5647 326 5731 habet:
371 5670 483 5714 tum
514 5647 880 5717 dedorabimus
913 5677 1010 5730 pro
1037 5647 1392 5718 devoraoimus
1423 5647 1642 5731 legitur.

222 5727 398 5809 Fllaud
447 5732 583 5784 bene
626 5735 682 5788 in
731 5727 922 5790 eodeni
959 5748 1086 5804 ins.,
1125 5736 1356 5808 maligna
1387 5727 1675 5809 loquuntur
1703 5748 1722 5787 :

171 5804 244 5862 pro
266 5814 436 5874 magna
463 5844 478 5873 ,
509 5814 617 5861 etc.

1890 4883 1918 4924 ιι
1947 4883 2295 4961 Continenter
2319 4889 2471 4961 juxta
2500 4888 2728 4956 August.
2753 4884 3056 4961 Veronens.
3099 4897 3203 4937 ms.
3239 4893 3286 4937 et
3311 4885 3412 4937 ad-

1816 4974 1989 5012 versus
2029 4977 2108 5013 me
2136 4959 2299 5014 lwtati
2319 4955 2476 5023 sunt,
2509 4968 2556 5010 et
2594 4955 2936 5009 convenerunt
2968 4955 3019 5007 in
3050 4971 3211 5008 unum
3232 4996 3246 5015 .
3291 4971 3419 5008 con-

1816 5038 2026 5100 gregata
2059 5041 2179 5084 sunt
2228 5033 2280 5084 in
2310 5048 2389 5084 me
2416 5027 2658 5100 ﬂagella,
2703 5034 2752 5079 et
2775 5026 3164 5100 ignoraveruut.
3196 5025 3414 5080 Discissi

1816 5095 1933 5153 sunt
1958 5117 1976 5154 :
2008 5109 2116 5155 tum
2149 5111 2193 5154 et
2227 5095 2667 5154 subsan'naiverunt
2694 5111 2776 5147 me
2799 5095 3278 5162 subsamtationem,
3303 5105 3411 5151 etc.

1896 5170 1909 5207 ί
1944 5171 2006 5242 In
2033 5171 2332 5242 Augustino
2359 5180 2413 5242 et
2450 5165 2743 5242 veronensi
2778 5182 2906 5242 ius"
2940 5176 2986 5220 et
3021 5169 3364 5242 dilatat-erunt
3394 5182 3413 5220 :

1821 5252 1931 5296 tum
1963 5237 2252 5310 idetn'plus
2286 5239 2454 5292 habet
2480 5237 2723 5288 dixerunt
2754 5237 3080 5310 liti/ti,(]ll0d
3113 5251 3412 5310 pronon‘ien

1821 5327 1995 5381 neque
2026 5306 2248 5366 Glaucus
2281 5311 2399 5377 ipse
2428 5315 2608 5360 textus
2629 5345 2642 5369 ,
2681 5320 2783 5361 nec
2814 5306 2960 5375 libri,
2994 5323 3130 5377 quos
3153 5307 3291 5370 scio,
3319 5307 3411 5359 alii

1821 5383 2043 5438 habent.

1902 5454 1915 5501 ἰ
1944 5451 1995 5503 In
2021 5445 2321 5503 Veronensi
2347 5459 2500 5514 reque
2529 5450 2691 5512 atque
2714 5443 3105 5511 Angustiniano
3127 5445 3414 5514 Psalterio.

1825 5522 2018 5574 Indica
2050 5534 2152 5583 me,
2191 5513 2438 5577 Domine,
2470 5517 2748 5567 secundum
2774 5516 3036 5585 justitiam
3067 5532 3236 5568 meum
3262 5557 3275 5577 ,
3305 5513 3411 5567 Do-

1829 5593 1962 5644 mine
1989 5589 2128 5642 De-us
2175 5603 2348 5650 meus,
2401 5602 2501 5638 non
2534 5587 2802 5648 insultent,
2829 5595 2959 5645 εις..
2992 5604 3094 5638 non
3143 5589 3317 5638 dicant
3362 5587 3415 5638 in

1829 5661 1983 5716 corde
2008 5676 2124 5724 sua,
2157 5670 2207 5712 et
2242 5656 2597 5711 absorbuimus
2623 5672 2719 5722 pro
2749 5657 3106 5710 obsorbuimus
3136 5673 3152 5708 :
3185 5658 3417 5722 denique

1833 5733 1991 5800 paulo
2019 5739 2173 5800 post,
2215 5728 2544 5799 gratulantur
2572 5728 2719 5781 malis
2751 5729 2896 5800 meis,
2928 5731 3214 5788 induuntur
3239 5728 3422 5797 (ωειίιο

1830 5805 2022 5861 sionem
2051 5812 2096 5858 et
2118 5801 2471 5858 t'stu'rentiam.
