3936 6180
503 289 611 349 ηρ
1510 276 1570 335 s.
1612 268 1997 334 utenouvut
2034 268 2057 326 ι

2244 266 2269 325 t
2307 263 2788 345 BlBLlOTtlECA.
3704 259 3798 318 ιω

1793 386 2494 469 εΡεΑιλωδξχΧΧν.

513 520 521 573 ε
554 514 574 545 ί·
810 512 837 542 α
860 517 910 559 IN
949 517 1141 568 rtusu,
1182 514 1350 557 senvo
1387 512 1571 557 nonum
1609 511 1793 554 DAYID.
2132 496 2188 555 Λ
2264 506 2318 549 IN
2356 505 2547 560 manu,
2588 504 2762 547 senvo
2799 503 2981 547 noutut
3019 503 3180 545 otvm
3219 484 3366 560 [Με.
3408 495 3511 541 ιιδει
3549 484 3753 560 ωνω]
3788 489 3796 559 ξ

583 598 730 653 Dixit
761 599 988 671 injttsttts
1016 639 1030 660 ,
1059 604 1118 649 ut
1146 595 1417 668 delinquat
1444 595 1502 649 in
1540 591 1813 664 semetipso
1848 606 1863 643 :
1896 605 2000 644 non
2034 596 2110 643 est
2882 597 3136 639 nsanos.

518 694 671 748 timor
695 689 792 745 Dei
819 699 939 745 ante
962 687 1142 744 oculos
1169 692 1307 761 ejus.
2284 678 2431 734 Dixit
2468 677 2706 748 injustas
2727 717 2743 745 ,
2797 684 2857 733 ut
2906 677 3189 749 delinquat
3233 678 3287 734 in
3316 676 3619 749 semetipso
3646 692 3665 732 :
3696 688 3794 733 nos

581 783 837 849 Quoniam
869 781 1049 836 dolose
1078 782 1179 851 egit
1206 781 1261 834 in
1292 787 1569 851 conspectu
1595 778 1755 848 eius:
1785 783 1841 831 ut
1869 772 2106 830 inuenia-
2211 779 2295 828 est
2321 773 2485 827 timor
2515 771 2612 827 Dei
2641 780 2769 826 ante
2795 770 2983 826 oculos
3011 770 3151 842 ejus.

512 885 594 931 tur
618 876 862 946 iniquitas
886 878 996 948 ejus
1018 873 1087 927 ad
1115 872 1314 927 odium.
2279 865 2546 934 Quoniam
2578 864 2770 920 dolose
2796 865 2908 936 egit
2938 865 2990 920 in
3020 871 3322 934 conspectu
3348 864 3469 937 ejus
3514 882 3527 920 :
3554 872 3617 921 ut
3644 862 3791 920 inve-

588 967 755 1022 Verba
783 968 886 1022 oris
906 968 1019 1037 ejus
1043 966 1294 1038 iniquitas
1315 973 1364 1021 ct
1385 962 1538 1019 dolus
1560 976 1579 1017 :
1603 961 1769 1017 noluit
1790 959 2103 1031 intelligere,
2211 956 2357 1012 niret
2386 957 2729 1028 iniquitatem
2763 973 2915 1013 suam
2946 965 3005 1013 et
3039 953 3057 993 ί
3089 957 3297 1013 odium.

509 1071 565 1117 ut
593 1060 715 1116 bene
740 1069 933 1131 ageret.
2290 1050 2462 1106 Verba
2488 1052 2602 1105 oris
2620 1051 2740 1120 ejus
2771 1051 3032 1121 iniquitas
3069 1060 3127 1106 et
3169 1050 3364 1118 dolus,
3398 1050 3576 1108 noluit
3604 1052 3795 1109 intelli-

580 1150 921 1221 Iniquitatem
953 1151 1231 1206 meditatus
1284 1158 1358 1205 est
1401 1149 1457 1203 in
1509 1145 1670 1203 cubili
1714 1160 1808 1201 suo
1841 1161 1857 1199 :
1891 1144 2051 1199 astitit
2077 1142 2104 1183 ιι
2212 1160 2341 1218 gere
2366 1186 2380 1211 ,
2412 1156 2468 1201 ut
2499 1144 2639 1202 bene
2669 1153 2861 1218 ageret
2894 1164 2905 1199 :
2939 1144 3287 1218 iniquitatem
3313 1145 3609 1203 meditatus
3639 1148 3792 1204 estin

512 1249 567 1313 ιε-
614 1246 756 1301 omni
788 1245 810 1317 1
844 1247 938 1302 viae
967 1262 1068 1301 non
1121 1246 1296 1314 bonae,
1343 1244 1601 1300 malitiam
1634 1255 1695 1298 οε-
1742 1248 1913 1297 autem
1944 1239 1966 1308 1
2000 1254 2106 1294 non
2211 1238 2380 1294 cubili
2405 1253 2528 1294 suo.

512 1339 696 1395 adivit.
2282 1332 2470 1389 Astitit
2496 1331 2651 1388 omni
2680 1331 2782 1387 via:
2812 1345 2920 1387 non
2947 1328 3108 1386 btnte
3148 1330 3452 1390 :malitiam
3478 1340 3660 1389 autem
3690 1348 3793 1390 non

576 1431 794 1488 Domine
819 1434 874 1488 in
926 1431 1053 1489 coelo
1097 1431 1457 1487 misericordia
1501 1438 1638 1488 tua:
1673 1443 1735 1487 +
1769 1437 1818 1484 et
1857 1429 1881 1499 1
1914 1428 2106 1484 veritas
2208 1422 2400 1482 odivit.

507 1534 597 1579 tua
622 1541 783 1597 usque
803 1523 871 1579 ad
900 1525 1077 1580 itubes.
2287 1516 2546 1587 Domine,
2590 1517 2647 1574 in
2695 1517 2838 1574 ctelo
2894 1515 3278 1575 misericordia
3332 1527 3423 1574 tua
3459 1534 3476 1577 :
3508 1526 3566 1575 et
3601 1519 3795 1577 veritas

574 1616 792 1673 Iustitia
822 1627 912 1671 tua
954 1617 1087 1671 sicut
1119 1623 1313 1671 montes
1344 1613 1440 1671 Dei
1470 1629 1489 1670 :
1519 1614 1718 1684 iudicia
1747 1623 1837 1671 tua
1883 1614 2104 1686 abyssus
2209 1622 2297 1671 tua
2322 1629 2496 1684 usque
2525 1613 2593 1668 ad
2625 1612 2819 1669 nubes.

506 1711 691 1764 multa.
2278 1706 2498 1764 Justitia
2542 1713 2634 1762 tua
2687 1706 2830 1761 sicut
2874 1713 3090 1762 montes
3132 1704 3225 1762 Dei
3258 1721 3271 1759 :
3301 1706 3329 1746 ε
3363 1712 3422 1762 et
3460 1704 3661 1778 judicia
3710 1714 3789 1762 tua

579 1801 826 1855 Homines
855 1810 903 1856 et
938 1800 1177 1871 jumenta
1220 1800 1474 1869 salvebis,
1517 1798 1741 1856 Domine
1786 1813 1807 1855 :
1853 1799 2101 1871 quemad-
2208 1800 2441 1873 abyssus
2471 1799 2666 1855 multa.

508 1895 719 1950 modum
740 1896 1093 1968 multiplicasti
1119 1895 1527 1951 misericordiam
1553 1904 1720 1962 tuam,
1754 1892 1932 1948 Deus!
2126 1890 2172 1952 Β
2272 1893 2531 1950 Homines
2549 1902 2604 1949 et
2625 1893 2872 1960 jumenta
2898 1890 3081 1947 Salvos
3111 1889 3302 1959 facies,
3329 1890 3789 1965 Domine:quem-

579 1984 710 2041 Filii
751 1996 923 2043 autem
946 1986 1246 2056 hominum,
1278 1989 1334 2043 in
1378 1986 1599 2060 tegmine
1641 1986 1848 2041 alarum
1888 1995 2098 2042 tuarum
2198 1985 2489 2041 admodum
2520 1984 2896 2055 multiplieasti
2921 1982 3330 2040 misericordias
3372 1993 3517 2052 tuas,
3553 1985 3736 2043 Deus:

507 2081 805 2151 sperabunt.
2276 2077 2398 2134 Filii
2427 2088 2609 2134 autem
2636 2078 2922 2133 hominum
2958 2078 3010 2133 in
3057 2079 3410 2149 protectioue
3449 2078 3658 2134 alarum
3685 2087 3795 2135 tua-

578 2169 986 2227 lnebriabuutur
1012 2172 1075 2227 ab
1104 2170 1334 2236 ubertate
1361 2170 1546 2227 domus
1577 2178 1682 2226 tua:
1708 2184 1726 2225 :
1754 2179 1801 2227 et
1824 2178 2049 2228 torrente
2074 2181 2096 2211 ο
2220 2185 2343 2227 rum
2373 2169 2674 2240 sperabunt
2713 2188 2727 2223 :
2761 2167 3184 2225 inebriabuntur
3230 2169 3300 2225 ab
3329 2168 3579 2228 ubertate
3602 2170 3791 2228 domus

504 2261 785 2332 voluptatis
815 2272 917 2317 tute
940 2262 1140 2334 potabis
1161 2278 1267 2318 eos.
2209 2274 2350 2333 tute,
2384 2272 2439 2320 et
2467 2270 2711 2320 torrente
2731 2263 3034 2335 voluptatis
3063 2270 3170 2318 ture
3200 2263 3418 2335 potabis
3442 2276 3561 2320 eos.
3674 2262 3681 2267 “

516 2426 551 2435 μ
575 2354 835 2422 Quoniam
855 2356 1001 2427 apud
1029 2366 1077 2411 te
1103 2365 1177 2413 est
1205 2358 1323 2429 fons
1347 2357 1465 2414 vitta
1492 2373 1509 2413 :
1541 2371 1601 2413 οε-
1638 2367 1687 2414 et
1731 2355 1755 2427 1
1801 2356 1856 2413 in
1905 2356 2104 2437 lumine
2281 2355 2550 2425 Quoniam
2581 2354 2723 2426 apud
2754 2364 2805 2411 te
2832 2362 2918 2411 est
2942 2353 3064 2410 fons
3093 2353 3219 2411 vitae
3248 2372 3262 2409 :
3293 2355 3389 2428 et[
3424 2354 3528 2411 Hs.
3557 2361 3687 2410 tacet
3709 2354 3794 2427 et]

505 2458 595 2503 tuo
624 2449 908 2506 videbimus
936 2452 1132 2506 lumen.
2208 2449 2261 2506 in
2288 2447 2493 2505 lumine
2525 2456 2617 2504 tuo
2638 2445 2946 2503 videbimus
2973 2447 3176 2503 lumen.
3532 2460 3545 2471 ·

569 2539 848 2596 Prteteude
879 2543 1293 2599 misericordiam
1327 2553 1470 2599 tuam
1503 2544 1790 2601 scientibus
1841 2555 1889 2601 te
1911 2555 1960 2603 et
1986 2546 2100 2616 ius-
2278 2542 2566 2600 Prmtende
2613 2542 3050 2598 misericordiam
3098 2550 3244 2596 tuam
3282 2541 3585 2599 scientibus
3623 2549 3677 2599 te
3704 2559 3719 2596 :
3744 2551 3795 2597 et

506 2633 674 2687 titiam
700 2644 842 2690 tuam
864 2635 943 2690 his
980 2638 1072 2707 qui
1100 2645 1236 2690 recto
1261 2645 1380 2691 sunt
1406 2638 1581 2693 corde.
2200 2636 2469 2707 justitiam
2499 2644 2643 2689 tuam
2673 2633 2759 2689 bis
2784 2634 2875 2705 qui
2915 2640 3065 2689 recto
3091 2641 3222 2690 sunt
3245 2633 3433 2689 corde.

576 2725 702 2783 Non
720 2729 891 2783 veniat
919 2729 1048 2784 mihi
1076 2745 1169 2804 pes
1193 2730 1449 2804 superbiat
1473 2747 1492 2787 :
1521 2740 1570 2787 et
1598 2747 1783 2788 manus
1811 2732 2099 2805 peccatoris
2275 2728 2393 2784 Non
2417 2728 2603 2784 veniat
2634 2727 2767 2783 mihi
2810 2740 2907 2800 pes
2933 2726 3206 2799 superbia:
3239 2743 3255 2782 :
3281 2737 3337 2783 et
3384 2741 3579 2784 manus
3602 2740 3793 2800 pecca-

506 2834 611 2880 nan
634 2831 831 2876 moveat
852 2838 951 2879 me.
2210 2832 2388 2881 torum
2418 2838 2525 2879 non
2549 2831 2767 2879 moveat
2795 2822 2815 2896 [
2847 2821 2953 2877 Ms.
2987 2820 3286 2894 moveant]
3316 2835 3424 2878 me.

564 2911 654 2967 lbi
680 2913 974 2971 ceciderunt
1010 2916 1101 2989 qui
1149 2926 1437 2988 operantur
1479 2917 1813 2993 iniquitatem
1843 2934 1863 2975 :
1894 2919 2103 2992 expulsi
2280 2914 2357 2971 Ibi
2388 2914 2706 2973 ceciderunt
2733 2929 2924 2971 omnes
2951 2913 3044 2987 qui
3074 2924 3373 2985 operantur
3401 2913 3746 2987 iniquitatem
3777 2931 3791 2969 :

493 3012 652 3077 sunt,
688 3023 779 3063 nec
804 3015 1087 3081 potuerunt
1112 3018 1271 3065 stare.
2204 3008 2417 3080 expuli
2447 3017 2606 3078 sunt,
2637 3020 2749 3065 nec'
2766 3015 3063 3080 potuerunt
3086 3016 3256 3065 stare.

1795 3126 2156 3191 PSALMUS
2197 3126 2502 3189 XXXVI.

1056 3238 1244 3281 +1951
1289 3225 1313 3295 1
1355 3241 1539 3282 nmo.
2130 3233 2177 3294 ρ
2663 3242 2787 3286 tunc
2826 3226 2978 3302 [Ms.
3010 3243 3110 3285 trsr
3137 3225 3157 3300 ]
3185 3244 3364 3285 DAVID.

573 3311 601 3351 ἀ
634 3313 830 3385 Aleth.
883 3313 1013 3369 Noli
1064 3316 1304 3372 tenmlari
1348 3320 1405 3374 in
1435 3319 1847 3393 malignantibus
1880 3338 1899 3378 :
1940 3337 2103 3395 neque
2279 3321 2466 3394 Aleplt.
2514 3320 2637 3377 Noli
2666 3319 2695 3360 ιι
2721 3321 2965 3377 :emulari
2996 3323 3136 3377 inter
3175 3322 3569 3394 malignantes,
3620 3337 3792 3395 neque

497 3408 747 3464 zelaveris
773 3408 1026 3479 facientes
1048 3409 1393 3480 iniquitatem.
2205 3412 2493 3469 aemulatus
2522 3413 2693 3468 lueris
2720 3413 2985 3471 facientes
3005 3414 3367 3485 iniquitatem.

570 3500 833 3568 Quoniam
886 3511 1147 3570 tamquam
1190 3505 1369 3575 fenum
1428 3505 1667 3562 velociter
1711 3516 1943 3563 arescent
1993 3524 2013 3565 :
2051 3519 2103 3566 et
2278 3503 2545 3572 Quoniam
2574 3514 2846 3576 tamquam
2876 3505 3061 3560 fenum
3112 3506 3374 3563 velociter
3403 3518 3656 3567 arescent
3688 3525 3704 3565 :
3738 3518 3791 3566 et

502 3594 944 3665 quemadmodum
975 3596 1117 3650 olera
1140 3595 1425 3652 herbarum
1458 3608 1481 3635 ε
1513 3599 1611 3654 cito
1641 3599 1894 3656 decident.
2207 3600 2348 3657 sicut
2377 3601 2526 3657 olera
2556 3600 2849 3658 herbarum
2872 3600 2981 3657 cito
3003 3600 3219 3657 cadent.

576 3688 740 3743 Betlt.
768 3687 939 3756 Spera
964 3689 1018 3744 in
1052 3688 1280 3745 Domino
1303 3732 1318 3758 ,
1350 3690 1507 3764 et{fac
1536 3692 1853 3750 bonitatem:
1885 3710 1947 3752 ot»
1979 3704 2027 3751 et
2074 3696 2097 3766 1

2278 3692 2429 3749 ΒειΙι.
2458 3692 2630 3769 Spera
2679 3694 2733 3749 in
2792 3694 3050 3762 Domino,
3095 3705 3150 3752 et
3195 3693 3279 3752 fac
3305 3693 3609 3752 bonitatem
3666 3714 3682 3752 :
3739 3706 3789 3753 et

504 3778 740 3835 inltabita
770 3788 994 3848 terram,
1017 3792 1067 3837 et
1094 3782 1328 3854 pasceris
1362 3784 1417 3838 in
1447 3784 1643 3840 divitiis
1670 3790 1802 3861 ejus.
2207 3786 2448 3843 inhabita
2478 3798 2677 3843 terram
2697 3827 2711 3853 ,
2751 3795 2808 3843 et
2834 3788 3075 3858 pasceris
3106 3787 3161 3843 in
3192 3785 3394 3844 divitiis
3440 3788 3458 3862 [
3508 3786 3612 3846 Ms.
3659 3788 3792 3845 divi-

577 3872 852 3931 Delectare
878 3874 932 3931 in
962 3876 1224 3944 Domino;
1253 3885 1304 3933 et
1332 3876 1473 3932 dabit
1501 3878 1591 3933 tibi
1618 3879 1891 3952 petitiones
1925 3883 2101 3938 cordis
2209 3878 2353 3934 tibus
2382 3876 2401 3950 ]
2432 3878 2571 3949 ejus.

507 3970 604 4024 tui.
2276 3968 2560 4025 Delectare
2600 3969 2657 4025 in
2689 3968 2919 4027 Domino
2963 3987 2978 4026 :
3023 3977 3079 4028 et
3121 3970 3272 4027 dabit
3322 3971 3420 4028 tibi
3465 3971 3786 4044 petitionem

570 4060 770 4119 Gimel.
806 4062 996 4119 Revela
1026 4062 1254 4120 Domino
1279 4064 1413 4120 viam
1439 4074 1609 4133 tuam,
1646 4081 1697 4123 et
1727 4084 1879 4139 spera
1903 4069 1959 4125 in
1996 4086 2055 4127 eo
2079 4088 2097 4125 :
2202 4060 2383 4116 cordis
2416 4063 2517 4117 ιιιῑ-

497 4162 546 4210 et
576 4155 688 4223 ipse
713 4156 889 4227 faciet.
2274 4153 2463 4210 Cimel.
2516 4156 2714 4213 Revela
2744 4156 2979 4213 Domino
3008 4155 3025 4229 [
3050 4156 3156 4213 Ms.
3184 4157 3252 4214 ad
3284 4158 3615 4233 Dominum]
3646 4159 3783 4216 viam

569 4247 642 4304 Et
663 4249 843 4304 educet
865 4251 1016 4321 quasi
1053 4250 1228 4306 lumen
1267 4251 1531 4323 justitiam
1570 4261 1734 4323 tuam,
1763 4264 1813 4311 et
1832 4255 2099 4329 judicium
2204 4256 2383 4318 tuam,
2413 4259 2462 4304 et
2496 4263 2661 4318 Spera
2691 4248 2747 4305 in
2777 4264 2842 4305 eo
2865 4249 2884 4323 [
2911 4250 3005 4303 Ms.
3038 4264 3162 4306 eum
3192 4249 3211 4322 ]
3245 4266 3259 4306 :
3291 4261 3350 4307 et
3380 4252 3499 4322 ipse
3553 4252 3569 4290 ί
3608 4253 3784 4309 faciet.

500 4353 762 4415 tamquam
791 4344 1077 4402 meridiem.
2272 4341 2344 4398 Et
2367 4342 2566 4399 educet
2592 4354 2863 4414 tamquam
2894 4342 2911 4414 ι
2941 4341 3047 4398 Ms.
3076 4344 3256 4416 sicut]
3302 4344 3483 4401 lumen
3518 4347 3785 4418 justitiam

566 4439 782 4494 Daletb.
805 4436 1062 4494 Subditus
1089 4447 1197 4496 esto
1222 4439 1444 4497 Domino
1463 4483 1479 4510 ,
1512 4450 1561 4497 et
1587 4459 1681 4498 ora
1709 4460 1827 4500 eum
1854 4460 1876 4500 :

2204 4446 2351 4494 tuam
2390 4455 2403 4493 :
2440 4438 2781 4508 ctjudicium
2814 4448 2995 4505 tuum,
3026 4438 3169 4494 sicut
3190 4439 3504 4496 meridiem.

570 4530 700 4586 Noli
751 4532 994 4586 aznmlari
1033 4533 1086 4587 in
1131 4548 1192 4587 eo
1235 4535 1325 4606 qui
1378 4544 1715 4607 prosperatur
1756 4537 1813 4593 in
1854 4537 1935 4593 via
1959 4554 2096 4609 sua;
2272 4529 2483 4586 Dnletlt.
2515 4532 2773 4588 Subditus
2797 4543 2916 4587 esto
2959 4532 3196 4588 Domino
3219 4576 3235 4602 ,
3269 4542 3325 4590 et
3356 4536 3586 4592 obsecra
3612 4549 3735 4592 cum
3769 4553 3784 4591 :

492 4624 550 4680 in
578 4621 790 4680 homine
813 4623 1038 4694 faciente
1065 4624 1349 4699 injustitias
1373 4640 1393 4681 :
2113 4631 2170 4692 1)
2192 4639 2261 4681 ne
2282 4624 2570 4680 aemulatus
2590 4624 2755 4681 fueris
2776 4623 2908 4697 [51s.
2926 4625 3324 4698 submmuleris]
3356 4641 3506 4693 eum,
3533 4627 3626 4697 qui
3655 4643 3783 4699 pro-

990 4725 995 4730 ‘
2192 4725 2442 4791 speratur
2470 4718 2522 4773 in
2545 4717 2629 4773 via
2659 4732 2755 4774 sua
2775 4758 2791 4787 ,
2827 4717 2884 4773 in
2908 4717 3127 4776 homine
3147 4718 3387 4777 faciente
3419 4721 3779 4794 iniquitatem.

564 4861 592 4929 fl
618 4852 793 4929 ρει-αξ
808 4852 912 4921 ipsi
930 4896 945 4921 ,
980 4850 1260 4929 Palatinus
1289 4867 1399 4929 ms.
1425 4852 1692 4929 prteponit
1724 4853 1988 4929 Psalmus.
2194 4869 2270 4916 set
2297 4876 2316 4915 :
2342 4858 2421 4915 sic
2448 4857 2583 4914 infra
2603 4901 2619 4926 ,
2647 4860 2767 4915 odio
2788 4858 2966 4915 habuit
2998 4873 3096 4929 pro
3127 4859 3289 4917 odioi.

564 4921 612 5000 h_
628 4923 901 4979 Palatinus
930 4939 1041 5000 ms.
1062 4923 1205 4980 hunc
1231 4933 1286 4979 et
1309 4922 1401 5000 qui
1426 4921 1679 5000 prosime
1700 4926 2088 5000 subsequitur,
2270 4941 2297 4981 s
2322 4921 2697 4987 Prmtermissa
2739 4940 2786 4985 et
2816 4921 3034 5000 copula,
3087 4928 3368 4987 unanimes
3412 4933 3674 4992 continuo
3698 4935 3777 4993 le-

493 4992 1071 5075 obelos_prtetermitlit
1095 5013 1108 5049 ε
1128 5004 1245 5075 tum
1272 4992 1343 5075 ad
1364 4992 1556 5052 versus
1580 4996 1745 5053 tinem
1775 4992 2084 5070 Diapsalma
2186 5011 2320 5074 gunt
2354 5000 2766 5075 Augustinuget
2790 4992 3091 5075 Veronens.
3118 5017 3221 5055 ms.
3260 5002 3471 5075 judicia
3525 5017 3616 5061 tua
3644 4992 3778 5062 sicut

492 5066 1038 5144 apponitﬁutrumque
1070 5065 1249 5144 minus
1272 5066 1434 5144 bene.
1882 5065 1893 5070 “
2183 5065 2399 5144 abyssus
2431 5065 2613 5144 multa.
2647 5070 2899 5128 Homines
2920 5082 2967 5125 et
2992 5074 3232 5144 jumenta
3252 5065 3494 5139 s'alvabis,
3532 5075 3771 5141 Domine,

566 5146 588 5216 ις
620 5134 677 5216 in
712 5134 964 5216 Palatino
987 5153 1116 5203 ms.,
1144 5140 1444 5216 uoluntatis.
1767 5209 1782 5216 _
1844 5208 1878 5216 _
1957 5210 1970 5216 _
2182 5134 2314 5201 sic'ut
2363 5143 2707 5216 multiplicata
2720 5157 2817 5216 est
2864 5134 3213 5199 misei-icordia
3239 5152 3360 5216 tria,
3416 5134 3559 5202 Deus
3585 5163 3604 5201 :
3636 5157 3691 5203 et
3720 5134 3771 5203 ni

562 5202 772 5287 d_liunc
802 5209 1066 5287 psalmum
1095 5202 1356 5287 recenset
1372 5210 1734 5287 Hieronymus
1767 5209 1820 5266 in
1844 5208 2079 5287 Prologo
2180 5215 2458 5287 sequentis
2479 5202 2733 5271 v'ersiculi
2761 5213 2888 5283 line,
2909 5223 3187 5270 torrentem
3216 5202 3525 5273 deliciarum
3554 5202 3759 5274 tuarum

489 5274 890 5359 Scripturarum
929 5280 1230 5359 iuuencos,
1270 5283 1359 5351 qui
1391 5274 1841 5359 viginti'duarum
1867 5274 2076 5339 littera.
2182 5274 2385 5359 potabis
2416 5302 2522 5359 eos.

486 5362 605 5402 rum
623 5357 891 5440 “lenm-tur
915 5347 1202 5440 alnhabeto
1236 5369 1249 5404 :
1283 5347 1715 5440 quatZe'litteras,
1740 5353 1857 5409 sive
1888 5370 2074 5411 earum
2182 5347 2194 5359 ’
2254 5355 2283 5395 ιι
2312 5357 2411 5413 Ms.
2437 5355 2769 5438 subdentulari
2793 5354 2846 5440 in
2890 5356 3293 5440 ntalignantibus
3322 5374 3488 5428 nequc
3514 5360 3767 5440 temuleris

489 5422 1071 5501 nominareliquimus
1090 5422 1281 5501 indtoc
1314 5424 1538 5501 ρςτιιιηρ.
1573 5423 1750 5501 blant.
1907 5495 1940 5501 __
2177 5438 2311 5501 etc.;
2337 5438 2449 5484 tum
2479 5427 2637 5501 utrice
2655 5444 2779 5484 cum
2804 5422 3123 5499 AuguSIin),
3152 5428 3251 5483 cito
3273 5422 3529 5499 arescent,
3563 5444 3609 5487 et
3638 5432 3765 5486 sicut

560 5490 1169 5569 —l.lel)r.thit-llplla_ll8_ll
1195 5490 1402 5569 litterae
1430 5494 1625 5569 cuique
1649 5495 1801 5567 juxta
1824 5495 2073 5554 ordinem
2181 5490 2324 5555 olera
2356 5500 2491 5569 prati
2521 5500 2621 5569 cito
2650 5502 2858 5553 cadent.

486 5562 1313 5641 versuiprqrpthilas‘l’ulttliltus
1345 5579 1448 5619 ms.
1479 5562 1709 5641 ignorat.
1864 5637 1884 5641 _
1931 5639 1940 5641 Α
2254 5570 2270 5609 ἱ
2301 5562 2453 5641 Quod
2488 5567 2717 5641 praeteri
2739 5569 3063 5626 Veronensis
3096 5583 3198 5625 ms.
3234 5574 3320 5640 fac
3350 5569 3632 5627 bonitatem
3662 5587 3762 5641 pro

562 5640 586 5667 ο
620 5630 717 5683 llic
746 5629 962 5712 obelum
1004 5630 1233 5712 Palatio.
1276 5650 1389 5712 _ms.
1445 5629 1569 5712 vo'ei
1611 5637 1714 5691 cito
1740 5637 1973 5710 prteligit
1994 5678 2011 5707 ,
2038 5653 2072 5695 a
2164 5641 2284 5712 ipse
2311 5629 2463 5712 faciet
2477 5629 2500 5702 ,’
2513 5638 2668 5695 facile
2688 5639 2759 5696 de
2780 5641 3043 5712 superiori
3061 5629 3485 5712 proxiinevcrsu
3508 5629 3763 5700 librarius

562 5644 586 5667 ο
621 5644 717 5683 mc
746 5644 962 5709 onerum
1004 5644 1233 5688 l’alatttl.
1284 5650 1389 5689 ms.
1445 5644 1564 5690 voci
1611 5644 1714 5691 cito
1740 5644 2041 5710 prteligitr

487 5705 1617 5785 q"?§€‘l‘li'l‘l!"?‘i‘copulamciltn“:
1813 5776 1827 5785 .
1989 5778 2019 5785 ._

1288 5650 1389 5689 ms.
1445 5644 1569 5716 voci
1611 5644 1714 5691 cito
1740 5644 1973 5710 prteligit
1994 5678 2011 5707 ,
2038 5653 2072 5695 a
2164 5644 2284 5712 ipse
2287 5644 2487 5772 faciet,
2513 5644 2668 5695 facile
2688 5644 2759 5696 de
2780 5656 2841 5695 su

1288 5708 1383 5758 Lam
1412 5707 1617 5785 eximit.
1813 5776 1827 5785 _
1989 5778 2019 5785 __
2172 5714 2282 5770 aliu
2346 5726 2514 5785 agens
2536 5712 2842 5783 supposuit.

562 5770 580 5809 ί
612 5768 786 5826 Iidem
819 5771 976 5851 unice
1006 5771 1146 5830 inter
1187 5768 1246 5831 se
1270 5773 1678 5847 consentientes
1705 5775 1830 5834 libri
1856 5786 1904 5834 et
1934 5778 2071 5837 odis-
