3936 6180
153 304 236 362 {Si
1385 297 1588 355 LIBER
1630 299 2071 357 PSALMORU“.

3277 304 3382 363 182

213 421 297 477 He.
343 415 510 474 Desine
550 419 611 472 ab
653 419 761 483 ira,
809 424 854 471 et
901 415 1205 487 derelinque
1252 416 1486 488 furorem
1529 417 1674 470 :noti
1705 421 1752 478 Α
1854 413 1951 471 ﬂe.
1989 417 2186 473 Desine
2215 415 2284 471 ab
2314 416 2412 484 ira,
2439 413 3268 490 etdcreiinqnelils.relinque]
3298 419 3379 474 in-

154 516 354 571 mstnlari
375 555 388 578 ,
411 523 457 566 ut
476 512 783 583 maligneris.

210 610 428 677 Quoniam
451 607 538 679 qui
561 606 910 678 malignantur
928 649 942 668 ,
968 602 1451 658 exterminobuntur
1477 619 1496 657 :
1515 603 1676 657 susti-

144 711 291 754 netues
311 706 465 751 autem
488 697 792 759 Dominum,
825 686 928 765 ipsi
957 695 1338 749 htereditabunt
1363 704 1576 749 terram.

201 795 308 848 Vas.
338 793 400 846 Et
434 793 603 846 adhuc
630 790 900 860 pusillum,
946 800 998 845 et
1031 805 1132 843 non
1174 789 1270 843 erit
1319 798 1602 860 peccator:
1630 800 1681 844 et

147 902 303 959 qua-res
327 887 488 939 Ionam
515 889 652 959 ejus,
681 894 728 937 et
755 901 858 937 non
885 883 1133 938 invenies.

189 977 416 1031 Hansueti
437 986 609 1030 autem
634 976 1007 1030 hccreditabunt
1038 984 1233 1030 terram
1257 1007 1264 1016 -
1301 991 1320 1030 :

134 1071 288 1123 iuntur
314 1071 360 1123 in
385 1069 714 1123 multitudine
741 1069 907 1138 pacis.

186 1163 316 1218 Zai.
344 1161 638 1218 Obserunbit
663 1171 898 1235 peccator
919 1165 1162 1235 justum:
1195 1169 1241 1215 et
1265 1161 1499 1216 stridebit
1529 1177 1685 1234 super

134 1273 221 1309 eam
245 1258 461 1310 dentibus
487 1259 616 1310 suis.
646 1266 671 1293 ι

182 1347 403 1402 Dominus
436 1364 494 1403 σξη
524 1355 691 1401 autem
727 1347 749 1415 ζ
785 1346 1022 1400 irridebit
1049 1347 1450 1416 enimquoniam
1478 1345 1681 1417 prospi-

129 1442 177 1493 cit
193 1442 310 1511 quod
333 1443 488 1495 reniet
513 1441 622 1495 dies
643 1442 689 1509 ej
697 1439 794 1493 us."

181 1532 317 1588 lleth.
352 1533 594 1588 Gladium
637 1532 1036 1604 ecaginarerunt
1065 1540 1358 1601 peccatores
1391 1545 1408 1584 .°
1447 1530 1683 1584 intende-

130 1635 222 1680 runt
247 1643 405 1681 arcum
434 1642 608 1691 suum,

182 1720 237 1776 Ut
275 1721 298 1760 δ
335 1724 582 1795 dejiciant
627 1736 913 1793 pauperem
961 1728 1009 1774 et
1041 1720 1244 1792 inapem
1274 1735 1290 1773 :
1322 1727 1375 1772 ut
1426 1719 1678 1774 trucident

128 1824 254 1867 rectos
270 1815 430 1869 corde.

179 1907 312 1962 Tcth.
349 1906 570 1962 Gladius
600 1922 779 1962 eorum
818 1909 979 1962 intret
1019 1906 1073 1960 in
1113 1905 1272 1960 corda
1314 1907 1546 1976 ipsorum
1578 1921 1596 1960 :
1634 1914 1680 1960 et

128 2014 242 2053 arcus
266 2016 428 2054 eorum
456 2001 850 2070 confringatur.

181 2090 340 2147 delius
369 2103 389 2132 ε
416 2103 488 2148 est
519 2093 783 2146 modicum
805 2095 955 2163 justo
980 2132 996 2158 ,
1031 2106 1186 2163 super
1210 2089 1416 2145 diuitias
1447 2097 1681 2160 peccata-

125 2199 210 2237 ms
231 2187 415 2242 stultas.

177 2279 397 2345 Quoniam
439 2281 662 2336 brachia
701 2291 1024 2350 peccatorum
1071 2287 1442 2334 conterentur:
1485 2279 1679 2349 conﬁr-

124 2383 202 2424 mat
222 2384 366 2427 autem
386 2377 569 2446 justas
601 2373 877 2430 Dominus.

175 2463 269 2520 Iud.
295 2465 445 2522 Novit
475 2467 740 2520 Dominus
771 2467 881 2521 dies
911 2465 1364 2521 innuat-alatorum
1389 2480 1407 2519 .'
1439 2471 1485 2518 et
1515 2462 1676 2518 hwre-

127 2556 226 2610 ditas
246 2575 402 2613 eorum
431 2556 456 2596 ἀ
482 2561 540 2614 in
577 2567 828 2614 ceternum
855 2559 972 2613 erit.

177 2647 270 2704 Non
311 2652 700 2723 confundantur
742 2652 796 2705 in
843 2660 1067 2723 tempore
1106 2649 1244 2704 malo
1276 2664 1296 2704 :
1325 2657 1373 2704 et
1409 2649 1463 2703 in
1500 2647 1676 2702 diebus

126 2742 241 2808 famis
263 2745 652 2800 saturabuntur.

172 2834 310 2906 Capit.
342 2839 473 2906 Quia
492 2846 801 2910 peccatores
827 2835 1086 2908 peribunt.

173 2926 344 2984 inimici
379 2948 492 2986 cera
543 2927 760 2983 Domini
805 2944 924 2983 mox
966 2938 989 2966 ε’
1023 2938 1077 2982 ut
1123 2928 1450 2997 honoriﬁcati
1481 2929 1673 2996 fuerint

122 3027 155 3071 tt
177 3022 357 3076 exaltati
376 3040 394 3078 :
421 3025 723 3095 deficientes
751 3021 1182 3094 quemadmodum
1212 3023 1383 3091 fumus
1411 3020 1664 3088 deﬁcient.

174 3111 356 3168 Lamcd.
389 3115 726 3170 .ilutuabitur
746 3125 1006 3183 peccator,
1050 3122 1096 3168 et
1125 3129 1226 3167 non
1267 3112 1424 3167 solvet
1454 3129 1470 3166 :
1491 3113 1668 3184 justus

121 3217 251 3259 autem
278 3211 561 3277 miseretur,
594 3219 640 3263 et
674 3208 693 3248 τ
718 3209 923 3262 tribuet.
1003 3271 1014 3284 ο

178 3299 287 3366 Quia
317 3304 678 3358 bettcdicentes
719 3305 765 3355 ei
797 3301 1165 3356 Iucreditabtmt
1191 3310 1380 3356 terram
1413 3319 1432 3357 :
1461 3303 1681 3357 maledi-

122 3403 248 3446 centes
267 3408 419 3451 autem
438 3401 484 3452 ei
521 3395 869 3467 disperibunt.

176 3488 306 3544 Mem.
337 3493 485 3561 Apud
529 3489 810 3545 Dominum
843 3505 1049 3562 gressus
1087 3489 1309 3544 hominis
1338 3489 1630 3562 dirigentur
1662 3506 1681 3544 :

123 3587 154 3630 tt
173 3581 279 3636 riam
305 3587 406 3655 ejus
433 3584 602 3639 colet.

173 3673 278 3728 Cum
303 3677 565 3741 ceciderit,
590 3691 692 3730 non
716 3675 1026 3730 collidetnr:
1055 3675 1176 3744 quia
1199 3673 1452 3728 Dominus
1482 3690 1676 3745 suppo-

123 3765 175 3815 nit
200 3782 377 3822 manum
404 3786 585 3824 suam.
620 3777 645 3814 κ

172 3855 290 3916 Non.
316 3861 508 3918 Iunior
538 3863 636 3934 fui,
676 3862 865 3918 etenim
893 3861 1039 3915 senui
1069 3877 1088 3915 :
1118 3868 1165 3914 et
1196 3875 1301 3914 non
1334 3860 1438 3914 vidi
1478 3862 1678 3932 justum

122 3947 390 4022 derelictum,
417 3972 521 4010 nec
543 3970 714 4010 semen
741 3955 858 4024 ejus
877 3968 1110 4024 quaerens
1132 3934 1347 4025 panem:

173 4041 280 4098 Tota
300 4048 376 4102 die
402 4052 710 4117 miseretur,
744 4056 791 4102 et
819 4045 1108 4100 commodat
1133 4062 1149 4100 :
1179 4054 1224 4099 et
1255 4060 1425 4101 semen
1453 4044 1598 4100 illius
1622 4046 1676 4100 in

122 4133 410 4197 benedictione
438 4158 500 4199 +
543 4141 638 4196 erit
675 4141 696 4209 ζ
995 4133 998 4136 ’

1364 984 1411 1029 et
1453 975 1681 1029 detecta-

175 4278 354 4335 ‘Addit
382 4281 470 4337 hic
504 4281 683 4344 Palat,
713 4293 816 4332 ms.
852 4276 1176 4343 Diapsalma.

173 4346 367 4406 bPalat.
417 4371 528 4407 ms.
577 4343 861 4415 decipiant,
912 4364 1070 4413 quum
1119 4359 1363 4401 errorem
1415 4343 1671 4402 discimus

126 4419 251 4472 etiam
275 4421 604 4479 Veronensis
631 4421 880 4476 Psallerii
910 4435 985 4472 set
1003 4417 1145 4471 ibam
1172 4431 1408 4470 errasse.

181 4503 196 4523 "
222 4492 367 4549 Tacet
391 4497 539 4551 idem
569 4509 674 4548 ms.
708 4493 934 4547 verbum
964 4500 1056 4554 est,
1083 4488 1226 4558 quod
1251 4503 1426 4558 neque
1458 4488 1508 4542 in
1538 4488 1688 4544 Grie-

126 4573 176 4612 co
198 4579 330 4620 ῐρςηῐι
347 4578 406 4622 ιι.

134 4699 142 4710 _
180 4630 199 4667 ἀ
227 4634 656 4710 l’rmrositiouem
697 4636 752 4688 in
809 4632 1045 4688 Palatin.
1092 4645 1194 4686 ms.
1227 4639 1282 4686 ct
1321 4630 1492 4686 Carus
1529 4630 1686 4687 obelo

130 4708 344 4766 jugulum.

186 4784 203 4808 θ
230 4775 352 4834 Idem
384 4795 488 4836 ms.
521 4788 575 4834 ut
611 4777 801 4832 vocula
837 4773 1222 4845 prmtermissa,
1260 4772 1427 4828 verba
1469 4783 1517 4827 et
1543 4772 1686 4828 exul-

133 4846 221 4908 tati,
247 4849 396 4906 minio
425 4853 623 4906 infecta
656 4857 1034 4917 rcprzrseutat.

189 4917 430 4988 ‘chuiur
454 4937 650 4976 manus
676 4913 734 4974 in
751 4918 944 4974 eodem
970 4915 1087 4988 cod.
1116 4913 1397 4988 rescripsit
1417 4915 1681 4971 retribuet.

189 4987 406 5048 r“lterum
452 4993 551 5062 bic_
588 4989 900 5058 Diapsalma
949 4987 1373 5062 adtlitl’alatiu.
1424 5004 1524 5062 tusi.
1571 4998 1682 5040 tum

134 5057 400 5138 ﬁtb'crbiruu
444 5057 631 5121 etenim
676 5057 742 5118 ex
779 5069 954 5131 parte,
988 5060 1200 5124 ὀϐελίζει
1242 5074 1282 5113 ~:
1336 5066 1382 5112 et
1425 5061 1563 5113 enim
1607 5074 1686 5112 se-

135 5143 225 5191 nm,
254 5148 346 5189 etc,

194 5196 213 5234 ί·
234 5201 334 5278 Ῥω
362 5207 592 5278 nequiter
622 5204 710 5260 hic
745 5212 908 5278 atque
941 5201 1075 5256 inira
1107 5201 1332 5278 maligne
1358 5201 1525 5278 iidem
1559 5202 1685 5258 libri

140 5273 383 5338 proferunt
492 5291 603 5333 tum
660 5261 970 5330 sustinentes
1016 5283 1185 5326 autent
1218 5261 1528 5338 Dominum,
1560 5289 1682 5327 cum

141 5337 376 5421 Gallicam
395 5393 407 5412 ,
432 5364 666 5421 quocum
710 5361 926 5402 rursum
947 5387 961 5412 ,
986 5355 1031 5398 et
1059 5345 1227 5398 adhuc
1255 5337 1543 5415 pusillum,
1571 5354 1675 5399 etc.

143 5421 178 5461 et
202 5431 287 5488 non
314 5420 547 5477 invenies.

205 5485 214 5516 ί
256 5486 369 5543 Plus
399 5492 553 5547 habet
587 5491 898 5546 Veronens.
947 5503 1050 5544 ms.
1083 5485 1339 5542 mansueti
1366 5495 1532 5539 autem
1584 5485 1685 5554 ipsi

145 5545 396 5690 gﬁrleditate
419 5545 790 5634 possidebunt,
838 5571 966 5631 etc.,
1014 5560 1186 5616 ferme
1215 5556 1395 5614 autem
1419 5573 1541 5614 cum
1571 5545 1686 5612 A'u-

209 5655 216 5661 ‘
247 5645 341 5686 Illﬂ.

209 5645 341 5686 -tum.

206 5697 374 5755 lldcnl
420 5721 541 5776 ms.,
587 5706 763 5770 statim
812 5714 866 5757 ut
915 5701 1459 5776 glorificabuntur,_et
1500 5699 1695 5776 exalta-

150 5761 299 5846 δξιξιιιξζ
336 5789 352 5825 :
378 5791 404 5846 a
431 5761 541 5846 qud
577 5792 685 5830 uno
708 5761 1322 5845 lverbo,ugloriabuutur,
1352 5761 1696 5846 Augustinus

151 5834 336 5897 abludit.
360 5834 554 5905 (λεῖοι-η
584 5850 868 5919 faeneratur
890 5834 1147 5918 peccator,
1168 5853 1212 5899 et
1241 5834 1342 5900 non
1370 5834 1697 5916 soluetgtum

1712 4421 1764 4479 D

1783 525 1962 566 rorem
1990 551 2004 576 ,
2051 527 2117 566 ne
2160 510 2432 566 aemuleris
2475 508 2601 581 Ws.
2641 508 3062 582 submmuleris],
3115 520 3172 567 ut
3214 508 3238 548 ιι
3280 527 3377 569 ne-

1784 604 1963 675 quitcr
1993 603 2180 660 iacias.

1855 696 2123 764 Quoniam
2157 696 2247 766 qui
2282 697 2533 766 nequiter
2559 704 2764 768 agunt,
2801 697 3316 755 exterminabuntur
3350 717 3362 755 :

1781 791 1872 859 qui
1902 803 2030 843 vero
2058 799 2378 858 exspectant
2407 789 2698 845 Dominum
2726 836 2739 859 ,
2773 789 2875 862 ipsi
2898 789 3222 848 hzcredilate
3247 805 3375 863 pos.

1783 882 2038 938 sidebunt
2066 895 2288 938 terram.

1863 975 2000 1030 Van.
2035 975 2292 1030 Pusillum
2325 975 2537 1041 adhuc,
2589 985 2644 1030 ct
2690 991 2801 1031 non
2847 977 2950 1032 erit
2983 985 3238 1048 peccator
3283 994 3293 1031 :
3325 987 3379 1036 et

1783 1084 1994 1141 qtuercs
2021 1070 2196 1124 locum
2227 1070 2368 1141 ejus,
2412 1086 2510 1126 nec
2542 1070 2810 1128 invenies.
2997 1069 3006 1075 ’

1861 1162 1876 1201 ί
1906 1161 2166 1217 Mansueti
2192 1174 2369 1218 autem
2403 1165 2752 1233 possidebunt
2791 1173 2988 1220 terram
3023 1183 3035 1219 :
3065 1173 3120 1222 et
3145 1165 3384 1222 delecta-

1781 1255 1983 1311 buntur
2014 1257 2064 1309 iu
2091 1255 2434 1312 multitudine
2467 1257 2632 1325 pacis.

1853 1347 2006 1402 Zain.
2038 1347 2356 1402 Observabit
2385 1359 2637 1418 peccator
2663 1350 2901 1419 justum,
2933 1361 2988 1405 et
3019 1350 3212 1406 fremet
3244 1351 3373 1425 [Με.

1782 1438 1998 1510 stridet]
2031 1456 2192 1511 super
2220 1455 2342 1494 eum
2368 1440 2616 1495 dentibus
2641 1443 2790 1496 suis:
2820 1442 3075 1499 Dominus
3099 1453 3274 1499 autem
3302 1446 3378 1499 ir-

1780 1533 1972 1588 ridebit
1997 1549 2141 1599 eum,
2171 1534 2424 1603 quoniam
2452 1535 2708 1602 prospicit
2730 1535 2872 1605 quod
2897 1537 3077 1591 veniet
3099 1534 3213 1591 dies
3239 1535 3376 1606 ejus.

1853 1623 2010 1678 Iletlt.
2068 1625 2319 1681 Gladium
2392 1628 2816 1698 evaginavcrunt
2868 1628 2998 1700 [Με.
3059 1629 3382 1702 eduxerunt]

1780 1728 2094 1788 peccatores
2142 1738 2153 1771 :
2203 1719 2542 1775 tetenderunt
2586 1719 2714 1791 [Μσ.
2759 1720 3143 1792 extenderunt]
3195 1737 3378 1778 arcum

1709 1805 1756 1867 B
1784 1825 1961 1876 suum,
2004 1821 2062 1866 ut
2101 1811 2357 1881 dejiciant
2403 1813 2619 1885 inopem
2673 1821 2728 1869 et
2759 1829 3075 1885 pauperem,
3127 1823 3188 1870 ut
3212 1817 3378 1871 truci-

1785 1903 1914 1960 dent
1944 1917 2122 1960 rectos
2148 1907 2333 1963 corde.

1857 1998 2005 2054 Tetti.
2055 1999 2279 2056 Gladius
2323 2001 2449 2074 [Μσ.
2496 2000 2722 2074 framea]
2765 2018 2954 2061 eorum
2996 2004 3161 2061 intret
3196 2005 3249 2060 in
3287 2019 3382 2062 cor

1783 2090 2024 2162 ipsorum
2056 2110 2068 2147 :
2098 2101 2154 2147 ct
2178 2109 2337 2148 arcus
2359 2109 2547 2150 eorum
2580 2105 2917 2153 conteratur.

1851 2183 2041 2239 Melius
2079 2196 2160 2240 est
2195 2186 2462 2242 modicum
2484 2187 2656 2259 justo,
2686 2204 2848 2261 super
2875 2187 3088 2246 divitias
3131 2200 3385 2262 peccato-

1783 2291 1902 2332 rum
1930 2275 2153 2335 multas.

1853 2369 2117 2437 Quoniam
2168 2371 2388 2430 brachia
2434 2381 2776 2442 peccatorum
2819 2382 3215 2430 conterentur:
3250 2389 3381 2432 con-

1784 2457 1960 2517 ﬁrmat
1988 2472 2166 2519 autem
2187 2463 2363 2534 jtutos
2395 2464 2676 2518 Dominus.

1852 2551 1976 2610 Jod.
2009 2554 2168 2611 Novit
2199 2557 2458 2611 Dominus
2482 2557 2594 2610 vias
2626 2555 3098 2612 immaculato’rum
3135 2573 3149 2615 :
3175 2568 3232 2614 et
3263 2556 3377 2614 bte-

1779 2649 1980 2706 redilas
2003 2667 2192 2706 eorum
2224 2651 2275 2706 in
2309 2661 2570 2706 mternum
2599 2651 2722 2705 erit.

1852 2746 1967 2800 Non
1995 2745 2395 2800 coniundcntur
2435 2745 2485 2799 in
2523 2753 2769 2813 tempore
2798 2743 2941 2800 malo
2971 2761 2984 2800 :
3011 2751 3065 2800 et
3105 2744 3160 2800 in
3190 2741 3381 2804 diebus

1779 2837 1936 2892 famis
1970 2839 2359 2891 Suturalmntur
2396 2839 2408 2886 t'
2444 2836 2568 2907 ldis.
2605 2836 2833 2904 manet].

1846 2929 2011 3001 Caph.
2053 2929 2318 2998 Quoniam
2345 2939 2657 2998 peccatores
2687 2927 2961 2998 peribunt.
3367 2982 3384 3001 9

1847 2997 2051 3076 lniinici
2077 2997 2258 3076 autem
2301 2997 2512 3074 Domini
2546 2997 2760 3074 moxiut
2801 3019 3050 3074 honorati
3080 2997 3383 3076 etexaltatl

1778 3114 1983 3170 fuerint
2015 3115 2368 3170 :deiicientes
2390 3124 2448 3168 ut
2473 3115 2680 3180 fumus,
2705 3113 2978 3168 deﬁcient.

1695 3202 1746 3262 'C
1853 3209 2067 3265 Lamed.
2116 3211 2386 3265 Mutuatur
2412 3218 2682 3278 peccator,
2723 3216 2777 3264 ct
2811 3224 2918 3263 non
2949 3207 3108 3262 solvit
3147 3225 3160 3262 :
3197 3204 3382 3278 justus

1785 3313 1966 3359 autem
1992 3303 2304 3367 miseretur,
2332 3310 2385 3356 et
2412 3301 2740 3356 Commodat.

1857 3394 2120 3463 Quoniam
2151 3393 2534 3448 benedicentcs
2572 3409 2693 3446 eum
2734 3390 3093 3462 possidebunt
3139 3399 3379 3448 terram:

1785 3486 2174 3542 maledicentes
2198 3493 2375 3539 autem
2409 3485 2559 3538 illum
2591 3482 2908 3554 disperit-nt.

1860 3580 2019 3635 Mem.
2047 3579 2091 3634 Α
2124 3578 2354 3633 Domino
2379 3589 2599 3647 gressus
2624 3576 2856 3632 hominis
2883 3593 2896 3630 :
2921 3573 3230 3648 diriguntur
3249 3576 3382 3648 [Με.

1786 3659 2070 3731 dirigetur]
2102 3680 2112 3713 :
2146 3671 2200 3716 et
2231 3660 2256 3699 ιλ
2289 3661 2426 3713 viam
2459 3660 2575 3728 ejus
2599 3658 2762 3713 volet.

1855 3743 1988 3798 Cum
2028 3743 2287 3798 ceciderit
2335 3739 2348 3778 ¹
2400 3741 2600 3810 Ῑυειυε,
2634 3756 2742 3795 non
2771 3738 3182 3795 conturbabitur
3215 3758 3226 3794 :
3255 3740 3380 3812 quia

1783 3823 2046 3879 Dominus
2072 3825 2251 3878 tirmat
2289 3837 2508 3876 manum
2541 3823 2680 3890 ejus.

1859 3903 2006 3958 Nun.
2052 3904 2314 3960 Juvenior
2354 3902 2447 3968 fui,
2494 3911 2545 3957 ct
2575 3901 2726 3957 senui
2758 3919 2769 3954 :
2803 3910 2856 3956 et
2886 3916 2992 3956 non
3026 3901 3136 3957 vidi
3177 3903 3382 3973 justum

1783 3983 2128 4052 derelictum,
2163 3999 2264 4039 nec
2293 3998 2481 4038 semen
2509 3982 2628 4052 ejus
2657 3996 2821 4052 egens
2848 3997 3007 4052 pane.

1854 4064 1986 4118 Tota
2024 4064 2113 4118 die
2145 4063 2456 4129 miseretur,
2486 4071 2536 4117 el
2581 4062 2928 4118 commodat:
2957 4070 3010 4118 et
3038 4076 3222 4119 semen
3263 4062 3382 4134 ejus

1809 4160 1845 4200 n
1878 4143 2254 4200 benedictione
2277 4142 2402 4198 erit.

1781 4280 2134 4334 benedicentes
2178 4279 2320 4351 eumj,
2354 4279 2653 4334 [inmeditate
2691 4277 2798 4346 (vel
2837 4277 3208 4351 Ita‘reditatem)
3266 4294 3383 4345 pos-

1785 4353 2020 4404 sidebunt
2050 4362 2260 4411 terram.
2294 4347 2451 4405 unice
2473 4367 2534 4405 ex
2567 4351 2804 4418 ejusdem
2833 4347 3209 4418 emendatione
3231 4359 3379 4404 sunt.

1863 4421 1885 4459 ι
1923 4423 1976 4476 In
2004 4425 2150 4477 edito
2179 4422 2326 4483 Cari.
2361 4423 2504 4488 cupit
2537 4417 2708 4474 nimis.
2735 4421 2860 4473 Mss.
2885 4434 3010 4471 \eru
3029 4417 3383 4473 Curtmteusis

1793 4501 1848 4547 et
1892 4494 2229 4548 Sorbenicus
2258 4534 2272 4556 ,
2318 4494 2406 4559 qui
2462 4492 2760 4544 liowanum
2807 4488 3130 4559 Psalterium
3181 4488 3383 4559 habent

1791 4563 2161 4632 descriptum,
2195 4557 2381 4631 legunt
2405 4561 2569 4625 volet,
2614 4562 2734 4616 sine
2765 4560 2914 4632 nimis
2941 4574 2961 4612 :
2990 4557 3132 4632 quod
3162 4558 3380 4632 quidem

1791 4628 2119 4703 expttnsisse
2142 4628 2355 4688 videtur
2391 4633 2748 4702 Hieronymus
2775 4675 2788 4698 ,
2825 4629 2945 4698 quia
2979 4628 3220 4703 additum
3253 4629 3383 4685 illud

1790 4695 2152 4776 agnoscebat,
2203 4719 2302 4760 nec
2333 4703 2522 4759 baberi
2566 4695 2705 4773 apud
2738 4695 3064 4773 queinquam
3114 4695 3381 4771 Interpre-

1789 4785 1923 4832 tum.
1957 4779 2140 4833 MAnr.

1870 4847 1885 4886 ι
1923 4850 2086 4904 Tacet
2119 4847 2264 4920 idem,
2288 4863 2392 4904 ms.
2418 4850 2618 4920 justus,
2647 4841 2789 4914 quod
2814 4849 2885 4916 et
2911 4843 3244 4920 superﬂuum
3280 4855 3383 4920 est.

1795 4918 1921 4975 Plus
1943 4937 2068 4974 vero
2101 4935 2224 4975 mox
2257 4911 2440 4987 habet,
2471 4911 2743 4986 confirmat
2777 4911 2983 4967 niamtnt
3011 4915 3143 4985 ejus.
3172 4911 3388 4972 Iuvenis

1793 4991 1892 5061 fui,
1919 5002 1965 5045 et
2004 5007 2117 5045 ecce
2155 4993 2301 5045 senui
2328 5007 2345 5044 :
2376 4988 2572 5061 deinde
2601 5002 3060 5061 qmm'enspunem,
3102 5003 3199 5054 pro
3235 5005 3388 5058 egens

1795 5055 1950 5133 pane.
1978 5072 2032 5116 et
2063 5079 2156 5133 pro
2180 5062 2491 5126 commodat,
2528 5060 2746 5133 fenerat.
2772 5055 2982 5133 celebri
3007 5058 3096 5133 illa
3117 5055 3387 5133 sententia

1795 5126 2127 5201 Augustinus
2160 5144 2342 5188 tuetur
2372 5133 2424 5184 in
2453 5126 2889 5201 enarratiouibus
2915 5127 2984 5201 ad
3016 5127 3155 5183 bnuc
3186 5132 3386 5184 lucum.

1793 5196 2093 5258 Feneratur
2117 5204 2324 5275 quidem
2341 5201 2530 5275 Latine
2555 5199 2743 5250 dicitur
2767 5197 2925 5275 ct_qui
2947 5196 3034 5250 άιιι
3066 5211 3318 5275 mutumu,
3344 5209 3392 5254 et

1791 5276 1878 5344 qui
1927 5267 2162 5345 accipit':
2207 5273 2413 5345 planius
2451 5272 2758 5345 [meantem
2803 5267 3015 5345 dcitur,
3061 5273 3106 5345 si
3139 5271 3395 5345 dicamus,

1786 5338 2225 5411 FcneratiQuid';
2247 5343 2316 5395 ad
2347 5358 2435 5393 nos
2464 5338 2588 5411 quid
2621 5341 2943 5411 grammatici
2992 5341 3145 5392 velint
3168 5343 3192 5394 ἔ)
3214 5341 3394 5393 metius

1786 5419 1840 5472 in
1873 5410 2189 5470 barbarisma
2233 5422 2405 5466 nostra
2449 5428 2531 5462 ros
2573 5410 2881 5480 intelligitis,
2925 5427 3078 5480 quam
3119 5411 3168 5463 in
3221 5420 3396 5464 nostra

1790 5486 2152 5542 disertimdine
2194 5499 2279 5536 vos
2324 5483 2502 5535 diserti
2543 5483 2720 5552 eritis.
2751 5480 2887 5552 Ergo
2905 5481 3233 5552 justusisle,
3285 5489 3394 5534 tota

1793 5559 1880 5613 die
1949 5556 2231 5608 miseretur
2284 5562 2339 5608 ct
2397 5552 2623 5606 fctiet'at.
2677 5551 2794 5606 Non
2830 5551 2837 5552 “
2877 5551 3029 5608 latuit
3094 5551 3394 5606 Veroneus.

1796 5626 2046 5685 Psalterii
2077 5622 2337 5677 editorem
2373 5623 2460 5678 hic
2489 5622 2640 5676 locus
2671 5641 2682 5676 :
2715 5638 2813 5677 nec
2853 5631 3030 5678 tamen
3058 5621 3244 5678 doceri
3285 5632 3392 5675 tant

1799 5699 2074 5755 luculento
2104 5693 2412 5749 testimonio
2444 5695 2636 5764 potuit,
2671 5709 2788 5748 eam
2817 5710 2937 5764 quae
2977 5696 3048 5750 ita
3089 5693 3394 5764 praeferret.

1803 5766 2251 5839 Augustiuianatu
2278 5767 2656 5839 _l‘CCCItS_it)DCt_t_I
2687 5780 2837 5839 esse.
2887 5783 2990 5819 nun
3035 5776 3305 5826 veterem,
3338 5767 3393 5809 οι

1807 5835 1966 5914 quam
2000 5838 2114 5910 ipse
2143 5851 2242 5908 pro
2277 5836 2404 5895 Itala
2431 5835 2693 5902 obtrudit,
2728 5836 3043 5894 editionem.
