3936 6180
477 213 484 223 ’
520 251 626 308 iss

1519 254 1577 310 S.
1618 253 2000 314 HIERONYMI
2039 258 2276 322 DIVINA
2316 264 2797 328 BiBLlOTllECA.

3721 287 3815 344 184

589 367 841 422 Samecli.
877 367 1089 423 Declina
1117 385 1149 423 a
1179 369 1338 435 malo,
1368 378 1414 424 et
1447 370 1530 440 [ac
1558 369 1744 425 bonum
1768 387 1788 426 :
1812 383 1860 426 et
1886 373 2120 431 inhabita
2146 384 2196 442 Α
2296 380 2540 438 Sameclt.
2571 386 2791 444 Declina
2820 403 2850 444 a
2878 389 3024 446 malo
3044 399 3098 448 et
3126 391 3208 448 lac
3229 392 3432 451 bonum
3459 413 3473 452 :
3498 406 3554 454 et
3584 397 3816 460 inbabita

520 459 572 510 in
599 459 840 512 sa'culum
867 470 891 497 η
921 477 960 515 -:
1003 463 1179 515 swculi
1204 463 1225 529 1

591 549 727 616 Quia
769 549 1023 605 Dominus
1064 564 1205 605 amat
1246 553 1532 624 judicium,
1578 565 1625 608 et
1667 571 1770 609 non
1803 556 2122 629 dcreliuquet

517 654 718 698 sanctos
745 661 863 698 suos
893 662 913 699 :
945 647 996 698 in
1026 655 1277 701 a’lernum
1303 648 1760 703 conservabuntur.

592 751 642 791 -—:-
680 735 877 809 Injusti
903 740 1187 806 punientur
1223 739 1245 806 1
1282 750 1329 793 et
1356 741 1827 812 semen'impiorum
1855 744 2060 811 peribit.

585 827 724 882 Justi
760 844 821 884 +
846 841 1018 884 autem
1055 832 1075 898 1
1109 832 1487 886 Iiazredittbunt
1511 843 1702 887 terram
1734 851 1753 890 :
1781 846 1828 891 et
1862 838 2123 893 inhabita-

513 921 636 974 bunt
661 924 712 975 in
742 924 988 976 swculum
1023 939 1066 978 ἡ
1112 925 1290 978 steculi
1325 925 1347 992 1
1374 943 1528 997 super
1549 944 1684 980 eam.

586 1015 717 1070 Plie.
747 1014 817 1068 ()s
835 1018 974 1087 justi
1003 1017 1331 1073 meditabitur
1359 1020 1668 1089 sapientiam
1691 1036 1711 1076 :
1732 1031 1779 1076 et
1799 1022 1977 1095 lingua
2007 1027 2121 1095 ejus

511 1104 752 1171 loquetur
769 1106 1058 1178 judicium.

585 1197 693 1252 Lex
723 1199 822 1253 Dei
844 1203 956 1272 ejus
983 1200 1036 1254 in
1067 1200 1223 1255 corde
1252 1202 1417 1270 ipsius
1451 1219 1506 1258 -εκ
1544 1214 1594 1260 et
1624 1204 1647 1274 1
1679 1221 1783 1261 non
1808 1209 2119 1281 supplantao

511 1289 706 1345 buntur
727 1309 934 1362 gressus
961 1297 1091 1364 ejus.

579 1383 743 1438 Sade.
785 1381 1094 1439 Considerat
1134 1395 1371 1456 peccator
1391 1387 1591 1457 justum
1621 1404 1640 1443 :
1685 1399 1733 1445 et
1760 1392 1944 1460 quwrit
1980 1409 2118 1448 utor-

511 1477 711 1546 tiﬁcarc
733 1493 872 1558 cum.

583 1569 841 1624 Dominus
867 1586 910 1625 οξ
953 1579 1126 1626 autent
1151 1572 1174 1640 1
1201 1590 1302 1627 non
1327 1574 1644 1646 derelinquet
1666 1594 1780 1632 eum
1799 1579 1854 1632 in
1880 1580 2118 1634 manibus

507 1666 644 1736 ejus,
682 1679 771 1716 nec
799 1663 1066 1716 damnabit
1090 1681 1202 1718 eum
1231 1682 1346 1719 cum
1364 1668 1695 1736 judicabitur
1730 1685 1786 1724 osi
1821 1669 1902 1724 illi
1932 1671 1952 1738 1

2227 473 2279 529 in
2303 479 2558 532 smcnlum
2585 482 2767 536 smculi
2797 482 2927 554 [Μι.
2953 486 3150 541 szecula
3183 488 3537 564 steculorum]
3565 511 3580 547 :

2295 568 2560 636 Quoniam
2592 572 2854 631 Dominus
2879 579 3335 649 auiatjudicium,
3357 592 3412 639 et
3443 599 3553 640 non
3582 585 3818 646 derelin-

2223 672 2353 733 quet
2380 676 2602 722 sanctos
2628 685 2756 727 suos
2781 687 2794 722 :
2823 672 2876 727 in
2897 681 3165 730 teternum
3187 681 3682 738 conservabuntur.

2295 754 2483 824 lnjusti
2507 769 2687 814 autem
2729 763 3063 832 punientur:
3098 775 3152 822 et
3183 783 3371 826 semen
3406 771 3700 842 impiorum
3731 790 3817 846 pc-

2225 848 2374 905 ribit.

2291 941 2430 998 JuSIi
2453 959 2583 1000 vero
2613 944 2743 1018 [.lIs.
2771 955 2902 1004 tacet
2934 950 3084 1022 vero]
3114 951 3436 1011 haereditate
3463 958 3817 1026 possidebunt

2223 1042 2422 1090 terram
2441 1046 2519 1092 :el
2540 1036 2914 1095 inliabitabunt
2936 1041 2988 1096 in
3013 1043 3270 1100 smculum
3287 1047 3474 1102 smculi
3497 1064 3666 1121 super
3683 1067 3814 1108 eam.

2292 1128 2428 1184 Plio.
2469 1131 2544 1186 Os
2580 1133 2712 1202 justi
2753 1134 3100 1192 meditabitur
3140 1139 3489 1210 sapientiam,
3535 1151 3594 1199 et
3645 1144 3813 1216 lingua

2221 1219 2340 1291 ejus
2370 1221 2624 1294 loquetur
2641 1224 2924 1294 judicium.

2294 1312 2403 1369 Lex
2451 1315 2543 1371 Dei
2577 1319 2697 1387 ejus
2729 1319 2781 1374 in
2815 1319 2981 1378 corde
3026 1322 3197 1393 ipsius
3222 1342 3238 1380 ;
3267 1332 3325 1381 et
3365 1340 3472 1382 non
3509 1329 3817 1401 supplanta-

2221 1406 2424 1463 buntur
2452 1425 2678 1480 gressus
2704 1416 2844 1482 ejus.

2293 1502 2456 1558 Sade.
2487 1502 2812 1562 Considerat
2838 1518 3090 1580 peccator
3114 1510 3346 1583 justum,
3378 1522 3435 1571 et
3463 1518 3658 1587 quaerit
3704 1535 3819 1590 per-

2219 1595 2348 1651 dere
2399 1597 2524 1669 [Ms.
2562 1600 2910 1674 mortiﬁcare]
2955 1619 3078 1659 eum
3117 1623 3131 1660 :
3180 1605 3440 1664 Dominus
3483 1622 3668 1667 autem
3716 1628 3814 1668 non

2219 1689 2570 1761 derelinquet
2611 1707 2734 1748 eum
2775 1697 2830 1749 in
2877 1697 3131 1754 manibus
3198 1699 3340 1770 ejus,
3399 1717 3503 1760 nec
3544 1703 3816 1762 damnabit

579 1756 755 1824 COph.
798 1755 1058 1824 Exspecta
1090 1756 1396 1824 Dominum,
1428 1770 1474 1815 et
1503 1763 1706 1816 custodi
1737 1764 1872 1818 viam
1903 1767 2038 1836 ejus,
2069 1783 2100 1820 et

2246 1797 2366 1846 :nm,
2398 1797 2523 1838 cum
2547 1784 2880 1854 judicabitnr
2902 1789 3006 1842 illi.

507 1847 757 1900 exaltabit
793 1858 862 1912 te,
903 1858 956 1901 ut
983 1850 1282 1905 liarretlitate
1309 1853 1486 1924 capias
1510 1863 1701 1909 terram
1741 1873 1760 1910 :
1791 1873 1906 1911 cum
1947 1859 2116 1925 peric-

505 1939 612 1992 rint
639 1948 955 2005 peccatores,
983 1941 1195 1995 videbis.

590 2029 712 2082 Vidi
773 2032 988 2101 impium
1041 2036 1523 2106 superexallatum,
1577 2047 1625 2092 et
1673 2039 1929 2096 elevatum
1984 2043 2114 2098 sicut

510 2124 690 2177 cedros
725 2125 929 2181 Libani.
1231 2133 1236 2138 ”

579 2216 708 2271 Res.
743 2216 810 2271 Et
845 2221 1091 2288 transivi,
1124 2230 1170 2274 et
1200 2236 1314 2275 ecce
1343 2238 1444 2275 non
1473 2231 1584 2276 erat
1619 2239 1638 2276 :
1665 2233 1711 2277 et
1738 2225 1947 2295 quaesivi
1975 2243 2111 2296 eum,

507 2316 556 2362 et
584 2325 685 2362 non
710 2318 786 2363 est
812 2310 1047 2364 inventus
1083 2326 1140 2365 ές
1179 2312 1325 2365 locus
1350 2316 1462 2384 ejus
1488 2313 1509 2380 1

577 2398 694 2454 Sin.
742 2399 956 2454 Custodi
991 2403 1359 2469 innocentiam,
1394 2413 1440 2458 et
1472 2406 1586 2461 vide
1614 2408 1908 2478 aequitatem
1935 2425 1956 2465 :
1985 2427 2114 2482 quo-

505 2491 646 2544 niam
671 2507 788 2545 sunt
817 2492 1048 2560 reliquie:
1075 2491 1272 2548 homini
1298 2496 1538 2566 paciﬁca.

577 2582 776 2653 lnjusti
816 2585 1327 2655 autenidisperibunt
1360 2589 1536 2657 simul,
1572 2590 1806 2664 reliquia:
1836 2594 2112 2666 impiorunt

508 2674 820 2729 interibunt.

583 2765 696 2818 Van
728 2765 754 2803 ι)
787 2764 962 2822 Tltau.
997 2766 1158 2822 Salus
1199 2779 1368 2822 autem
1400 2772 1667 2842 justorum
1705 2789 1737 2826 a
1781 2771 2009 2830 Domino
2044 2791 2104 2832 σξ-

507 2857 597 2924 ct1
625 2868 882 2928 protector
908 2876 1083 2914 corum
1110 2861 1163 2914 in
1195 2871 1421 2934 tempore
1449 2865 1822 2921 tribulationis.

578 2948 647 3004 Et
687 2951 950 3023 (ttljttt'abil
994 2969 1078 3006 eos
1126 2951 1418 3022 Dominus,
1464 2967 1510 3010 et
1562 2957 1800 3014 liberabit
1829 2977 1914 3015 eos
1951 2972 2046 3016 :et
2081 2962 2102 3030 1

506 3052 647 3096 eruet
678 3059 763 3096 eos
796 3060 824 3096 a
858 3045 1208 3114 peccatoribus
1233 3055 1280 3102 et
1312 3047 1531 3104 salvabit
1561 3065 1666 3118 eos,
1706 3053 1830 3122 quia
1869 3064 2109 3124 sperave-

509 3142 628 3188 runt
660 3133 712 3188 in
741 3150 820 3188 eo.

2293 1874 2462 1945 Copli.
2491 1877 2754 1948 Exspecta
2785 1879 3094 1948 Dominum,
3134 1891 3189 1939 et
3215 1886 3428 1942 custodi
3451 1887 3570 1945 vias
3600 1891 3746 1960 ejus,
3767 1901 3817 1946 et

2218 1967 2485 2024 exaltabit
2538 1979 2615 2036 te,
2671 1979 2730 2025 ut
2763 1971 3086 2031 einbabites
3139 1985 3394 2034 terram:
3436 1995 3560 2036 cum
3612 1983 3817 2053 perient

2217 2074 2559 2132 peccatores,
2593 2065 2826 2121 videbis.

2290 2156 2411 2241 Yidi
2441 2158 2674 2241 _iinpiii_ni
2708 2161 3192 2233 superexaltatum,
3239 2174 3298 2222 et
3340 2167 3624 2225 elcvatum
3663 2183 3819 2241 super

2216 2232 2412 2284 cedros
2438 2229 2653 2286 Libani.

2288 2318 2411 2376 Res.
2445 2320 2716 2389 'l'ransivi,
2746 2331 2802 2378 et
2837 2337 2963 2380 ecce
2994 2341 3100 2382 non
3137 2336 3257 2384 erat
3285 2345 3298 2382 :
3324 2330 3545 2401 (ιιιωείνί
3582 2347 3735 2398 cum,
3769 2337 3819 2388 et

2218 2429 2323 2470 non
2347 2422 2434 2470 est
2449 2415 2712 2473 inventus
2737 2417 2888 2472 locus
2917 2417 3059 2489 ejus.

2289 2508 2408 2566 Sin.
2438 2511 2663 2568 Cnsmdi
2693 2514 2974 2568 veritatem
3007 2513 3136 2587 [Ms.
3167 2515 3578 2590 innocentiam],
3611 2528 3668 2575 et
3701 2519 3818 2576 vide

2215 2604 2524 2673 aequitatem
2556 2621 2571 2660 :
2601 2605 2860 2675 quoniam
2887 2617 3015 2662 sunt
3048 2607 3292 2678 reliquize
3319 2609 3526 2666 homini
3565 2614 3813 2683 pacillco.

2287 2699 2474 2768 lnjnsti
2517 2709 2699 2754 autent
2739 2699 3088 2772 disperientf
3127 2703 3290 2758 simul
3333 2705 3578 2777 reliquis:
3629 2707 3820 2779 impio-

2217 2805 2334 2843 rum
2367 2791 2642 2860 peribunt.

2293 2881 2409 2937 l’au
2457 2881 2626 2937 Tltau.
2676 2884 2834 2942 Salus
2877 2895 3057 2942 autem
3083 2886 3357 2957 juslorum
3399 2903 3430 2943 a
3473 2888 3715 2948 Domino
3741 2901 3819 2948 est

2216 2973 2344 3045 [31s.
2383 2985 2513 3031 tacet
2547 2974 2652 3046 est]
2680 2995 2691 3031 :
2722 2987 2777 3034 et
2807 2987 3086 3049 protector
3124 2994 3315 3036 eorum
3356 2991 3443 3037 est
3475 2983 3528 3037 in
3575 2991 3819 3056 tempore

2216 3067 2604 3123 tribulationis.

2134 3161 2180 3225 C
2285 3159 2348 3214 Et
2399 3159 2676 3230 adjuvaliit
2723 3175 2822 3216 eos
2871 3163 3152 3228 Dominus,
3197 3174 3251 3219 et
3284 3164 3534 3221 liberabit
3571 3181 3670 3222 eos
3715 3184 3728 3221 :
3767 3177 3820 3223 et

2217 3231 2409 3302 eripiet
2433 3247 2528 3287 eos
2555 3249 2582 3287 a
2615 3235 3012 3302 peccatoribus,
3039 3243 3095 3290 et
3123 3236 3306 3292 salvos
3333 3235 3502 3293 faciet
3530 3252 3656 3306 eos,
3687 3253 3818 3310 quo-

2213 3331 2358 3386 niam
2389 3336 2742 3400 speraveruut
2771 3327 2825 3383 in
2850 3341 2918 3384 eo
2942 3325 3070 3399 [Με.
3101 3327 3269 3400 eum].

1781 3445 2141 3510 PSALMUS
2183 3443 2520 3507 XXXVII.

654 3541 899 3597 Psauws
942 3541 1149 3612 Dum,
1191 3557 1243 3598 IN
1284 3557 1813 3602 COllll-ZIIORA'I‘IONBII
1847 3557 1869 3585 ο
1904 3563 1964 3603 -:—

1090 3651 1158 3691 nu
1188 3637 1468 3691 Sanunno
1489 3637 1536 3706 1.

584 3730 825 3797 Domine,
857 3746 920 3785 ne
943 3730 996 3784 in
1025 3733 1201 3802 furore
1241 3740 1329 3786 tuo
1365 3748 1558 3804 arguas
1588 3748 1669 3788 me
1698 3749 1718 3788 :
1750 3749 1910 3805 neque
1945 3734 1999 3790 in
2027 3735 2108 3792 ira

511 3836 600 3880 tua
628 3825 884 3894 corripias
915 3841 1013 3879 me.

584 3920 844 3988 Quoniam
875 3921 1076 3994 sagitta.-
1104 3929 1209 3975 tute
1234 3921 1411 3992 inﬁxa:
1453 3933 1572 3977 sunt
1611 3923 1739 3980 milii
1763 3940 1782 3979 :
1821 3933 1872 3980 et
1905 3926 2100 3996 conﬁr-

509 4015 663 4068 masti
692 4030 847 4083 super
869 4031 948 4068 me
968 4031 1179 4068 manum
1209 4024 1372 4070 tuam.

586 4105 709 4159 Non
738 4114 810 4159 est
840 4095 1036 4160 sanitas
1066 4109 1120 4161 in
1148 4123 1301 4162 carne
1334 4126 1443 4164 mea
1471 4127 1504 4164 a
1542 4112 1676 4183 facie
1703 4113 1796 4168 ine
1823 4121 1926 4169 tua:
1961 4129 1979 4168 :
2003 4131 2105 4169 non

510 4208 584 4251 est
611 4215 715 4266 pas:
737 4199 934 4253 ossibus
965 4200 1088 4254 meis
1114 4217 1146 4254 a
1175 4201 1310 4271 facie
1336 4206 1656 4270 peccaturum
1688 4222 1940 4261 meorum.

583 4290 840 4356 Quoniam
893 4291 1188 4362 iniquitates
1232 4309 1358 4350 mea:
1398 4313 1745 4368 supergressa:
1790 4309 1912 4352 sunt
1955 4307 2109 4372 caput

435 4413 440 4416 -
507 4397 675 4438 meum
707 4399 719 4437 :
744 4379 771 4419 ἀ
797 4383 926 4437 sicut
956 4399 1086 4438 onus
1109 4400 1260 4455 grave
1284 4397 1507 4458 gravatae
1534 4400 1652 4444 sunt
1677 4405 1831 4461 super
1859 4407 1958 4446 me.

2217 3545 2460 3603 PSALIUS
2492 3548 2658 3602 Dawn
2699 3544 2826 3620 [Ms.
2870 3560 2968 3602 IP31
3009 3545 3222 3619 Dum],
3267 3561 3321 3602 IN
3360 3562 3816 3608 neueuommosu

2543 3643 2670 3718 [51s.
2704 3640 3163 3712 recordationem]
3201 3642 3492 3698 SABBA'I'HI.

2286 3739 2528 3806 Domine,
2559 3755 2626 3793 ne
2654 3739 2705 3794 in
2743 3746 2767 3784 Β
2801 3737 2879 3792 ira
2911 3747 2997 3792 tua
3033 3751 3226 3807 arguas
3251 3753 3339 3793 me
3365 3755 3382 3810 ξ
3419 3752 3600 3809 neque
3639 3739 3696 3796 in
3731 3739 3816 3796 iu-

2209 3847 2335 3889 rore
2367 3841 2458 3887 tuo
2486 3831 2748 3902 corripias
2768 3845 2875 3886 me.

2280 3924 2542 3993 Quoniam
2571 3923 2780 3994 sagitta:
2819 3931 2924 3979 tute
2954 3922 3137 3979 inlisa:
3177 3932 3304 3979 sunt
3330 3923 3487 3994 mihi,
3520 3934 3579 3982 et
3610 3926 3815 3983 conﬁr-

2212 4017 2371 4074 masti
2396 4031 2560 4088 super
2585 4030 2671 4072 me
2691 4031 2909 4072 manum
2933 4025 3104 4072 tuam.

2279 4107 2389 4166 Nec
2431 4109 2557 4183 [51s.
2601 4109 2728 4181 non]
2772 4120 2855 4166 est
2892 4110 3095 4166 sanitas
3143 4111 3198 4166 in
3245 4123 3411 4168 carne
3440 4125 3562 4168 mea
3591 4127 3621 4168 a
3662 4113 3815 4168 vultu

2207 4202 2303 4258 ira:
2333 4212 2460 4271 tuas,
2491 4212 2545 4258 et
2575 4201 2704 4277 [51s.
2737 4212 2870 4258 tacet
2899 4201 2974 4276 et]
3015 4219 3124 4260 non
3153 4213 3240 4262 εει
3269 4219 3370 4276 pax
3403 4205 3620 4262 ossibus
3648 4206 3810 4276 meis,

2207 4309 2238 4350 a
2265 4295 2400 4352 facie
2424 4305 2767 4366 peccatorum
2801 4311 3072 4352 meorum.

2277 4388 2542 4456 Quoniam
2571 4389 2881 4459 iniquitates
2913 4405 3050 4446 meae
3087 4386 3114 4426 ιι
3144 4401 3612 4461 ευιιετροευρηιηι
3648 4401 3815 4464 caput

2123 4469 2180 4530 Β
2207 4499 2383 4540 meum
2417 4500 2432 4540 :
2462 4485 2602 4540 sicut
2630 4499 2768 4541 onus
2797 4500 2960 4558 grave
2987 4494 3224 4557 gravate
3253 4497 3378 4543 sunt
3402 4502 3568 4558 super
3588 4503 3702 4544 me.

581 4655 605 4682 ιι
634 4647 808 4716 Atque
859 4641 946 4716 hic
999 4641 1178 4716 minus
1231 4643 1367 4716 bene
1407 4643 1686 4702 Palatinus
1736 4660 1838 4702 ms.
1885 4645 2101 4703 obelum

505 4714 735 4778 omittit,
783 4729 882 4770 nec
928 4715 1042 4788 ipse
1087 4714 1207 4788 ejus
1256 4715 1375 4771 libri
1425 4719 1607 4772 editor
1655 4721 1798 4774 cavit
1843 4719 2104 4788 decipiant

507 4804 604 4857 pro
629 4789 896 4858 dejiciant.
923 4787 1131 4858 Czetera
1164 4787 1444 4858 Augustini
1477 4791 1660 4842 omnia
1690 4799 1834 4845 sunt.

578 4860 604 4899 h
626 4855 823 4912 Locum
842 4858 1042 4910 ultima:
1061 4855 1252 4909 litteras
1274 4856 1549 4930 alpliabeti
1568 4872 1796 4924 occupat
1817 4877 1910 4914 vav
1933 4861 2093 4930 istud;

510 4943 630 5001 nam
666 4930 716 4982 in
753 4930 982 4982 Hebro-0
1023 4936 1406 5001 ρυιηπλτεηπ
1453 4927 1817 4985 Utltsrltultatlt
1864 4927 2092 5001 legatur,

510 4999 562 5052 id
595 5011 697 5066 est,
731 5017 822 5052 vav
844 5007 967 5052 ante
991 4998 1130 5060 tltav,
1162 5000 1313 5052 initio
1333 5001 1619 5065 versiculi;
1647 5004 1818 5069 prima
1847 4998 2091 5070 ejusdem

511 5084 702 5124 versus
725 5087 829 5123 non
863 5071 1034 5137 potuit
1073 5069 1157 5121 edi
1193 5071 1403 5134 littera,
1451 5073 1696 5140 quin’vav
1734 5069 2094 5130 scriberetur.

507 5140 634 5213 biss.
667 5149 843 5213 tamen
879 5140 998 5213 tlinv
1026 5139 1367 5213 solummodo
1400 5139 1617 5211 legunt,
1653 5143 1795 5213 quod
1830 5152 1884 5198 et
1914 5160 2014 5199 nos
2042 5149 2094 5201 in

506 5210 727 5266 Canone
759 5212 951 5265 imitati
982 5225 1188 5266 sumus.
1216 5212 1396 5267 ΜΑιιτ.

506 5311 577 5320 -
615 5281 823 5336 Videsis
846 5283 919 5354 de
956 5290 1222 5354 postrema
1260 5285 1369 5354 liae
1401 5287 1600 5350 littera,
1633 5301 1752 5354 qute
1781 5286 1847 5346 ad
1892 5289 2099 5343 versio-

508 5366 630 5406 nem
661 5370 726 5407 ex
764 5353 924 5407 llebr.
966 5353 1218 5408 diximus.
1242 5353 1510 5413 Czeterum
1537 5353 1704 5412 Palat.
1733 5374 1835 5413 ms.
1879 5359 2094 5415 obelum

508 5425 732 5491 prznligit
763 5425 879 5477 voci
911 5432 1101 5476 autem.

583 5495 980 5570 '_llie_r_onymus
1005 5494 1068 5570 ad
1095 5496 1634 5570 Algasiumscrihens
1660 5500 1904 5557 meminit
1933 5501 2092 5570 hujus

506 5562 669 5642 tituli.
714 5562 888 5642 blant.
914 5594 983 5642 —_—
1012 5562 1284 5642 lilenivms.
1321 5567 1415 5622 Die
1437 5572 1653 5636 sabbati,
1683 5573 1838 5626 obelo
1870 5562 2094 5642 printer-

507 5633 693 5714 misso,
734 5634 859 5713 legit
891 5651 903 5686 :
948 5633 1087 5714 haud
1126 5637 1282 5716 bene,
1317 5647 1377 5691 nt
1413 5649 1496 5716 ρει
1525 5633 1737 5716 quoque
1783 5633 1913 5698 illud
1948 5644 2091 5716 quod

507 5703 682 5779 primo
711 5707 887 5756 statim
917 5706 1184 5779 versiculo
1212 5707 1515 5776 Diapsalma
1537 5703 1827 5779 subjuiigit.

575 5771 602 5813 ιι
629 5772 801 5832 Antea
845 5776 1255 5850 praeponebatur
1294 5771 1340 5831 et
1377 5781 1594 5852 copula,
1627 5771 1808 5854 Quam,
1844 5800 1966 5841 cum
1993 5801 2090 5845 ne-

2205 4662 2310 4726 que
2337 4647 2390 4726 in
2418 4647 2785 4726 llebr._neqne
2807 4649 2998 4726 Graeco
3020 4651 3138 4721 ipso
3165 4661 3310 4708 textu
3333 4663 3576 4726 resonet,
3608 4655 3678 4712 ad
3711 4657 3810 4714 Pa-

2205 4719 2353 4792 latini
2389 4735 2490 4775 ms.
2525 4719 3100 4792 lidenrexpnnximus.

2277 4803 2301 4870 ὲ
2329 4791 2656 4847 Veronensis
2680 4807 2782 4846 ms.
2813 4805 2863 4846 et
2892 4793 3244 4861 Augustinus,
3277 4806 3332 4850 ut
3356 4796 3658 4852 luereditate
3686 4816 3804 4870 pos-

2199 4862 2367 4917 sideas
2412 4871 2626 4942 terram,
2680 4881 2796 4942 cum
2846 4873 3059 4935 pereunt
3106 4878 3444 4942 peccatores:
3471 4877 3586 4922 tum
3626 4862 3810 4942 supcr-

2197 4934 2422 4988 exaltari
2462 4945 2509 4988 et
2550 4936 2738 4990 elevari
2763 4934 2937 5007 super,
2968 4945 3075 4992 etc.
3107 4934 3185 4992 Et
3201 4939 3435 5004 transivi,
3467 4948 3516 4992 et
3546 4954 3662 4994 ecce
3688 4934 3804 4996 'non

2197 5013 2304 5059 erat
2338 5024 2353 5062 :
2376 5013 2423 5058 et
2445 5009 2676 5075 quiesivi,
2709 5015 2816 5060 etc.

2277 5075 2294 5114 ί
2328 5076 2495 5132 Unice
2518 5093 2638 5133 eum
2667 5078 2970 5146 Augustino
2997 5077 3139 5133 idem
3165 5093 3291 5140 ms.,
3315 5080 3604 5146 disperient
3627 5082 3679 5136 in
3699 5083 3806 5138 idi-

2198 5163 2366 5216 psum,
2403 5158 2451 5201 et
2478 5151 2710 5219 reliquias
2749 5151 3025 5221 impiorum
3064 5151 3362 5204 interibunt.
3396 5154 3486 5207 Sic
3520 5163 3805 5221 postremo

2201 5232 2386 5287 versu,
2417 5231 2558 5276 eruet
2587 5238 2693 5284 eos,
2727 5232 2771 5274 et
2798 5221 2984 5275 eximet
3009 5237 3095 5274 eos
3124 5237 3188 5275 ea:
3215 5221 3592 5290 peccatoribus.

2273 5300 2298 5364 If
2322 5291 2676 5363 Augustinus,
2705 5308 2866 5364 quem
2894 5291 3191 5347 Veronens.
3223 5308 3325 5347 ms.
3350 5295 3640 5363 describit,
3667 5313 3730 5350 ne
3748 5297 3804 5350 in

2200 5360 2556 5436 indignatione
2583 5375 2674 5417 tua
2700 5360 2890 5436 arguas
2914 5379 3016 5429 me,
3046 5381 3207 5436 neque
3233 5365 3285 5418 in
3314 5365 3392 5418 ira
3422 5376 3515 5418 tua
3553 5360 3802 5422 eruenda-

2200 5435 2340 5505 veris
2357 5434 2452 5505 (al.
2487 5435 2743 5504 emendes)
2778 5450 2875 5488 me.

2271 5499 2297 5539 ¹³
2325 5499 2488 5559 Iidem
2508 5510 2670 5580 unice
2701 5499 2843 5560 inter
2869 5520 2928 5562 se
2954 5507 3303 5580 concinentes
3330 5506 3478 5574 libri,
3506 5510 3804 5580 iniquitates

2197 5590 2321 5629 mea
2353 5576 2664 5631 sustulerunt
2693 5588 2847 5652 caput
2885 5594 3073 5644 meum,
3113 5578 3242 5632 sicut
3273 5579 3430 5648 fascis
3459 5576 3638 5652 gravis
3674 5600 3800 5652 gra-

2193 5655 2324 5722 vata:
2343 5656 2458 5700 sunt
2479 5665 2629 5720 super
2646 5665 2744 5704 me.
2773 5649 3200 5718 Computuerunt,
3225 5661 3272 5704 et
3293 5649 3591 5722 puti-ierunt
3614 5649 3801 5707 livores

2195 5717 2293 5770 mei
2318 5735 2337 5773 :
2369 5717 2578 5775 tantum
2608 5722 2804 5776 rectius
2831 5717 2971 5792 apud
3019 5723 3244 5796 August.
3283 5717 3541 5780 Scribitur
3570 5723 3802 5797 Compu~

2193 5797 2448 5859 (ruerunt,
2474 5801 2518 5847 et
2544 5801 2842 5867 puluerunl.
