3936 6180
107 276 188 336 lilii
1358 277 1562 333 LIBER
1604 274 2046 336 PSALMORUM.

3268 282 3373 339 {86

168 395 456 450 Putruerunt
485 405 532 449 et
557 402 827 466 corrupr
855 402 970 448 sunt
1003 392 1266 447 cicatrices
1295 407 1438 458 mete,
1465 408 1495 443 a
1523 392 1658 462 faeie
1684 395 1737 455 Α
1831 390 2318 462 Computruerunt,
2338 388 3177 448 etdeterioraveruntcicatrices
3199 406 3361 462 mem,

110 495 378 565 insipientia!
404 510 542 547 meae.

177 590 317 643 Miser
334 591 493 659 factus
522 604 641 641 sum
674 596 722 640 et
766 594 1005 640 curua'us
1045 600 1160 638 sum
1197 598 1351 650 usque
1376 582 1425 635 in
1465 582 1663 651 linem;

118 692 204 736 tota
228 682 302 734 die
323 680 646 733 contristatus
667 678 1013 751 ingrediebar.

174 773 395 839 Quoniam
418 770 574 824 lumbi
601 771 702 823 mei
731 770 928 840 impleti
950 778 1070 821 sunt
1102 767 1427 822 illusionibus
1452 783 1468 819 .'
1494 775 1540 819 et
1564 781 1665 819 non

117 877 175 921 est
194 865 361 919 sanitas
383 864 432 917 in
454 880 610 917 carne
636 880 770 916 mea.

174 962 379 1029 Afﬂictus
400 976 535 1026 sunt,
570 968 620 1012 et
652 957 955 1011 humiliatus
984 972 1098 1010 sum
1123 955 1277 1009 nimis
1301 970 1319 1009 :
1343 954 1609 1025 rugiebam
1634 973 1665 1008 a

114 1056 270 1124 gemitu
296 1052 457 1105 cordis
484 1052 606 1105 mei.

173 1146 377 1212 Domine,
400 1155 518 1198 ante
538 1154 588 1199 te
609 1160 760 1197 omne
788 1144 1101 1198 desiderium
1133 1159 1296 1196 meum
1326 1158 1343 1195 :
1374 1151 1419 1195 et
1441 1143 1667 1213 gemitus

115 1257 229 1293 meus
251 1257 278 1293 a
296 1250 338 1294 te
357 1255 453 1292 non
481 1249 556 1293 est
585 1237 943 1292 absconditus.

173 1330 257 1384 Cor
294 1346 449 1385 meum
486 1331 846 1383 conturbatum
897 1338 991 1393 est,
1050 1327 1321 1397 dereliquit
1368 1343 1449 1380 me
1500 1327 1664 1381 rirtus

116 1441 222 1489 nica,
262 1435 306 1478 et
330 1425 489 1479 lumen
534 1424 801 1478 oculorum
849 1439 1114 1488 meorum,
1153 1430 1201 1477 et
1242 1422 1415 1491 ipsum
1457 1439 1560 1476 non
1590 1432 1665 1478 est

117 1534 301 1571 meum.

173 1611 313 1663 Amici
348 1610 459 1677 mei,
486 1619 532 1664 et
561 1610 787 1682 proximi
816 1609 933 1675 mei,
964 1610 1238 1665 adversum
1271 1626 1350 1664 me
1381 1611 1666 1682 apprOpin-

115 1710 372 1769 quat-erunt,
397 1712 440 1757 et
470 1712 739 1756 steterunt.

1769 500 1799 540 a
1830 487 1966 541 facie
1992 485 2321 555 insipientia:
2353 502 2507 540 mete.

1842 578 2339 649 Miseriisiafﬂietus
2384 596 2507 634 sum
2529 623 2543 646 ,
2579 590 2631 635 et
2660 590 2918 635 curvatus
2963 595 3081 634 sum
3114 594 3286 651 usque
3316 581 3367 636 in

1772 674 1937 729 ﬁnem
1975 693 1986 727 :
2024 682 2133 726 tota
2166 674 2254 727 die
2282 674 2640 728 contristatus
2673 684 2695 711 ε
2732 674 3096 744 ingrediebar.

1840 767 2109 835 Quoniam
2158 767 2335 819 anima
2367 781 2484 820 mea
2534 766 2799 837 completa
2846 776 2930 822 est
2976 764 3367 820 illusionibus:

1770 870 1824 915 et
1857 875 1963 913 non
1996 866 2079 911 est
2112 858 2317 911 sanitas
2349 858 2401 912 in
2434 873 2599 912 carne
2624 874 2766 913 mea.

1838 951 2154 1005 incurvatus
2184 965 2301 1003 sum
2336 963 2390 1005 et
2429 949 2748 1005 humiliatus
2787 966 2908 1006 sum
2952 964 3365 1020 usquequaque,

1766 1046 2043 1115 rugieliam
2070 1060 2098 1096 a
2123 1044 2325 1113 gemitu
2351 1044 2531 1097 cordis
2575 1045 2679 1099 mei
2712 1060 2727 1099 :
2758 1054 2811 1099 et
2842 1055 2968 1099 ante
2994 1054 3044 1098 te
3083 1053 3167 1099 est
3198 1059 3361 1098 omne

1771 1140 2099 1195 desiderium
2133 1154 2349 1203 meum,
2399 1146 2454 1191 et
2501 1138 2737 1207 gemitus
2781 1153 2935 1192 lllCllS
2966 1153 2995 1191 ιι
3039 1146 3090 1192 te
3137 1153 3243 1191 non
3286 1146 3371 1191 est

1770 1232 2148 1287 absconditus.

1842 1325 1950 1381 Cor
1979 1342 2156 1381 meum
2180 1324 2561 1380 conturbatum
2596 1332 2680 1379 est
2709 1324 2759 1378 in
2792 1338 2901 1389 me,
2933 1332 2983 1378 et
3014 1322 3254 1377 deseruit
3286 1338 3372 1378 me

1770 1418 2028 1474 fortitudo
2075 1434 2234 1475 mea:
2287 1428 2342 1475 et
2390 1419 2573 1473 lumen
2621 1418 2903 1473 oculorum
2957 1432 3227 1486 meorum,
3261 1433 3368 1472 non

1770 1520 1854 1567 εει
1883 1526 2118 1566 mecum.

1843 1604 2018 1659 Amici
2052 1604 2177 1667 mei.
2206 1612 2262 1658 ct
2294 1602 2523 1672 proximi
2555 1602 2698 1669 mei,
2753 1600 3015 1656 adversus
3056 1616 3142 1657 uie
3174 1615 3366 1672 appro-

1770 1699 2058 1769 piavcrunt
2086 1698 2213 1769 [51s.
2238 1694 2853 1767 appropinquaverunt].
2894 1704 2949 1750 et
2980 1702 3275 1762 Steterunt,
3312 1704 3368 1751 et

176 1790 232 1844 Et
266 1794 341 1861 qui
358 1796 507 1865 juxta
546 1810 625 1846 me
664 1801 835 1858 erant,
868 1792 931 1847 de
961 1794 1111 1861 longe
1152 1801 1399 1846 steterunt
1432 1808 1449 1846 :
1482 1802 1527 1846 et
1556 1793 1656 1847 vim
1694 1790 1735 1849 Β
1766 1791 2003 1863 proximi
2036 1790 2143 1844 mei
2180 1805 2208 1843 a
2240 1789 2401 1859 longe
2432 1797 2726 1844 steterunt.

116 1884 326 1949 faciebant
346 1888 427 1954 qui
452 1887 752 1955 quaerebant
780 1886 1008 1938 animam
1038 1902 1227 1953 meam,

172 1975 229 2029 Et
250 1979 325 2044 qui
352 1978 661 2046 inquirebant
688 1979 826 2032 mala
856 1978 1005 2043 mihi,
1032 1977 1193 2032 locuti
1220 1987 1338 2032 sunt
1356 1978 1607 2034 vanitates
1638 1995 1656 2033 :

113 2078 151 2123 et
173 2071 301 2123 dolos
325 2080 421 2124 tota
444 2070 529 2123 die
555 2071 961 2125 meditabantur.

171 2160 266 2232 Ego
297 2174 453 2217 autem
475 2172 741 2234 tamquam
772 2164 962 2217 surdus
990 2180 1092 2217 non
1118 2162 1409 2229 audiebam,
1441 2173 1488 2217 et
1526 2163 1660 2217 sicut

113 2264 255 2307 mutus
277 2270 368 2307 non
391 2256 626 2323 aperiens
650 2272 707 2308 os
728 2272 900 2309 suum.

168 2344 225 2399 Et
251 2348 402 2418 factus
420 2365 529 2400 sum
557 2349 695 2401 sicut
737 2346 889 2401 homo
920 2364 1021 2401 non
1059 2347 1277 2401 audiens
1306 2363 1325 2402 :
1354 2357 1400 2402 et
1433 2363 1532 2401 non
1565 2346 1661 2402 ha-

105 2435 208 2489 beas
225 2438 268 2490 in
292 2455 372 2491 ore
392 2455 481 2493 suo
512 2438 923 2508 redargutiones.
960 2448 987 2476 α

163 2528 391 2593 Quoniam
419 2533 472 2585 in
504 2541 574 2597 te,
618 2529 863 2598 Domine,
894 2532 1118 2602 sperari,
1164 2541 1219 2585 tu
1249 2530 1519 2595 exaudies,
1552 2528 1662 2585 Do-

105 2622 219 2674 mine
245 2620 367 2677 Deus
392 2640 556 2678 meus.

164 2714 281 2780 Quia
304 2717 407 2769 dixi
432 2732 451 2770 :
483 2715 566 2770 Ne
595 2716 805 2787 quando
834 2718 1253 2787 supergaudeant
1296 2717 1427 2771 mihi
1458 2732 1519 2773 σξ-
1553 2717 1660 2771 ini—

103 2808 204 2861 mici
229 2811 315 2864 mei
347 2812 368 2878 ζ
410 2820 455 2865 et
492 2812 617 2864 dum
647 2822 1029 2866 commoventur
1066 2813 1217 2883 pedes
1244 2813 1363 2879 mei,
1398 2828 1556 2882 super
1585 2828 1663 2865 me

101 2920 263 2973 magna
288 2906 439 2960 locuti
461 2916 604 2961 sunt.

164 3001 393 3067 Quoniam
433 3020 525 3074 ego
567 3004 621 3056 in
652 3002 866 3073 ﬂagella
908 3012 1126 3073 paratus
1156 2998 1185 3039 ι’
1222 3017 1335 3054 sum
1366 3014 1384 3053 :
1436 3007 1481 3054 et
1510 2999 1663 3053 dolor

101 3105 224 3144 meus
249 3093 297 3146 in
318 3104 580 3164 conspectu
610 3110 720 3148 meo
750 3109 975 3163 seraper.

1837 1882 1907 1937 Et
1938 1883 2045 1936 vim
2070 1881 2347 1937 faciebant
2379 1882 2470 1953 qui
2517 1883 2835 1952 qua-reboat
2879 1881 3118 1935 animam
3151 1895 3326 1935 meam
3356 1898 3369 1934 :

1766 1985 1822 2031 et
1850 1976 1943 2045 qui
1974 1974 1990 2013 τ
2029 1976 2382 2045 inquirebant
2414 1975 2553 2029 mala
2586 1974 2717 2029 mihi
2738 2017 2751 2040 ,
2788 1976 2953 2029 locuti
3006 1983 3133 2029 sunt
3162 1974 3374 2029 vanita-

1768 2080 1869 2133 tes,
1902 2080 1957 2125 et
1986 2070 2147 2123 dolos
2176 2081 2285 2123 tata
2318 2070 2408 2125 die
2440 2068 2866 2124 meditabantur.

1838 2164 1951 2234 Ego
1972 2174 2155 2219 autem
2186 2164 2333 2218 velut
2363 2163 2562 2217 surdus
2612 2179 2719 2217 non
2765 2162 3055 2217 audiebam
3089 2178 3104 2219 :
3149 2169 3205 2215 et
3235 2160 3373 2215 sicut

1766 2268 1965 2321 mutus,
1998 2258 2087 2327 qui
2122 2246 2230 2309 non
2264 2255 2441 2326 aperit
2480 2254 2606 2326 [.lls.
2640 2255 2914 2325 aperiens]
2946 2268 3010 2307 os
3040 2268 3224 2308 suum.

1838 2352 1902 2406 Et
1932 2352 2105 2405 iactus
2134 2368 2253 2405 sum
2289 2360 2346 2404 ut
2379 2349 2543 2403 homo
2574 2366 2682 2403 non
2722 2350 2954 2403 audiens
2987 2367 3000 2402 :
3046 2356 3101 2402 et
3135 2363 3243 2401 non
3278 2347 3371 2401 lia-

1764 2444 1901 2500 bens
1931 2444 1985 2497 in
2018 2458 2111 2497 ore
2143 2457 2244 2497 suo
2275 2440 2679 2510 increpationes
2709 2438 2838 2509 ['Ms.
2867 2438 3231 2509 argutioncs].

1836 2537 2102 2606 Quoniam
2134 2537 2186 2591 in
2212 2546 2282 2599 te,
2312 2535 2559 2601 Domine,
2588 2533 2803 2602 Speravi
2838 2541 2887 2597 ε,
2914 2530 3028 2585 dixi
3057 2548 3071 2588 :
3098 2530 3179 2584 Tu
3203 2543 3369 2585 exau-

1766 2632 1883 2687 dies
1913 2646 2022 2696 me,
2057 2628 2285 2683 Domine
2314 2629 2457 2683 Deus
2489 2641 2666 2681 meus.

1838 2725 1973 2792 Quia
2004 2723 2116 2778 dixi
2148 2740 2160 2777 :
2192 2721 2270 2777 Ne
2299 2720 2590 2793 aliquando
2634 2718 2895 2774 insultent
2938 2718 2990 2772 in
3031 2731 3118 2771 me
3159 2716 3365 2771 inimici
3400 2772 3413 2778 ,

1766 2819 1897 2882 mei,
1932 2826 1985 2871 et
2013 2818 2137 2871 dum
2171 2822 2656 2871 commoverentur
2684 2812 2851 2883 pedes
2881 2813 3012 2880 mei,
3048 2812 3102 2867 in
3134 2826 3220 2867 me
3248 2826 3372 2865 nia-.

1764 2927 1869 2983 gna
1902 2911 2069 2965 locuti
2110 2917 2259 2965 sunt.

1847 3004 2111 3072 Quoniam
2160 3016 2263 3070 ego
2300 2999 2368 3054 ad
2420 2998 2632 3068 flagella
2667 3004 2891 3067 paratus
2934 3008 3053 3048 sum
3086 3011 3098 3046 :
3130 3002 3183 3048 et
3215 2992 3373 3049 dolor

1767 3111 1922 3153 meus
1949 3102 2074 3149 ante
2107 3108 2195 3149 me
2243 3103 2326 3147 est
2365 3106 2604 3159 semper.

167 3182 396 3249 Quoniam
421 3188 740 3259 iniquitatem
769 3202 935 3242 meam
960 3185 1320 3241 annuntiabo:
1352 3200 1411 3241 -ι-
1438 3193 1483 3240 et
1514 3185 1536 3253 ζ
1571 3200 1655 3238 co-
1688 3190 1734 3254 (ζ
1836 3189 2110 3258 Quoniam
2141 3186 2485 3257 iniquitatem
2526 3198 2702 3239 meam
2744 3197 2845 3254 ego
2879 3180 3177 3254 pronuntio
3210 3197 3225 3263 ς
3256 3188 3309 3236 et
3341 3180 3367 3217 ιλ

107 3274 250 3342 gitabo
271 3295 355 3348 pro
378 3291 581 3348 peccato
614 3296 748 3334 meo.

166 3365 355 3424 Inimici
377 3384 540 3427 autem
574 3374 674 3427 mei
708 3373 910 3440 vivunt,
934 3381 984 3426 et
1010 3371 1303 3439 conﬁrmati
1330 3379 1449 3425 sunt
1482 3386 1537 3426 οι»
1576 3388 1663 3426 su-

109 3476 184 3525 per
204 3464 312 3531 me:
341 3474 381 3518 et
406 3468 734 3539 multiplicati
760 3477 901 3534 sunt,
926 3467 1013 3534 qui
1038 3466 1255 3519 oderunt
1286 3482 1363 3519 me
1392 3466 1587 3536 inique.

169 3554 257 3619 Qui
274 3560 541 3613 retribuunt
561 3560 702 3613 mala
722 3576 816 3632 pro
835 3560 979 3613 battis
993 3558 1324 3613 detrahebant
1344 3557 1467 3613 mihi
1494 3575 1511 3613 :
1535 3575 1664 3628 quo-

110 3648 228 3701 niam
247 3655 469 3723 sequebar
493 3656 773 3709 bonitatem
800 3665 845 3708 ε.

171 3742 243 3797 Ne
266 3747 573 3821 derelinquas
602 3768 700 3816 me,
740 3748 964 3804 Domine
1002 3746 1141 3802 Dens
1170 3762 1311 3801 meus
1335 3762 1351 3800 :
1381 3763 1443 3801 ne
1469 3746 1662 3800 disces-

111 3851 217 3891 κω
241 3858 270 3893 a
301 3859 390 3897 nte.

174 3929 368 3989 Intende
390 3938 437 3991 in
465 3939 788 4010 adjutorium
818 3953 1005 4005 nteum,
1040 3935 1289 4003 Domine,
1315 3930 1341 3971 ἀ
1370 3948 1419 3989 ’θ
1464 3932 1599 3987 Deus
1633 3932 1655 4001 ζ

113 4025 261 4080 salutis
290 4046 420 4086 meae.

116 4240 193 4354 (ne
215 4232 304 4289 llic
324 4234 508 4293 iterum
540 4236 855 4309 Diapsalma
884 4234 949 4290 de
985 4248 1086 4290 suo
1115 4232 1401 4289 Palatinus
1443 4246 1542 4287 ms.
1571 4231 1665 4286 ad-

148 4320 157 4354 l
186 4345 197 4354 .

148 4314 197 4357 ll.

168 4372 190 4412 δ
220 4376 415 4435 Rectius
445 4381 583 4436 idem
614 4396 719 4434 ms.
752 4378 985 4433 verbum
1024 4394 1139 4431 sunt
1173 4384 1318 4430 tacet
1347 4392 1360 4429 :
1385 4375 1504 4443 plus
1535 4390 1666 4432 vero

115 4442 251 4522 habet
270 4452 603 4522 subsequenti
641 4466 825 4511 versu.
852 4466 943 4521 ego
966 4447 1312 4522 annuntiabo,
1348 4442 1455 4522 etc.

173 4528 193 4591 ἦ
218 4518 423 4577 Rursum
439 4518 761 4591 'Diapsalma
787 4518 1041 4576 Ιιὶοἷάοηι
1067 4536 1169 4573 ms.
1198 4519 1473 4589 subjungit
1502 4537 1513 4572 :
1550 4527 1660 4573 tum

114 4583 372 4664 legit,_Non
401 4583 748 4664 derelinquas,
780 4601 888 4647 etc.

169 4658 191 4697 ἀ
222 4662 351 4719 llunc
370 4667 581 4719 obcium
612 4658 831 4733 Sequior
858 4678 1050 4717 manus
1080 4662 1131 4714 iu
1158 4660 1401 4715 Palatino
1435 4674 1537 4733 ms.
1565 4660 1660 4715 de-

114 4726 248 4786 levit:
271 4739 550 4805 prmstabat
578 4726 709 4790 vero
732 4737 933 4804 ipsum,
962 4733 1121 4797 Deus,
1148 4746 1369 4802 noineu,
1394 4732 1538 4801 quod
1565 4749 1660 4788 ne-

113 4814 196 4869 ‘l'te
222 4806 265 4859 in
292 4806 470 4864 (ἔαρι-ο
500 4818 604 4870 est.
630 4806 833 4861 induci.

173 4884 192 4909 ε
220 4875 321 4931 Pari
348 4895 613 4935 consensa
640 4876 979 4945 Augustinus
1004 4883 1057 4928 et
1082 4874 1411 4928 Veronensis
1434 4890 1535 4927 ms.
1563 4874 1659 4927 lia-

114 4941 217 5001 bent
236 4951 539 5004 ambulabant
561 4941 1004 5018 pruinaretlicbar
1030 4961 1046 4999 :
1073 4956 1126 4999 et
1156 4947 1317 5018 paulo
1343 4956 1484 5013 post,
1511 4946 1662 5010 in/ir-

112 5030 245 5073 matus
266 5039 363 5076 sunt
396 5039 491 5094 pro
514 5017 842 5086 incurvatus,
872 5029 929 5074 et
960 5033 1122 5088 usque
1152 5017 1307 5069 nimis
1340 5031 1437 5085 pro
1469 5033 1658 5086 usque-

113 5101 291 5156 quoque.

176 5159 190 5195 ί
218 5164 644 5231 Augustiuiannm
678 5176 732 5219 et
762 5162 1077 5218 Veronense
1101 5203 1115 5226 ,
1160 5158 1301 5228 quod
1360 5157 1502 5211 idem
1555 5167 1661 5221 est,

115 5224 406 5297 Psalterium,
425 5238 510 5303 qui
533 5235 832 5305 qturrebaut
862 5235 1008 5288 mala
1029 5224 1350 5305 mem-locuti
1371 5236 1490 5305 sunt
1520 5231 1663 5305 rani-

117 5308 254 5369 latent,
294 5317 334 5360 et
358 5301 551 5362 dolunr
581 5318 693 5361 tota
724 5308 809 5359 die
837 5304 1241 5365 meditabantur,
1290 5304 1487 5355 vitiose
1519 5301 1662 5355 enim

116 5370 205 5439 Ejus
229 5378 387 5432 editor
411 5380 623 5443 prteiert
660 5377 1079 5431 meditabantur.

172 5456 190 5489 ε
218 5447 302 5503 llic
329 5452 546 5505 verbum
578 5450 714 5516 dixi,
760 5460 871 5502 tum
896 5465 977 5502 me
1010 5459 1310 5516 pronomen
1342 5443 1506 5498 iidem
1540 5457 1661 5516 cum

120 5512 343 5587 Gallicano
371 5512 713 5587 prmtereunt
738 5538 751 5573 :
788 5534 917 5573 mox
943 5512 1074 5571 vero
1101 5515 1241 5587 quod
1273 5530 1369 5584 pro
1414 5514 1663 5587 insultent

119 5584 158 5656 in
177 5605 251 5653 me,
277 5584 478 5656 puefert
508 5594 815 5648 Veronens.
842 5591 1098 5643 exsultent
1121 5584 1269 5648 nti/ti,
1299 5588 1521 5654 propius
1540 5584 1659 5653 qni-

122 5654 209 5741 tlc-m
234 5654 401 5717 Greco
428 5666 746 5741 ἐπιχαίρωσί
775 5684 865 5741 per
900 5664 1103 5741 lueret}
1129 5658 1196 5711 ab
1220 5656 1652 5741 Augustinus-u-

124 5734 218 5796 tem,
246 5746 293 5787 ut
317 5752 380 5790 ue
424 5726 552 5803 quid
582 5726 1024 5796 dissimulamus,
1078 5730 1129 5803 in
1180 5726 1411 5803 vulgatis
1443 5726 1648 5803 saltent

121 5798 479 5881 exentplaribus,
521 5808 752 5877 abludit,
789 5806 881 5865 ubi
915 5811 1073 5860 vetus
1108 5800 1269 5857 lectio
1309 5800 1563 5856 insultant
1596 5798 1646 5855 in

1643 4081 1675 4093 κ
1700 4088 1705 4093 .

1768 3282 2020 3354 cogitabo
2048 3296 2148 3353 pro
2178 3288 2403 3351 peccato
2433 3292 2578 3334 meo.

1841 3374 2047 3431 Inimici
2079 3373 2185 3429 mei
2212 3382 2393 3428 autem
2415 3372 2623 3438 vivunt,
2648 3381 2699 3427 et
2722 3370 3017 3426 contortati
3042 3378 3169 3426 sunt
3197 3384 3366 3440 super

1769 3484 1858 3525 me
1889 3486 1903 3523 :
1933 3478 1988 3523 et
2014 3466 2353 3537 multiplicati
2379 3465 2616 3535 suntqui
2645 3464 2877 3519 oderunt
2907 3478 2996 3519 me
3027 3464 3232 3533 inique.

1840 3558 1940 3625 Qui
1966 3558 2344 3614 retribuebant
2374 3556 2504 3611 milii
2547 3556 2687 3611 mala
2732 3570 2831 3626 pro
2881 3556 3073 3623 bonis,
3117 3554 3372 3610 detrahe-

1774 3650 1905 3705 bant
1932 3650 2062 3704 mibi
2094 3650 2353 3720 quoniam
2381 3648 2705 3703 subsecutus
2729 3663 2850 3702 sum
2876 3647 3147 3717 justitiam
3180 3648 3221 3702 ί.

1844 3744 1920 3799 Ne
1952 3745 2300 3814 derelinquas
2353 3758 2461 3811 me,
2507 3742 2738 3798 Domine
2780 3742 2922 3797 Deus
2956 3758 3132 3807 meus,
3184 3756 3251 3796 ne
3289 3742 3373 3796 di-

1772 3836 2035 3893 scesseris
2065 3851 2093 3890 a
2125 3850 2211 3890 me
2246 3852 2258 3888 :
2290 3833 2514 3889 intende
2547 3835 2599 3888 in
2639 3832 2974 3903 adjutoriuzn
3016 3848 3228 3902 meum,
3264 3833 3371 3889 Do-

1772 3932 1918 3987 mine
1950 3929 2094 3986 Deus
2119 3928 2311 3985 salutis
2342 3943 2497 3984 metu.

1768 4249 1866 4299 me,
1897 4232 2187 4288 retinetur.
2214 4230 2378 4286 Falso
2405 4230 2588 4301 itaque
2614 4231 2951 4287 Veronensis
2975 4233 3093 4302 ejus
3125 4247 3227 4287 ms.
3253 4233 3369 4288 edi-

1768 4316 1855 4360 tor
1884 4306 1981 4371 ait,
2016 4322 2077 4358 ne
2098 4304 2384 4373 aliquando
2424 4306 2679 4358 exsultent
2716 4304 2784 4357 ab
2815 4305 3369 4373 Augustinoquoque

1769 4375 1869 4444 legi
1899 4377 1948 4430 in
1976 4371 2326 4430 enarratione
2370 4374 2531 4444 hujus
2566 4374 2778 4443 psalmi,
2815 4371 2966 4430 nutri.
3007 4374 3099 4426 ‘22.
3137 4371 3237 4444 itis
3269 4386 3368 4439 ego

1767 4440 1905 4500 hanc
1934 4448 2225 4501 lectionem
2256 4440 2778 4515 Augustino‘notam
2823 4446 2991 4499 fuisse
3030 4440 3266 4509 conjicio
3296 4458 3365 4495 ex

1766 4520 2068 4591 παραλλήλῳ
2127 4517 2481 4591 testimonio,
2534 4518 2677 4586 quod
2734 4518 2952 4582 laudat,
2983 4515 3071 4584 qui
3124 4528 3203 4566 mc
3246 4529 3370 4583 pro-

1771 4588 1937 4648 munt.
1966 4588 2319 4646 chultabunt.
2351 4590 2395 4640 si
2426 4599 2591 4642 motus
2622 4593 2815 4657 fuero..

1844 4657 1871 4695 ¹ι
1898 4660 1974 4713 Ex
2002 4661 2302 4729 Augustino
2318 4656 2648 4713 Veronensis
2668 4674 2769 4711 ms.
2797 4672 3159 4728 euramgeram
3186 4671 3204 4708 :
3223 4656 3365 4724 quod

1771 4732 2015 4799 sequitur
2046 4734 2135 4802 qui
2176 4730 2402 4802 oderunt
2430 4747 2507 4784 me
2551 4730 2745 4795 inique,
2781 4733 3117 4802 Augustinus
3146 4742 3369 4802 quoque

1772 4804 1991 4867 retinet,
2022 4798 2123 4856 nis.
2158 4811 2336 4855 tamen
2373 4801 2677 4854 Veronens.
2710 4804 2920 4853 mavult
2952 4799 3177 4870 injuste,
3223 4798 3367 4865 quod

1773 4872 1994 4941 dignum
2030 4883 2216 4927 notatu
2246 4880 2365 4926 erat
2392 4872 2509 4939 ejus
2534 4870 2757 4935 editori,
2782 4871 2871 4939 qui
2898 4870 3117 4922 niinima
3141 4882 3369 4941 qumque

1772 4940 2013 4999 studiose
2042 4946 2407 5013 persequitur.
2448 4941 2651 4995 Deinde
2692 4944 2803 5008 pari
2839 4954 3137 5013 consensu,
3170 4940 3260 5009 qui
3286 4954 3371 4992 re-

1772 5014 2005 5067 tribnunt
2044 5011 2357 5086 imula—pro
2415 5013 2600 5078 bonis,
2661 5022 2715 5064 et
2768 5011 3012 5080 quoniam
3072 5020 3369 5082 persecutus

1766 5103 1900 5148 sum,
1935 5096 2044 5141 etc.

1849 5155 1863 5192 ί
1897 5157 2049 5222 Quod
2081 5157 2383 5211 Veronens.
2420 5168 2522 5205 ms.
2549 5149 2830 5219 subiungit
2872 5160 3029 5207 vetus
3070 5152 3367 5223 glossema,

1769 5236 1816 5281 et
1847 5232 2175 5299 projecernnt
2200 5242 2278 5278 me
2305 5225 2842 5299 dilectum-tamquam
2882 5233 3140 5299 mortuum
3173 5223 3369 5299 alterni:

1769 5293 1975 5361 natum,
2018 5314 2081 5352 ex
2130 5296 2435 5361 Augustino
2482 5293 2705 5361 quidem
2749 5295 3064 5364 descripsit,
3093 5299 3181 5363 qui
3234 5293 3366 5347 illud

1772 5369 1854 5423 bis
1880 5372 2071 5423 recitat
2104 5369 2155 5420 in
2189 5364 2543 5417 enarratione
2580 5381 2591 5415 :
2642 5366 2929 5419 tamenetsi
2962 5366 3133 5418 videri
3164 5364 3363 5432 possit,

1774 5454 1879 5492 nou
1914 5454 2011 5507 pro
2043 5436 2203 5503 hujus
2247 5435 2504 5507 versiculi
2557 5445 2740 5507 parte,
2775 5438 2867 5489 sed
2918 5452 3020 5504 pro
3058 5434 3281 5488 aliunde
3314 5436 3365 5488 in

1770 5508 1887 5576 ejus
1908 5503 2194 5576 sententiae
2225 5503 2341 5558 sive
2375 5505 2649 5573 allegoria:
2695 5503 2928 5575 gratiam
2968 5508 3179 5559 adscito
3215 5507 3367 5558 testi-

1766 5575 1948 5634 ῐηοιιίο
2000 5575 2296 5639 accepisse.
2336 5576 2442 5627 Nec
2495 5586 2673 5631 tamen
2718 5582 3029 5645 ignoramus
3083 5592 3114 5630 e
3159 5576 3365 5631 Grarcis

1763 5650 1891 5704 illud
1925 5650 2333 5717 exetnplaribns
2369 5648 2609 5707 ﬂuxisse,
2644 5664 2673 5700 e
2696 5652 2897 5717 quibUs
2928 5648 3149 5702 totidem
3185 5647 3364 5701 verbis

1758 5722 1938 5779 laudat
1969 5719 2367 5797 'l‘ht-otloretns.
2419 5724 2506 5775 Καὶ
2532 5721 2818 5795 ἀπέὁᾶιψὸεδ
2872 5743 2931 5794 με
2962 5723 3046 5776 τὸν
3085 5722 3361 5797 ἀγαπητὸν,

1761 5801 1827 5857 ὡς
1869 5795 2035 5873 νεκρὰν
2084 5792 2435 5869 ἑΰὸε).υγμένθν
2482 5810 2494 5849 :

2546 5802 2685 5851 unde
2737 5804 2793 5850 et
2835 5794 3346 5860 \u-rsioncs‘aliquut
