3936 6180
127 299 220 360 189

1375 288 1576 345 LIBER
1616 288 2064 348 PSAIMORUM.

3275 293 3381 351 {90

194 412 251 466 Et
272 409 425 464 statuit
448 422 602 476 super
629 414 832 477 petram
857 404 1005 475 pedes
1054 419 1186 458 meos
1218 418 1237 458 .'
1293 418 1331 458 οξ
1383 412 1405 440 ει
1436 414 1482 458 et
1529 405 1551 473 ζ
1595 403 1677 457 di-
1702 403 1753 463 A
1854 406 1920 459 Et
1946 406 2134 460 statuit
2161 418 2324 475 supra
2357 404 2485 479 [.lls.
2508 402 2693 476 super]
2746 413 2952 475 petram
2985 403 3152 475 pedes
3183 417 3335 459 meos
3361 450 3375 473 ,

130 506 247 559 rexit
271 518 450 575 gressus
476 516 628 552 meos.

187 596 250 649 Et
274 594 459 648 immisit
476 594 526 645 in
547 609 603 646 os
633 608 801 645 meum
826 594 1071 647 canticum
1100 608 1303 661 norum,
1329 609 1535 648 carmen
1565 592 1674 647 Deo

123 697 272 744 itoslro
288 709 307 743 :

188 782 414 836 Videbunt
442 782 590 837 multi
621 824 636 849 ,
669 792 715 838 et
740 783 985 837 timebunt
1007 826 1021 851 ,
1053 792 1101 836 et
1154 783 1429 853 sperabunt
1472 784 1523 838 in
1571 783 1674 837 Do-

122 890 252 928 ηευω.

173 966 341 1020 Beatus
366 969 440 1020 vir
471 968 628 1039 cujus
659 978 727 1021 est
748 984 926 1020 nomen
948 966 1151 1020 Domini
1173 983 1289 1033 spes
1318 969 1425 1037 ejus
1451 983 1469 1022 :
1491 976 1537 1020 et
1567 983 1670 1023 non

114 1060 299 1126 respexit
329 1061 378 1111 in
408 1062 665 1115 ranitates
686 1071 727 1114 et
750 1061 973 1114 insanias
1004 1062 1187 1131 falsam

168 1150 317 1204 Multa
342 1152 507 1220 fecisti
548 1160 605 1205 tu
637 1196 652 1219 ,
708 1152 926 1205 Domine
966 1153 1104 1205 Deus
1163 1169 1305 1206 utens
1333 1199 1347 1222 ,
1406 1154 1668 1208 mirabilia

108 1258 180 1300 tua
204 1264 222 1301 .'
248 1257 287 1300 ct
317 1250 709 1317 cogitationibus
736 1249 838 1301 tuis
866 1264 965 1300 non
994 1258 1066 1300 est
1093 1249 1179 1316 qui
1206 1248 1392 1301 sintiiis
1416 1250 1479 1301 sit
1506 1249 1615 1303 tibi.

164 1342 449 1394 .lnnunttari
472 1351 517 1393 et
547 1340 747 1395 loculus
770 1358 883 1394 sum
915 1357 933 1393 .·
974 1341 1305 1411 multiplicati
1355 1351 1471 1393 sunt
1510 1358 1666 1410 super

108 1449 356 1487 numerum.

163 1525 465 1594 Sacri/icium
493 1533 542 1579 et
576 1524 880 1579 oblationem
903 1524 1113 1579 tiOltlloll
1142 1541 1159 1580 :
1187 1542 1339 1580 aures
1378 1540 1421 1580 οξ
1490 1534 1662 1579 autem

108 1616 323 1685 perfeciin
361 1616 505 1669 nti/ti.

164 1707 506 1763 Holocaustum
533 1718 581 1763 et
611 1726 705 1780 pro
752 1718 959 1779 peccato
1008 1725 1111 1763 nor:
1154 1710 1476 1780 postulasti:
1540 1719 1660 1764 tunc

106 1801 191 1853 dixi
215 1817 231 1853 :
253 1799 374 1855 Ecce
399 1803 571 1855 venio.

162 1892 213 1947 In
232 1896 378 1965 capite
399 1895 519 1948 libri
541 1894 792 1965 scriptum
817 1904 889 1947 cst
919 1893 981 1947 de
1015 1910 1116 1957 me,
1150 1903 1204 1947 ut
1235 1894 1457 1964 facerem
1481 1892 1662 1949 volun-

107 1994 223 2036 tatem
251 1996 380 2038 tuam
412 2002 431 2039 :
460 1985 604 2040 Deus
637 2003 780 2039 meus
803 2027 815 2050 ,
843 1986 1005 2051 volui,
1037 1995 1083 2039 et
1114 1985 1274 2058 legem
1304 1994 1448 2039 tuam
1475 1987 1526 2041 in
1554 2003 1661 2041 me-

108 2079 173 2129 dio
204 2080 350 2133 cordis
370 2081 490 2134 mei.

159 2172 436 2227 Aununtiavi
490 2174 764 2245 justitiam
817 2189 875 2229 -:—
930 2184 1071 2227 tuam
1107 2173 1130 2241 ζ
1173 2173 1225 2227 in
1277 2172 1494 2227 ecclesia
1548 2191 1660 2227 ma-

109 2281 185 2333 grta
220 2282 234 2318 :
278 2282 381 2320 ecce
444 2267 588 2321 labia
628 2283 739 2321 mea
800 2283 900 2321 non
933 2266 1247 2339 prohibebo,
1294 2266 1547 2331 Domine,
1607 2278 1659 2322 tu

109 2360 233 2411 scisti.

160 2452 386 2506 Justitiam
412 2462 556 2507 tuam
582 2469 687 2507 non
715 2452 959 2506 abscondi
976 2452 1028 2505 in
1052 2452 1205 2506 corde
1227 2467 1376 2506 meo:
1398 2452 1659 2506 ceritatem

108 2555 214 2595 tuam
235 2554 271 2597 et
296 2547 519 2600 salutare
551 2556 700 2599 tuum
730 2546 861 2601 dixi.

160 2637 253 2690 Non
266 2641 495 2693 abscondi
529 2638 939 2693 misericordiam
967 2646 1125 2705 luant,
1144 2647 1190 2691 et
1213 2637 1471 2692 ceritatem
1490 2646 1653 2705 tuom,

105 2743 128 2778 α
163 2732 344 2785 concilio
384 2733 493 2785 mut
500 2747 579 2787 ιο.

159 2820 219 2874 Tu
243 2839 291 2878 σί-
330 2834 498 2879 autem
537 2825 557 2892 ζ
586 2823 826 2887 Domine,
852 2839 915 2875 ne
939 2821 967 2859 δ
997 2823 1149 2895 longe
1174 2822 1338 2892 facias
1364 2823 1657 2877 miseratio-

104 2928 170 2967 nes
195 2924 289 2968 tua:
312 2934 341 2969 a
362 2932 438 2971 me
461 2934 482 2971 :
512 2916 864 2969 misericordia
897 2925 983 2968 tua
1008 2925 1058 2967 et
1102 2915 1290 2968 veritas
1336 2925 1423 2969 tua
1456 2931 1656 2985 semper

104 3021 377 3080 susceperunt
409 3028 519 3065 me.

158 3100 377 3165 Quoniam
398 3104 861 3159 circumdederunt
888 3119 968 3157 me
998 3103 1154 3168 inata,
1188 3119 1407 3174 quorum
1446 3120 1545 3157 non
1578 3113 1653 3158 est

1780 507 1835 552 et
1866 498 2063 552 direxit
2095 514 2315 567 gressus
2356 514 2507 554 meos
2545 517 2559 554 :
2614 508 2667 554 et
2718 499 2943 553 immisit
2994 499 3043 552 in
3095 512 3156 552 os
3197 513 3377 552 meum

1778 591 2050 645 canticum
2084 608 2307 655 novum,
2339 591 2599 663 hymnum
2633 590 2743 645 Deo
2777 600 2983 644 nostro.

1852 682 2121 737 Videbunt
2151 685 2327 750 mulli,
2351 682 2368 722 ί
2394 693 2443 739 et
2475 684 2760 753 timebunt,
2789 695 2844 740 et
2866 681 3165 754 sperabunt
3191 683 3244 737 in
3271 681 3379 735 Dn-

1775 776 1944 829 mino.

1847 868 2043 924 Beatus
2075 869 2177 933 vir,
2212 868 2366 937 cuius
2394 878 2697 924 estnomen
2730 866 2945 922 Domini
2972 881 3096 936 Spes
3123 866 3279 937 ejus:
3319 875 3373 922 et

1773 977 1880 1016 non
1912 963 2151 1033 respexit
2174 963 2227 1017 in
2262 964 2551 1017 vanitatem
2576 975 2630 1018 et
2664 963 2901 1017 insanias
2929 962 3113 1015 falsas.

1843 1054 2006 1109 Multa
2047 1054 2224 1109 fecisti
2261 1065 2337 1119 tu,
2376 1055 2601 1111 Domine
2654 1055 2797 1110 Deus
2851 1068 3009 1108 meus
3034 1097 3048 1119 ,
3106 1051 3372 1107 mirabilia

1771 1154 1861 1199 tua
1907 1165 1918 1199 :
1983 1158 2037 1202 ct
2083 1148 2505 1219 cligitatimiibus
2558 1148 2665 1203 tuis
2720 1162 2825 1203 non
2877 1155 2962 1203 est
3010 1145 3132 1217 quis
3183 1144 3375 1201 similis

1773 1236 1895 1293 tibi.

1842 1328 2188 1393 Annuntiavi,
2218 1340 2271 1383 et
2299 1330 2511 1387 locutus
2534 1346 2675 1396 sum,
2694 1328 3036 1399 multiplicati
3067 1337 3189 1383 sunt
3212 1342 3375 1399 super

1769 1437 2057 1479 numerum
2088 1440 2100 1476 :
2138 1424 2463 1478 sacriﬁcium
2492 1434 2545 1479 et
2569 1423 2897 1480 oblationem
2924 1421 3148 1477 noluisti
3180 1463 3195 1488 ,
3247 1437 3370 1477 cor-

1768 1530 1871 1584 pus
1902 1524 2081 1569 autem
2113 1516 2389 1585 perfeclsti
2424 1517 2577 1571 inibi.

1839 1610 2166 1666 llolocausta
2200 1612 2365 1667 etiam
2395 1629 2490 1683 pro
2520 1612 2725 1668 delicto
2762 1627 2869 1668 non
2915 1611 3205 1684 postulasti
3236 1610 3366 1685 [Με.

1766 1702 1969 1772 petistil
2006 1724 2015 1755 :
2061 1716 2187 1759 tunc
2210 1704 2362 1759 dixi:
2400 1705 2539 1760 Ecce
2572 1705 2753 1760 venio.

1696 1818 1737 1877 Β
1838 1798 1891 1851 lu
1923 1798 2101 1868 capite
2131 1797 2257 1853 libri
2286 1799 2545 1868 scriptum
2584 1810 2667 1853 est
2698 1798 2764 1851 de
2789 1812 2898 1864 me,
2934 1796 3203 1852 etfaciam
3238 1795 3365 1867 [Με.

1766 1891 2030 1961 facerem]
2056 1893 2389 1947 voluntatem
2420 1904 2563 1947 luant
2594 1909 2609 1948 :
2641 1892 2786 1947 Deus
2817 1891 3177 1961 meus,volui,
3208 1901 3262 1946 et
3294 1891 3370 1946 le-

1767 2000 1885 2055 gem
1913 1996 2059 2039 tuam
2086 1985 2138 2039 in
2170 1985 2347 2039 medio
2385 1986 2566 2039 cordis
2596 1985 2725 2039 mei.

1838 2079 1984 2133 Bene
2014 2078 2541 2148 nuntiavijustitiam
2570 2089 2714 2133 tuam
2744 2079 2796 2133 in
2840 2074 3079 2133 ecclesia
3122 2090 3313 2147 magna
3352 2095 3364 2131 :

1765 2188 1893 2229 ecce
1923 2174 2061 2228 labia
2090 2188 2207 2228 mea
2238 2188 2348 2227 non
2380 2172 2699 2243 prohibebo.

1838 2269 2083 2333 DOmiue,
2119 2278 2174 2322 tu
2204 2266 2835 2337 cognovisti:jitstitiam
2876 2274 3021 2320 tuam
3078 2280 3187 2320 non
3242 2264 3368 2321 abs-

1764 2364 1927 2419 condi
1980 2365 2033 2419 in
2059 2362 2225 2419 corde
2279 2377 2400 2433 meo
2450 2380 2461 2416 :
2506 2362 2789 2418 veritatem
2822 2368 2965 2415 tuam
3023 2369 3079 2415 et.
3122 2359 3364 2415 salutare

1762 2464 1912 2510 tuum
1937 2456 2069 2511 dixi.

1832 2549 1952 2604 Non
2011 2550 2182 2605 celavi
2233 2547 2665 2603 misericordiam
2721 2555 2912 2615 tuam,
2971 2554 3027 2601 et
3080 2545 3365 2602 veritatem

1764 2652 1909 2697 tuam
1933 2658 1961 2695 a
1995 2657 2269 2714 synagoga
2302 2640 2431 2714 μιν.
2459 2638 2908 2711 congregatione]
2938 2640 3126 2694 multa.

1832 2736 1913 2791 Ta
1943 2745 2150 2802 autem,
2186 2735 2435 2795 Domine.
2470 2751 2537 2789 ne
2566 2735 2727 2801 longe
2755 2734 2925 2787 facias
2954 2731 3081 2804 [51s.
3115 2730 3363 2801 elongin-

1760 2828 2034 2899 quaveris]
2085 2826 2490 2883 misericordias
2520 2840 2639 2879 tuas
2662 2840 2693 2879 a
2717 2839 2838 2878 me:
2873 2820 3247 2878 misericordia
3273 2832 3363 2877 tua

1758 2926 1814 2973 et
1844 2920 2042 2972 veritas
2074 2928 2163 2972 tua
2185 2932 2403 2987 semper
2433 2925 2794 2984 susceperunt
2821 2930 2929 2969 mc.

1832 3012 2098 3080 Quoniam
2123 3010 2596 3067 circumdederunt
2614 3025 2698 3063 me
2718 3008 2881 3077 mala,
2900 3022 3131 3079 quorum
3151 3022 3258 3061 non
3277 3015 3364 3062 est

1761 3121 2049 3172 numerus,
2080 3104 2620 3175 comprehenderunt
2651 3118 2736 3175 me
2761 3102 3079 3173 iniquitates
3104 3115 3272 3167 mete,
3306 3110 3362 3155 et

103 3207 319 3263 numerus,
342 3197 851 3265 comprehenderunt
880 3212 957 3251 me
992 3197 1293 3267 iniquitates
1314 3213 1458 3264 metu,
1483 3208 1652 3252 etnon
1683 3203 1729 3267 ς
1763 3217 1868 3257 non
1910 3202 2085 3272 potui,
2120 3209 2177 3254 ut
2204 3199 2468 3253 viderem.

104 3286 230 3353 potui,
255 3296 303 3339 ut
322 3288 572 3344 viderent.

159 3389 176 3414 ε
202 3379 549 3454 Multiplicataz
579 3391 699 3436 sunt
736 3398 892 3452 super
929 3381 1147 3451 capillo;
1189 3384 1371 3453 capitis
1407 3385 1506 3437 mei
1537 3394 1555 3438 :
1608 3393 1652 3438 et

102 3486 167 3523 cor
180 3489 320 3528 meum
340 3477 621 3547 dereliquit
646 3493 745 3530 me.

152 3566 172 3601 ά
191 3566 496 3639 Complaceat
518 3572 629 3635 tibi,
658 3570 899 3639 Domine,
931 3584 985 3626 ut
1011 3588 1160 3627 eruas
1178 3589 1257 3628 me
1279 3589 1296 3625 :
1318 3573 1555 3641 Domine,
1584 3578 1651 3630 ad

100 3658 391 3727 adjurandnm
419 3682 504 3719 me
527 3667 745 3734 respice.

148 3750 537 3825 Confnndantur,
570 3770 615 3813 et
652 3768 1002 3825 revereantur,
1037 3759 1194 3813 simul
1218 3762 1304 3831 qui
1326 3773 1648 3831 queruntu-

98 3844 244 3899 nitnam
272 3866 451 3915 meam,
480 3862 532 3905 ut
562 3857 812 3923 auferant
843 3868 977 3907 cam.

148 3934 486 3997 Convertuntur
504 3954 809 4011 retrorsum,
854 3954 901 3998 et
932 3954 1262 4000 revereautur
1287 3989 1300 4015 ,
1333 3948 1422 4016 qui
1470 3950 1647 4004 volunt

97 4028 190 4083 milii
208 4035 347 4091 mala.

147 4120 308 4181 Ferunt
328 4131 601 4201 confestim
618 4131 973 4201 confusionem
989 4147 1161 4198 suam,
1183 4134 1271 4200 qui
1289 4134 1465 4187 dicunt
1484 4134 1644 4191 ini/ti:

96 4205 222 4283 Euge,
250 4236 385 4291 euge.

146 4302 405 4379 Exsullent,
432 4324 477 4366 et
517 4314 756 4369 lcctentur
777 4331 934 4384 super
966 4323 1012 4369 te
1041 4324 1063 4351 ε
1095 4332 1268 4371 omnes
1292 4330 1572 4384 qucrrentce.
1598 4330 1646 4375 te

100 4408 196 4451 teet
225 4402 243 4468 ζ
275 4405 444 4460 dicant
474 4424 705 4477 semper:
738 4408 1111 4480 .‘lagni/icelur
1144 4413 1412 4477 Dominus,
1446 4417 1531 4485 qui
1563 4417 1641 4470 cli-

96 4488 221 4557 ligant
252 4498 464 4554 salutare
487 4511 652 4556 tuum.

1831 3295 2196 3365 Multiplieatze
2228 3292 2354 3366 [διδ.
2387 3290 2756 3363 multiplicati]
2782 3297 2907 3344 sunt
2940 3304 3105 3360 super
3130 3288 3359 3360 capillos

1756 3390 1949 3459 capitis
1980 3388 2085 3444 mei
2121 3404 2135 3442 :
2169 3398 2222 3442 et
2252 3400 2347 3441 cor
2375 3400 2559 3441 meum
2588 3383 2886 3455 dereliquit
2917 3398 3002 3437 me
3035 3380 3165 3451 illis.
3196 3380 3357 3437 dere-

1757 3478 1992 3551 linquitl.
2980 3536 2983 3537 ,

1826 3574 2172 3644 Complaccat
2204 3572 2321 3638 tibi,
2353 3570 2605 3639 Domine,
2657 3581 2681 3617 κ
2716 3581 2774 3624 ut
2823 3568 3028 3640 eripias
3070 3584 3158 3625 me
3194 3587 3204 3622 :
3254 3568 3350 3623 D0-

1758 3673 1925 3737 mine,
1962 3671 2013 3724 in
2045 3670 2305 3724 auxilium
2336 3683 2514 3722 meum
2540 3666 2773 3735 resiiice.

1823 3765 2258 3829 Coufundantur,
2291 3774 2346 3817 et
2399 3770 2759 3817 revereantur
2812 3758 3016 3814 inimici
3058 3758 3212 3815 mei:
3264 3760 3357 3831 qui

1758 3867 2011 3930 quierunt
2041 3857 2277 3910 animam
2312 3870 2509 3920 meam,
2543 3863 2599 3908 ut
2622 3852 2867 3907 auferant
2893 3868 3039 3909 eam.

1822 3955 2151 4009 Avertantur
2182 3960 2506 4017 retrorsum,
2534 3957 2587 4003 et
2618 3948 2964 4013 erubescant,
2988 3945 3079 4018 qtti
3104 3945 3347 4019 cogitant

1750 4046 1880 4103 mihi
1927 4046 2089 4100 mala.

1820 4139 2020 4193 Ferant
2049 4134 2337 4192 confestim
2365 4133 2744 4190 confusionem
2769 4146 2923 4189 suam
2951 4174 2967 4201 ,
3014 4131 3105 4202 qui
3156 4131 3345 4188 dicunt

1746 4232 1879 4287 mihi
1916 4251 1927 4285 :
1958 4233 2127 4301 Euge,
2172 4246 2327 4301 euge.

1820 4326 2121 4388 Exsultent,
2159 4333 2213 4377 et
2239 4322 2267 4360 ιι
2306 4323 2560 4377 Ιωῑοιιιιη·
2588 4321 2677 4391 qui
2703 4328 2955 4390 qumrunt
2987 4327 3061 4384 te,
3089 4316 3381 4376 Dominc;_

1746 4426 1799 4473 ct
1830 4417 2017 4473 dicant
2048 4432 2302 4486 semper:
2337 4415 2709 4485 Magltilicctut‘
2742 4412 3034 4479 Dominus,
3084 4408 3176 4477 qui
3226 4406 3349 4462 dili-

1747 4522 1882 4585 gunt
1904 4512 2141 4567 salutare
2173 4521 2344 4565 tuum.

146 4580 237 4656 Ego
268 4602 426 4645 autem
451 4595 717 4648 mendicus
743 4611 882 4663 sunt,
907 4604 952 4649 et
978 4612 1176 4668 pauper
1211 4595 1508 4653 :Dominus
1532 4602 1636 4658 sol—
1665 4602 1717 4662 D
1750 4580 1773 4585 ⁷
1817 4607 1927 4677 Ego
1966 4621 2096 4659 vero
2140 4619 2340 4674 egenus
2395 4609 2449 4658 et
2476 4615 2680 4673 pauper
2717 4614 2837 4654 sum
2874 4615 2888 4658 :
2945 4595 3204 4651 Dominus
3242 4608 3340 4649 cu-

95 4670 225 4731 licitus
248 4693 309 4736 est
335 4684 449 4739 mei.

144 4768 330 4841 Adjutor
354 4795 488 4834 meus
510 4790 557 4834 et
578 4789 843 4852 protector
866 4797 1010 4836 meus
1034 4790 1086 4835 tu
1107 4798 1179 4850 es,
1212 4783 1349 4839 Deus
1380 4803 1544 4857 incus,
1574 4807 1636 4845 ne

94 4860 341 4923 tardat-eris.

143 5092 165 5190 ἓ
189 5087 351 5190 gemat
372 5113 493 5152 vero
525 5098 613 5154 hic
644 5097 789 5190 idem
811 5098 1156 5190 ms.r0b.elum
1183 5102 1620 5170 praetermittens.

190 5158 429 5241 Palatinus
451 5187 548 5223 ms.
584 5188 647 5223 ne
678 5188 704 5222 e
732 5171 885 5241 longe
908 5171 1097 5240 ferias.

92 5229 308 5350 "Hisdem
338 5256 429 5294 tus.
464 5229 1310 5315 ιηιτΙμὶρΙίσαιί,”ιιιῖυηιηιιιιιιοὼιιη
1360 5255 1413 5301 et
1449 5246 1615 5303 Vero-

198 5318 249 5350 is.

198 5318 249 5354 is.

144 5364 162 5401 ⁸
187 5370 588 5448 Prchositionem
624 5382 777 5435 verbi
830 5384 1167 5454 complaceat,
1202 5384 1476 5441 Palatinus
1510 5408 1609 5445 ms.

1744 4715 1857 4754 ram
1890 4698 2050 4753 liabet
2082 4697 2207 4751 mei.

1814 4790 2042 4858 Adjutor
2074 4805 2226 4846 meus
2260 4798 2317 4845 et
2348 4787 2608 4844 liberator
2638 4798 2793 4841 meus
2838 4798 2895 4840 es
2942 4792 3020 4849 tu,
3078 4779 3339 4848 Domine,

1744 4900 1810 4941 ne
1840 4882 2161 4941 tardaveris.

1730 5120 1783 5164 et
1822 5111 2334 5175 originalestextns,
2369 5119 2423 5164 et
2469 5107 2593 5163 libri
2636 5104 2722 5158 alii
2780 5120 2974 5160 omnes
3011 5107 3336 5175 praeferant.

1733 5183 1806 5235 Ιττι
1831 5193 1879 5236 Cl
1914 5185 2072 5243 paulo
2103 5193 2222 5249 post
2246 5182 2492 5235 t'ttttilttli’s
2524 5190 2569 5230 (ἰ
2602 5179 3164 5249 insaniasﬁniendum;,

1802 5264 1824 5301 ς
1859 5248 2185 5308 Veronensis
2206 5268 2303 5305 ms.
2330 5267 2450 5303 cum
2483 5250 2807 5313 Augustino,
2838 5248 3053 5302 Placeat
3080 5251 3190 5313 tibi,
3226 5251 3335 5305 Do-

1726 5327 1879 5388 mine,
1915 5324 2133 5377 liberare
2165 5323 2476 5385 (Augustin.
2501 5320 2696 5389 eruere)
2732 5337 2825 5379 tne,
2854 5319 3090 5383 Domine,
3123 5326 3194 5372 ad
3220 5324 3331 5385 (vel

1724 5396 1800 5464 in)
1850 5392 2377 5464 adjttranduntinf/ti
2408 5392 2619 5449 respice.
2654 5389 3058 5458 (Iottfumlantur
3105 5402 3151 5443 et
3195 5408 3339 5464 rere-

94 5448 193 5512 tera
220 5460 462 5512 pur-notat.

149 5511 283 5597 ffltiic
306 5539 405 5597 quo
427 5542 508 5591 pie
531 5525 655 5579 voci
688 5538 865 5577 omnes
897 5568 908 5585 ,
957 5525 1170 5579 obe'um
1218 5527 1449 5583 Palatio.
1505 5548 1604 5583 ms.

95 5582 273 5666 [@ﬁgit.
296 5582 705 5664 subsequentem
731 5610 863 5649 vero
891 5582 937 5649 et
969 5599 1219 5666 copulam
1252 5600 1318 5653 ab
1371 5582 1445 5654 eo
1494 5582 1607 5656 cii;

93 5661 164 5722 nul
194 5671 440 5719 :neutrum
469 5661 627 5722 bene.

146 5718 321 5809 thue
348 5736 445 5809 boc
477 5740 655 5798 unice.
692 5740 976 5794 tamenetsi
1015 5740 1189 5793 minus
1244 5750 1391 5796 recte
1418 5784 1431 5807 ,
1483 5758 1604 5798 cum

91 5786 318 5862 Augustino
346 5806 480 5864 idem
510 5826 610 5866 nis.
636 5813 777 5881 justi
800 5827 897 5881 pro
927 5812 1095 5881 multi,
1128 5827 1248 5867 cum
1289 5812 1387 5870 hoc
1418 5786 1600 5869 lanten

1720 5462 1933 5518 reantur
1956 5463 2113 5517 simul
2141 5462 2228 5528 qui
2257 5472 2511 5529 quierunt,
2545 5471 2675 5519 etc.;
2710 5474 2761 5513 et
2802 5465 2961 5531 paulo
2997 5472 3139 5529 post,
3193 5462 3331 5516 Conv

1720 5546 1979 5588 rertantur
2011 5550 2104 5599 pro
2146 5543 2461 5603 avﬁrtnntur,
2494 5543 2545 5585 et
2576 5533 2767 5595 colunt,
2806 5550 2902 5603 pro
2933 5534 3181 5603 cogitant.

1786 5604 1813 5641 ¹ι
1848 5606 1948 5659 Pro
1976 5602 2320 5674 unicorverbo
2352 5604 2610 5667 (tutentur,
2645 5602 2954 5657 iident’libri
2996 5602 3113 5657 duo
3164 5620 3226 5674 pr
3244 5620 3317 5658 :13-

1721 5675 1920 5737 ferunt,
1942 5673 2297 5748 jecuudentur
2322 5693 2495 5730 onmcs
2518 5694 2534 5729 :
2562 5690 2668 5728 tum
2699 5680 2868 5729 al'ero
2898 5676 2964 5727 ab
2997 5675 3096 5730 line
3126 5673 3321 5748 versu,

1717 5762 1892 5818 curom
1919 5744 2118 5800 [iubebit
2154 5744 2279 5799 mihi
2308 5765 2325 5801 :
2360 5751 2457 5802 mei
2492 5759 2665 5801 tamen
2692 5748 3018 5818 Augustinus
3070 5746 3261 5802 maluit
3302 5763 3314 5798 :

1714 5816 1945 5889 denique
1972 5824 2229 5891 protector
2248 5834 2347 5889 pro
2375 5821 2612 5877 liberator
2638 5816 2840 5890 pariter
2873 5821 3075 5889 legunt.
