3936 6180
529 174 633 236 I95

600 291 713 350 Nec
751 291 891 348 enim
936 291 992 349 in
1030 289 1209 367 gladio
1263 305 1357 347 suo
1410 293 1750 362 possederunt
1794 302 1982 349 terram
2028 308 2047 348 :

530 389 798 445 brachium
824 405 1002 446 eorum
1034 404 1137 443 non
1166 384 1389 442 saluauit
1420 402 1526 442 eos.

595 481 703 538 Sed
730 482 941 537 dextera
981 489 1072 533 tua
1097 520 1111 543 ,
1139 487 1186 533 et
1218 478 1486 533 brachium
1517 487 1663 533 tuum
1689 524 1703 549 ,
1734 488 1781 535 et
1805 479 2129 535 illuminatio

523 573 695 627 vultus
728 572 845 626 tui:
873 571 1116 641 quoniam
1142 570 1502 641 complacuisti
1538 586 1597 626 οξ
1630 573 1683 625 in
1718 571 1741 640 1
1776 572 1870 627 eis.

598 664 677 719 Tu
707 681 759 718 es
786 665 899 734 ipse
923 679 1015 718 rex
1055 679 1198 719 meus
1229 679 1281 719 οξ
1320 672 1369 718 et
1398 662 1420 732 1
1447 662 1590 719 Deus
1618 680 1763 720 meus
1797 663 1820 734 1
1855 664 1942 735 qui
1973 682 2122 720 utan-

525 759 619 815 das
644 757 839 814 salutes
860 758 1044 814 Iacob.
1478 748 1481 751 1

593 852 660 906 In
691 861 738 906 te
766 852 1000 907 inimicos
1044 859 1247 907 nostros
1276 850 1634 905 uentilabimus
1667 850 1693 880 ⁸
1724 867 1885 905 cornu
1925 867 1944 906 :

529 943 551 1012 1
586 943 640 998 in
664 943 874 998 nomine
899 954 988 997 tuo
1010 959 1311 1013 spernemus
1344 942 1669 1015 insurgentes
1690 943 1743 996 in
1771 943 1937 998 nobis.

592 1034 718 1090 Non
755 1037 890 1091 enim
928 1035 986 1089 in
1033 1053 1160 1092 arcu
1202 1052 1313 1092 meo
1362 1035 1580 1106 sperabo
1612 1052 1633 1091 :
1661 1042 1710 1091 et
1738 1036 1946 1107 gladius
1981 1052 2126 1092 meus

524 1144 626 1183 non
652 1127 871 1183 salt-abit
901 1144 1001 1182 me.

595 1222 826 1278 Salvasti
856 1222 991 1277 enim
1024 1239 1115 1279 nos
1158 1222 1225 1277 de
1266 1221 1622 1295 affligentibus
1653 1222 1746 1278 nos
1774 1239 1793 1279 :
1821 1232 1870 1279 et
1893 1224 2124 1280 odicntes

522 1330 616 1371 nos
648 1314 957 1387 confudisti.

593 1406 663 1462 In
691 1407 797 1463 Deo
828 1408 1165 1465 laudabimur
1192 1419 1301 1466 tota
1328 1411 1411 1466 die
1438 1428 1456 1467 :
1483 1421 1532 1467 et
1569 1427 1631 1469 oss
1656 1412 1711 1467 in
1741 1412 1765 1481 1
1797 1410 2005 1465 nomine
2038 1419 2126 1464 tuo

523 1499 887 1572 confitebimur
910 1503 962 1557 in
989 1502 1258 1559 stecttlum.
1285 1504 1618 1561 DIAPSALIIA.
2068 1497 2092 1512 ’

593 1594 752 1651 Nunc
776 1606 952 1651 autem
969 1598 1211 1671 repulisti
1241 1609 1289 1653 et
1313 1601 1596 1672 confudisti
1627 1617 1719 1656 nos
1744 1608 1831 1657 :et
1854 1618 1957 1656 non
1975 1615 2121 1674 egre-

521 1686 683 1743 dieris
711 1703 769 1743 —:-—
807 1683 836 1725 δ
864 1688 1003 1745 Deus
1035 1691 1058 1759 1
1088 1693 1143 1745 in
1167 1692 1442 1747 virtutibus
1469 1695 1655 1748 nostris
1679 1695 1701 1748 Ι

595 1782 835 1837 Avertisti
857 1799 951 1839 nos
971 1794 1257 1839 retrorsum
1279 1798 1393 1857 post
1417 1787 1654 1844 inimicos
1679 1797 1882 1844 nostros
1914 1804 1933 1843 :
1964 1796 2012 1845 et
2039 1791 2123 1861 qui

528 1871 752 1928 oderunt
771 1890 865 1929 nos
885 1876 1204 1948 diripiebant
1233 1878 1351 1933 sibi.

597 1962 799 2021 Dedisti
837 1983 930 2023 nos
963 1977 1229 2042 tamquam
1276 1987 1393 2027 oues
1426 1988 1661 2028 escarum
1693 1965 1785 2029 :et
1814 1972 1866 2028 in
1893 1974 2123 2047 gentibus

522 2055 815 2130 dispersisti
842 2074 954 2115 nos.

600 2149 895 2207 Vendidisti
939 2155 1192 2225 populum
1221 2164 1367 2213 tuum
1403 2158 1516 2215 sine
1552 2159 1761 2231 pretio:
1803 2168 1851 2216 et
1888 2177 1992 2216 non
2022 2160 2122 2233 fuit

522 2242 805 2299 multitudo
834 2245 888 2299 in
921 2250 1408 2306 commutationibus
1429 2269 1630 2309 eorum.
1730 2264 1731 2267 ‘

592 2333 823 2391 Posuisti
851 2354 943 2393 nos
975 2342 1308 2413 approbriunt
1334 2345 1514 2400 vicinis
1555 2347 1746 2402 nostris
1774 2362 1793 2402 :
1824 2347 2116 2403 subsanna-

524 2429 714 2486 tionem
743 2442 791 2486 et
820 2434 1048 2489 derisum
1081 2435 1161 2490 Itis
1189 2437 1282 2508 qui
1308 2448 1429 2492 sunt
1457 2439 1512 2494 in
1541 2440 1766 2495 circuitu
1796 2450 1992 2496 nostro.

592 2520 828 2583 Posuisti
853 2541 945 2580 nos
983 2526 1037 2581 in
1063 2526 1457 2587 similitudinem
1485 2533 1722 2603 gentibus
1764 2549 1784 2589 :
1815 2533 2114 2589 commotio-

521 2629 637 2668 nem
668 2617 853 2688 capitis
881 2618 937 2672 in
958 2621 1189 2691 populis.
1726 2620 1733 2625 ’

590 2704 724 2762 Tota
757 2710 840 2764 die
869 2713 1187 2767 verecundia
1213 2731 1327 2770 mea
1353 2724 1537 2771 contra
1559 2734 1641 2773 me
1670 2733 1731 2774 -t—
1762 2729 1838 2775 est
1864 2720 1886 2790 1
1918 2729 1965 2777 et
1995 2737 2118 2777 con-

526 2800 667 2871 fusio
687 2804 844 2876 faciei
864 2821 991 2861 mea:
1018 2808 1284 2878 cooperuit
1313 2826 1413 2866 me.

588 2898 635 2953 Α
655 2915 773 2955 voce
799 2901 1159 2973 exprobrantis
1181 2911 1230 2960 et
1256 2904 1600 2977 obloquentis,
1626 2924 1659 2961 a
1689 2908 1822 2978 facie
1846 2908 2043 2963 inimici
2064 2916 2114 2964 et

515 2993 883 3061 persequemis.

588 3082 720 3138 Haec
747 3086 923 3141 omnia
943 3096 1189 3145 venerunt
1218 3106 1371 3163 super
1391 3107 1507 3157 nos,
1537 3108 1629 3148 nec
1653 3091 1796 3149 obliti
1820 3109 1999 3149 sumus
2021 3099 2069 3147 te
2090 3107 2109 3146 :

516 3185 564 3230 et
594 3176 765 3247 inique
788 3194 890 3233 non
920 3181 1119 3253 egimus
1141 3183 1196 3235 in
1219 3191 1520 3238 testamento
1551 3195 1657 3239 tuo.

591 3283 651 3324 -t—
685 3269 752 3325 Et
797 3271 820 3339 1
851 3289 956 3327 non
999 3276 1209 3330 recessit
1249 3284 1387 3331 retro
1430 3291 1520 3332 cor
1557 3287 1791 3333 nostrum
1819 3293 1838 3333 :
1868 3286 1917 3334 et
1946 3278 2108 3335 decli-

516 3362 655 3414 nasti
684 3364 893 3418 semitas
922 3373 1123 3440 nostras
1151 3382 1186 3420 a
1213 3366 1295 3421 cia
1321 3375 1435 3423 tua.

590 3452 849 3522 Quoniam
876 3453 1167 3511 humiliasti
1198 3473 1289 3511 nos
1312 3457 1369 3511 in
1398 3458 1511 3512 loco
1537 3459 1845 3529 afﬂictionis
1874 3475 1893 3515 :
1922 3471 1968 3516 et
1990 3477 2108 3517 coo-

513 3547 682 3618 peruit
710 3564 803 3603 nos
831 3549 1011 3604 umbra
1038 3550 1241 3607 mortis.

588 3640 651 3697 Si
672 3639 820 3695 obliti
840 3658 1020 3698 sumus
1050 3659 1234 3699 nomen
1263 3642 1363 3723 Dei
1385 3647 1548 3702 nostri
1575 3663 1593 3701 :
1620 3657 1669 3702 et
1705 3664 1763 3704 ομ
1792 3650 1838 3704 si
1866 3649 1888 3719 1
1915 3666 2107 3723 expan-

513 3732 685 3789 dimus
716 3750 899 3791 manus
929 3747 1132 3792 nostras
1162 3742 1232 3793 ad
1263 3722 1431 3795 Deum
1457 3741 1705 3798 alienum.

586 3825 777 3884 Nonne
802 3829 947 3886 Deus
968 3831 1190 3903 requiret
1230 3832 1373 3889 ista?
1398 3833 1508 3906 ipse
1544 3838 1682 3892 enim
1715 3839 1855 3893 nouit
1881 3837 2102 3894 abscon-

500 3920 626 3977 'dita
652 3921 847 3978 cordis.

1986 860 2125 906 ἀέρι

588 4011 845 4080 Quoniam
866 4024 1074 4087 propter
1102 4026 1151 4073 te
1174 4018 1550 4090 mortificamur
1578 4029 1687 4077 tota
1707 4021 1837 4078 die:
1864 4024 2108 4080 (estimati
2192 4022 2201 4025 ⁷

510 4119 691 4161 sumus
711 4105 843 4163 sicut
865 4123 982 4164 oves
1009 4110 1304 4166 occisionis.

581 4194 849 4269 Exsurge,
894 4216 1052 4269 quare
1097 4200 1378 4272 obdormis,
1426 4202 1681 4261 Domine?
1710 4218 1731 4246 ο
1758 4224 1997 4281 exsurge,
2034 4222 2097 4265 +

505 4294 553 4342 et
586 4286 608 4356 1
634 4304 698 4343 ns
720 4289 947 4360 repellas
974 4292 1029 4347 in
1056 4291 1234 4362 finem.

577 4379 754 4445 Quare
804 4386 990 4455 faciem
1031 4394 1174 4441 tuam
1211 4388 1438 4444 avertis?
1479 4388 1794 4447 Oblivisceris
1836 4392 2032 4464 inopiae
2071 4389 2099 4432 ά

503 4482 718 4541 ηοω-ιε,
749 4483 797 4529 et
830 4476 1179 4533 tribulationis
1206 4488 1419 4535 nostrre.

576 4566 836 4644 Quoniam
882 4570 1157 4627 Itumiliata
1194 4582 1270 4628 est
1308 4574 1363 4628 in
1383 4573 1607 4644 pulvere
1640 4576 1820 4632 anima
1872 4588 2047 4636 nostra
2078 4596 2098 4638 :

499 4637 887 4709 conglutinatus
908 4651 981 4697 est
1013 4657 1076 4698 σε-
1112 4653 1135 4681 ο
1168 4645 1222 4700 in
1255 4644 1277 4713 1
1308 4637 1445 4700 terra
1468 4656 1640 4702 venter
1665 4658 1859 4705 noster.

526 4754 755 4836 "ﬁli-um
783 4754 1015 4813 Palatio.
1052 4758 1376 4836 ms._Carus,
1404 4763 1546 4820 baud
1576 4773 1753 4822 tamen
1783 4765 1941 4836 bene,
1972 4785 2091 4827 ven-

498 4821 762 4896 tilabimus
796 4841 857 4882 -εν
891 4844 1053 4884 cornu
1075 4841 1122 4885 et
1152 4832 1206 4887 in
1234 4821 1460 4896 nomine,
1485 4843 1593 4891 etc.

499 4892 737 5021 Μῗκξῗεο
763 4912 896 4955 veru
918 4943 933 4968 ,
980 4916 1080 4957 nec
1108 4918 1308 4959 nomen
1339 4892 1513 4975 Deus,
1561 4908 1617 4963 in
1648 4907 1823 4965 Palat.
1867 4926 1971 4968 ms.
2006 4913 2098 4971 hic

672 4984 755 5021 ur.
1660 5010 1671 5021 ·

672 4984 755 5024 llr.
1660 5010 1671 5021 .

501 5106 516 5120 υ
544 5046 599 5122 ξ
625 5036 1065 5122 Pompositionem
1090 5047 1240 5103 verbi
1269 5026 1506 5122 exsurge,
1528 5048 1607 5122 de
1637 5064 1790 5106 more
1819 5050 1961 5108 idem
1988 5070 2094 5112 ms.

494 5109 706 5189 jugulat
747 5109 765 5164 ξ
808 5113 1081 5187 subjungit
1125 5129 1389 5189 praeterea
1423 5109 1576 5177 "huic
1639 5122 1911 5179 versiculo
1961 5109 2099 5180 Dia;-

416 5183 421 5189 ’
500 5179 725 5249 psaltria.

573 5246 600 5286 (ι
628 5251 787 5329 Prius
811 5255 951 5313 istud
982 5274 1282 5329 pronomen
1322 5272 1514 5320 nostris
1535 5306 1549 5327 ,
1577 5260 1749 5320 Carus
1776 5272 1831 5321 et
1860 5264 2090 5324 Palatia.

518 5334 625 5377 ms.
656 5324 818 5381 obelo
841 5324 1166 5399 praui-olant.

567 5423 590 5451 °
620 5405 952 5505 Vociv'ttb,
986 5439 1107 5494 qua:
1148 5426 1201 5483 in
1246 5427 1410 5486 Hebr.
1462 5439 1585 5497 est,
1639 5430 1754 5501 ipsa
1796 5431 2093 5490 includitur

404 5525 413 5531 ·
494 5515 811 5629 “repetitio
859 5518 946 5580 in,
977 5533 1141 5586 quam
1174 5521 1312 5576 adeo
1356 5523 1538 5577 malim
1581 5523 1649 5577 ab
1687 5524 1850 5581 obelo
1897 5526 2082 5580 eximi.

547 5585 840 5629 arlinnzmsn
885 5590 1164 5629 «annumin
1210 5590 1359 5629 von-hi
1412 5591 1646 5629 Fila-curn.
1743 5595 2082 5629 nrmnnnil:n_

547 5585 840 5665 altisonus
885 5585 1164 5655 sequentis
1210 5590 1684 5665 verbi_Exsurge,
1743 5595 2083 5664 praepositio-

497 5658 831 5735 tlf.m,hquam
859 5672 1162 5735 numquam
1192 5672 1350 5735 antea
1382 5662 1484 5735 hoc
1510 5658 1759 5731 Psalmo;
1788 5658 2081 5735 jugulaveo

494 5724 602 5772 ηιο
636 5722 830 5783 Peccat
864 5740 996 5784 vero
1009 5722 1195 5798 magis
1227 5729 1455 5786 Palatio.
1486 5745 1587 5787 ms.
1618 5736 1709 5804 qui
1740 5722 2078 5808 stibs'equcn-

1540 169 1597 231 S.
1643 164 2024 240 lllERON'YMl
2064 162 2302 225 DlVlNA
2347 163 2821 227 BlBLlOTilECA.

2088 302 2133 347 et
2162 282 2217 346 Δ
2310 287 2426 345 Non
2461 288 2607 345 enim
2655 286 2709 343 in
2734 284 2915 358 gladio
2961 296 3062 341 suo
3109 280 3473 357 possederunt
3497 288 3742 340 terr-sm:
3772 289 3825 338 et

3727 164 3826 226 196

2227 383 2509 440 brachium
2552 398 2741 440 eorum
2774 397 2883 438 non
2909 380 3141 438 salvavit
3167 394 3285 437 eos.

2296 476 2400 531 Sed
2434 476 2657 531 dextera
2690 484 2801 541 tua,
2835 484 2893 530 et
2924 474 3208 530 brachium
3237 482 3389 535 tuum
3413 511 3431 538 ,
3466 480 3524 525 et
3553 469 3828 526 illumina-

2230 569 2304 624 tio
2329 569 2512 623 vultus
2548 569 2626 623 ttti
2656 584 2670 623 :
2701 568 2961 639 quoniam
2987 565 3315 637 complacuit
3346 564 3445 619 tibi
3470 565 3525 619 in
3561 563 3694 621 illis.

2299 662 2375 717 ’l‘o
2408 678 2467 719 es
2496 664 2611 730 ipse
2640 678 2737 719 rex
2778 676 2934 719 meus
2971 671 3025 718 et
3058 661 3204 717 Deus
3233 673 3388 716 meus
3419 676 3434 714 :
3470 658 3563 731 qui
3601 656 3827 715 mandas

2231 757 2463 811 salutem
2495 754 2688 811 Jacob.

2298 848 2356 903 In
2392 854 2444 902 te
2467 847 2721 903 inimicos
2747 856 2967 902 nostros
2995 845 3380 902 ventilabimus
3409 861 3423 899 :
3450 853 3505 901 et
3526 844 3581 901 in
3610 843 3829 900 nomine

2233 950 2328 997 tuo
2358 956 2686 1011 Spernemus
2718 941 3068 1012 insurgentes
3098 941 3152 995 in
3182 955 3306 996 nos.

2302 1033 2419 1089 Non
2448 1034 2593 1089 enim
2629 1035 2681 1088 in
2710 1048 2840 1090 arcu
2873 1048 2997 1091 meo
3029 1032 3267 1105 sperabo
3295 1049 3313 1088 :
3347 1040 3404 1090 et
3432 1030 3653 1105 gladius
3677 1046 3829 1090 meos

2229 1141 2340 1183 non
2374 1127 2609 1181 salvabit
2630 1142 2738 1182 me.

2304 1216 2323 1255 ί
2354 1218 2629 1273 Liberasti
2667 1220 2811 1274 enim
2858 1234 2955 1275 nos
2985 1234 3051 1276 ex
3083 1218 3452 1292 afﬂigentibus
3474 1234 3577 1277 nos
3603 1237 3618 1276 :
3649 1228 3705 1276 et
3733 1232 3827 1276 eos

2227 1309 2319 1382 qui
2344 1324 2443 1365 nos
2474 1309 2711 1367 oderunt
2733 1311 3051 1368 confudisti.

2301 1405 2360 1459 In
2406 1404 2520 1461 Deo
2562 1405 2904 1461 laudabimur
2944 1416 3051 1461 tota
3094 1406 3184 1463 die
3227 1416 3330 1463 :et
3362 1408 3414 1463 in
3466 1406 3692 1464 nomine
3734 1414 3827 1463 tuo

2226 1497 2614 1554 confitebimur
2639 1499 2692 1553 in
2721 1499 2945 1555 sucula.
2980 1500 3308 1556 Drusum.

2302 1591 2454 1648 Nunc
2488 1600 2668 1645 autem
2711 1592 2962 1662 repulisti
3003 1600 3059 1648 et
3100 1592 3391 1648 confudisti
3431 1590 3533 1649 nos
3576 1610 3592 1649 :
3631 1601 3821 1650 etnon

2154 1672 2203 1734 B
2231 1686 2554 1758 egredieris,
2587 1685 2758 1753 Deus,
2790 1685 2845 1740 in
2873 1686 3168 1741 virtutibus
3200 1686 3436 1741 nostris!

2298 1780 2558 1834 Avertisti
2599 1792 2700 1833 nos
2730 1787 3032 1834 retrorsum
3073 1792 3187 1849 pra:
3221 1778 3459 1833 inimicis
3500 1778 3738 1846 nostris,
3770 1784 3825 1834 et

2226 1888 2320 1928 eos
2345 1871 2474 1944 [Μσ.
2507 1881 2611 1929 tae.
2643 1870 2759 1943 eos]
2790 1874 2880 1943 qui
2914 1886 3014 1928 nos
3043 1872 3302 1937 oderunt.
3334 1871 3673 1943 diripiebant
3692 1871 3814 1927 sibi.

2295 1967 2506 2023 Dedisti
2538 1982 2637 2023 nos
2669 1974 2943 2037 tamquam
2973 1981 3106 2024 oves
3136 1981 3385 2023 escarum
3419 1983 3433 2020 :
3466 1979 3523 2023 et
3557 1967 3613 2021 in
3642 1964 3817 2038 genti-

2226 2061 2325 2117 bus
2352 2059 2480 2132 [.Ms.
2507 2060 2841 2131 nationibus]
2871 2060 3181 2130 dispersisti
3215 2074 3333 2116 nos.

2297 2151 2603 2207 Vondidisti
2636 2151 2892 2226 populum
2927 2162 3075 2207 tuum
3112 2154 3231 2207 sine
3258 2151 3431 2223 pretio
3462 2168 3478 2210 :
3505 2159 3560 2208 et
3587 2166 3699 2209 non
3727 2150 3821 2208 fuit

2221 2245 2516 2301 multitudo
2548 2246 2602 2301 in
2630 2255 2655 2293 κ
2679 2246 3200 2302 commutationibus
3221 2261 3435 2303 eorum.

2294 2337 2531 2394 Posuisti
2564 2353 2663 2394 nos
2694 2339 2748 2394 in
2780 2340 3135 2410 opprobrium
3158 2340 3355 2397 vicinis
3390 2341 3598 2396 nostris
3618 2381 3634 2408 ,
3668 2340 3817 2398 deri-

2221 2446 2338 2488 sum
2369 2443 2425 2488 et
2463 2443 2838 2504 contemptum
2868 2432 2954 2489 bis
2979 2434 3072 2504 qui
3103 2435 3154 2488 in
3190 2434 3425 2490 circuitu
3453 2445 3642 2490 nostro
3672 2444 3816 2491 sunt.

2292 2526 2531 2582 Posuisti
2573 2541 2674 2583 nos
2709 2528 2763 2581 in
2792 2526 3203 2583 similitudinem
3233 2527 3491 2598 gentibus
3526 2543 3543 2584 :
3579 2542 3817 2584 comrw

2225 2619 2426 2675 tionem
2454 2620 2647 2690 capitis
2672 2620 2723 2674 in
2750 2620 3025 2690 plebibus.

2291 2711 2429 2767 Tota
2460 2711 2550 2768 die
2578 2712 2904 2767 verecundia
2947 2727 3068 2769 mea
3098 2720 3285 2769 contra
3320 2728 3408 2770 me
3442 2724 3529 2771 est
3563 2731 3578 2770 :
3604 2722 3661 2772 et
3688 2728 3818 2771 con-

2218 2803 2361 2861 fusio
2387 2806 2568 2860 vultus
2596 2805 2703 2860 mei
2727 2805 2942 2875 operuit
2970 2822 3076 2864 me.

2290 2897 2338 2952 A
2364 2912 2499 2975 voce
2527 2898 2910 2967 exprobrantis
2938 2908 2993 2956 et
3035 2900 3427 2974 obloquentis,
3472 2916 3505 2959 a
3539 2900 3685 2961 facie
3720 2902 3817 2960 ini-

2218 2990 2343 3045 mici
2377 3000 2427 3043 et
2453 2991 2856 3059 perscquentis.

2288 3084 2415 3141 llaec
2459 3086 2640 3140 omnia
2688 3097 2953 3143 venerunt
2999 3101 3167 3158 super
3209 3102 3351 3156 nos,
3401 3095 3460 3144 et
3504 3088 3659 3145 obliti
3707 3103 3814 3146 non

2214 3191 2408 3232 sumus
2438 3187 2490 3233 te
2523 3195 2537 3233 :
2570 3187 2624 3233 et
2656 3178 2841 3250 inique
2866 3193 2972 3234 non
3009 3180 3221 3250 egimus
3248 3179 3301 3235 in
3334 3188 3679 3241 testamento.
3699 3191 3817 3250 tuo,

2178 3348 2185 3355 ι
2213 3276 2404 3330 etnon
2439 3273 2670 3329 recessit
2702 3284 2851 3330 retro
2880 3288 2977 3330 cor
3004 3283 3273 3329 nostrum.

2283 3367 2349 3422 Et
2380 3366 2662 3422 dcelinasti
2710 3366 2934 3422 semitas
2969 3375 3185 3423 nostras
3215 3382 3243 3421 a
3278 3365 3403 3439 [Με.
3438 3366 3530 3439 de]
3573 3366 3661 3423 via
3696 3376 3810 3433 tua,

2212 3461 2469 3534 quoniam
2514 3461 2943 3517 bumiliastinos
2973 3461 3027 3517 in
3069 3462 3191 3518 loco
3217 3461 3536 3517 atllictionis
3562 3460 3695 3535 [,Ms.
3734 3462 3815 3517 in-

2216 3555 2535 3627 firmitatis],
2564 3568 2617 3613 et
2645 3558 2860 3628 operuit
2881 3571 2981 3612 nos
3011 3556 3204 3612 umbra
3236 3556 3448 3612 mortis.

2287 3650 2341 3708 Si
2373 3650 2525 3707 obliti
2563 3665 2750 3706 sumus
2784 3665 2981 3705 nomen
3016 3648 3111 3705 Dei
3142 3648 3270 3722 [.lls.
3308 3648 3547 3721 Domini]
3581 3650 3759 3706 nostri
3795 3665 3809 3713 ;

2212 3751 2265 3798 et
2292 3742 2335 3798 si
2362 3741 2721 3813 exp-indiximus
2751 3755 2949 3796 manus
2976 3750 3191 3802 nostras
3219 3739 3288 3796 ad
3322 3741 3492 3797 Deum
3534 3740 3807 3797 alienum.

2283 3836 2476 3891 Nonne
2506 3836 2651 3892 Dens
2677 3834 2917 3906 requiret
2940 3832 3084 3889 ista?
3110 3834 3227 3906 ipse
3253 3835 3403 3892 enim
3425 3836 3577 3892 novit
3597 3836 3809 3893 occulta

2211 3932 2420 3989 cordis.

2281 4024 2546 4093 Quoniam
2591 4032 2813 4095 prepter
2843 4032 2897 4080 te
2936 4031 3116 4081 morte
3144 4020 3171 4060 ¹ι
3200 4021 3479 4081 allicimus
3513 4030 3629 4081 tota
3664 4022 3805 4083 die:

2209 4120 2465 4177 :estimati
2491 4132 2680 4175 sumus
2719 4127 2778 4174 ut
2807 4132 2941 4174 oves
2963 4117 3277 4174 occisionis.

2281 4212 2529 4283 Exsurge
2553 4254 2567 4277 ,
2600 4225 2766 4281 quare
2790 4209 3109 4293 obdormis,
3143 4208 3411 4267 Domine?
3439 4224 3679 4283 exsurge
3702 4252 3718 4281 ,
3750 4216 3809 4267 et

2207 4320 2277 4362 ne
2304 4305 2543 4375 repellas
2573 4304 2626 4359 in
2656 4302 2841 4360 linem.

2281 4396 2460 4465 Quare
2489 4395 2679 4451 faciem
2728 4405 2874 4451 tuam
2914 4396 3156 4452 avertis?
3190 4394 3537 4454 oblivisceris
3562 4394 3807 4468 impiam

2209 4499 2452 4546 nostram
2478 4499 2532 4544 et
2564 4487 2973 4544 tribulationem
3005 4489 3285 4545 nostram?
3768 4482 3795 4489 “’

2278 4581 2547 4649 Quoniam
2578 4568 2863 4635 humiliata
2896 4590 2981 4636 est
3013 4580 3064 4636 in
3098 4581 3321 4652 pulvere
3351 4581 3535 4638 anima
3563 4570 3752 4638 nostra
3787 4597 3800 4636 :

2204 4673 2432 4733 adhaesit
2454 4670 2582 4744 [Ms.
2614 4669 2790 4743 haesit]
2821 4672 2873 4725 in
2905 4679 3051 4729 terra
3080 4680 3269 4728 venter
3298 4679 3508 4731 noster.

2202 4804 2310 4853 tem
2336 4791 2581 4859 proximo
2610 4788 2826 4844 obelum
2859 4789 3252 4859 praetermittit.

2278 4863 2298 4903 ί
2330 4865 2464 4920 Cum
2503 4862 2621 4916 solo
2665 4860 2968 4930 Augustino
3008 4860 3352 4921 continenter
3391 4869 3700 4927 Vcroneus.
3732 4869 3802 4928 li-

2200 4937 2320 5001 ber,
2348 4937 2519 4991 salvos
2541 4933 2676 4986 enim
2708 4933 2893 5003 fecisti.

2276 5018 2301 5056 ε
2334 5007 2503 5062 Iidem
2540 5005 2657 5058 libri
2680 5001 2781 5068 ,iu
2801 5001 3201 5073 jubilationibus
3243 5021 3261 5059 :
3290 5014 3405 5067 tum
3431 5015 3800 5069 ιυδδαηηωῑο-

2203 5096 2319 5136 nent
2343 5089 2390 5131 et
2423 5076 2650 5149 derisum
2680 5074 2756 5126 his
2782 5075 2891 5144 qui,
2920 5086 3024 5129 etc.
3058 5084 3219 5149 atque
3243 5076 3463 5149 iterum,
3488 5087 3540 5139 in
3567 5085 3804 5139 nationi-

2205 5150 2298 5204 bus
2330 5163 2426 5218 pro
2467 5144 2701 5221 gentibus
2725 5185 2739 5204 ,
2780 5154 2838 5197 ut
2870 5156 2925 5201 et
2953 5144 3111 5217 paulo
3137 5153 3389 5215 superius
3421 5144 3717 5226 {denique
3741 5157 3801 5211 in

2205 5220 2408 5268 nmmlis
2430 5263 2442 5268 _
2477 5233 2576 5268 nm
2604 5217 2657 5268 in
2688 5214 2941 5268 Divitibus.

2371 5222 2408 5271 is
2430 5263 2442 5271 .
2468 5216 2576 5271 bro
2604 5217 2657 5269 in
2688 5216 2941 5271 plebibus.

2199 5220 2408 5295 populis
2430 5263 2442 5283 ,
2477 5233 2576 5288 pro
2604 5220 2657 5269 in
2688 5220 2941 5283 plebibus.
3620 5220 3633 5283 '_

2202 5362 2233 5369 __
2261 5294 2301 5369 ,ιλ
2332 5292 2463 5369 Uno
2496 5288 2664 5369 verbo
2707 5290 3081 5369 mortificamur
3131 5301 3234 5369 pro.
3279 5306 3444 5351 ηιοηε
3491 5299 3752 5369 “fﬁcium,-
3776 5337 3795 5365 ,

2200 5362 2364 5418 iidem
2406 5360 2535 5435 libri
2564 5359 2765 5435 habent
2797 5375 2809 5410 :
2848 5370 2957 5414 tum
3002 5359 3234 5428 deputati
3262 5382 3444 5421 sumtis
3472 5359 3610 5424 velut
3651 5359 3799 5435 oues;

2198 5442 2307 5490 etc.
2340 5428 2687 5496 subsequenti
2719 5438 2898 5484 autem
2943 5442 3100 5485 versu
3132 5443 3272 5489 unus
3303 5437 3635 5496 vel-(mensi;
3664 5428 3792 5491 άοτζ

2193 5506 2291 5558 mis
2325 5519 2422 5574 pro
2452 5497 2755 5574 obdormisj
2780 5508 2827 5574 et
2852 5519 2914 5555 nc
2938 5497 3162 5574 repel/as
3186 5516 3275 5559 nos
3300 5509 3353 5561 in
3376 5508 3554 5574 linem.
3584 5510 3671 5563 ubi
3695 5525 3797 5564 nos

2182 5567 2500 5701 pronomen
2527 5573 2675 5630 solus
2699 5567 2899 5628 dicitur
2925 5567 3313 5634 CassioJorius
3335 5567 3385 5634 θ’
3402 5567 3613 5638 Latinis
3635 5579 3795 5636 addi-

2224 5661 2347 5701 isse.

2224 5661 2347 5703 ιδεθ.
