3936 6180
535 167 641 226 109

606 280 782 335 Astitit
820 280 998 350 regina
1025 295 1055 332 a
1082 277 1274 332 dextris
1302 277 1400 330 tuis
1429 275 1481 329 in
1522 274 1705 329 vestitu
1732 275 1986 328 deaurato
2009 288 2028 327 :
2065 287 2122 327 ἢ·
2156 295 2202 350 Α

535 372 853 427 circumdata
876 381 901 407 ⁸
922 371 1168 424 varietate
1194 369 1214 436 1

609 465 765 531 Audi,
797 465 930 533 ﬁlia,
959 473 1005 517 et
1037 461 1180 526 uide,
1205 470 1250 515 et
1285 461 1480 515 inclina
1511 476 1687 515 aurem
1725 469 1903 514 tuam:
1937 469 1981 514 et
2006 459 2137 513 obli-

536 557 722 611 viscere
747 553 992 626 pupulum
1024 566 1190 624 tuum,
1223 561 1270 607 et
1298 553 1505 626 domum
1527 553 1692 624 patris
1715 554 1810 605 tui.

607 647 674 702 Et
703 647 1024 718 concupiscet
1053 662 1145 700 rea:
1168 644 1406 700 decorem
1434 654 1617 698 tuum:
1647 645 1896 716 quoniam
1926 643 2036 713 ipse
2069 656 2129 696 -:—

529 739 650 806 est1
689 738 942 793 Dominus
969 754 1018 793 -ξ
1066 739 1208 794 Deus
1243 737 1266 805 1
1297 747 1438 804 tuus,
1571 745 1616 791 et
1639 735 2094 790 adorabunteum.

607 829 670 883 Et
698 829 720 897 1
751 829 900 898 filiar,
931 828 1058 900 Tyri
1084 829 1138 882 in
1170 830 1466 883 muneribus
1497 844 1514 881 :
1540 828 1738 882 vultum
1767 836 1915 881 tuum
1947 827 2134 895 depre-

533 921 783 978 cabuntur
816 937 876 977 +
911 920 939 960 ι’
966 938 1141 977 omnes
1170 921 1191 990 1
1227 920 1411 976 divites
1432 919 1613 992 plebis.
1714 931 1848 983 «ag,-

606 1015 786 1069 Omnis
807 1015 976 1088 gloria
1011 1029 1069 1069 σξ-
1105 1015 1217 1086 ejus
1245 1014 1266 1082 1
1303 1015 1428 1084 filia:
1465 1013 1600 1086 regis
1627 1011 1689 1065 ab
1720 1013 1856 1066 intus
1887 1026 1905 1066 :
1939 1011 1990 1065 in
2021 1010 2137 1080 ﬁm-

532 1107 655 1164 briis
683 1109 855 1164 aureis
885 1109 1272 1163 circumamicta
1300 1107 1657 1162 varietatibus.

605 1201 945 1256 Addueeutur
976 1200 1085 1274 regi
1122 1199 1344 1271 virgines
1384 1208 1499 1272 post
1537 1215 1647 1254 eam
1687 1214 1706 1252 :
1732 1197 1983 1270 proxima:
2025 1195 2137 1267 ejus

533 1293 824 1362 afferentur
845 1293 956 1347 tibi.

606 1383 901 1453 Alferentur
929 1385 982 1439 in
1015 1383 1196 1439 lwtitia
1231 1391 1277 1439 et
1310 1380 1652 1438 exsultatione
1680 1398 1698 1437 :
1729 1379 2057 1435 adducentur
2084 1377 2137 1432 in

535 1477 785 1548 templum
814 1477 970 1548 regis.
1546 1523 1552 1530 ,

613 1568 720 1625 Pro
753 1569 986 1641 patribus
1018 1569 1125 1623 tuis
1153 1569 1260 1622 nati
1286 1577 1402 1622 sunt
1443 1568 1530 1622 tibi
1571 1565 1710 1636 filii:
1743 1564 2022 1620 constitues
2052 1579 2138 1619 eos

536 1662 796 1733 principes
817 1677 972 1732 super
1001 1677 1205 1715 onmem
1240 1669 1452 1714 terram.

610 1754 867 1809 Memores
907 1764 930 1792 ε
973 1763 1125 1808 erunt
1156 1752 1378 1808 nominis
1405 1753 1512 1822 tui,
1549 1752 1602 1806 in
1633 1751 1774 1806 omni
1812 1751 2140 1823 generatione

537 1852 586 1899 et
614 1845 1020 1916 generationem.

613 1936 892 2008 Propterea
929 1936 1106 2008 pOpuli
1135 1935 1520 2007 conﬁtebuntur
1548 1935 1639 1991 tibi
1678 1935 1733 1990 in
1763 1944 2013 1990 teternum
2051 1942 2139 1990 :et

537 2034 590 2086 in
617 2029 866 2086 saxulum
893 2044 940 2085 -ξ
977 2029 1155 2085 διεσαιὶ
1187 2029 1208 2098 1

1556 163 1610 217 S.
1659 157 2034 216 lllERONYMI
2076 157 2309 214 DIVINA
2350 155 2822 212 BIBLIOTHECA.

3729 153 3825 213 200

2307 270 2487 325 Astitit
2527 272 2708 339 regina
2746 285 2774 323 a
2821 267 3028 324 dextris
3065 267 3170 325 tuis
3195 269 3248 325 in
3283 255 3498 326 vomitu
3526 268 3822 325 deaurato:

2237 360 2645 417 circumamicta
2691 360 2708 398 τ
2744 360 3120 416 varietatibus.
3648 431 3654 435 _

2309 455 2468 519 Audi,
2501 454 2629 520 ﬁlia,
2663 462 2720 509 et
2746 454 2886 521 vide,
2919 465 2973 510 et
2995 454 3188 510 inclina
3213 469 3396 509 aurem
3431 463 3604 520 tuam,
3628 454 3826 510 ctobli—

2237 547 2448 602 viscerc
2479 545 2736 616 [epulum
2781 555 2954 614 tuum,
2986 558 3039 602 et
3068 547 3288 602 domum
3321 550 3491 618 patris
3523 549 3621 602 tui.

2309 639 2570 706 Quoniam
2596 638 2910 708 concupivit
2934 654 3031 694 rex
3061 641 3297 710 speciem
3325 649 3474 694 tuam
3509 640 3675 710 :quia
3720 640 3828 710 ipse

2239 742 2323 788 est
2357 732 2620 788 Dominus
2650 733 2788 805 [διε.
2821 743 2921 786 tae.
2948 733 3242 804 Dominus]
3277 734 3420 789 Deus
3448 745 3598 802 tuus,
3622 744 3679 792 et
3706 735 3826 790 ado-

2238 824 2435 880 rabunt
2467 841 2590 880 eum
2626 824 2752 878 lilia:
2782 823 2912 896 Tyri
2944 825 2996 879 in
3028 826 3364 880 uulneribus.

2313 917 2534 973 Vultum
2568 929 2715 974 tuum
2749 918 3186 988 deprecabuntur
3218 931 3242 967 ε
3274 935 3466 977 omnes
3496 921 3698 979 divites
3728 921 3830 991 ple-

2240 1009 2358 1076 bis;
2392 1010 2567 1066 omnis
2594 1009 2766 1081 gloria
2797 1011 2916 1080 ejus
2946 1011 3065 1066 filia:
3109 1027 3296 1082 regqu
3329 1013 3399 1068 ab
3427 1014 3600 1081 intus,

2312 1102 2371 1157 In
2398 1103 2626 1157 fimbriis
2655 1103 2840 1158 aureis
2865 1103 3271 1159 circumamicta
3304 1105 3593 1160 varietate.

2311 1196 2665 1252 Adducentnr
2687 1197 2799 1268 regi
2832 1196 3068 1272 virgines
3091 1207 3214 1269 post
3237 1213 3354 1254 eam
3390 1216 3402 1253 :
3433 1197 3699 1270 proximae
3724 1199 3832 1267 ejus

2239 1291 2540 1347 afferentur
2569 1291 2664 1346 tibi
2700 1292 2752 1346 in
2785 1291 2969 1348 lwtilia
3003 1304 3062 1348 et
3091 1291 3475 1361 exsultatione,
3503 1291 3832 1348 adducentur

2241 1385 2296 1441 in
2329 1385 2588 1456 templum
2633 1388 2804 1457 regis.

2315 1563 2422 1620 Pro
2446 1562 2687 1635 patribus
2710 1565 2818 1620 tuis
2847 1565 2958 1620 nati
2989 1575 3117 1622 sunt
3149 1563 3245 1622 tibi
3271 1564 3362 1620 lilii
3386 1583 3400 1620 :
3420 1565 3722 1621 constitues
3748 1580 3833 1620 eos

2170 1695 2218 1756 Β
2245 1657 2525 1730 principes
2557 1673 2719 1729 super
2751 1674 2968 1716 omnem
3003 1669 3228 1716 terram.

2281 1804 2288 1811 .
2317 1752 2586 1808 Memores
2635 1761 2796 1808 erunt
2842 1752 3077 1809 nominis
3111 1753 3208 1822 tui,
3243 1750 3271 1789 ιι
3315 1753 3574 1824 Domine,
3609 1752 3665 1810 in
3698 1753 3830 1810 omni

2241 1847 2592 1916 generatione
2621 1855 2674 1900 et
2709 1845 2990 1918 progenie.

2313 1937 2606 2007 Protiterea
2636 1938 2818 2009 populi
2839 1938 3242 1996 conﬁtebuntur
3266 1939 3360 1997 tibi
3386 1938 3442 1996 in
3469 1948 3756 2005 attentum,
3787 1947 3835 1994 et

2243 2030 2296 2084 in
2342 2030 2602 2086 sarculum
2635 2031 2844 2087 stecuii.
2905 2073 2912 2080 .

1889 2142 2250 2207 PSALMUS
2295 2143 2488 2206 XLV.

597 2253 680 2304 'ttv
721 2263 910 2316 rtusu,
952 2261 1109 2302 riuis
1147 2261 1316 2317 conc,
1360 2260 1463 2302 uno
1501 2260 1757 2311 securus,
1800 2259 2059 2301 PSALMUS.

611 2337 747 2392 Deus
774 2349 945 2394 noster
975 2341 1236 2411 refugium
1261 2348 1307 2394 et
1339 2339 1497 2394 virtus
1532 2353 1550 2394 ε
1587 2338 1801 2410 adjutor
1830 2338 1884 2394 in
1922 2337 2143 2393 tribula-

535 2432 786 2499 tionibus,
813 2449 929 2504 qua:
952 2434 1255 2489 invenerunt
1281 2449 1374 2488 nos
1401 2432 1574 2488 nimis.

609 2524 893 2599 Propterea
934 2543 1038 2582 non
1079 2526 1372 2582 timebimus
1397 2527 1522 2582 dum
1554 2526 1846 2582 turbabitur
1872 2534 2011 2582 terra
2039 2541 2060 2582 :
2092 2536 2140 2582 et

533 2623 915 2691 transferentur
937 2630 1134 2675 montes
1157 2623 1211 2674 in
1242 2636 1330 2674 cor
1353 2621 1530 2676 maris.

607 2713 914 2768 Sonuerunt
937 2723 985 2768 et
1019 2713 1240 2767 turbatae
1269 2723 1392 2768 sunt
1423 2728 1571 2782 aqua:
1591 2730 1767 2768 eorum
1797 2729 1814 2767 :
1847 2713 2139 2768 conturbuti

530 2815 651 2860 sunt
681 2814 877 2860 montes
901 2807 953 2860 in
979 2805 1287 2877 fortitudine
1311 2806 1445 2877 ejus.
1471 2804 1497 2842 ά
1524 2805 1852 2860 Βιλρολωιλ.

607 2895 873 2952 Fluminis
904 2897 1122 2969 impetus
1144 2897 1374 2968 ltetificat
1397 2897 1653 2953 civita'em
1689 2896 1782 2954 Dei
1805 2913 1823 2951 :
1846 2897 2142 2968 sanctiﬁca-

529 2992 600 3046 uit
632 2990 1027 3046 tabernaculum
1059 3007 1210 3046 suum
1234 2990 1559 3047 Altissimus.

2361 2245 2375 2291 ί
2402 2262 2454 2302 ια
2484 2262 2666 2314 FINEI,
2696 2262 2855 2305 ιἰιιιε
2880 2265 3038 2317 οοῐιε,
3071 2264 3172 2308 PRO
3200 2267 3445 2320 ABCANIS,
3480 2267 3737 2309 ΡδΑιηυε.

2318 2336 2462 2394 Deus
2489 2349 2675 2395 noster
2704 2341 2972 2412 refugium
3003 2351 3062 2398 ct
3094 2344 3266 2398 virtus
3294 2363 3307 2400 :
3341 2344 3563 2416 adjutor
3591 2345 3645 2400 in
3679 2345 3835 2400 tribu-

2244 2430 2569 2501 lationibus,
2594 2449 2717 2504 qua:
2747 2435 3072 2491 invenerunt
3104 2451 3202 2491 nos
3225 2437 3406 2492 nimis.

2318 2523 2613 2594 Propterea
2648 2541 2753 2580 non
2785 2526 3131 2583 timebimust
3176 2527 3304 2583 dum
3336 2526 3643 2584 turbabitur
3669 2538 3836 2584 terra:

2243 2624 2298 2672 et
2327 2613 2727 2674 transferentur
2759 2629 2976 2675 montes
3007 2620 3060 2674 in
3089 2618 3340 2691 curius.
3371 2620 3571 2691 corde]
3596 2623 3781 2675 maris.

2317 2709 2654 2779 Sonuerum,
2677 2718 2734 2766 et
2761 2712 2993 2766 turbata:
3013 2720 3142 2767 sunt
3169 2711 3466 2782 aquarejus
3497 2729 3511 2767 :
3535 2724 3716 2768 contui
3732 2711 3837 2768 ιηιί

2247 2813 2374 2859 sunt
2398 2816 2613 2860 montes
2642 2805 2696 2859 iu
2725 2803 3045 2859 fortitudine
3070 2804 3190 2874 ejus
3226 2805 3354 2860 Dur
3386 2819 3552 2860 sum.

2318 2897 2586 2953 Fluminis
2616 2897 2853 2968 impetus
2876 2899 3112 2954 laetificat
3142 2897 3418 2954 civitatem
3453 2898 3572 2966 Dei,
3607 2899 3839 2954 sanctifio

2245 2992 2389 3046 cavit
2412 2991 2824 3048 tabernaculum
2849 3006 3006 3046 suum
3033 2990 3348 3048 Altissimus
3369 3006 3386 3046 :
3407 2991 3550 3048 Deus
3581 2991 3634 3046 in
3666 2991 3838 3047 medio

609 3080 744 3134 Deus
777 3083 831 3136 in
859 3082 1032 3136 medio
1081 3085 1196 3154 ejus
1240 3099 1342 3137 non
1381 3084 1779 3140 commovebitur
1809 3101 1828 3141 .'
1866 3083 2139 3158 adjucabit
2167 3070 2212 3133 C
2246 3082 2366 3154 ejus
2399 3099 2506 3139 non
2539 3083 2998 3140 commovebitur.

535 3188 649 3227 eam
679 3173 819 3228 Deus
847 3191 995 3227 mane
1025 3175 1284 3230 diluculo.

605 3263 933 3320 Conturbata:
959 3275 1080 3320 sunt
1101 3276 1300 3336 gentes,
1325 3281 1374 3322 σε»
1412 3280 1456 3324 et
1479 3268 1502 3336 1
1529 3269 1779 3324 inclinata
1801 3280 1921 3326 sunt
1953 3288 2135 3344 regna,

531 3354 679 3410 dedit
701 3371 874 3410 vocem
901 3373 1076 3422 suam,
1103 3368 1243 3411 mota
1265 3368 1340 3412 est
1371 3369 1528 3415 terra.

601 3447 865 3502 Dominus
890 3448 1142 3502 uirtutum
1171 3449 1438 3504 nobiscum
1465 3467 1479 3505 :
1503 3463 1769 3526 susceptor
1795 3465 1966 3512 noster
1995 3455 2135 3512 Deus

529 3535 714 3592 Iacob.
747 3538 1076 3594 DIAPSLAIA.

616 3621 814 3697 Vénite,
847 3640 893 3684 et
915 3630 1078 3686 ridete
1105 3647 1262 3703 opera
1287 3631 1522 3701 Domini,
1561 3652 1677 3707 qua:
1698 3638 1869 3709 posuit
1897 3641 2134 3712 prodigia

529 3738 685 3793 super
705 3731 894 3776 terram
925 3739 944 3777 :
972 3722 1216 3794 auferens
1243 3724 1378 3779 bella
1409 3741 1570 3798 usque
1593 3729 1663 3782 ad
1685 3731 1838 3800 ﬁnem
1864 3740 2035 3788 terrte.

604 3815 796 3867 Arcum
837 3824 1094 3882 conteret,
1145 3825 1195 3871 et
1231 3816 1522 3890 confringet
1565 3836 1712 3876 arma
1741 3837 1761 3877 :
1807 3836 1863 3879 -ε-
1899 3833 1945 3878 et
1986 3834 2130 3880 scuta

530 3903 793 3958 comburet
823 3905 952 3976 igni.

613 3993 804 4051 Vacate
842 4007 890 4052 et
930 3997 1117 4066 videte,
1163 3999 1407 4068 quoniam
1449 4018 1542 4076 ego
1577 4011 1599 4041 θ
1635 4019 1695 4059 σθ-
1740 4021 1853 4059 sum
1893 4005 1916 4075 1
1951 4005 2125 4078 Deus,

529 4089 796 4146 exaltubor
820 4091 875 4146 in
903 4093 1135 4165 gentibus
1160 4107 1221 4150 -ε-
1246 4107 1294 4150 et
1321 4097 1342 4167 ζ
1375 4097 1646 4154 exaltabor
1670 4099 1722 4154 in
1755 4109 1914 4158 terra.

601 4266 856 4326 Dominus
884 4269 1129 4327 virtutum
1157 4273 1420 4331 nobiscum
1453 4291 1472 4334 :
1501 4287 1761 4351 susceptor
1788 4291 1964 4338 noster
1983 4279 2126 4340 Deus

525 4361 715 4419 Iacob.
750 4369 815 4432 )aef
849 4363 1175 4424 Drusum“.

520 4527 1168 4610 libros_cr_rare_putant._
1200 4530 1414 4610 Videsis
1443 4534 1607 4610 modo
1639 4552 1761 4604 gum
1788 4536 1855 4592 ad
1888 4539 2108 4610 epistol.
2142 4542 2192 4602 D

525 4598 626 4660 63.
657 4601 722 4655 ad
751 4598 1101 4669 Principiam,
1139 4602 1422 4660 docuimus
1453 4608 1558 4661 col.
1589 4598 1696 4663 388
1728 4619 1822 4662 not
1851 4627 1904 4666 a.
1924 4598 2115 4668 ’Ἴθι-ο-

526 4674 720 4752 neniis.
744 4673 880 4752 liber
908 4683 1070 4752 atque
1099 4676 1432 4752 Augustinus
1455 4694 1485 4752 tt
1512 4679 1752 4752 domibus
1775 4680 1984 4752 legunt.

599 4753 625 4780 ⁸
657 4741 830 4799 Minus
858 4741 1085 4825 ΔΙιεεῐιεέ-ᾖει
1113 4741 1308 4825 eodem
1332 4762 1448 4825 ius;
1472 4750 1561 4803 hic
1589 4751 1764 4825 [iutilia
1796 4741 1992 4820 puncta
2021 4769 2115 4825 ap-

527 4826 822 4886 ponuntur,
853 4823 966 4868 tum
1004 4815 1305 4886 lliapsalma
1332 4818 1384 4872 in
1420 4818 1526 4873 line
1551 4820 1789 4875 additur.

599 4884 626 4923 ιι
661 4883 860 4941 Vocem
904 4883 1114 4947 omnes,
1153 4888 1440 4958 ipsumque
1474 4890 1612 4945 adeo
1659 4893 1873 4948 obclum
1916 4897 2116 4954 reetius

528 4953 669 5009 idem
693 4971 794 5010 ms.
821 4953 1210 5032 praetermittit.
1256 4953 1543 5032 ltlefetiain
1566 5003 1580 5026 ,
1613 4978 1722 5032 quo
1753 4981 1875 5018 mox
1906 4953 2116 5032 primm;

528 5033 672 5106 tatur
695 5042 992 5096 pronomen
1021 5031 1155 5098 ejus,
1186 5031 1363 5106 omitti
1391 5031 1785 5099 poterat,satis
1813 5031 1958 5090 enim
1988 5039 2116 5094 illud

527 5100 581 5149 in
628 5111 756 5151 voce
793 5110 895 5156 rm
935 5112 965 5157 Ξ
1016 5110 1255 5153 resonat.
1302 5100 1534 5157 Rursum
1591 5120 1720 5159 vero
1766 5106 1819 5159 in
1873 5107 2118 5164 Palatino

525 5181 626 5248 ins.
660 5181 756 5236 pro
785 5170 1114 5224 varietatibus
1147 5173 1444 5242 repositum
1475 5174 1715 5230 secunda
1741 5194 1900 5232 manu
1927 5192 2010 5234 est
2030 5198 2120 5235 va-

524 5247 728 5292 rietate.

599 5319 622 5347 ε
654 5311 829 5378 Atque
864 5309 968 5364 hoc
1008 5326 1144 5385 sane
1173 5314 1352 5370 verius
1382 5315 1660 5372 Palatinus
1699 5335 1802 5373 ms.
1854 5322 2069 5385 pra‘fert
2104 5340 2117 5376 :

524 5377 725 5451 Mentor
745 5377 862 5443 Vero,
899 5399 995 5449 pro
1026 5381 1283 5438 Memores
1303 5397 1472 5440 erunt.
1503 5389 1767 5444 Hebraice
1787 5377 2010 5451 nium.

595 5450 802 5534 fQuod
836 5451 922 5534 llic
945 5463 1088 5507 tacet
1123 5456 1173 5507 in
1219 5457 1463 5534 Palatino
1501 5476 1604 5514 ms.
1638 5450 1970 5530 Diapsalma,
2007 5473 2126 5534 post

522 5517 945 5603 subsequentem
976 5538 1192 5603 versum
1225 5530 1534 5594 apponitur.
1573 5517 1841 5600 Atque'ita
1873 5517 2020 5603 quod.
2043 5517 2126 5590 in;

526 5587 994 5727 {prripsuisticppst
1029 5595 1196 5650 alium
1227 5587 1443 5654 versum
1490 5587 1840 5672 apponatur.
1863 5587 2124 5663 Ultimum

660 5675 686 5712 s
873 5678 903 5715 e
932 5700 947 5714 .

660 5675 755 5713 sus
783 5675 947 5715 laCCI.

2314 3175 2604 3246 Adjuvabit
2628 3192 2750 3248 eam
2796 3177 2941 3232 Deus
2993 3177 3146 3231 vultu
3171 3191 3272 3232 suo
3304 3193 3316 3229 :
3345 3177 3690 3233 conturbatm
3719 3187 3837 3233 S'lul

2239 3279 2456 3339 gentes,
2492 3278 2545 3325 et
2573 3267 2712 3340 [11s.
2746 3278 2846 3323 tac.
2883 3279 2938 3324 et
2973 3267 3273 3339 ]inclinata
3309 3278 3437 3324 sunt
3469 3284 3664 3340 regna,
3697 3269 3838 3325 dedit

2239 3374 2430 3415 vocem
2457 3374 2614 3415 suam
2637 3361 2973 3429 Altissimus,
3004 3370 3060 3417 et
3088 3370 3233 3416 mota
3266 3369 3351 3418 est
3382 3371 3552 3417 terra.

2311 3451 2578 3506 Dominus
2627 3451 2888 3508 virtutum
2945 3451 3277 3509 nobiscum:
3317 3462 3609 3524 susceptor
3655 3463 3835 3510 noster

2237 3543 2382 3600 Deus
2421 3543 2613 3601 Iacob.
2647 3545 2972 3602 Drusum.

2309 3635 2522 3704 Venite,
2556 3647 2612 3693 et
2643 3637 2821 3695 videte
2851 3655 3019 3710 opera
3053 3637 3268 3696 Domini
3301 3657 3314 3696 :
3342 3655 3467 3712 qua:
3498 3642 3682 3713 posuit
3710 3659 3833 3714 pro-

2235 3729 2376 3800 digia
2415 3745 2578 3800 super
2625 3739 2846 3787 terram.
3845 3802 3848 3804 γ

2305 3823 2575 3880 Auferens
2604 3824 2741 3881 bella
2766 3841 2939 3897 usque
2967 3827 3033 3882 ad
3064 3828 3202 3883 lines
3246 3838 3406 3884 terra:
3440 3843 3456 3882 :
3491 3843 3678 3886 arcum
3715 3845 3834 3886 ccu-

2233 3919 2392 3980 teret,
2422 3925 2478 3970 et
2505 3915 2811 3987 confringet
2835 3933 3006 3986 arma,
3037 3929 3259 3976 etscuta
3287 3920 3576 3978 comburet
3597 3921 3730 3992 igni.

2313 4003 2510 4061 Vacate
2557 4015 2610 4062 et
2663 4006 2864 4076 videte,
2909 4010 3167 4081 quoniam
3217 4025 3318 4081 ego
3367 4025 3489 4068 sum
3525 4012 3668 4068 Deus
3698 4011 3829 4086 [Με.

2237 4096 2528 4172 Dominus]
2561 4115 2574 4154 :
2610 4099 2901 4157 exaltabor
2950 4100 3007 4158 in
3039 4101 3313 4174 gentibus,
3343 4111 3398 4160 et
3441 4102 3734 4161 exaltabor
3779 4106 3829 4159 in

2236 4200 2405 4251 terra.

2307 4287 2570 4346 Dominus
2599 4288 2725 4362 [Με.
2746 4289 2911 4362 Deus]
2936 4290 3194 4348 virtutum
3220 4291 3501 4350 nobiscum
3521 4303 3829 4365 :susca-ptor

2233 4390 2420 4438 noster
2442 4380 2586 4438 Deus
2621 4381 2812 4438 Jacob.

2291 4552 2314 4620 ς
2341 4542 2569 4620 Qbelum
2602 4544 2744 4620 hune
2779 4545 2922 4603 idem
2947 4564 3050 4604 ms.
3083 4549 3452 4620 prmturmittit
3480 4569 3491 4605 :
3528 4551 3689 4606 male.

2295 4612 2312 4652 τ
2343 4614 2438 4696 llic
2461 4627 2626 4688 atque
2651 4618 2812 4696 infra,
2847 4620 2934 4696 ubi
2963 4612 3112 4696 locus
3145 4621 3247 4677 iste
3279 4623 3536 4696 recurrit.
3570 4625 3622 4678 iu
3657 4623 3826 4696 Vero-

2219 4689 2374 4740 nensi
2423 4703 2525 4762 ius.
2581 4689 2840 4759 variegata
2894 4692 3110 4762 legitur,
3151 4709 3247 4762 pro
3298 4695 3582 4762 varietate,
3636 4695 3824 4749 (Im-co

2218 4758 2579 4828 πεποικιλμένη
2622 4758 2881 4826 putemus.

2292 4838 2316 4875 ε
2341 4829 2506 4884 Tacet
2539 4833 2622 4883 hic
2650 4846 2773 4884 cum
2807 4833 3078 4902 plerisque
3108 4832 3228 4888 aliis
3256 4835 3561 4891 Veronens.
3595 4853 3700 4891 ms.
3730 4853 3822 4888 m-

2219 4912 2335 4977 ecm
2368 4915 2541 4977 omnes
2574 4916 2592 4955 :
2624 4917 2752 4956 mox
2789 4913 2988 4977 autem
3009 4904 3164 4977 unice
3191 4921 3312 4960 cum
3345 4910 3678 4974 Augustino,
3715 4910 3824 4977 ﬁlia

2226 4972 2361 5048 regis
2403 4971 2716 5048 intrinsecus
2749 4990 2910 5048 ,_p_ro
2958 4976 3081 5043 ﬁlia:
3141 4993 3320 5047 regum
3377 4971 3455 5031 ab"
3488 4980 3624 5032 intus
3676 4971 3822 5048 legit.

2229 5040 2395 5095 Paulo
2413 5045 2574 5096 etiam
2601 5055 2742 5113 post,
2767 5040 3057 5111 Afferentnr
3086 5040 3218 5114 regi:
3234 5048 3701 5114 proAddurentur,
3718 5040 3821 5102 die.

2227 5126 2400 5184 eoque
2429 5116 2705 5181 geminato
2731 5123 2920 5184 verbo,
2948 5115 3236 5183 afferentur
3257 5128 3273 5170 t
3298 5118 3369 5180 bi,
3400 5120 3453 5172 in
3485 5120 3687 5175 (tentia.
3715 5131 3821 5174 etc.

2301 5181 2324 5218 ¹¹
2355 5183 2554 5238 lterum
2604 5185 2692 5241 ltic
2733 5181 2930 5243 nomen
2974 5181 3194 5242 Domine
3245 5199 3423 5244 tacent
3472 5190 3633 5244 iidem
3681 5191 3821 5256 libri,

2228 5252 2516 5330 legumque
2552 5267 2780 5330 przetcra
2814 5268 2861 5312 et
2888 5261 3238 5328 generatione,
3271 5275 3368 5328 pro
3397 5263 3658 5330 progenie.

2305 5332 2321 5370 ί
2356 5325 2565 5400 'l‘itnlus
2606 5327 2748 5400 idem
2777 5339 2856 5383 est
2888 5325 3066 5400 “penes
3102 5325 3458 5400 Augustinum
3481 5325 3531 5386 et
3569 5333 3618 5385 in
3653 5331 3822 5384 γιτο-

2230 5395 2383 5472 Ilettsi
2416 5396 2634 5465 Codice,
2684 5396 2745 5452 In
2786 5395 2940 5468 finem
2981 5417 3076 5470 pro
3107 5395 3229 5471 filiis
3257 5399 3411 5460 Core.
3443 5418 3540 5472 pro
3572 5404 3820 5468 occultis,

2230 5463 2495 5531 Psalmus,
2526 5463 2632 5522 etc.

2305 5539 2317 5586 i
2359 5536 2590 5593 Librarii
2625 5538 2818 5614 tuendo
2853 5541 3094 5596 tiniabitis
3127 5542 3176 5595 in
3219 5539 3411 5614 eodem
3465 5559 3566 5599 tus.
3605 5544 3818 5614 legitur.

2230 5606 2444 5664 Caetera
2471 5625 2592 5666 cum
2615 5609 2939 5682 Augustino,
2969 5629 3084 5668 cum
3111 5613 3500 5668 ronttububitur
3529 5606 3690 5683 terra:
3716 5625 3818 5672 etc.
