3936 6180
597 229 699 287 211
1609 219 1666 275 S.
1708 211 2101 274 IlIERONVMl
2142 209 2377 271 DIVINA
2415 207 2894 268 BlBLlOTllECA.
3769 203 3860 261 9J2

595 399 606 414 ,
672 345 920 401 Dileristi
942 343 1113 397 omnia
1140 341 1290 396 verba
1315 335 1758 409 prmeipitationis,
1783 335 1964 404 lingua
1988 333 2188 388 dolosa.
2223 331 2272 392 Λ
2374 326 2622 384 Dilexisti
2653 326 2836 383 omnia
2860 321 3028 381 verba
3060 333 3083 361 ο
3117 319 3594 395 prmeipitationis,
3626 317 3682 376 in
3711 317 3857 390 lingua

681 437 958 504 Propterea
1002 433 1140 486 Deus
1176 432 1403 486 destruet
1435 438 1481 481 te
1511 427 1564 482 in
1592 426 1784 496 linem;
1823 425 1997 480 evellet
2035 435 2114 490 te,
2145 433 2198 478 et
2303 420 2515 478 dolosa.

603 528 865 600 migrabit
897 537 945 580 te
981 524 1045 579 de
1072 521 1404 578 tabernaculo
1443 529 1530 576 tuo
1555 559 1571 589 ,
1606 528 1653 576 et
1683 517 1911 574 radicem
1954 526 2097 575 tuam
2135 517 2198 575 de
2376 515 2669 584 l’rOpterea
2718 512 2966 569 destruet
2988 519 3041 567 te
3070 510 3213 565 Deus
3241 509 3295 564 in
3329 507 3496 600 linem
3530 523 3547 562 :
3600 505 3780 561 evellet
3802 515 3859 571 te,

606 599 741 678 terra
771 616 1062 673 viventium.
1092 615 1416 670 DIAPSALIA.
2303 617 2356 665 et
2387 607 2676 678 emigrabit
2702 616 2754 662 te
2793 605 2863 662 de
2893 603 3268 672 tabernaculo,
3299 609 3354 658 et
3385 599 3623 656 radicem
3653 609 3785 654 tuam
3812 600 3863 655 de

2305 710 2448 760 terra
2479 699 2800 756 viventium.
2834 699 3162 754 ΒιΑΡεΑωιΑ.

2377 797 2505 871 [ιιι.
2536 796 2662 850 add.
2693 795 2768 867 et]
2799 793 3074 851 Videbunt
3104 791 3262 864 justi,
3295 799 3350 847 et
3379 787 3651 846 timebunt
3682 805 3693 843 :
3720 796 3770 845 et
3791 801 3865 843 suo

2307 907 2405 963 per
2435 907 2557 947 eum
2587 889 2866 955 ridebunt,
2891 899 2945 944 et
2975 887 3160 944 dicent
3186 904 3199 941 :

2379 982 2519 1038 Ecce
2549 982 2735 1048 homo,
2769 980 2860 1050 qui
2887 995 2994 1035 non
3020 977 3204 1050 posuit
3229 977 3398 1032 Deum
3422 975 3725 1046 adjutorem
3749 974 3865 1030 sibi:

2307 1073 2435 1147 [Ms.
2467 1070 2650 1144 suum]
2685 1090 2699 1127 :
2728 1071 2824 1129 sed
2852 1072 3096 1144 speravit
3123 1071 3176 1126 in
3205 1068 3558 1125 multitudine
3586 1067 3867 1124 divitiarum

2305 1183 2550 1236 suarum,
2582 1176 2635 1222 et
2663 1167 2946 1238 prmvaluit
2974 1167 3025 1220 in
3057 1163 3299 1220 vanitate
3327 1176 3448 1219 sua.

2379 1261 2492 1332 Ego
2517 1269 2700 1316 autem
2721 1261 2864 1316 sicut
2891 1258 3038 1313 oliva
3079 1256 3353 1312 fructifera
3406 1255 3460 1310 in
3493 1253 3654 1310 domo
3679 1251 3866 1308 Domini

2307 1351 2436 1426 [bls.
2466 1350 2586 1422 Dei]
2609 1370 2622 1408 :
2643 1351 2858 1423 speravi
2887 1351 2939 1406 in
2960 1347 3338 1406 misericordia
3367 1345 3462 1404 Dei
3489 1343 3506 1384 τ
3530 1346 3634 1433 mei
3658 1346 3708 1402 in
3735 1353 3870 1401 teter-

682 798 936 853 Videbunt
957 797 1115 871 justi,
1144 805 1193 850 et
1210 795 1474 861 tintebunt,
1499 801 1547 849 et
1567 809 1722 866 super
1743 808 1862 848 eum
1882 793 2144 858 ridebunt,
2170 801 2195 829 α

605 906 663 946 -ει
698 899 746 945 et
770 891 941 944 dicent
979 889 1000 957 ζ
1030 887 1162 942 Ecce
1187 887 1374 952 homo,
1402 888 1489 958 qui
1519 904 1623 941 non
1651 886 1823 958 posuit
1854 886 2020 940 Deum
2045 885 2201 957 adju-

605 991 770 1036 torem
805 997 955 1036 suum
984 995 1002 1036 :
1031 980 1120 1034 sed
1166 979 1387 1050 speravit
1419 982 1473 1033 in
1517 979 1852 1034 multitudine
1898 978 2197 1034 divitiarum

601 1089 838 1141 suarum,
876 1087 937 1130 σιν
963 1080 1010 1128 et
1044 1071 1066 1142 ζ
1095 1070 1366 1144 prteraluit
1395 1071 1448 1127 in
1477 1072 1703 1126 vanitate
1731 1087 1849 1126 sua.

673 1264 788 1336 Ego
807 1271 982 1319 autem
1009 1263 1140 1318 sicut
1171 1261 1309 1317 oliva
1335 1260 1604 1333 fructifera
1629 1260 1683 1315 in
1710 1259 1862 1315 domo
1892 1256 1992 1314 Dei
2023 1273 2043 1314 :
2081 1268 2194 1329 spe-

597 1359 710 1412 ravi
740 1358 792 1412 in
816 1353 1175 1411 misericordia
1197 1351 1294 1410 Dei
1317 1354 1370 1409 in
1393 1363 1668 1422 wlernum,
1695 1361 1745 1409 et
1769 1353 1823 1410 in
1851 1350 2103 1408 stcculum
2135 1367 2188 1410 -:-

601 1449 781 1504 sa’cnli
815 1449 837 1518 ζ
2306 1462 2458 1516 num,
2485 1456 2540 1503 et
2568 1447 2622 1502 in
2654 1445 2914 1501 satculum
2947 1443 3154 1500 smculi.

673 1541 967 1614 Confitebor
996 1545 1086 1599 tibi
1117 1545 1171 1598 in
1213 1543 1500 1608 sarculum,
1531 1541 1653 1611 quia
1681 1539 1850 1613 fecisti
1879 1555 1899 1595 :
1927 1547 1975 1595 et
2015 1554 2198 1610 θεωρε-
2235 1613 2259 1614 7
2377 1539 2692 1598 conﬁtebor
2715 1539 2830 1607 tibi,
2859 1539 3108 1604 Domine,
3133 1536 3190 1596 in
3232 1534 3452 1603 εωευιο,
3503 1535 3628 1604 quia
3682 1531 3871 1589 fecisti:

604 1635 753 1688 ctabo
782 1651 965 1690 nomen
991 1645 1161 1702 tuum,
1182 1635 1428 1708 quoniam
1455 1635 1642 1691 bonum
1672 1631 1701 1672 δ
1724 1643 1820 1702 est,
1844 1632 1895 1688 in
1919 1640 2196 1704 conspectu
2231 1613 2274 1674 Β
2302 1643 2355 1691 et
2377 1633 2704 1706 exspectabo
2726 1647 2924 1688 nomen
2954 1641 3125 1698 tuum,
3145 1629 3400 1701 quoniam
3430 1628 3631 1685 bonum
3653 1635 3753 1696 est,
3774 1635 3873 1680 ante

603 1735 904 1782 sanctorum
936 1735 1162 1783 tuorum.
2301 1735 2652 1802 conspectum
2683 1737 2997 1784 sanctorum
3024 1735 3260 1781 tuorum.

1967 1841 2327 1907 PSALMUS
2369 1844 2501 1908 ιιι.

750 1958 803 1998 IN
825 1958 1006 2011 FINEH,
1037 1957 1136 2000 P80
1151 1959 1364 2000 HELETII
1384 1953 1430 2013 θ,
1464 1955 1890 2002 ικτεηιϐεκτιε
1909 1959 2088 2000 ωγιυ.

2450 1963 2501 2004 IN
2529 1962 2715 2014 FINEM,
2745 1960 2845 2002 PRO
2870 1953 3155 2014 κειετιιϐ,
3183 1957 3552 2002 ικτειιεοτυε
3581 1958 3756 2000 ωλνιιδ.

603 2067 616 2126 l
683 2057 830 2116 Dixit
858 2059 1106 2132 insipiens
1132 2061 1183 2116 in
1207 2061 1360 2118 corde
1383 2077 1477 2114 suo
1510 2077 1528 2115 :
1559 2059 1679 2115 Non
1716 2071 1790 2115 est
1825 2059 1982 2116 Dens.
2375 2059 2519 2118 Dixit
2546 2059 2812 2132 insipiens
2842 2059 2894 2115 in
2925 2059 3094 2116 corde
3123 2071 3224 2115 suo
3261 2075 3273 2114 :
3303 2057 3422 2115 Non
3447 2068 3532 2115 est
3563 2059 3701 2114 Deus
3728 2075 3741 2113 :
3769 2067 3870 2112 eor-

679 2152 923 2226 Corrupti
944 2163 1086 2221 sunt,
1115 2164 1163 2208 et
1188 2153 1559 2208 abominabiles
1579 2154 1708 2226 facti
1731 2162 1849 2210 sunt
1877 2153 1929 2209 in
1960 2153 2201 2226 iniqttila-
2302 2155 2444 2226 rupti
2501 2162 2650 2220 sunt,
2686 2163 2740 2211 et
2771 2152 3170 2211 abominabiles
3197 2152 3321 2210 laeti
3351 2162 3479 2210 sunt
3527 2153 3581 2210 in
3609 2152 3873 2209 voluntati-

604 2246 739 2305 tibus
769 2263 912 2304 :non
941 2259 1015 2304 est
1041 2248 1132 2320 qui
1161 2249 1319 2321 faciat
1349 2248 1558 2306 bonum.
2304 2248 2406 2305 bus
2437 2248 2575 2305 suis.
3199 2260 3201 2262 ’

2374 2341 2494 2400 Non
2549 2349 2632 2400 est
2664 2341 2774 2417 ‘qui
2823 2342 2983 2402 faciat
3029 2343 3232 2401 bonum

2305 2456 2495 2498 unum.

3280 2360 3295 2402 :
3345 2357 3454 2402 non
3492 2353 3578 2402 est
3618 2357 3782 2417 usque
3818 2343 3873 2399 ad

596 2537 600 2548 '
673 2531 813 2589 Deus
842 2533 908 2590 de
935 2533 1060 2590 ccelo
1088 2534 1350 2608 prospexit
1373 2531 1528 2605 super
1549 2532 1684 2605 ﬁlios
1714 2532 2020 2589 hominum:
2044 2541 2096 2588 ttt
2123 2532 2202 2587 ri~

601 2626 718 2682 deat
739 2628 785 2684 si
807 2636 882 2682 est
911 2627 1227 2701 intelligens,
1259 2641 1302 2685 οξ
1347 2637 1438 2682 aut
1460 2623 1486 2663 ιι
1514 2627 1536 2698 ζ
1569 2627 1836 2699 requirens
1867 2623 2056 2681 Deum.

677 2803 866 2859 Omnes
891 2804 1300 2874 declinaverunt,
1329 2802 1484 2858 simul
1512 2802 1718 2860 inutiles
1756 2803 1882 2876 facti
1909 2813 2032 2858 sunt
2056 2817 2075 2862 :
2100 2819 2200 2858 non

597 2907 672 2954 est
701 2899 788 2967 qui
814 2899 974 2972 faciat
997 2899 1208 2966 bonum,
1239 2915 1342 2954 non
1369 2907 1445 2952 est
1473 2914 1632 2968 usque
1661 2899 1731 2951 ad
1760 2914 1945 2952 unum.

673 2994 863 3049 Nonne
891 2995 1051 3050 scient
1083 3009 1140 3050 -:—
1171 3010 1346 3048 omnes
1380 2992 1400 3062 ζ
1431 2994 1524 3065 qui
1544 3003 1822 3065 operantur
1842 2991 2158 3062 iniquitatem
2184 3006 2202 3046 .'

597 3089 685 3159 qui
713 3089 958 3142 devorant
982 3087 1182 3163 plebem
1210 3104 1394 3154 meant,
1421 3096 1476 3141 ut
1506 3086 1674 3141 cibum
1704 3085 1894 3158 panis?

676 3179 844 3235 Deum
866 3197 966 3234 non
993 3181 1352 3235 invocaverunt
1376 3195 1394 3234 :
1433 3178 1543 3234 illic
1590 3179 1973 3251 trcpirlavcrttnt
1997 3179 2200 3246 timore,

601 3273 689 3330 ubi
719 3288 820 3328 non
851 3281 958 3330 erat
988 3275 1164 3327 timor.

612 3436 626 3452 ’
677 3453 937 3523 Quoniam
987 3451 1128 3509 Deus
1154 3452 1424 3525 dissipavit
1458 3469 1577 3508 ossa
1611 3469 1815 3522 eorum,
1855 3456 1944 3528 qui
1973 3455 2194 3513 hornini-

603 3547 694 3602 bus
726 3546 932 3624 placent
961 3564 978 3604 :
1021 3546 1228 3617 confusi
1257 3555 1398 3615 sunt,
1431 3547 1680 3616 quoniam
1712 3545 1852 3602 Deus
1881 3551 2068 3618 sprevit
2089 3544 2198 3606 eos.

677 3640 805 3707 Quis
827 3640 970 3695 dabit
1005 3657 1070 3695 ex
1114 3639 1244 3696 Sion
1270 3639 1500 3696 salutare
1529 3639 1735 3696 Israel?
1761 3659 1875 3697 cunt
1903 3647 2204 3702 converterit

602 3731 742 3790 Dens
765 3735 1112 3804 captivitatem
1136 3734 1298 3814 plebis
1320 3750 1450 3807 suat,
1483 3737 1757 3793 exsultabit
1787 3736 1975 3808 Jacob,
2004 3754 2050 3796 οξ
2099 3750 2144 3796 et
2177 3740 2200 3812 ζ

603 3827 860 3886 lwtabitur
879 3827 1068 3890 Israel.
1163 3893 1167 3898 ,

2376 2533 2642 2592 Dominus
2685 2531 2814 2607 [.ils.
2849 2530 3018 2607 Deus]
3049 2533 3119 2589 de
3148 2531 3289 2590 ctelo
3317 2531 3598 2603 prospexit
3624 2545 3785 2604 super
3831 2531 3880 2585 li-

2302 2627 2410 2684 lios
2442 2627 2728 2684 hominum
2763 2644 2776 2682 :
2809 2636 2868 2683 ut
2907 2625 3093 2683 videat
3120 2625 3166 2683 si
3197 2632 3281 2682 est
3331 2621 3665 2696 intelligens,
3699 2633 3786 2679 aut
3812 2636 3879 2678 re-

2306 2721 2536 2793 quirens
2567 2719 2758 2776 Deum.

2378 2813 2582 2869 Omnes
2621 2811 3062 2878 declinaverunt,
3114 2809 3273 2866 simul
3324 2808 3542 2866 inutiles
3585 2806 3715 2865 facti
3754 2814 3878 2871 sunt,

2308 2918 2415 2960 non
2447 2912 2529 2959 est
2559 2904 2652 2976 qui
2681 2903 2843 2958 faciat
2872 2902 3099 2972 bonum,
3130 2918 3237 2958 non
3266 2907 3351 2958 est
3382 2916 3557 2972 usque
3584 2900 3652 2956 ad
3684 2913 3854 2956 unum.

2379 2995 2572 3052 Nonne
2619 3005 2951 3068 cognoscent
2999 2993 3127 3067 [Ms.
3164 2992 3361 3064 scient]
3387 3007 3598 3060 omnes,
3653 2991 3743 3064 qui
3773 3005 3885 3061 0pc-

2308 3099 2498 3146 rantur
2547 3088 2909 3161 iniquitatem,
2963 3088 3054 3159 qui
3101 3087 3366 3143 devorant
3413 3081 3438 3123 ¹³
3485 3085 3700 3158 plebem
3733 3097 3886 3140 meam

2307 3183 2448 3238 sicut
2473 3197 2656 3238 eseam
2690 3182 2881 3253 panis?
2911 3181 3076 3237 Deum
3110 3179 3238 3253 [Μδ.
3267 3179 3580 3251 Dominum]
3611 3195 3720 3234 non
3754 3180 3888 3234 invo-

2231 3301 2277 3366 C
2310 3285 2571 3334 caverunt
2601 3295 2613 3331 :
2653 3276 2763 3333 illic
2794 3276 3204 3348 trepidaverunt
3256 3276 3472 3344 timore,
3515 3275 3607 3332 ubi
3639 3291 3750 3332 non
3789 3282 3889 3331 erat

2309 3369 2490 3427 timor.

2377 3461 2641 3532 Quoniam
2673 3463 2817 3520 Deus
2846 3463 3131 3535 dissipavit
3169 3478 3293 3520 ossa
3323 3461 3606 3522 hominum
3659 3465 3762 3522 sibi
3792 3463 3887 3537 pla-

2305 3558 2547 3615 centium
2577 3576 2589 3614 :
2615 3558 2827 3614 contusi
2858 3567 2986 3614 sunt
3015 3559 3272 3630 quoniam
3297 3559 3439 3615 Deus
3467 3560 3680 3630 sprevit
3701 3575 3813 3616 eos.

2379 3652 2511 3721 Quis
2541 3651 2692 3708 dabit
2737 3666 2804 3708 ex
2855 3651 2988 3708 Sion
3033 3651 3271 3707 salutare
3301 3651 3506 3708 lsrael‘.’
3536 3651 3667 3709 dum
3701 3661 3891 3710 avertet

2310 3745 2573 3804 Dominus
2598 3744 2966 3816 captivitatem
2992 3744 3164 3816 plebis
3191 3758 3326 3799 suae.

2381 3838 2690 3898 Esmltabit
2711 3837 2900 3907 lacob,
2936 3846 2990 3895 et
3010 3836 3282 3898 luctabitur
3304 3836 3493 3896 lsrael.

1973 3954 2335 4023 PSALMUS
2377 3957 2541 4021 Llll.

599 4091 654 4136 IN
679 4090 860 4145 FINZI,
893 4091 946 4133 13(
981 4089 1318 4147 οΛῐυΙΙΝΙΒυΒ,
1358 4091 1718 4137 ικτειιεετυε
1750 4093 1936 4147 DAVID,
1961 4094 2072 4137 CUI
2100 4097 2191 4139 VE-

2325 4099 2354 4140 Ν
2381 4098 2567 4152 εικειι,
2598 4098 2648 4140 IN
2683 4083 2697 4122 ί
2731 4096 3072 4153 ωιιιιικιιςυε,
3104 4096 3465 4140 ικτειιεοτῠς
3480 4097 3785 4155 υλγιυ,‹;ωι
3810 4101 3895 4140 γε-

673 4238 952 4311 “Voculae
970 4249 1017 4311 et
1063 4237 1278 4311 obelum
1325 4239 1606 4311 postponit
1650 4239 1792 4294 idem
1846 4253 1990 4311 ms.;
2027 4241 2186 4309 paulo

600 4320 727 4384 post
762 4327 791 4366 a
841 4309 1023 4384 verbis
1068 4310 1159 4384 sed
1203 4311 1429 4384 speravit
1458 4309 1680 4384 '_novnm
1704 4310 2030 4384 versiculum
2054 4327 2185 4384 eum

595 4381 740 4455 ipse,
776 4392 885 4438 tum
924 4381 1094 4455 Carus
1149 4382 1426 4455 inclinant.
1471 4381 1640 4437 Porro
1685 4381 2186 4455 quihsubsequitnr,

593 4452 1125 4525 praeﬁxumqobelnm
1149 4463 1197 4508 et
1220 4453 1431 4522 copula:
1459 4456 1666 4525 nescit,
1685 4452 1835 4525 addit
1851 4467 1983 4508 vero
2006 4453 2059 4508 in
2087 4455 2190 4510 line

594 4523 851 4581 versiculi
884 4523 1190 4595 Diapsalnta
1217 4541 1236 4580 :
1265 4539 1386 4596 qua:
1417 4525 1598 4581 omnia
1621 4523 1875 4580 videntur
1899 4525 2018 4597 ejus
2047 4527 2188 4582 anti-

596 4599 770 4670 qnarii
802 4598 1100 4670 σφᾲλμᾳτα.

670 4666 698 4706 δ
741 4664 960 4722 Ιίοοίἰιιὲ
982 4666 1074 4722 hic
1101 4674 1243 4722 tacet
1271 4664 1324 4721 in
1356 4665 1528 4722 Palat.
1557 4682 1662 4723 ms.
1692 4669 1922 4723 verbum
1951 4677 2047 4722 est.

672 4738 847 4820 {Ipse
890 4737 1268 4820 etiarn__Pa_lat.
1320 4752 1424 4792 ms.
1475 4748 1729 4820 corrupte
1779 4738 2190 4820 Amalech,pro

598 4808 796 4881 Meletls
826 4808 1216 4881 legit.Videsis
1246 4817 1424 4881 tamen
1452 4825 1572 4881 quia:
1603 4809 1806 4881 de‘ltoc
1839 4825 1938 4866 nos
1965 4808 2187 4866 nomine

597 4881 654 4935 in
683 4880 961 4936 Breviario
983 4880 1034 4934 in
1069 4879 1315 4936 Psalmos
1337 4879 1840 4936 animadvertimus.

669 4949 697 4986 τι
729 4951 1016 5022 Perperam
1069 4951 1121 5006 in
1173 4950 1420 5006 Palatino
1465 4965 1575 5022 ms._
1598 4951 1782 5008 dilatis
1829 4951 2192 5008 crassioribns

598 5020 1007 5093 punctis‘etiam
1045 5023 1222 5093 verba,
1250 5023 1518 5093 requirens
1547 5020 1738 5088 Deunt,
1791 5022 1952 5079 obolo
2000 5024 2190 5078 eodem

598 5091 1000 5166 confodiuntur.
1032 5092 1110 5147 Ad
1143 5091 1526 5164 subsequentis
1571 5109 1790 5166 quoque
1848 5094 2099 5151 versiculi
2131 5095 2193 5150 ll-

598 5177 727 5219 nem
756 5162 1063 5231 Diapsalma
1089 5162 1399 5220 annotatur.

678 5242 702 5307 _°
735 5233 1040 5307 Atuueluec
1063 5249 1127 5289 ex
1167 5235 1464 5305 Augustino
1490 5235 1828 5293 Veronensis
1849 5235 2006 5307 liber,
2036 5238 2188 5293 verba

597 5303 987 5377 submersionls,
1020 5303 1271 5377 linguam
1295 5309 1527 5362 dolosam
1572 5324 1589 5363 :
1636 5318 1746 5364 tum
1800 5303 2001 5362 et'ellat'
2032 5320 2100 5374 te,
2140 5320 2189 5364 et

599 5376 812 5448 emigret
842 5376 1147 5448 (Augustin.
1187 5379 1476 5447 emigrabit)
1508 5388 1555 5433 te
1583 5380 1646 5433 de
1689 5379 2024 5434 tabernaculo
2054 5389 2141 5434 tuo
2167 5396 2186 5436 :

600 5445 735 5507 tuo',
774 5460 914 5517 nam_
947 5445 1090 5514 quod
1135 5463 1226 5517 suo
1253 5445 1379 5517 legit
1413 5445 1744 5504 Veronensis
1791 5451 2034 5506 l'salterii
2067 5452 2182 5505 edi-

600 5522 708 5576 tor,
744 5515 1088 5569 mnntl‘cstnm
1123 5515 1352 5592 cjnscit
1380 5519 1635 5576 mendum
1668 5537 1682 5576 :
1718 5522 2008 5592 prmstabat
2050 5537 2180 5578 vero

601 5593 853 5654 ucturum
883 5601 1180 5654 pronomen
1209 5589 1351 5642 addi.
1582 5640 1588 5645 .

682 5650 896 5707 "Tacet
945 5657 996 5730 in
1031 5654 1328 5730 Veronensi
1376 5668 1431 5714 et
1477 5662 1870 5730 AugnStiniano
1915 5663 2180 5720 Psalterio

601 5733 903 5789 pronomen
950 5723 1051 5779 hoc
1089 5726 1209 5793 mei,
1250 5737 1308 5783 ut
1348 5739 1402 5784 et
1445 5723 1589 5800 quod
1633 5734 1899 5803 sequitur,
1938 5735 2175 5792 Domine.

2292 4242 2414 4298 Mox
2446 4242 2589 4313 quod
2619 4242 2782 4298 habet
2815 4243 3142 4311 Veronens.,
3173 4242 3422 4313 quoniam
3468 4244 3758 4298 secundum
3803 4252 3890 4308 est,

2295 4323 2420 4386 pulo
2439 4313 2772 4383 reﬂgcndum
2788 4331 2853 4369 ex
2873 4315 3197 4386 Augustino,
3217 4315 3462 4386 quoniam
3481 4315 3782 4386 jucundum
3805 4327 3890 4368 est.

2367 4395 2392 4432 Β
2424 4386 2627 4440 Errorc
2647 4388 2969 4451 scriptorum
2997 4385 3048 4440 in
3077 4399 3206 4440 mss.
3231 4385 3649 4456 quampluritnis
3680 4385 3892 4454 legimus

2294 4456 2540 4511 Amalech
2567 4499 2582 4521 ,
2616 4472 2715 4525 pro
2748 4457 2963 4512 Meleth.
2995 4456 3204 4512 Nomen
3232 4456 3478 4510 Amalech
3514 4457 3768 4511 sciebant
3792 4473 3896 4509 mn-

2296 4543 2416 4582 nes.
2446 4528 2573 4583 ldeo
2603 4527 2890 4584 Hebratum
2938 4527 3132 4582 lleletlt
3157 4568 3173 4591 ,
3211 4527 3314 4582 sibi
3347 4541 3574 4595 prorsus
3616 4529 3855 4596 ignotum
3878 4567 3892 4588 ,

2301 4607 2583 4654 mutarunt
2611 4599 2666 4654 in
2691 4601 2918 4655 verbum
2949 4599 3220 4653 Amalech.
3268 4599 3341 4651 De
3368 4600 3469 4652 hac
3503 4601 3895 4667 permutatione

2220 4650 2272 4714 Ι)
2300 4650 2580 4726 sas-issi;
2608 4650 3218 4740 assam-it}.(sapius'
3236 4669 3293 4723 s.
3327 4650 3896 4740 castrensium-

2295 4741 2580 4797 mentariis
2621 4739 2743 4798 suis
2789 4743 3021 4798 illustrat
3069 4739 3221 4795 saera
3273 4739 3572 4794 volumina.
3620 4741 3891 4796 Cmterutu

2295 4813 2544 4868 Psalmus
2566 4813 2669 4868 iste
2699 4811 2841 4868 idem
2865 4821 2949 4869 est
2969 4827 3092 4868 cum
3115 4810 3443 4881 praecedenti
3471 4810 3690 4865 decimo
3716 4813 3890 4875 tertio,

2294 4884 2389 4956 sed
2417 4885 2753 4956 absqueinlla
2786 4885 3150 4956 permixtione
3181 4892 3306 4938 octo
3335 4895 3593 4938 versuum
3625 4884 3890 4954 superad-

2297 4954 2559 5011 ditorttm‘.
2595 4955 2732 5012 Vide
2761 4971 2949 5026 supra.
2995 4954 3176 5009 Mans.

2366 5058 2437 5069 -—
2461 5027 2700 5083 Solemni
2729 5024 3072 5082 librariorum
3105 5027 3258 5096 lapsu
3285 5024 3549 5089 Amalech,
3578 5039 3681 5094 pro
3705 5025 3894 5080 Metelli

2298 5099 2352 5154 in
2398 5098 2605 5168 Veron.
2637 5113 2854 5168 quoque
2899 5099 3056 5168 libra
3083 5095 3343 5168 scriptum
3371 5105 3476 5150 est.
3526 5095 3745 5168 Cretera
3780 5113 3894 5151 cum

2297 5169 2550 5239 Augttst.,
2578 5166 2880 5240 Intellectus
2902 5169 3002 5235 ipsi
3026 5166 3214 5240 David.
3233 5167 3288 5221 In
3306 5175 3454 5240 textu
3489 5185 3502 5222 :
3531 5166 3678 5221 Dixit
3702 5169 3895 5240 impru-

2295 5238 2446 5308 dens,
2471 5251 2548 5305 et,
2579 5257 2635 5295 in
2662 5239 3016 5312 iniquitatibus
3057 5239 3201 5312 suis,
3234 5238 3374 5308 quod
3400 5247 3604 5312 _tame_n
3654 5238 3889 5312 secunda

2291 5307 2487 5366 manus
2514 5307 2777 5378 reposuit,
2806 5326 2928 5366 cum
2959 5310 3168 5379 pridem
3207 5307 3350 5363 esset
3391 5310 3446 5362 ia
3503 5307 3887 5374 affectionibus.

2365 5381 2390 5420 ¹³
2417 5382 2752 5452 Augustinus
2790 5392 2845 5436 et
2868 5382 3169 5435 Veronens.
3204 5394 3334 5452 mss.
3367 5379 3614 5451 populum
3642 5397 3815 5433 meum
3846 5381 3892 5431 in

2286 5454 2453 5509 cibum
2482 5451 2591 5523 (vel
2629 5453 2764 5524 cibo)
2797 5453 2979 5524 panis;
3007 5460 3058 5506 et
3082 5466 3228 5524 nios,
3261 5451 3331 5524 ibi
3359 5453 3639 5524 timuerunt
3686 5455 3885 5514 timore,

2285 5537 2394 5581 etc.
2431 5544 2444 5580 ε
2471 5518 2636 5596 atque
2665 5518 2825 5592 infra,
2860 5527 2914 5579 in
2943 5522 3217 5578 avertendo
3249 5518 3411 5587 Deus,
3448 5538 3549 5593 pro
3576 5523 3707 5576 dum
3741 5538 3885 5574 arer-

2290 5606 2378 5658 lcl,
2404 5606 2514 5652 otc.

2371 5669 2380 5704 ί
2422 5668 2704 5722 labrorum
2747 5681 2844 5736 par
2873 5665 3038 5728 idem,
3099 5662 3164 5718 In
3215 5664 3422 5736 [tyrrinis
3473 5663 3774 5720 intellectus
3802 5664 3892 5735 ipsi

2292 5735 2481 5810 David,
2513 5755 2627 5794 cum
2658 5735 2898 5794 venerunt
2928 5735 3149 5807 Ziplnei,
3183 5745 3229 5790 et
3253 5735 3517 5803 dixerunt,
3549 5745 3658 5792 etc.
