3936 6180
579 247 690 306 205

1573 232 1630 289 S.
1679 222 2054 289 lllEltOkYMl
2097 224 2326 285 DiVlNA
2373 218 2848 281 BIBLIOTUECA.

3762 213 3861 275 ξοδ

650 360 1011 436 Suscepimus,
1062 359 1218 428 Deus,
1270 351 1679 410 misericordiam
1722 359 1883 417 tuam,
1925 346 1980 402 in
2007 345 2177 404 medio
2205 350 2251 409 Λ
2353 339 2705 410 Suscepimus
2733 337 2877 393 Deus
2912 331 3347 391 miscricordiam
3384 340 3554 401 tuam,
3583 341 3606 379 ε
3632 329 3683 385 in
3704 331 3861 388 medio

581 456 759 527 templi
791 455 888 509 tui.

653 547 951 605 Secundum
987 557 1173 598 nomen
1205 549 1372 605 luunt,
1420 536 1585 604 Deus,
1633 537 1706 591 sic
1754 549 1809 591 -ξί
1851 542 1874 571 τι
1909 543 1954 589 et
1991 536 2013 606 ζ
2063 533 2174 586 laus

587 653 680 698 tua
707 641 760 694 in
787 640 916 709 ﬁnes
945 646 1132 692 terras:
1160 632 1371 705 justitia
1402 631 1553 703 plena
1575 637 1647 685 est
1677 628 1889 684 dextera
1921 636 2029 680 tua.

649 733 880 790 Laztetur
929 745 1074 786 ntons
1115 727 1270 794 Sion,
1309 741 1369 782 ἡ·
1396 733 1442 778 ct
1483 723 1505 793 ζ
1540 723 1795 779 exsultent
1826 721 1952 792 ﬁlia:
1995 718 2174 788 Judw,

586 834 798 896 propter
817 820 1025 895 judicia
1052 831 1140 874 tua
1176 834 1235 874 οξ-
1275 816 1498 872 Domine
1534 815 1556 882 ζ

648 914 980 972 Circumdate
1012 913 1168 982 Sion,
1196 921 1242 968 et
1280 907 1684 982 (amplectimini
1708 921 1860 963 eam:
1894 913 2103 962 narrate
2123 903 2177 957 in

579 1010 810 1068 turribus
842 1012 980 1081 ejus.

651 1103 840 1158 Ponite
885 1100 1047 1157 corda
1080 1107 1248 1154 vestra
1280 1096 1334 1152 in
1361 1096 1545 1164 virtute
1587 1095 1704 1167 ejus
1752 1108 1811 1151 οξ-
1856 1104 1902 1150 et
1937 1096 1957 1166 ζ
1999 1092 2176 1149 distri-

578 1197 716 1252 buite
743 1197 924 1249 domos
955 1196 1094 1265 ejus,
1125 1200 1180 1244 ut
1203 1189 1449 1244 enarretis
1475 1189 1530 1244 in
1555 1187 1797 1259 progenie
1827 1185 2016 1240 altera.

649 1287 910 1354 Quoniam
939 1284 1023 1339 hic
1057 1291 1134 1339 est
1163 1281 1326 1350 Deus,
1350 1279 1493 1340 Deus
1522 1289 1695 1336 noster
1725 1279 1780 1333 in
1818 1288 2085 1348 internum,
2129 1286 2176 1333 et

581 1381 635 1434 in
667 1377 913 1437 sreculum
948 1390 1010 1433 -ι-
1041 1375 1220 1432 swculi
1256 1373 1279 1443 ζ
1309 1373 1419 1445 ipse
1441 1382 1580 1445 reget
1607 1389 1700 1446 nos
1730 1372 1782 1430 in
1808 1371 2018 1438 serrula.

2287 434 2472 505 templi
2498 433 2595 488 lui.

2355 523 2662 582 Secundum
2696 536 2894 578 nomen
2941 529 3114 588 tuum,
3151 519 3311 585 Deus,
3344 518 3415 573 ita
3447 526 3502 574 et
3545 517 3664 574 laus
3699 524 3782 572 tua
3815 516 3864 571 in

2287 619 2424 674 lines
2456 627 2612 673 terra:
2644 633 2656 669 :
2685 616 2895 685 justitia
2929 614 3083 685 plena
3116 622 3200 668 est
3229 614 3458 668 dextera
3486 622 3598 670 tua.

2360 710 2599 766 Laetetur
2622 723 2780 765 mons
2802 707 2934 765 Sion
2968 749 2982 774 ,
3009 717 3064 762 et
3083 706 3355 763 exsultent
3385 704 3511 762 lilia:
3541 704 3713 774 Judae,
3757 718 3863 778 pro-

2286 813 2406 877 pter
2432 805 2638 875 judicia
2661 813 2776 869 tua,
2809 803 3057 858 Domine.

2355 897 2711 954 Circumdate
2751 896 2881 952 Sion
2925 905 2980 952 et
3026 891 3453 966 complectimini
3481 905 3624 958 eam,
3668 900 3866 948 narrate

2285 991 2338 1048 in
2373 991 2611 1047 turribus
2643 990 2810 1061 eius:
2863 988 3050 1061 ponite
3093 989 3259 1044 corda
3321 996 3506 1043 vestra
3578 987 3630 1041 in
3679 989 3862 1046 virtute

2285 1086 2422 1159 ejus,
2449 1093 2504 1141 et
2525 1083 2833 1142 distribuite
2860 1083 3064 1156 gratias
3082 1080 3263 1154 hejus,
3290 1091 3348 1138 ut
3377 1079 3649 1138 enarratis
3681 1081 3729 1136 iu
3758 1096 3867 1156 pro-

2293 1179 2456 1252 genie
2482 1179 2672 1234 altera.

2355 1272 2626 1342 Quoniam
2660 1271 2748 1328 liie
2777 1280 2860 1330 est
2896 1271 3042 1330 Deus
3073 1279 3262 1329 noster
3307 1269 3360 1325 in
3404 1277 3689 1338 :nternum,
3722 1280 3772 1326 et
3819 1269 3863 1325 in

2284 1369 2546 1425 saeculum
2578 1367 2785 1438 saeuli,
2816 1378 2870 1424 et
2903 1367 3032 1441 [Μδ.
3069 1376 3203 1422 tacet
3237 1365 3312 1437 et]
3356 1363 3473 1436 ipse
3515 1375 3667 1438 reget
3693 1380 3783 1421 nos
3818 1364 3863 1420 in

2286 1462 2512 1520 saecula.

1900 1575 2262 1644 PSALMUS
2302 1574 2591 1640 XLVIII.

890 1700 944 1750 ut
983 1703 1172 1759 rtueu,
1212 1702 1370 1747 riuis
1406 1704 1564 1756 cons,
1606 1700 1864 1746 essurus.

597 1793 610 1806 ⁸
655 1807 841 1866 Audite
866 1808 994 1875 ltwc,
1020 1822 1195 1862 omnes
1228 1816 1403 1878 gentes
1431 1824 1448 1863 :
1477 1805 1691 1862 auribus
1723 1801 1970 1876 percipite
2011 1816 2182 1857 omnes

587 1905 680 1976 qui
714 1901 960 1957 habitatis
988 1899 1182 1955 orbem.
2182 1962 2188 1967 Ι

661 1995 864 2065 Quique
885 1992 1177 2064 terrigenat,
1206 2000 1253 2046 et
1276 1990 1373 2062 ﬁlii
1397 1987 1666 2045 hominum
1693 1984 1756 2042 ξι)
1779 1983 1937 2042 simul
1955 1983 2005 2038 in
2025 1995 2183 2036 unum

592 2091 733 2145 dives
757 2097 806 2144 et
835 2102 1053 2158 pauper.

663 2184 735 2239 0s
761 2197 930 2237 meum
970 2182 1203 2251 loquetur
1231 2177 1542 2250 sapientiam
1581 2192 1600 2232 :
1644 2188 1690 2233 et
1721 2172 1984 2232 meditatio
2016 2170 2185 2227 cordis

607 2277 706 2332 mei
732 2274 1086 2348 prudentiam.

657 2367 930 2424 lnolinabo
961 2366 1015 2421 in
1042 2364 1347 2436 parabolam
1392 2363 1574 2420 aurem
1606 2379 1770 2419 meam
1800 2376 1816 2417 :
1853 2360 2086 2433 aperiam
2132 2359 2186 2412 in

585 2460 840 2533 psalterio
868 2459 1270 2531 propositionem
1295 2475 1485 2514 meam.

658 2553 766 2609 Cur
787 2552 974 2608 timebo
1006 2554 1058 2607 in
1091 2552 1172 2609 die
1203 2551 1382 2612 mala?
1409 2551 1654 2622 iniquitas
1678 2547 1914 2624 calcanei
1947 2546 2046 2604 mei
2086 2545 2189 2602 cir-

588 2646 853 2706 cumdabit
883 2660 981 2700 me.

663 2740 762 2808 Qui
791 2739 1060 2810 conﬁdunt
1090 2736 1141 2792 in
1170 2735 1351 2792 virtute
1376 2750 1510 2790 sua:
1544 2743 1589 2791 et
1616 2734 1668 2798 in
1697 2731 2031 2789 multitudine
2060 2732 2190 2788 divi-

592 2837 787 2894 tiarum
806 2850 1018 2890 suarum
1039 2831 1352 2908 gloriantur.

660 2929 849 2983 Frater
875 2939 896 2966 ο
922 2942 1025 2981 non
1057 2925 1288 2994 redimit,
1319 2924 1532 2980 redimet
1559 2924 1753 2979 homo?
1781 2939 1887 2979 non
1908 2921 2048 2978 dabit
2079 2919 2192 2977 Deo

591 3024 941 3097 placationem
971 3037 1140 3077 suam.

2209 1688 2256 1748 B

2598 1694 2648 1735 IN
2691 1693 2874 1746 FINEM,
2916 1693 3074 1736 FILIIS
3113 1693 3274 1750 CORE,
3314 1688 3570 1734 ΡεΑιιιυε.

2359 1797 2559 1856 Audite
2605 1796 2743 1863 lucc,
2793 1812 2986 1853 omnes
3037 1807 3232 1868 gentes
3278 1812 3292 1853 :
3350 1796 3580 1852 auribus
3631 1791 3866 1866 percipitc

2289 1889 2418 1963 [.ils.
2453 1889 2582 1943 add.
2614 1888 2825 1960 omnes]
2855 1890 2942 1960 qui
2969 1888 3226 1946 habitatis
3269 1891 3486 1946 orbem.

2361 1983 2577 2056 Quique
2603 1983 2979 2055 terrigenm,et
3002 1982 3099 2039 lilii
3125 1985 3411 2050 hominum
3431 2001 3445 2040 :
3467 1981 3630 2039 simul
3648 1981 3698 2037 in
3719 1996 3863 2036 unum

2289 2074 2442 2131 dives
2469 2084 2522 2130 et
2551 2090 2781 2147 pauper.

2361 2170 2434 2226 Os
2459 2185 2640 2226 meum
2667 2171 2925 2239 loquetur
2948 2169 3299 2241 sapientiam:
3325 2179 3384 2226 et
3407 2168 3689 2226 meditatio
3708 2165 3866 2225 cordis

2288 2261 2396 2320 mei
2443 2261 2459 2300 ί
2499 2261 2865 2334 prudentiam.

2363 2354 2640 2415 lnolinabo
2660 2356 2725 2411 ad
2750 2354 2878 2429 [Με.
2911 2355 2987 2428 in]
3015 2356 3429 2413 similitudinem
3457 2371 3648 2418 aurem
3675 2370 3864 2412 meam:

2292 2449 2532 2520 aperiam
2567 2448 2620 2504 in
2649 2449 2905 2520 psalterio
2945 2449 3375 2521 propositionem
3407 2465 3606 2508 meam.

2363 2543 2435 2600 Ut
2466 2542 2592 2614 quid
2626 2542 2640 2594 i
2684 2543 2891 2600 timebo
2931 2544 2984 2600 in
3031 2543 3120 2600 die
3151 2543 3328 2600 mala?
3357 2544 3624 2617 iniquitas
3651 2541 3870 2603 calcanei

2291 2638 2398 2696 mei
2431 2636 2795 2694 circumdedit
2827 2653 2937 2696 me.

2362 2731 2465 2800 Qui
2491 2731 2772 2786 conﬁdunt
2798 2732 2848 2787 in
2880 2730 3079 2790 virtute
3106 2746 3242 2789 sua:
3277 2732 3478 2806 quique
3515 2731 3573 2789 in
3604 2730 3862 2790 abundan-

2295 2824 2370 2882 tia
2397 2824 2709 2884 divitiarum
2741 2839 2963 2882 suarum
2985 2827 3312 2895 gloriantur.

2366 2917 2559 2972 Frater
2589 2933 2695 2974 non
2729 2917 2945 2974 redimit
2967 2918 3095 2991 [Μδ.
3126 2919 3405 2992 redimet],
3441 2918 3672 2975 redimet
3704 2919 3868 2973 homo:

2296 3025 2408 3068 non
2452 3010 2602 3067 dabit
2644 3011 2758 3067 Deo
2790 3011 3154 3083 placationem
3182 3027 3361 3079 suam,
3396 3027 3498 3069 nec
3539 3012 3781 3082 pretium
3803 3025 3870 3066 re-

661 3114 730 3167 Et
774 3113 996 3186 pretium
1041 3110 1411 3181 redemptionis
1456 3110 1647 3164 anima:
1676 3125 1784 3165 sua:
1816 3124 1832 3163 :
1861 3119 1904 3164 et
1937 3107 2191 3162 laborabit
2219 3078 2264 3146 Ο
2295 3103 2628 3174 deruptionis
2675 3078 2870 3160 animm
2909 3119 3049 3173 suae;
3083 3078 3357 3161 laboravit
3405 3104 3460 3160 in
3504 3078 3791 3172 aeternum,
3830 3109 3872 3160 et

589 3207 643 3262 in
673 3213 945 3270 (veternum,
975 3212 1019 3264 et
1051 3203 1178 3256 viret
1206 3205 1269 3270 ‘72::
1298 3202 1468 3256 adhuc
1505 3201 1526 3270 ζ
1561 3202 1616 3256 in
1646 3203 1820 3270 linem.

662 3299 786 3354 Non
815 3297 1002 3352 videbit
1032 3296 1314 3364 interitum,
1342 3311 1461 3350 cum
1481 3295 1665 3350 viderit
1683 3297 1942 3367 sapientes
1964 3295 2190 3354 moriens

587 3404 663 3452 tes
691 3408 709 3449 :
739 3391 895 3449 simul
925 3389 1176 3460 insipiens
1196 3397 1245 3446 et
1275 3388 1470 3444 stultus
1493 3387 1758 3460 peribunt.

660 3558 728 3616 Et
759 3558 1048 3630 relinquent
1091 3553 1278 3610 alienis
1316 3552 1526 3609 divitias
1568 3570 1713 3623 suas,
1745 3559 1776 3602 d
1802 3567 1844 3610 -ξ
1885 3563 1932 3608 et
1968 3554 1990 3626 ζ
2029 3555 2188 3612 ,ὀιιί-

591 3669 679 3710 cra
700 3669 881 3710 eorum
912 3651 1098 3706 donms
1121 3648 1334 3703 illorum
1357 3647 1410 3701 in
1437 3656 1702 3702 wternum.
1988 3656 1990 3659 '

661 3742 1021 3802 Tabernasula
1052 3758 1230 3798 eorum
1261 3742 1314 3796 in
1359 3740 1606 3813 pragenie
1634 3749 1680 3796 et
1715 3740 1960 3813 progenie
1985 3758 2006 3811 ;
2034 3758 2167 3802 vota

588 3847 768 3896 verunt
799 3838 1010 3894 nomina
1033 3853 1132 3891 sua
1163 3844 1187 3873 ε
1213 3835 1266 3889 in
1295 3834 1446 3890 terris
1469 3849 1527 3889 ἦ
1561 3834 1668 3888 suis
1701 3833 1723 3902 ζ

659 3931 728 3987 Et
759 3932 914 3986 homo
941 3945 1062 3987 eum
1091 3929 1145 3984 in
1175 3930 1370 3985 tranare
1413 3936 1563 3994 esset,
1588 3944 1691 3984 non
1722 3928 1975 3986 intellexit
2000 3945 2018 3983 :
2050 3947 2192 3986 com-

585 4034 802 4096 paratus
847 4032 920 4079 est
942 4023 1197 4096 jumentis
1229 4037 1289 4078 νει
1321 4021 1689 4094 insipientibus
1745 4022 1767 4090 ζ
1809 4032 1858 4079 et
1885 4024 2076 4080 similis
2138 4026 2220 4095 {a-

583 4129 700 4173 ctus
727 4125 802 4173 est
833 4130 872 4171 -s
919 4115 1027 4170 illis
1059 4115 1080 4184 ζ

657 4211 789 4268 Hac
834 4210 919 4265 via
960 4182 1173 4264 illorum
1218 4206 1523 4263 scandalum
1559 4205 1575 4246 ί
1610 4207 1737 4280 ipsis
1767 4226 1784 4266 .'
1817 4182 2091 4283 etopodea
2182 4213 2200 4266 i

584 4321 672 4362 ore
701 4320 794 4362 suo
819 4301 1233 4374 complacebunt.
1260 4300 1624 4374 DIAPSALIIA.‘

658 4455 686 4484 ι
711 4443 824 4524 l_loc
839 4438 1411 4524 przetermissopbelo,
1431 4437 1792 4524 alterum,qui
1814 4439 2185 4524 subsequitur,
2215 4463 2267 4524 ι)

582 4511 852 4574 asterisco
874 4521 1046 4568 mutat
1073 4526 1176 4566 ms.
1210 4511 1494 4566 Palatinus
1521 4528 1532 4564 :
1564 4511 1815 4567 neutrum
1841 4513 2000 4569 bene.

655 4587 683 4626 ιι
729 4586 950 4642 [tectius
979 4585 1034 4638 in
1075 4581 1323 4638 Palatino
1364 4597 1466 4637 ms.
1519 4582 1696 4651 simul,
1728 4585 1874 4654 quod
1913 4601 2086 4656 neque
2126 4587 2181 4642 in

587 4659 783 4716 Graeco
811 4668 916 4722 est,
944 4664 1108 4711 tacet.

661 4742 685 4770 ο
719 4729 774 4784 In
802 4728 984 4784 futuro
1023 4726 1166 4782 idem
1200 4739 1303 4780 ms.
1334 4740 1439 4778 non
1469 4723 1710 4780 redimet.
1885 4763 1892 4767 -

655 4799 683 4839 δ
698 4801 986 4872 Perperam
1011 4797 1099 4854 hic
1121 4795 1440 4852 asteriscum
1465 4811 1562 4867 pro
1585 4797 1746 4860 obelo
1772 4797 1912 4854 idem
1932 4813 2033 4856 ms.
2054 4801 2186 4857 sub-

585 4873 784 4928 stituit.

661 4954 685 4981 ο
706 4943 884 5013 Atque
911 4940 999 4996 hic
1021 4938 1162 4996 male
1179 4937 1322 4995 idem
1341 4953 1451 5022 'ms.
1483 4939 1536 4994 in
1561 4940 2001 5011 praepositionem
2023 4944 2192 5000 obelo.

590 5025 877 5084 praenatat,
907 5028 1016 5068 non
1047 5027 1236 5068 vocem
1269 5026 1400 5064 suis.

665 5083 683 5123 ί
722 5085 927 5140 Delevit
957 5083 1176 5154 sequior
1204 5097 1397 5156 manus
1441 5082 1494 5156 in
1537 5083 1728 5156 eodem
1761 5083 1949 5140 codice
1982 5100 2180 5156 prono-

585 5170 710 5212 men
738 5156 886 5226 ipsis,
905 5163 1016 5208 tum
1047 5155 1286 5223 reposuit
1307 5154 1556 5226 absolute
1577 5154 1876 5226 placebunt.
1899 5154 2017 5211 Mox
2041 5174 2180 5226 prm-

587 5229 914 5350 posit‘ionem
943 5227 1089 5281 verbi
1121 5226 1377 5296 drpaseet,
1421 5225 1490 5281 de
1528 5225 1680 5282 more
1724 5227 1867 5282 idem
1909 5242 2015 5282 ms.
2044 5244 2179 5283 veru

587 5315 714 5350 tuan
739 5306 814 5350 at.

582 5306 814 5367 jugulat.

659 5378 683 5415 ε
717 5366 1055 5422 Carnutense
1094 5378 1197 5438 ms.
1227 5364 1551 5438 Psalterium
1597 5365 1752 5435 juxta
1793 5368 2043 5424 Grmcum
2073 5410 2088 5438 ,
2123 5369 2176 5426 id

579 5447 700 5501 est,
733 5439 1032 5492 Montanum
1052 5477 1068 5503 ,
1097 5437 1147 5487 in
1170 5436 1360 5508 templo
1385 5448 1563 5492 sancto
1593 5448 1698 5492 tuo.
1736 5439 1914 5494 Mam.
2074 5436 2090 5474 ἶ

655 5507 686 5547 ιι
737 5509 849 5581 Hoc
900 5523 1031 5581 sane
1077 5507 1398 5581 mendosum
1432 5509 1654 5581 verbum
1685 5519 1770 5581 est
1809 5527 1908 5581 pro
1954 5512 2172 5581 gradus,

587 5577 1038 5648 quemadmodum
1069 5591 1192 5631 cum
1223 5578 1494 5646 plerisque
1523 5580 1644 5634 aliis
1679 5570 2177 5639 liberi/cronensis

588 5648 824 5725 praefert.
869 5649 1087 5725 Ablndit
1114 5662 1245 5725 vero
1278 5648 1636 5725 Augustinus,
1683 5654 1774 5720 qui
1812 5653 1992 5725 domos
2023 5654 2171 5725 legit.

589 5716 643 5774 in
663 5719 854 5773 Grzcco
880 5725 964 5770 est
991 5719 1080 5776 τὰς
1109 5716 1316 5789 βάρεις,
1369 5721 1437 5772 de
1467 5735 1574 5785 quo
1621 5716 1783 5785 supra
1825 5716 2171 5782 diximusvad

586 5790 856 5862 psalmum
885 5801 1024 5851 .vuv,
1053 5802 1173 5856 qua:
1207 5789 1427 5856 videsis,
1455 5801 1614 5859 atque
1645 5789 1751 5846 huc
1781 5794 1943 5848 rcl'er.

2295 3195 2442 3252 vivet
2468 3196 2522 3250 in
2556 3193 2743 3251 linem.

2365 3287 2634 3356 Quoniam
2675 3305 2786 3346 non
2817 3288 3026 3346 videbit
3055 3285 3378 3344 interitum:
3408 3302 3535 3342 eum
3565 3286 3760 3343 viderit
3799 3300 3868 3342 sa-

2294 3381 2506 3454 pientes
2534 3383 2832 3444 morientes
2863 3403 2876 3440 :
2934 3384 3098 3443 simul
3125 3381 3150 3421 ’κ
3183 3381 3448 3455 insipiens
3468 3391 3525 3442 et
3547 3383 3747 3441 stultus
3773 3397 3870 3456 pcr-

2290 3476 2468 3533 ibunt.

2364 3568 2436 3624 Et
2476 3567 2789 3640 relinquent
2824 3565 3022 3625 alienis
3059 3567 3282 3626 divitias
3328 3583 3459 3628 suas
3491 3585 3505 3626 :
3539 3580 3596 3630 et
3639 3570 3870 3642 sepulcra

2293 3677 2486 3720 eorum
2519 3663 2714 3720 domus
2745 3678 2936 3720 eorum
2976 3662 3032 3718 in
3061 3672 3350 3722 arternum.

2366 3756 2736 3813 Tabe-macula
2772 3771 2961 3812 eorum
3001 3755 3054 3810 in
3092 3757 3241 3814 omni
3280 3757 3637 3829 generatione
3677 3766 3736 3815 et
3760 3771 3868 3828 pro-

2296 3848 2490 3920 genie:
2525 3848 2855 3904 invocabant
2877 3848 3099 3903 nomina
3132 3863 3319 3906 eorum
3347 3850 3401 3906 in
3432 3851 3596 3908 terris
3626 3851 3866 3921 ipsorum.

2368 3939 2437 3995 Et
2481 3939 2644 3996 homo
2681 3955 2802 3996 cum
2853 3939 2906 3994 in
2947 3938 3154 3996 honore
3203 3951 3369 4008 esset,
3430 3959 3539 3999 non
3589 3939 3867 3999 intellexit:

2291 4041 2640 4102 comparatus
2684 4039 2769 4088 est
2814 4030 3077 4103 iumentis
3125 4032 3536 4106 insipientibus,
3598 4043 3652 4092 et
3704 4030 3872 4091 similis

2295 4121 2476 4180 factus
2502 4130 2588 4180 est.
2623 4123 2750 4194 illis.

2367 4216 2494 4273 time
2524 4217 2608 4273 via
2635 4232 2828 4273 eorum
2859 4218 3180 4276 scandalum
3213 4219 3374 4292 ipsis:
3410 4227 3465 4278 et
3499 4227 3694 4292 postea
3723 4222 3773 4278 in
3794 4233 3868 4276 ore

2293 4325 2394 4368 suo
2423 4311 2773 4368 bencdicent.
2809 4310 3146 4370 Drusum.

2373 4444 2387 4482 ί
2413 4445 2739 4521 Veronensis
2764 4462 2866 4521 ms.
2894 4447 3227 4521 i_utelle_ctum,
3244 4457 3296 4505 et
3324 4449 3466 4521 quod
3498 4449 3646 4506 idem
3666 4449 3868 4514 est,Au-

2293 4517 2581 4591 gusliuus,‘
2607 4519 3027 4588 intelligentiam.
3063 4519 3240 4590 Ipsum
3275 4517 3419 4591 quod
3460 4523 3512 4577 in
3553 4522 3741 4577 Gnaeo
3766 4529 3866 4591 est.

2287 4587 2483 4664 nomen
2514 4587 2720 4664 σύνεσιν
2752 4587 3043 4664 utrumque
3068 4587 3415 4664 radamussim
3462 4594 3746 4664 signiﬁcat.
3786 4590 3868 4643 Γυ-

2286 4675 2409 4716 cum
2462 4661 2624 4729 igitur
2674 4661 2860 4716 lectori
2916 4660 3124 4727 fecerit,
3173 4665 3261 4732 qui
3316 4660 3865 4719 bartnn'diﬂereutian:

2286 4732 2580 4804 lectionum
2627 4733 2763 4804 velit
2816 4733 3124 4804 expendere
3171 4735 3236 4788 ad
3285 4733 3593 4790 Orientales
3645 4735 3864 4804 Ιὶιιίςιιειέ,

2284 4801 2603 4877 Clutidarum
2661 4803 3087 4877 Paraplirasten,
3139 4805 3420 4861 versiones
3467 4806 3684 4877 Syram,
3724 4801 3865 4871 atque

2287 4872 2672 4942 Etltitipicaiii,
2696 4876 3051 4946 elc.,AmI_ilto
3081 4886 3260 4929 autem
3293 4879 3484 4946 magis,
3509 4872 3574 4931 ’δί
3609 4878 3675 4929 ab
3703 4877 3865 4931 liorqu

2289 4957 2532 5018 textuum
2560 4945 2817 5018 versione
2851 4944 3061 5018 Latina,
3105 4963 3210 4999 non
3242 4948 3310 5002 ab
3356 4944 3487 5018 ipsis
3520 4963 3652 5016 quas
3686 4946 3864 5018 laudat,

2284 5016 2623 5086 primigeniis
2671 5018 2870 5086 linguis
2919 5017 2969 5070 id
3015 5027 3242 5084 repetat.
3299 5016 3565 5074 Usuveuit
3608 5034 3731 5074 vero
3777 5016 3861 5069 hac

2284 5087 2456 5141 ferme
2491 5103 2654 5141 unum
2689 5089 2740 5142 in
2769 5102 2831 5140 ea
2870 5086 3203 5142 Veronensis
3231 5089 3481 5146 Psalterii
3517 5091 3772 5145 editione.

2362 5158 2375 5207 i
2416 5157 2560 5212 Idem
2593 5174 2719 5225 ms.,
2751 5169 2979 5211 metuam
3011 5160 3061 5212 in
3097 5161 3178 5211 die
3216 5158 3374 5226 malo,
3405 5169 3519 5215 tum
3547 5156 3863 5214 circumdabit

2284 5245 2364 5282 me
2390 5239 2724 5302 :rpra-terca,
2759 5239 2806 5283 et
2835 5230 2886 5282 in
2919 5230 3263 5302 abundantia,
3299 5247 3394 5300 pro
3430 5232 3629 5302 quique
3662 5233 3733 5297 in,
3757 5238 3865 5287 ειεην

2285 5315 2350 5353 ex
2404 5301 2724 5369 Augustino,
2759 5315 2822 5355 ex
2855 5317 2960 5370 quo
2990 5301 3116 5356 item
3150 5317 3279 5366 uno,
3314 5319 3415 5356 non
3453 5305 3603 5357 dabit
3649 5302 3754 5356 Deo
3791 5301 3866 5350 dc-

2285 5372 2708 5444 propitiationem
2751 5387 2918 5439 suam,
2956 5382 3002 5425 et
3028 5373 3253 5444 pretium
3302 5374 3675 5444 redemptionis
3703 5371 3863 5426 minus

2283 5457 2412 5512 sum,
2441 5452 2488 5494 et
2510 5443 2782 5512 laboravit,
2807 5452 2914 5497 etc.

2356 5511 2382 5549 ιι
2418 5512 2651 5568 Rursum
2677 5515 2832 5569 unice
2856 5529 2975 5584 cum
3003 5515 3305 5584 Augustino
3333 5515 3498 5570 simul
3524 5514 3808 5582 imprndnns
3829 5515 3866 5561 et

2280 5584 2554 5653 insipiens,
2579 5595 2642 5657 et
2685 5600 2830 5651 mox,
2862 5583 3221 5657 Tabernu’cula
3251 5602 3434 5640 eorum
3480 5589 3535 5640 in
3568 5585 3865 5657 generatione

2282 5665 2330 5728 et
2358 5656 2705 5728 generatione,
2750 5657 2984 5728 denique
3017 5655 3173 5722 infra,
3189 5657 3460 5726 jumcntis
3490 5655 3760 5713 ittsi'ttsatt's
3785 5666 3865 5724 pro

2281 5725 2663 5797 insipientibus,
2699 5737 2802 5783 etc.
