3936 6180
587 223 690 281 211

1601 212 1659 269 S.
1700 206 2093 268 HIERONYMI
2133 204 2368 267 DIVINA
2407 201 2885 262 BIBLIOTIIECA.

3776 199 3881 256 212

587 393 597 408 ,
664 338 913 394 θῆρα-ἰςίὶ
934 337 1106 392 omnia
1133 335 1283 390 verba
1308 329 1750 404 praecipitationis,
1775 329 1955 399 lingua
1980 327 2180 382 dolosa.
2214 326 2264 387 A
2365 321 2614 379 Dilexisti
2645 320 2828 377 omnia
2851 316 3020 376 verba
3052 327 3074 355 ο
3109 314 3591 390 prmeipitationis,
3622 312 3672 370 in
3703 313 3879 384 lingua

673 431 951 498 Drepterea
993 427 1132 480 Deus
1169 426 1396 480 destruet
1427 432 1474 476 te
1503 422 1556 477 in
1584 421 1777 490 finem;
1815 419 1989 473 evellet
2027 429 2106 484 te,
2137 427 2190 472 et

595 522 858 593 emigrabit
890 529 938 574 te
973 518 1037 573 de
1065 516 1396 573 tabernaculo
1436 524 1522 571 tuo
1547 553 1563 584 ,
1598 523 1645 570 et
1676 512 1902 569 radicem
1947 522 2090 569 tuam
2128 511 2190 569 de

598 627 734 671 terra
763 610 1055 667 viventium.
1085 609 1409 664 Dtarsauta.

675 791 928 846 Videbunt
949 791 1107 864 justi,
1137 798 1186 844 et
1203 789 1467 855 timebunt,
1491 795 1540 843 et
1560 804 1714 860 super
1735 803 1853 842 eum
1873 787 2136 852 ridebunt,
2162 794 2186 824 α

598 900 654 939 -ξΔ
691 893 737 938 et
762 885 934 937 dicent
971 883 992 950 1
1023 881 1154 936 Ecce
1179 880 1366 946 homo,
1394 881 1482 951 qui
1512 897 1615 935 non
1644 880 1815 952 posuit
1845 880 2011 935 Deum
2037 880 2192 950 adju-

597 985 762 1030 torem
797 991 947 1030 suum
976 990 995 1030 :
1023 974 1112 1028 sed
1159 973 1379 1044 speravit
1411 975 1466 1027 in
1509 972 1843 1027 multitudine
1889 972 2190 1027 divitiarum

593 1083 831 1135 suarum,
869 1081 929 1124 σιμ
955 1074 1002 1122 et
1036 1065 1058 1136 1
1087 1063 1358 1138 prtcvaluit
1386 1065 1440 1120 in
1469 1065 1695 1120 vanitate
1723 1081 1841 1120 sua.

665 1257 780 1329 Ego
800 1264 974 1312 autem
1001 1256 1133 1310 sicut
1163 1254 1301 1311 oliva
1327 1254 1596 1327 fructifera
1621 1253 1675 1308 in
1702 1253 1853 1308 domo
1884 1249 1984 1307 Dei
2015 1267 2035 1308 :
2072 1262 2185 1323 spe-

589 1352 702 1405 ravi
731 1352 785 1406 in
809 1347 1167 1405 misericordia
1188 1345 1287 1404 Dei
1309 1348 1362 1403 in
1385 1357 1660 1416 ceternum,
1687 1354 1737 1403 et
1761 1347 1816 1403 in
1843 1345 2095 1401 steculum
2126 1361 2184 1403 ὴ

593 1442 773 1498 steculi
807 1443 829 1511 1

665 1535 959 1607 Con/itebor
988 1539 1078 1592 tibi
1109 1538 1163 1592 in
1205 1537 1454 1592 saxulum
1479 1579 1492 1602 ,
1523 1533 1645 1605 quia
1673 1533 1843 1606 fecisti
1871 1548 1891 1588 :
1919 1541 1968 1588 et
2007 1547 2190 1603 exspe-

2295 414 2507 472 dolosa.

2368 509 2660 578 PrOptcrea
2710 506 2957 563 destruet
2980 513 3033 562 te
3061 504 3205 559 Deus
3234 503 3288 558 in
3321 501 3490 558 linem
3525 517 3542 556 :
3597 500 3788 556 evellet
3812 510 3878 565 te,

2295 611 2348 659 et
2379 601 2668 673 emigrabit
2693 610 2746 657 te
2785 600 2854 656 de
2884 597 3260 666 tabernaculo,
3291 603 3347 652 et
3378 593 3619 651 radicem
3646 603 3792 649 tuam
3821 595 3881 649 de

2296 703 2440 754 terra
2470 693 2792 750 viventium.
2825 694 3154 748 Dtarsawa.

2369 791 2497 866 [31s.
2527 790 2653 844 add.
2685 788 2760 861 et]
2790 787 3066 845 Videbunt
3095 786 3254 858 justi,
3287 793 3342 842 et
3371 781 3645 840 timebunt
3674 799 3685 838 :
3715 791 3772 840 et
3796 796 3880 838 su-

2299 901 2396 957 per
2426 901 2548 940 cum
2578 883 2857 949 ridebunt,
2882 893 2936 938 et
2967 881 3152 938 dicent
3178 899 3191 935 :

2370 976 2511 1032 Ecce
2540 976 2726 1042 homo,
2761 974 2852 1045 qui
2878 989 2986 1029 non
3011 972 3196 1044 posuit
3221 972 3391 1027 Deum
3414 970 3720 1040 adjutorcm
3748 967 3843 1024 sibi
3867 986 3878 1023 :

2298 1067 2427 1141 [Ms.
2459 1064 2642 1137 suum]
2676 1084 2691 1122 :
2720 1066 2817 1123 sed
2843 1066 3088 1138 speravit
3115 1065 3168 1120 in
3196 1062 3551 1120 multitudine
3580 1061 3881 1118 divitiarum

2297 1177 2542 1230 suarum,
2573 1171 2627 1216 et
2655 1161 2938 1232 praevaluit
2965 1161 3016 1214 in
3047 1158 3290 1214 vanitate
3319 1171 3440 1213 sua.

2371 1255 2484 1326 Ego
2509 1262 2691 1309 autem
2713 1255 2856 1310 sicut
2883 1252 3029 1307 oliva
3071 1250 3345 1306 iructilera
3399 1249 3453 1304 in
3485 1248 3647 1304 domo
3672 1246 3876 1302 Domini

2299 1345 2428 1420 [Με.
2459 1344 2578 1416 Dei]
2601 1364 2614 1401 :
2635 1345 2849 1417 speravi
2879 1344 2931 1400 in
2951 1341 3329 1399 misericordia
3358 1339 3454 1397 Dei
3483 1338 3626 1428 ‘mei
3650 1340 3702 1396 in
3731 1348 3876 1396 teter-

2298 1456 2450 1511 num,
2477 1449 2531 1496 et
2560 1441 2614 1496 in
2646 1439 2906 1495 saeculum
2938 1437 3145 1494 saeculi.

2369 1528 2684 1591 Contitebor
2707 1532 2822 1602 tibi,
2851 1532 3099 1598 Domine,
3125 1529 3181 1589 in
3223 1527 3443 1597 smculo,
3495 1530 3620 1599 quia
3674 1525 3877 1584 iecisti:

596 1628 744 1682 ctabo
774 1606 956 1684 nomen
983 1639 1152 1695 tuum,
1174 1629 1419 1701 quoniam
1448 1628 1634 1684 bonum
1665 1625 1692 1666 δ
1715 1636 1811 1695 est,
1835 1625 1888 1682 in
1911 1633 2188 1696 conspectu
2223 1606 2266 1667 Β
2293 1637 2347 1684 et
2369 1626 2695 1700 exspectabo
2718 1640 2916 1681 nomen
2945 1635 3116 1692 tuum,
3135 1623 3392 1695 quoniam
3423 1622 3623 1678 bonum
3645 1629 3750 1690 est,
3773 1628 3878 1676 ante

595 1728 896 1775 sanctorum
928 1729 1154 1777 tuorum.

2293 1729 2644 1796 conspectum
2674 1730 2988 1776 sanctorum
3015 1728 3252 1775 tuorum.

1959 1834 2220 1899 PSALM
2229 1836 2319 1900 US
2361 1837 2493 1901 LII.

742 1950 794 1991 ΙΝ
817 1950 999 2003 “NI-Ill,
1029 1949 1128 1993 PRO
1142 1951 1356 1993 MELETH
1376 1945 1421 2006 θ,
1456 1949 1882 1996 ικτεωλοεκτικιῖ
1902 1953 2080 1994 υλνιυ.

595 2059 607 2120 θ
674 2050 822 2108 Dixit
850 2051 1098 2124 insipiens
1124 2053 1175 2108 in
1198 2055 1352 2111 corde
1375 2069 1468 2107 suo
1501 2069 1520 2108 :
1552 2053 1672 2108 Non
1708 2062 1782 2108 est
1817 2053 1974 2110 Deus.

670 2144 915 2218 Corrupti
936 2156 1078 2213 sunt,
1107 2156 1155 2201 et
1180 2146 1551 2201 abdminabiles
1571 2147 1700 2218 facti
1723 2156 1842 2202 sunt
1869 2146 1921 2202 in
1952 2145 2193 2219 iniquita-

595 2239 730 2298 tibus
761 2256 904 2297 :non
934 2252 1007 2297 est
1033 2241 1124 2313 qui
1152 2242 1311 2314 faciat
1340 2241 1550 2298 bonum.

588 2533 592 2542 '
663 2524 806 2582 Deus
835 2526 900 2583 de
927 2526 1052 2584 caelo
1080 2527 1342 2601 prospexit
1364 2524 1520 2598 supér
1541 2525 1676 2598 filios
1705 2525 1970 2582 hominum
1994 2542 2012 2582 :
2036 2533 2087 2581 ut
2115 2524 2194 2580 vi~

592 2619 709 2675 deat
731 2621 776 2676 si
799 2629 874 2676 est
903 2620 1219 2694 intelligens,
1251 2635 1302 2678 οξ
1339 2631 1430 2676 aut
1452 2617 1477 2656 ί¹
1505 2621 1527 2690 1
1560 2621 1828 2692 requirens
1859 2617 2048 2674 Deum.

669 2795 859 2852 Omnes
883 2797 1291 2867 declinaverunt,
1321 2795 1476 2851 simul
1503 2795 1709 2852 inutiles
1747 2796 1874 2869 facti
1900 2805 2024 2851 sunt
2047 2810 2066 2855 ε
2092 2811 2193 2850 non

588 2900 663 2947 est
692 2891 780 2960 qui
805 2891 966 2964 faciat
989 2893 1200 2960 bonum,
1231 2908 1334 2946 non
1361 2900 1438 2945 cst
1465 2907 1624 2960 usque
1653 2891 1722 2944 ad
1751 2907 1936 2945 unum.

663 2987 854 3042 Nonne
883 2988 1043 3042 scient
1075 3002 1132 3042 +
1163 3003 1338 3041 omnes
1371 2985 1392 3054 1
1422 2986 1515 3058 qui
1535 2996 1813 3058 operantur
1833 2983 2150 3055 iniquitatem
2176 2999 2194 3038 :

588 3082 677 3152 qui
705 3081 949 3135 devorant
974 3081 1173 3155 plebem
1202 3097 1385 3147 meam,
1413 3088 1468 3133 ut
1498 3078 1665 3133 cibum
1696 3078 1886 3150 panis?

666 3172 836 3228 Deum
857 3189 957 3226 non
983 3174 1342 3228 invocaverunt
1367 3187 1386 3227 :
1424 3171 1534 3226 illic
1582 3172 1964 3244 trcpidavcrunt
1989 3171 2192 3238 timore,

591 3265 680 3323 ubi
710 3281 812 3321 non
842 3274 950 3322 erat
979 3267 1154 3321 timor.

602 3429 616 3445 ’
667 3447 928 3516 Quoniam
977 3444 1119 3502 Deus
1145 3445 1414 3517 dissipavit
1449 3461 1568 3501 ossa
1603 3461 1806 3514 eorum,
1846 3449 1936 3519 qui
1964 3447 2186 3505 homini-

593 3540 684 3596 bus
717 3539 922 3616 placent
951 3556 969 3596 :
1011 3539 1219 3610 confusi
1247 3547 1390 3608 sunt,
1421 3539 1671 3609 quoniam
1704 3538 1844 3594 Deus
1873 3543 2059 3610 sprevit
2081 3536 2190 3598 eos.

667 3633 796 3700 Quis
818 3633 961 3688 dabit
996 3649 1062 3688 ex.
1105 3632 1236 3689 Sion
1260 3631 1491 3688 salutare
1521 3631 1726 3689 Israel?
1752 3651 1866 3689 cum
1895 3639 2195 3694 converterit

593 3723 734 3783 Deus
755 3727 1103 3796 captivitatem
1126 3727 1289 3807 plebis
1311 3743 1441 3800 sum,
1475 3729 1748 3786 exsultabit
1779 3728 1966 3800 Jacob,
1995 3745 2055 3788 -:~—
2091 3742 2135 3788 et
2169 3732 2191 3804 1

595 3818 851 3879 la'tabitur
871 3820 1059 3882 Israel.
1152 3887 1158 3892 ,

2441 1956 2493 1997 ΙΝ
2520 1955 2706 2008 FINEM,
2736 1953 2836 1995 PRO
2861 1947 3146 2008 HELETﬂs,
3173 1951 3544 1995 INTELLECTUS
3573 1951 3752 1995 Μνιι).

2366 2053 2510 2111 Dixit
2537 2052 2803 2125 insipiens
2833 2052 2885 2108 in
2917 2053 3085 2109 corde
3114 2065 3215 2109 suo
3251 2069 3264 2107 :
3295 2050 3414 2108 Non
3439 2062 3523 2108 est
3554 2052 3694 2108 Deus
3722 2068 3737 2106 :
3765 2062 3871 2106 cor-

2294 2148 2436 2220 rupti
2492 2155 2640 2214 sunt,
2677 2157 2731 2204 et
2761 2145 3161 2204 abominabiles
3188 2145 3312 2204 iacti
3343 2155 3471 2204 sunt
3519 2147 3573 2204 iu
3601 2147 3872 2204 voluntati-

2296 2241 2398 2298 bus
2428 2241 2566 2298 suis.
3188 2253 3190 2255 ’

2366 2334 2486 2392 Non
2540 2342 2623 2393 est
2654 2335 2765 2410 ’qui
2814 2335 2974 2394 faciat
3021 2336 3224 2394 bonum

2297 2449 2487 2490 unum.

2368 2526 2633 2584 Dominus
2676 2524 2804 2600 [31s.
2840 2523 3008 2600 Deus]
3039 2525 3109 2582 de
3139 2525 3280 2583 ctelo
3309 2525 3591 2597 prospexit
3616 2539 3778 2598 super
3823 2524 3874 2580 ll-

2294 2620 2402 2677 lios
2433 2620 2719 2676 hominum
2753 2636 2766 2675 :
2800 2628 2858 2676 ut
2897 2618 3083 2676 videat
3111 2618 3156 2676 si
3188 2625 3272 2676 est
3322 2615 3659 2690 intelligens,
3692 2627 3779 2673 aut
3805 2631 3872 2674 re-

2297 2713 2527 2786 quirens
2557 2711 2748 2769 Deum.

2369 2805 2572 2861 Omnes
2612 2803 3053 2872 declinaverunt,
3105 2803 3264 2860 simul
3315 2802 3534 2860 inutiles
3578 2801 3707 2860 facti
3746 2807 3868 2866 sunt,

2300 2911 2406 2952 non
2438 2905 2520 2952 est
2549 2897 2643 2970 qui
2673 2895 2834 2952 l‘aciat
2864 2895 3090 2966 bonum,
3122 2911 3228 2952 non
3257 2902 3343 2952 est
3373 2910 3548 2967 usque
3575 2894 3644 2950 ad
3677 2908 3843 2950 unum.

2371 2988 2562 3044 Nonne
2610 2998 2941 3060 cognoscent
2990 2986 3118 3060 [.lls.
3154 2986 3352 3058 scient]
3379 3001 3591 3055 omnes,
3645 2985 3734 3058 qui
3763 2999 3872 3054 ope-

2299 3092 2490 3138 rantur
2539 3081 2900 3154 iniquitatem,
2954 3081 3045 3153 qui
3091 3080 3357 3136 devorant
3404 3075 3430 3117 ¹ι
3477 3079 3692 3152 plebem
3723 3091 3872 3134 meam

2299 3176 2439 3230 sicut
2464 3189 2647 3231 escam
2681 3174 2872 3245 panis?
2901 3173 3066 3230 Deum
3101 3172 3229 3246 [Ms.
3259 3172 3572 3245 Dominum]
3603 3189 3711 3229 non
3743 3173 3874 3227 invo-

3271 2353 3286 2396 :
3336 2351 3445 2395 non
3483 2347 3570 2396 est
3611 2351 3777 2412 usque
3812 2337 3868 2393 ad

2222 3294 2268 3358 C
2302 3276 2562 3327 caverunt
2592 3288 2604 3323 :
2644 3268 2754 3326 illic
2785 3269 3195 3340 trepidavcrunt
3247 3269 3463 3338 timore,
3507 3269 3598 3326 ubi
3629 3285 3739 3326 non
3777 3276 3872 3324 erat

2299 3362 2481 3418 timor.

2368 3453 2632 3524 Quoniam
2663 3456 2808 3512 Deus
2837 3455 3122 3528 dissipavit
3161 3471 3283 3513 ossa
3314 3455 3598 3515 hominum
3651 3458 3750 3515 sibi
3779 3456 3869 3530 pla-

2297 3549 2538 3606 centium
2567 3569 2580 3606 :
2607 3551 2819 3607 confusi
2849 3560 2978 3607 sunt
3005 3551 3263 3623 animiam
3287 3553 3431 3608 Deus
3458 3554 3672 3623 sprevit
3692 3568 3797 3610 eos.

2370 3643 2502 3714 Quis
2531 3643 2682 3700 dabit
2728 3659 2795 3700 ex
2847 3644 2979 3701 Sion
3024 3644 3262 3700 salutare
3291 3644 3496 3702 lsrael?
3527 3645 3660 3703 dum
3691 3652 3870 3702 avertet

2302 3737 2564 3796 Dominus
2589 3737 2956 3808 captivitatem
2983 3737 3155 3808 plebis
3182 3751 3317 3792 suae.

2372 3830 2680 3890 Exsultabit
2702 3829 2892 3899 Jacob,
2927 3838 2981 3888 et
3001 3829 3272 3892 laetabitur
3295 3829 3484 3890 lsrael.

1965 3947 2326 4016 PSALMUS
2368 3950 2532 4013 LIII.

590 4083 645 4129 tn
670 4082 852 4137 FlNBl,
884 4083 937 4125 tu
972 4082 1310 4140 CARIIINIBUS,
1349 4083 1710 4130 INTELLECTUS
1741 4085 1928 4140 navie,
1952 4086 2064 4130 cun
2092 4089 2185 4131 ve-

665 4230 941 4302 “loculus
962 4240 1009 4286 et
1055 4230 1270 4286 obelum
1317 4231 1599 4302 postponit
1643 4231 1784 4286 idem
1837 4246 1982 4299 ms.;
2018 4233 2177 4301 paulo

591 4312 719 4376 post
754 4319 782 4358 a
833 4301 1015 4376 verbis
1061 4303 1152 4376 sed
1195 4303 1422 4376 speravit
1452 4301 1673 4376 povum
1697 4302 2021 4376 versiculum
2046 4319 2176 4376 cum

586 4372 733 4448 ipse,
767 4384 877 4430 tum
916 4372 1086 4448 Carus
1141 4374 1419 4448 inchoent.
1464 4373 1633 4448 Porro
1677 4374 2178 4448 quiusubseqnitur.

583 4444 1118 4518 prteﬁxumpbelnm
1141 4455 1189 4500 et
1213 4445 1424 4514 copula:
1452 4447 1658 4518 nescit,
1677 4444 1974 4518 additvero
1996 4446 2050 4502 in
2077 4448 2182 4503 line

585 4515 843 4573 versiculi
875 4515 1182 4588 Diapsalma
1209 4533 1227 4572 :
1257 4531 1379 4588 qua:
1409 4516 1589 4573 omnia
1613 4515 1866 4573 videntur
1890 4518 2009 4590 ejus
2038 4520 2179 4574 anti-

587 4591 762 4662 quarii
793 4590 1092 4662 σφᾴλμᾳτα.

659 4659 689 4699 ιι
731 4657 952 4715 [lectius
973 4659 1064 4714 hic
1092 4666 1234 4714 tacet
1263 4657 1316 4714 in
1347 4658 1520 4715 Palat.
1549 4674 1653 4716 ms.
1683 4661 1913 4716 verbum
1942 4670 2038 4714 est.

663 4731 838 4812 {lose
881 4730 1260 4812 etiam-Palat.
1310 4745 1415 4785 ms.
1465 4741 1720 4812 eorrupte
1769 4731 2182 4812 Amalech,pro

587 4801 786 4874 Metelli
816 4801 1206 4874 legiuVidesis
1236 4810 1415 4858 tamen
1442 4818 1563 4874 qua:
1593 4802 1796 4874 deboc
1830 4817 1929 4858 nos
1956 4801 2178 4859 nomine

586 4875 644 4930 in
674 4873 950 4928 Breviario
973 4873 1024 4926 in
1061 4872 1305 4928 Psalmos
1327 4872 1831 4928 animadvertimus.

659 4942 687 4980 ά
719 4944 1006 5014 l’erperam
1061 4943 1112 4998 in
1164 4943 1410 4999 Palatino
1455 4958 1563 5014 ms.
1589 4944 1772 5000 dilatis
1819 4943 2183 5000 erassioribus

586 5014 807 5087 punctis
826 5013 997 5071 etiam
1035 5015 1214 5087 verba;
1241 5017 1508 5087 requirens
1538 5013 1728 5082 Deum,
1782 5016 1942 5072 obelo
1991 5016 2181 5072 eodem

586 5085 990 5159 conmutantur.
1022 5085 1101 5140 Ad
1134 5085 1517 5158 subsequentis
1562 5102 1780 5159 quoque
1838 5087 2090 5145 versiculi
2121 5088 2184 5142 tl-

586 5172 716 5214 nem
745 5156 1053 5225 Diapsalma
1079 5156 1390 5213 antiolatur.

666 5237 690 5300 ἐ
723 5228 1029 5300 Atque!th
1053 5242 1118 5282 ex
1157 5228 1455 5299 Augustino
1481 5228 1819 5285 Veronensis
1840 5229 1997 5300 liber,
2027 5231 2179 5286 verba

584 5298 976 5364 submersionis,
1009 5298 1256 5371 linguam
1285 5303 1518 5355 dolosam
1563 5317 1581 5356 :
1627 5312 1736 5357 tum
1791 5298 1992 5355 evellat'
2022 5313 2090 5368 te,
2131 5312 2179 5357 et

585 5372 799 5443 emigret
830 5371 1136 5443 (Augustin.
1178 5372 1466 5442 emigrabit)
1499 5380 1546 5426 te
1575 5373 1637 5426 de
1679 5372 2014 5427 tabernaculo
2045 5383 2132 5427 tuo
2157 5389 2177 5429 :

586 5440 722 5505 tuo',
761 5456 900 5513 nam,
935 5440 1079 5511 qnml
1126 5457 1216 5513 suo
1243 5440 1369 5513 legit
1403 5443 1735 5498 Veronensis
1782 5445 2025 5499 l'salterii
2058 5445 2173 5498 edi-

587 5521 694 5575 tor,
730 5512 1077 5567 manifestum
1112 5512 1231 5583 ejus
1260 5512 1342 5568 est
1370 5513 1625 5570 tuendum
1659 5531 1672 5570 :
1709 5515 1999 5586 praestabat
2041 5530 2170 5570 vero

587 5592 839 5653 lieutrnm
870 5599 1170 5653 pronomen
1198 5586 1340 5638 addi.
1571 5635 1578 5639 .

667 5651 881 5707 "l‘acet
932 5656 983 5706 iu
1018 5653 1318 5709 Veronensi
1365 5664 1420 5710 et
1466 5657 1860 5724 Augustiniano
1905 5656 2170 5712 Psalterio

587 5734 888 5789 pronomen
936 5724 1037 5780 hoc
1077 5725 1196 5792 mei,
1239 5734 1296 5780 ut
1337 5734 1390 5780 et
1433 5725 1574 5796 quod
1622 5727 1889 5797 sequitur,
1928 5727 2165 5784 Domine.

2292 4090 2345 4132 ιη
2372 4090 2558 4145 ΡΙΝΕΙΙ,
2589 4091 2639 4133 IN
2674 4076 2688 4114 ί
2723 4089 3063 4147 ελιυιικιιςυε,
3095 4089 3456 4134 εκτειιεοτῠς
3471 4091 3767 4148 ΒᾹἫΒ,(ΖΠΙΙ
3789 4091 3868 4131 γε·

2283 4235 2405 4291 Mox
2437 4235 2580 4306 quod
2610 4235 2773 4292 habet
2805 4236 3133 4305 Veronens.,
3165 4235 3414 4307 quoniam
3460 4239 3742 4292 secundum
3782 4243 3861 4296 est,

2285 4316 2412 4379 puto
2430 4307 2762 4376 rellgendum
2779 4323 2844 4362 ex
2865 4309 3188 4378 Augustino,
3208 4309 3453 4378 quoniam
3472 4309 3763 4378 jucundum
3783 4315 3860 4358 est.

2358 4388 2384 4426 Β
2415 4379 2618 4434 Errore
2638 4381 2961 4444 scriptorum
2987 4379 3040 4433 in
3067 4392 3196 4432 mss.
3222 4379 3641 4448 quamplurimis
3669 4379 3862 4448 legimus

2285 4449 2531 4504 Amalech
2559 4492 2573 4514 ,
2608 4465 2706 4518 pro
2739 4450 2954 4505 lle/eth.
2986 4449 3195 4506 Nomen
3222 4450 3469 4503 Amalech
3505 4451 3748 4504 sciebant
3769 4461 3864 4499 mn-

2287 4535 2407 4575 nes.
2437 4521 2564 4576 Ideo
2593 4520 2880 4576 Hebraeum
2929 4520 3123 4575 Metelli
3148 4561 3163 4583 ,
3203 4520 3306 4575 sibi
3339 4535 3566 4588 prorsus
3607 4522 3826 4590 ignotum
3846 4554 3859 4576 .

2292 4599 2574 4646 mutarunt
2601 4592 2656 4646 in
2683 4593 2908 4647 verbum
2940 4592 3210 4646 Amalech.
3259 4592 3333 4644 De
3360 4593 3461 4646 liae
3495 4591 3862 4660 permutatione

2212 4643 2263 4706 Ι)
2291 4643 2570 4718 statim
2599 4643 3209 4733 senatus}.{gap}...'
3227 4661 3284 4717 s.
3320 4643 3860 4733 ῡοὲῐοίρξιίὲίἠῖοοιη-

2287 4733 2571 4789 mentariis
2613 4735 2729 4789 suis
2780 4735 3012 4790 illustrat
3059 4732 3212 4788 sacra
3265 4732 3565 4788 volumina.
3612 4735 3854 4788 (Ia-terum

2285 4804 2534 4860 Psalmus
2557 4805 2660 4860 iste
2691 4804 2832 4861 idem
2855 4813 2939 4860 est
2959 4819 3083 4861 eum
3106 4802 3436 4874 praecedenti
3464 4804 3677 4860 decimo
3699 4801 3852 4874 tertio.

2285 4875 2379 4948 sed
2407 4877 2744 4948 absqueulla
2777 4872 3140 4948 permixtione
3172 4884 3298 4931 octo
3327 4889 3586 4932 versuum
3617 4872 3851 4946 superad-

2287 4946 2550 5003 ditorum'.
2586 4947 2724 5004 Vide
2752 4963 2940 5018 supra.
2986 4946 3167 5002 Mam.

2357 5051 2428 5061 —-
2451 5019 2692 5074 Solemni
2721 5012 3063 5074 librariorum
3097 5019 3249 5088 lapsu
3277 5017 3541 5082 Amalech,
3570 5033 3667 5090 pro
3688 5012 3853 5071 Metelli

2289 5090 2342 5146 in
2389 5090 2595 5160 Veron.
2627 5105 2845 5160 quoque
2890 5091 3043 5160 libro
3074 5090 3336 5155 scriptum
3365 5099 3468 5144 est.
3518 5090 3724 5144 Caetera
3753 5098 3853 5138 eum

2287 5161 2541 5231 August.,
2569 5159 2870 5216 Intellectus
2893 5161 2993 5227 ipsi
3017 5159 3206 5214 David.
3224 5160 3280 5214 In
3298 5169 3447 5215 textu
3481 5179 3494 5216 :
3523 5159 3664 5214 Dixit
3685 5159 3853 5231 impre-

2286 5223 2436 5300 denvs,
2461 5223 2538 5298 et,
2569 5249 2625 5287 ιη
2653 5223 3007 5304 iniquitatibus
3048 5233 3192 5304 suis,
3225 5233 3366 5302 quod
3415 5241 3596 5304 tamen
3643 5223 3846 5304 secunda

2282 5319 2477 5359 manus
2504 5299 2768 5371 reposuit,
2796 5319 2919 5359 cum
2951 5303 3160 5372 pridem
3199 5299 3343 5356 esset
3383 5303 3438 5356 in
3495 5299 3845 5372 affectionibus.

2355 5373 2380 5414 δ
2408 5367 2836 5444 Αιιειιὲιίηιιεέι
2859 5367 3160 5428 Ver-encas.
3195 5388 3326 5445 mss.
3360 5367 3606 5445 populum
3631 5385 3783 5425 meum
3809 5367 3849 5417 in

2277 5447 2443 5501 cibum
2472 5447 2582 5516 (vel
2619 5446 2754 5517 cibo)
2788 5446 2970 5517 panis;
2997 5453 3050 5500 et
3073 5459 3219 5517 suos,
3252 5444 3323 5517 ibi
3351 5446 3629 5499 tinmerunt
3670 5445 3841 5499 timore,

2275 5529 2385 5573 etc.
2422 5536 2435 5572 ε
2462 5511 2626 5588 atque
2655 5511 2816 5584 infra,
2850 5519 2904 5572 in
2933 5515 3208 5572 avertendo
3240 5511 3402 5580 Deus,
3439 5532 3540 5587 pro
3569 5517 3688 5570 dum
3717 5524 3841 5564 arer-

2281 5598 2368 5649 ιρι.
2394 5598 2504 5644 etc.

2361 5644 2370 5697 ἶ
2413 5660 2695 5713 Librorum
2738 5657 3028 5730 paridem,
3091 5656 3156 5711 In
3207 5658 3413 5730 hymnis
3463 5658 3744 5712 intellectus
3768 5644 3846 5719 ipsi

2281 5727 2471 5802 David,
2503 5747 2618 5786 cum
2649 5727 2888 5787 venerunt
2919 5729 3139 5801 Ziphun',
3174 5739 3220 5784 ct
3244 5727 3509 5798 dixerunt,
3541 5740 3646 5786 etc.
