3936 6180
228 205 301 264 illi
1497 197 1695 256 LIBER
1737 199 2182 259 PSALMORUM.

1478 333 1488 369 τ
1534 330 1705 372 κοηκε
1741 327 1760 352 η
1804 320 1851 380 Α

274 337 462 379 κιεεειει·
497 335 697 377 ιιιιωει
725 366 737 389 ,
764 334 833 375 ΕΤ
861 331 1133 375 ωχιςςεκτ
1180 331 1247 372 Αἰ)
1299 330 1432 372 ςΑιῖι

274 412 405 452 nmo
426 409 793 452 .\B€CONDITUS
825 407 923 446 ns'r
957 407 1092 445 Αιτυι)
1124 390 1258 445 nes?

276 507 416 573 Dens,
462 509 514 562 in
558 507 772 562 nomine
820 515 910 560 tuo
951 505 1147 560 salvum
1175 521 1254 560 me
1285 504 1368 575 {ac
1400 519 1416 557 .'
1445 512 1489 558 et
1521 505 1571 558 in
1599 506 1784 559 uirtute

217 610 288 656 tua
301 603 472 673 judiea
503 605 605 655 me.

267 694 411 761 Deus,
466 694 660 749 exaudi
716 693 1001 750 oralionem
1047 706 1209 746 meam
1249 707 1268 746 :

213 789 328 844 rcrba
352 789 452 844 oris
481 789 606 844 mei.

269 882 501 949 Quoniam
528 881 692 936 alieni
714 882 1100 935 insurrexerunt
1121 881 1396 934 adversum
1423 896 1522 945 me,
1550 891 1596 933 et
1621 881 1784 951 fortes

212 977 490 1044 quieuerunt
518 977 754 1030 animam
786 991 950 1029 means
982 984 1068 1028 :et
1096 989 1199 1028 non
1222 982 1598 1045 proposuerunt
1622 971 1785 1027 Deum

211 1078 302 1122 ante
325 1077 654 1138 conspectum
685 1083 858 1120 suum.
892 1065 918 1104 δ
949 1065 1282 1121 ῡιΑΡεΑιιιΑ.

267 1158 381 1215 Ecce
409 1175 466 1215 οξ
498 1163 638 1214 enim
671 1160 693 1228 1
733 1158 873 1214 Deus
906 1158 1122 1230 adjuvat
1163 1175 1241 1213 me
1387 1167 1433 1212 et
1469 1157 1490 1226 1
1529 1156 1785 1213 Dominus

209 1261 440 1324 susceptor
462 1262 534 1307 est
563 1252 753 1306 anima;-
774 1268 918 1306 mete.

265 1348 430 1401 Aperte
475 1344 618 1400 mala
661 1345 886 1400 inimicis
929 1344 1093 1400 meis:
1129 1357 1185 1399 -ιν
1225 1351 1271 1399 et
1305 1343 1327 1413 1
1376 1343 1430 1399 in
1457 1344 1668 1400 veritate
1697 1351 1785 1400 tua

211 1440 421 1508 disperde
446 1439 587 1493 illos.
634 1439 899 1496 ait?“

275 1529 555 1586 i’oluntarie
575 1531 879 1601 sacriﬁcabo
911 1531 1005 1585 tibi
1050 1545 1106 1585 -εν
1135 1540 1182 1585 et
1215 1531 1237 1600 1
1275 1529 1556 1601 conﬁtebor
1585 1526 1785 1585 nomini

209 1633 300 1691 tuo,
332 1624 561 1690 Domine,
593 1626 844 1696 quoniam
875 1624 1066 1679 bonum
1098 1633 1194 1680 est.

1319 692 1542 776 auribus,
1582 691 1783 771 percipe

266 1717 508 1782 Quoniam
533 1733 594 1772 ea:
625 1717 766 1771 omni
797 1715 1131 1771 tribulatione
1155 1715 1394 1786 eripuisti
1415 1731 1494 1771 me
1519 1731 1536 1773 :
1567 1722 1612 1771 et
1637 1717 1658 1746 °
1689 1731 1778 1771 su-
1808 1717 1857 1778 Β

205 1824 282 1884 per
309 1810 528 1864 inimicos
558 1825 697 1865 meos
729 1808 958 1880 despexit
980 1809 1160 1864 oculus
1188 1825 1353 1865 meus.

3374 205 3482 263 9.”

1953 331 2173 372 NISSENT
2207 329 2422 382 ῑΙΝΙιΕΙ,
2449 332 2516 372 E'l'
2547 330 2821 380 DIXISSEINT
2851 332 2916 372 Αῐὶ
2946 331 3080 373 εωι.
3105 333 3116 370 2
3150 331 3320 374 κοκκε
3351 335 3482 375 ειεοε

1959 405 2116 444 nutu
2147 405 2498 444 aescoxmrt's
2527 406 2619 444 usr
2651 405 2783 445 aruo
2813 390 2947 444 nos?

1961 503 2124 569 licus,
2159 502 2211 558 in
2243 503 2463 559 nomine
2495 512 2587 559 tuo
2612 503 2818 558 salvum
2851 518 2938 560 me
2970 503 3056 560 fac
3085 521 3097 558 :
3123 512 3177 560 et
3207 504 3259 561 in
3287 504 3485 561 virtute

1889 604 1977 652 tua
2008 596 2182 652 libera
2205 611 2313 652 me.

1961 691 2126 754 Deus,
2159 689 2355 746 exaudi
2384 689 2687 745 orationem
2732 704 2909 746 meam
2949 706 2962 746 :
3009 689 3230 747 auribus
3262 691 3480 763 percipe

1887 782 2052 837 verba
2081 781 2196 836 oris
2224 782 2350 836 mei.

1957 875 2223 945 Quoniam
2279 875 2439 929 alieni
2497 875 3041 933 insurrexerunth'iu
3073 890 3181 942 me,
3215 883 3271 932 et
3318 875 3490 934 lortes

1883 967 2214 1038 qumsierunt
2261 967 2498 1022 animam
2553 982 2726 1023 tneam
2769 986 2781 1022 :
2833 977 2888 1021 et
2935 982 3043 1022 non
3089 977 3490 1039 proposuerunt

1889 1059 2055 1115 Deum
2088 1068 2217 1115 ante
2245 1070 2597 1131 conspectum
2630 1076 2808 1116 suum.
2843 1061 3174 1117 DIAPSALIA.

1959 1151 2100 1207 Ecce
2131 1152 2274 1207 enim
2307 1153 2450 1207 Deus
2480 1152 2695 1223 adjuvat
2727 1151 2854 1226 [Με.
2887 1153 3120 1224 adjuvit]
3149 1168 3273 1210 me:
3306 1161 3361 1210 et
3383 1153 3490 1209 Do-

1885 1245 2064 1301 minus
2092 1255 2378 1316 susceptor
2409 1255 2490 1300 est
2519 1249 2715 1304 animm
2747 1261 2900 1302 mea).

1957 1337 2160 1393 Averte
2191 1337 2330 1392 mala
2365 1337 2491 1412 μισ.
2524 1337 2650 1392 add.
2683 1338 2758 1410 in]
2789 1337 3024 1395 inimicis
3055 1337 3230 1396 meis:
3263 1339 3316 1396 in
3346 1339 3490 1397 veri«

1887 1443 1997 1491 tate
2030 1445 2118 1489 tua
2141 1434 2396 1505 disperde
2425 1435 2570 1490 illos.

1957 1526 2276 1582 Voluntaria
2306 1526 2624 1582 sacriﬁcabo
2672 1525 2768 1582 tibi
2801 1543 2814 1581 :
2848 1536 2902 1583 et
2933 1525 3238 1584 confitebor
3285 1527 3490 1585 nomini

1887 1629 1998 1689 tuo,
2030 1619 2272 1685 Domine,
2304 1619 2560 1691 quoniam
2584 1619 2788 1674 binum
2823 1626 2927 1675 est.

1953 1713 2220 1782 Quoniam
2237 1729 2304 1768 ex
2333 1713 2482 1768 omni
2504 1713 2854 1769 tribulatione
2877 1713 3120 1784 eripuisti
3140 1713 3490 1788 [Ms.eruisti]

1886 1822 1973 1864 me
2000 1826 2013 1862 :
2046 1819 2101 1863 et
2127 1822 2298 1878 super
2329 1806 2579 1862 inimicos
2606 1820 2756 1862 meos
2787 1806 3030 1878 respexit
3057 1807 3246 1864 oculus
3273 1822 3448 1865 meus.

1544 1925 1683 1988 PSA
1695 1923 1904 1988 LMUS
1946 1924 2108 1988 LIV.

334 2047 382 2086 1N
409 2047 582 2101 ΠΧΕΣΙ,
614 2047 666 2088 IN
692 2047 1032 2098 CARHINIBUS,
1065 2044 1427 2086 INTELLECTUS
1453 2044 1634 2085 ωνιυ.

269 2123 487 2192 Exaudi,
527 2126 689 2198 Deus,
742 2129 1028 2182 orationem
1070 2142 1256 2192 meam,
1305 2136 1352 2178 et
1397 2140 1458 2178 ne
1489 2124 1782 2196 despexeris

205 2218 590 2288 deprecationem
619 2238 784 2276 meam
811 2238 830 2277 :
855 2221 1067 2276 intende
1090 2220 1237 2286 milii,
1271 2231 1314 2272 et
1338 2217 1529 2272 exaudi
1551 2233 1650 2272 me.

270 2310 591 2368 Contristatus
611 2330 725 2368 sum
745 2314 798 2368 in
827 2313 1190 2368 exercitatione
1213 2327 1346 2375 mea,
1377 2318 1423 2362 et
1452 2307 1781 2363 conturbatus

209 2419 316 2457 sum
346 2422 373 2458 a
394 2423 504 2461 voce
526 2408 744 2474 inimici,
779 2421 832 2463 σθ
872 2418 919 2461 et
948 2407 969 2475 1
998 2424 1028 2460 a
1055 2404 1388 2460 tribulatione
1408 2403 1714 2475 peccatoris.

288 2498 523 2566 Quoniam
552 2500 935 2556 declinaverunt
965 2500 1016 2554 in
1051 2515 1128 2554 me
1153 2498 1446 2569 iniquitates
1479 2513 1495 2550 :
1543 2506 1590 2552 et
1623 2497 1677 2550 in
1703 2498 1782 2552 ira

205 2593 397 2648 molesti
423 2605 558 2649 erant
588 2595 716 2649 mihi
724 2637 737 2652 .

271 2684 370 2739 Cor
387 2703 543 2741 meum
566 2686 930 2742 conturbatum
963 2695 1034 2742 est
1066 2687 1119 2741 in
1155 2699 1234 2739 me
1261 2699 1279 2738 .'
1311 2690 1356 2737 et
1387 2682 1616 2752 formido
1647 2698 1787 2737 mor-

202 2777 268 2833 tis
295 2781 468 2834 cecidit
493 2797 644 2852 super
664 2797 763 2835 me.

270 2869 440 2928 Timor
459 2883 502 2928 et
523 2883 710 2930 tremor
732 2869 757 2910 δ
783 2881 1024 2928 venerunt
1046 2887 1202 2944 super
1229 2886 1308 2926 me
1333 2887 1348 2925 :
1377 2880 1424 2926 et
1451 2877 1789 2927 contexerant

194 2978 277 3020 me
307 2967 530 3021 tenebrat.

1993 2043 2044 2082 IN
2069 2043 2230 2084 ΠΝΕΜ
2250 2071 2263 2095 ,
2296 2044 2347 2084 IN
2376 2028 2401 2067 δ
2431 2044 2772 2098 εΛῐιιίικιῐςυε,
2806 2045 3175 2086 ικτειιεετυδ
3203 2047 3383 2088 D.\\'ID.

1958 2124 2190 2191 Exaudi,
2217 2125 2382 2195 Deus,
2413 2125 2426 2165 ί
2456 2128 2759 2182 oralionem
2787 2143 2985 2193 meam,
3009 2137 3061 2183 et
3084 2144 3150 2182 nc
3177 2128 3496 2198 despexeris

1884 2213 2326 2288 deprecationem
2357 2235 2531 2273 meam
2562 2236 2575 2272 :
2602 2218 2822 2274 intende
2852 2219 2904 2274 in
2936 2235 3044 2287 me,
3077 2229 3130 2272 et
3161 2217 3355 2274 exaudi
3382 2234 3490 2276 me.

1953 2309 2318 2365 Contristatus
2345 2325 2465 2365 sum
2491 2311 2543 2364 in
2575 2311 2972 2366 exercitatione
3000 2326 3118 2366 mea
3151 2321 3237 2365 :et
3271 2322 3494 2368 contur-

1883 2401 2040 2458 batus
2062 2416 2179 2457 sum
2202 2418 2231 2457 a
2257 2417 2387 2458 voce
2407 2403 2637 2471 inimici,
2661 2414 2715 2460 et
2742 2421 2769 2457 a
2796 2404 3146 2459 tribulatione
3171 2405 3491 2474 peccatoris.

1959 2495 2231 2564 Quoniam
2265 2496 2675 2554 declinaverunt
2711 2499 2764 2553 in
2808 2514 2894 2555 me
2934 2497 3286 2570 iniquitates:
3332 2506 3388 2554 et
3437 2499 3492 2554 in

1888 2591 1969 2648 ira
1996 2591 2008 2645 i
2049 2591 2261 2647 molesti
2291 2601 2447 2648 erant
2479 2593 2632 2648 mibi.

1959 2687 2066 2741 Cor
2116 2701 2292 2742 meum
2342 2685 2720 2742 centurbatum
2774 2695 2858 2744 est
2905 2686 2957 2742 in
3005 2701 3128 2743 me:
3165 2694 3220 2743 et
3258 2685 3495 2743 formido

1893 2779 2084 2836 mortis
2113 2779 2308 2836 cecidit
2339 2795 2503 2852 super
2526 2795 2630 2836 me.

1969 2874 2156 2930 Timor
2180 2883 2235 2930 et
2268 2883 2470 2930 tremor
2501 2882 2764 2930 venerunt
2807 2887 2973 2945 super
2995 2888 3083 2930 tne
3110 2891 3122 2928 :
3155 2881 3209 2929 et
3235 2880 3496 2930 contexe-

1894 2977 2021 3021 runt
2050 2981 2136 3023 nte
2164 2967 2426 3022 tenebrre.

265 3057 335 3112 Et
356 3059 499 3115 dixi:
529 3060 652 3128 Quis
682 3061 825 3116 dabit
866 3060 994 3115 mihi
1033 3077 1228 3132 pennas
1256 3060 1389 3115 sicut
1420 3057 1709 3114 columbae?
1735 3066 1783 3115 et
1809 3076 1854 3140 ρ
1963 3056 2031 3113 Ει
2055 3056 2163 3112 dixi
2191 3076 2202 3112 :
2236 3057 2367 3127 Quis
2389 3056 2540 3113 dabit
2569 3057 2699 3114 mihi
2747 3072 2954 3128 pennas
3007 3057 3150 3114 sicut
3196 3057 3495 3147 columba.

191 3149 394 3220 rolabo,
421 3162 462 3207 et
483 3155 816 3226 requiescam.

264 3242 402 3300 Ecce
426 3247 644 3322 elonguri
670 3249 914 3321 fugiens:
939 3258 986 3305 et
1008 3248 1177 3304 mansi
1205 3247 1255 3304 in
1280 3245 1581 3304 solitudine.
1616 3255 1638 3285 θ
1661 3245 1780 3302 Du-

197 3352 429 3398 PSALIA.

269 3432 631 3508 Exspectabam
661 3455 776 3496 cum
803 3440 892 3511 qui
918 3441 1117 3497 salvum
1156 3455 1238 3496 me
1282 3439 1422 3511 fecit,
1449 3457 1482 3494 a
1507 3437 1786 3512 pusillani-

192 3526 376 3582 rnitate
394 3532 595 3599 spiritus
617 3544 664 3588 et
691 3542 1009 3606 tempestate.

271 3617 562 3695 Prceripita,
589 3623 828 3692 Domine,
858 3627 1030 3682 divide
1053 3628 1261 3701 linguas
1299 3643 1478 3682 eorum
1506 3644 1524 3681 :
1547 3625 1791 3698 qttoniam

195 3710 307 3764 ridi
333 3713 639 3786 iniquitatem
668 3728 715 3773 et
745 3720 1206 3775 contradictionem
1237 3719 1534 3774 incivitate.

271 3895 370 3954 Die
405 3919 459 3958 ac
485 3914 625 3960 nocte
652 3906 995 3961 circumdabit
1021 3923 1136 3961 eam
1166 3922 1325 3978 super
1353 3921 1531 3960 muros
1557 3908 1672 3977 ejus
1703 3903 1804 3959 ini-

195 3992 372 4061 quitas
403 4007 484 4051 :et
512 3997 656 4052 labor
686 4001 739 4052 in
771 3999 940 4054 medio
967 4003 1106 4073 ejus,
1136 4011 1184 4055 et
1212 4000 1472 4074 injustitia
1497 4015 1515 4052 :

271 4086 339 4141 Et
364 4108 461 4146 non
488 4093 668 4166 defecit
692 4093 754 4147 de
777 4093 962 4164 plateis
989 4096 1126 4165 ejus,
1159 4110 1318 4147 usura
1347 4103 1394 4146 et
1420 4090 1596 4145 dolus.

273 4183 522 4248 Quoniam
548 4189 592 4242 si
614 4189 856 4242 inimicus
885 4185 906 4226 ί
944 4202 988 4243 σε
1033 4201 1174 4242 mens
1199 4187 1220 4258 1
1249 4187 1599 4241 maledixisset
1622 4185 1748 4240 mihi
1773 4201 1792 4240 :

201 4277 547 4335 snuiuuissem
576 4296 632 4338 σξ-
670 4281 841 4352 utique
867 4281 888 4350 ἶ

1886 3156 1944 3208 ct
1970 3150 2184 3216 volabo,
2219 3157 2273 3206 et
2299 3151 2655 3222 requiescam.

1964 3245 2103 3303 Ecce
2123 3245 2370 3318 elongpvi
2395 3243 2630 3318 fugiens,
2664 3255 2717 3302 et
2744 3244 2919 3302 mansi
2942 3245 2995 3302 in
3018 3243 3339 3303 solitudine.
3371 3243 3501 3302 ΒΙΑ-

1891 3356 2115 3400 ΡΒΑωΙΔ.

1963 3435 2359 3508 Exspectabam
2389 3447 2511 3490 eum
2549 3434 2639 3505 qui
2674 3447 2762 3490 me
2788 3433 2998 3490 salvum
3030 3431 3256 3504 laceret,
3286 3447 3316 3488 ι
3346 3430 3370 3471 ιε
3403 3445 3500 3504 pu-

1897 3530 2022 3588 sillo
2051 3528 2233 3585 animo
2261 3537 2315 3585 et
2347 3535 2690 3599 tempestate.

1971 3623 2287 3693 Praecipita,
2316 3621 2564 3685 Domine,
2583 3631 2636 3676 ct
2661 3619 2842 3676 divide
2870 3619 3084 3690 linguas
3109 3631 3298 3675 eorum
3325 3634 3340 3676 :
3367 3631 3503 3690 quo—

1910 3721 2054 3776 niam
2084 3719 2196 3774 vidi
2224 3717 2567 3789 iniquitatem
2595 3724 2649 3771 et
2677 3712 3164 3771 contradictionem
3197 3713 3250 3768 in
3281 3711 3511 3769 civitate

1908 3814 1996 3870 die
2022 3828 2084 3869 ac
2116 3820 2296 3868 nocte.

1976 3903 2348 3962 Circttmdabit
2385 3901 2400 3942 ι
2436 3915 2555 3959 eam
2589 3915 2752 3973 super
2780 3915 2964 3956 muros
2985 3899 3104 3971 ejus
3127 3899 3416 3972 iniquitas:
3450 3909 3505 3958 ct

1907 3997 2060 4055 labor
2091 3997 2144 4051 in
2169 3994 2347 4051 medio
2378 3997 2517 4063 ejus,
2541 4001 2595 4049 et
2619 3993 2899 4062 injustitia.

1986 4090 2054 4146 Et
2100 4104 2208 4145 non
2260 4087 2458 4143 deiecit
2500 4086 2567 4141 de
2598 4087 2787 4155 plateis
2818 4087 2957 4155 ejus,
2992 4103 3153 4144 usura
3203 4093 3258 4142 et
3301 4086 3509 4143 dolus:

1899 4182 2157 4253 quoniam
2190 4180 2234 4236 si
2268 4179 2520 4237 inimicus
2545 4177 2583 4208 π’
2615 4193 2770 4236 meus
2801 4179 3167 4238 maledixissct
3197 4179 3352 4248 mibi,
3383 4195 3513 4252 sapa

1901 4283 2202 4345 portassent
2231 4273 2436 4344 utique.

277 4425 298 4450 η
329 4416 598 4476 luterserit
645 4419 790 4476 idem
824 4435 928 4476 ms.
956 4420 1041 4476 bic
1073 4437 1204 4486 ecce,
1256 4434 1380 4488 qua:
1429 4435 1529 4474 vos
1585 4416 1805 4489 proprie
1830 4417 1886 4479 D
1911 4429 2043 4489 gens
2065 4413 2153 4468 hic
2184 4414 2235 4466 in
2269 4411 2473 4489 hymnis
2497 4411 2782 4489 intellectus
2811 4413 2912 4489 ipsi
2942 4411 3132 4477 David,
3161 4409 3520 4481 quemadmo-

206 4509 413 4573 quidem
454 4527 556 4568 non
590 4523 811 4569 resonat
843 4515 895 4567 in
937 4512 1166 4568 llebraro
1207 4496 1346 4576 35.1;
1382 4512 1477 4566 sed
1508 4526 1578 4566 ex
1610 4510 1802 4565 Grmco

208 4590 313 4656 est,
345 4586 424 4637 οὐκ
450 4583 573 4639 trioa.
602 4586 657 4638 In
693 4593 842 4639 textu
873 4585 1189 4656 prmpositio
1219 4585 1368 4639 verbi
1396 4583 1611 4656 exaudi,
1644 4582 1804 4636 obelo

210 4651 272 4702 de
300 4668 442 4708 mmc
469 4664 733 4724 prtenotat
758 4672 772 4710 ι
799 4651 931 4712 utet
963 4651 1211 4724 inferius,
1235 4673 1335 4710 non
1369 4670 1416 4710 os-
1451 4671 1548 4726 pro
1575 4653 1596 4722 1
1622 4669 1804 4724 posue-

212 4734 350 4788 runt,
377 4738 474 4780 etc.

280 4792 304 4830 δ
335 4797 485 4851 'l'acet
531 4798 619 4854 hic
670 4798 907 4854 Palatia.
939 4797 1243 4865 Diapsalma
1267 4814 1285 4853 :
1312 4806 1423 4851 tum
1470 4797 1805 4864 subsequen-

217 4864 752 4941 tit:nt_versiculorntn
797 4871 983 4924 olielos
1009 4864 1056 4923 et
1079 4872 1285 4941 copulre
1308 4870 1557 4941 prmlixos
1579 4870 1801 4923 omittit.

284 4937 482 5011 siCaru-z
511 4958 634 4998 cum
661 4941 855 4998 eodem
892 4937 1274 4998 Palatino'ms.
1305 4937 1622 4996 adverbium
1651 4953 1804 5011 super

217 5007 363 5082 obelu
385 5014 611 5082 jugulat.

281 5079 304 5156 εξ
335 5079 515 5139 Μὴιόνί
548 5099 798 5150 numera,
833 5090 998 5154 atque
1035 5084 1174 5140 adeo
1215 5084 1411 5140 Grieco
1451 5084 1715 5156 pressius,
1751 5082 1805 5137 in

221 5148 446 5226 Palatino
477 5169 604 5218 ms.,
634 5148 959 5226 renis—super
989 5172 1090 5224 me,
1122 5165 1171 5211 et
1208 5156 1433 5211 contexit
1453 5148 1545 5208 'me
1575 5155 1805 5226 tenebra2

287 5225 438 5298 cNon
472 5228 704 5283 habetur
743 5229 796 5281 in
843 5224 1090 5283 Palatino
1139 5243 1242 5283 ms.
1290 5226 1620 5298 Diapsalma.
1662 5224 1809 5296 quod

223 5310 277 5350 re
297 5296 402 5370 ipsa
424 5300 720 5369 prmsmbat
749 5298 836 5355 hic
865 5313 1082 5369 quoque
1112 5301 1375 5356 asterisco
1399 5296 1686 5354 illustrari.

294 5367 552 5426 rRectius
593 5373 794 5442 nedum
823 5367 1032 5426 obelns-
1062 5372 1156 5425 sed
1193 5379 1248 5426 ct
1287 5371 1462 5442 ipsum
1509 5383 1810 5441 pronomen

230 5455 372 5504 meus,
390 5443 544 5497 abest
563 5459 593 5515 a
621 5441 869 5515 Palatino
898 5457 1002 5496 ms.
1028 5442 1247 5515 Etivero
1272 5459 1452 5515 neque
1481 5444 1534 5497 in
1558 5443 1809 5510 liebrseo,

236 5525 385 5580 neque
415 5517 466 5568 in
496 5514 632 5582 ipsis
659 5513 867 5569 Graecis
895 5514 1310 5582 exemplaribus
1332 5513 1572 5571 additur.

295 5593 315 5628 ὅ
338 5584 629 5640 Veronens.
655 5600 784 5649 ms.,
808 5601 967 5652 super
990 5600 1070 5638 me
1095 5601 1111 5638 :
1135 5586 1488 5656 Augustinus,
1509 5590 1818 5644 aduersum:

241 5661 331 5727 tum
363 5665 588 5721 potentes
620 5672 715 5725 pro
742 5660 906 5727 [artes
938 5657 1051 5725 pari
1083 5657 1283 5714 habent
1311 5675 1609 5717 consensu.

303 5723 323 5760 ιι
351 5727 458 5786 Non
493 5729 600 5786 sibi
625 5723 849 5786 constat
887 5723 1137 5814 I‘Salterii
1169 5729 1495 5794 Veronensis
1537 5731 1713 5790 editor
1741 5727 1824 5784 lc-

1907 4484 2032 4546 dum
2059 4494 2114 4540 et
2138 4499 2306 4556 penes
2330 4484 2692 4556 Augustinum
2715 4493 2800 4539 cst
2829 4503 2840 4538 :
2878 4485 2927 4537 in
2957 4499 3053 4556 sua
3081 4493 3260 4556 autem
3285 4493 3515 4556 aiinuta-

1909 4553 2150 4617 tiuncula
2180 4555 2399 4610 tradens
2424 4553 2612 4609 haberi
2644 4556 2695 4608 in
2728 4554 3060 4610 carminibus.
3093 4553 3169 4609 Ne
3201 4564 3380 4608 tamen
3413 4554 3515 4606 du-

1911 4633 2072 4694 bites,
2106 4627 2232 4696 quin
2262 4627 2352 4680 illa
2382 4626 2435 4679 in
2465 4625 2694 4696 hymnis,
2727 4641 2859 4682 vera
2887 4627 2958 4681 sit
2995 4625 3180 4692 lectio,
3214 4639 3377 4695 quam
3412 4639 3514 4680 nos

1909 4705 1964 4761 in
1996 4701 2110 4770 ipso
2134 4713 2236 4752 ms.
2268 4698 2596 4752 invenimus.

1992 4765 2029 4808 Γ
2061 4769 2196 4825 Cum
2248 4769 2552 4839 Augustino
2596 4766 2897 4825 VCI'OOCIIS.
2933 4765 3070 4820 liber
3100 4767 3514 4839 deprecationem

1912 4858 2100 4910 meam,
2142 4849 2188 4895 et
2229 4857 2291 4894 ne
2337 4837 2631 4911 despexeris
2681 4857 2878 4909 precem
2927 4854 3117 4904 meam,
3170 4837 3378 4892 intende
3420 4839 3520 4892 ini-

1915 4919 1991 4972 Iii.
2023 4923 2132 4969 etc.

1977 4960 2218 5041 ’ivUnice
2269 4982 2466 5038 iterum
2517 4998 2637 5040 cum
2681 4980 2981 5050 Augustino
3029 4977 3337 5035 Veronens.
3384 4994 3518 5046 ms.,

1916 5055 2294 5115 adumbrabant
2337 5072 2438 5117 me,
2473 5070 2569 5124 pro
2598 5052 2796 5106 illOlt'Sli
2828 5050 3122 5124 erantmihi
3154 5065 3172 5104 :
3205 5068 3323 5104 tuo:
3354 5053 3518 5124 etiam

1917 5141 2080 5186 metus
2111 5141 2206 5197 pro
2236 5119 2498 5198 {arundo}
2528 5133 2690 5194 atque
2715 5124 2852 5178 inira
2879 5122 2930 5176 in
2961 5121 3160 5176 deserto
3191 5137 3288 5190 pro
3313 5124 3366 5176 in
3393 5119 3521 5176 soli-

1919 5201 2118 5256 tudine.

1943 5221 2408 5338 mllimgugustinus
2457 5284 2489 5319 a
2544 5261 2967 5338 pusillanimitate
3003 5305 3017 5328 ,
3065 5261 3520 5338 quemadmodum

1915 5352 1971 5400 et
2010 5343 2064 5398 in
2100 5333 2398 5395 Veronensi
2454 5333 2558 5390 ms.
2605 5335 2891 5405 legendum
2950 5345 3055 5398 est,
3087 5333 3326 5388 tametsi
3381 5333 3534 5387 terat'

1919 5417 2128 5470 duobus
2178 5409 2356 5479 verbis
2400 5406 2616 5479 pusilla‘
2641 5405 2908 5479 animitate
2938 5422 2956 5461 :
2987 5405 3264 5479 Llllllljlill'i
3298 5413 3523 5474 uterque

1922 5496 2214 5545 consensu,
2251 5474 2553 5548 Submerge,
2577 5474 2820 5544 Domine,
2856 5491 2952 5545 pro
2977 5475 3278 5548 Praccipita,
3312 5482 3420 5528 etc.

2003 5553 2016 5590 ι
2054 5549 2257 5606 Vitiosa
2285 5559 2442 5603 antea
2471 5545 2585 5602 eum
2611 5556 2749 5611 erat,
2772 5563 2872 5616 pro
2894 5565 3028 5613 eam,
3053 5545 3195 5618 quod
3224 5559 3521 5618 pronomen

1923 5629 1978 5683 in
2009 5621 2309 5680 Veronensi
2339 5635 2442 5676 ms.
2473 5620 2684 5689 penitus
2711 5618 3070 5674 desideratur.

1999 5707 2036 5735 ιιι
2068 5694 2216 5752 idem
2259 5707 2379 5750 cum
2411 5685 2710 5764 Augustino
2743 5706 2844 5748 ms.
2878 5704 3173 5764 pronomen
3212 5703 3374 5756 meus,
3401 5685 3525 5756 jure
