3936 6180
495 184 606 241 213

1527 177 1584 236 S.
1628 176 2008 236 lllERONYMI
2050 176 2283 236 DlVlNA
2324 175 2807 237 BIBLIOTIIECA.
3703 180 3794 240 2l6

571 300 640 356 Et
664 302 710 356 si
737 302 781 357 is
805 302 896 374 qui
921 301 1098 356 oderat
1118 315 1216 367 me,
1248 314 1401 372 super
1426 314 1504 352 me
1526 313 1716 369 magna
1742 295 1944 353 locutus
1964 296 2102 367 fuis-
2126 297 2179 359 Α
2275 294 2347 351 Et
2373 295 2419 351 si
2452 294 2500 351 is
2526 295 2616 368 qui
2647 294 2840 352 oderat
2899 309 3007 362 me,
3055 308 3222 369 super
3252 310 3339 354 me
3368 309 3566 370 magna
3597 295 3794 355 loculus

501 404 576 451 sel
604 411 623 450 :
650 394 1032 450 abscondisse»:
1063 409 1143 447 me
1167 393 1388 465 forsitan
1417 389 1479 445 ab
1509 406 1588 445 eo.

569 488 654 545 Tu
674 505 790 544 vero
816 487 971 542 homo
1000 486 1280 550 unanimis,
1309 486 1419 539 dua:
1446 500 1587 539 meus
1611 491 1658 538 et
1680 495 1830 538 notus
1863 499 2028 538 meus.

2203 387 2394 444 luisset
2423 405 2439 446 :
2469 387 2866 444 absconderem
2895 403 2983 446 me
3010 391 3200 461 utique
3225 390 3295 446 ab
3325 405 3416 446 eo.

2275 479 2356 536 Tu
2378 494 2510 537 vero
2531 481 2694 536 homo
2718 481 3011 547 unanimis,
3037 483 3148 539 dux
3174 498 3331 540 meus
3352 495 3404 540 et
3427 493 3593 540 notus
3617 498 3790 541 meus:

575 582 680 649 Qui
705 579 862 636 simul
898 597 1092 634 mecum
1140 577 1314 632 dulces
1354 577 1592 649 capiebas
1639 576 1828 634 cibos:
1856 578 1911 632 in
1949 577 2102 633 domo
2201 573 2294 644 qui
2325 572 2486 629 simul
2533 589 2746 629 mecum
2787 573 2977 631 dulces
3021 575 3281 644 eapiebas
3310 576 3464 632 cibos
3495 594 3510 632 :
3548 577 3602 632 in
3643 577 3794 634 domo

501 673 604 729 Dei
630 671 1004 727 ambulavimus
1027 688 1144 726 cum
1168 686 1444 726 consensu.

577 765 763 822 Veniat
793 781 931 820 mors
971 781 1127 836 super
1165 763 1290 820 illos
1311 780 1330 818 :
1379 777 1440 819 σει
1466 770 1514 817 et
1547 761 1569 831 ζ
1599 762 1992 818 descendantin
2023 763 2106 819 in-

494 863 702 935 fernum
729 861 974 916 viventes.

572 951 831 1019 Quoniam
871 949 1115 1022 nequitia:
1157 949 1212 1004 in
1258 944 1570 1004 habitaculis
1609 964 1811 1016 eorum,
1843 948 1898 1004 in
1937 946 2105 1002 medio

501 1061 622 1101 εονιι
628 1061 698 1099 m.

569 1137 686 1210 Ego
721 1151 782 1193 σιμ
808 1143 980 1191 autem
1010 1134 1031 1204 ζ
1063 1134 1133 1190 ad
1165 1133 1334 1189 Deum
1359 1130 1583 1188 clamavi
1601 1148 1621 1187 :
1645 1139 1698 1192 et
1723 1129 1978 1187 Dominus
2000 1131 2105 1186 sal-

495 1229 633 1284 vabit
665 1244 767 1284 me.

577 1321 803 1391 Vespere
823 1329 872 1375 et
899 1335 1049 1374 mane
1075 1327 1124 1372 et
1150 1317 1365 1373 meridie
1389 1315 1640 1384 narrabo,
1669 1323 1719 1372 et
1741 1317 2106 1382 annuntiabo;

497 1421 545 1469 et
569 1414 812 1470 exaudiet
838 1428 1010 1467 vocem
1031 1426 1218 1467 meam.

570 1505 807 1561 Redimet
829 1504 882 1558 in
919 1519 1046 1573 pace
1076 1503 1308 1557 animant
1337 1519 1506 1556 meam
1538 1502 1603 1556 ab
1636 1501 1718 1556 his
1737 1544 1752 1568 ,
1787 1503 1878 1575 qui
1903 1517 2104 1573 appro-

496 1596 750 1668 pinquant
785 1596 912 1649 milii
942 1611 961 1650 :
990 1597 1235 1662 quoniam
1262 1595 1398 1648 inter
1423 1595 1618 1648 multos
1642 1605 1789 1650 erant
1813 1595 2030 1650 mecum.

2204 666 2417 724 Domini
2451 667 2578 740 [51s.
2613 667 2740 722 add.
2772 667 2893 739 Dei]
2927 669 3326 726 ambulavimus
3352 686 3478 728 eum
3511 687 3790 730 consensu.

2279 760 2469 818 Veniat
2497 777 2645 817 mors
2670 776 2841 834 super
2872 761 3034 818 illos:
3065 772 3119 820 et
3164 763 3506 822 descendant
3547 766 3600 822 in
3635 766 3794 824 inier-

2205 869 2334 911 num
2365 855 2632 912 viventes.

2276 948 2545 1017 Quoniam
2601 949 2839 1021 nequitia
2869 949 2924 1007 in
2960 949 3216 1022 hospitiis
3256 966 3474 1022 eorum,
3530 953 3586 1009 in
3628 952 3794 1009 medio

2210 1039 2451 1112 ipsorum
2477 1041 2605 1115 [.lls.
2631 1041 2866 1115 eorum].

2279 1134 2393 1205 Ego
2419 1143 2602 1192 autem
2630 1134 2697 1190 ad
2721 1135 3008 1194 Dominum
3036 1135 3164 1210 [,Ms.
3191 1135 3386 1210 Deum]
3411 1146 3435 1174 ο
3458 1137 3718 1194 clamavi:
3745 1146 3794 1195 et

2207 1225 2466 1283 Dominus
2497 1228 2774 1283 exaudivit
2798 1243 2907 1285 me.

2284 1317 2523 1390 Vespere
2544 1329 2599 1376 et
2629 1334 2788 1377 mane
2834 1332 2890 1378 et
2937 1321 3169 1379 meridie
3197 1323 3460 1392 narrabo,
3503 1332 3560 1380 et
3596 1339 3796 1381 alumn-

2209 1411 2354 1468 tiabo
2380 1430 2392 1467 :
2421 1422 2478 1469 et
2506 1412 2762 1470 exaudiet
2795 1412 2814 1452 ί
2849 1428 3036 1470 vocem
3070 1430 3278 1472 meam.

2278 1504 2557 1561 Liberabit
2585 1506 2637 1562 in
2669 1521 2802 1577 pace
2839 1507 3078 1563 animam
3115 1522 3293 1564 meam
3317 1507 3388 1564 ab
3421 1508 3508 1565 bis
3537 1550 3553 1576 ,
3584 1510 3672 1581 qui
3696 1525 3783 1581 ap-

2210 1595 2464 1668 propiant
2487 1596 2616 1652 mibi
2645 1616 2658 1654 :
2685 1598 2942 1669 quoniam
2970 1599 3112 1655 inter
3140 1600 3342 1655 multos
3373 1609 3536 1657 erant
3562 1616 3780 1657 mecum.

570 1689 836 1744 Exaudiet
863 1687 1037 1755 Deus,
1067 1696 1115 1742 et
1143 1686 1440 1742 Immiliabit
1468 1687 1585 1742 illos
1609 1730 1624 1756 ,
1651 1687 1738 1759 qui
1778 1698 1852 1743 est
1880 1697 2000 1742 ante
2024 1705 2104 1743 se-
2135 1684 2183 1745 B
2281 1689 2553 1746 Exaudiet
2594 1687 2763 1758 Deus,
2799 1702 2856 1747 et
2898 1690 3205 1748 bnmiliabit
3235 1706 3332 1747 eos
3356 1733 3371 1758 ,
3416 1693 3509 1763 qui
3553 1702 3638 1750 est
3676 1703 3792 1750 ante

499 1781 643 1836 cula.
669 1789 696 1817 ι
719 1780 1047 1836 Βιλιιςλωιλ.

573 1871 700 1927 Non
729 1883 803 1927 est
826 1873 932 1926 illis
960 1871 1294 1926 commutatio
1319 1910 1335 1937 ,
1368 1879 1416 1924 et
1440 1886 1544 1926 non
1571 1871 1854 1926 timuerunt
1896 1871 2063 1927 Deunt
2085 1889 2105 1929 :

497 1966 729 2023 extendit
761 1982 974 2019 manum
996 1981 1142 2019 suam
1171 1965 1223 2018 in
1248 1965 1598 2019 retribuendo.

569 2059 1069 2113 Contaminaverunt
1112 2064 1473 2112 testamentum
1505 2060 1618 2130 ejus
1645 2102 1659 2127 ,
1697 2057 1851 2111 divisi
1883 2067 2001 2113 sunt
2038 2058 2103 2113 ab

499 2152 582 2206 ira
610 2151 787 2204 vultus
816 2150 929 2220 ejus
959 2163 979 2203 :
1001 2158 1050 2203 et
1071 2149 1510 2221 appropinquavit
1537 2165 1628 2204 cor
1653 2148 1820 2205 illius.

571 2242 774 2298 Molliti
793 2248 914 2296 sunt
943 2255 1200 2295 sermones
1227 2243 1342 2314 ejus
1363 2256 1520 2313 super
1545 2240 1715 2295 oleum
1741 2256 1759 2296 :
1783 2252 1829 2296 et
1857 2241 1958 2313 ipsi
1984 2251 2103 2297 sunt

489 2338 695 2409 jacula.

571 2425 731 2483 Jacta
752 2443 906 2501 super
932 2425 1216 2482 Dominum
1244 2440 1423 2479 curam
1464 2435 1640 2492 tuam,
1672 2433 1719 2480 et
1746 2425 1861 2496 ipse
1888 2434 1935 2481 te
1975 2443 2104 2481 enu-

498 2521 655 2576 triet:
683 2536 785 2574 non
815 2519 959 2574 dabit
981 2520 1032 2573 in
1055 2528 1305 2573 ceternum
1334 2517 1730 2588 ﬂuctuationem
1741 2519 1912 2590 justo.

566 2611 649 2670 Tu
667 2628 807 2679 vero,
838 2610 998 2678 Deus,
1028 2610 1250 2665 dedaces
1273 2625 1358 2665 eos
1385 2610 1440 2664 in
1469 2618 1681 2681 puteum
1710 2609 1974 2664 interitus.

580 2797 698 2854 Viri
716 2798 1035 2870 sanguinum
1051 2806 1100 2852 et
1123 2795 1291 2850 dolosi
1317 2810 1419 2849 non
1437 2794 1786 2850 dimidiabunt
1811 2794 1919 2850 dies
1942 2811 2061 2851 suos
2078 2811 2098 2852 :

501 2907 601 2965 ego
630 2900 802 2948 autem
835 2889 1053 2964 sperabo
1083 2890 1137 2945 in
1167 2897 1216 2943 te
1239 2902 1299 2946 σιν
1331 2884 1552 2943 Domine
1587 2887 1608 2956 ζ

2209 1782 2437 1848 saecula,
2461 1791 2518 1838 et
2546 1792 2727 1840 manet
2755 1785 2807 1839 in
2837 1793 3128 1840 aeternum.
3164 1785 3505 1842 Duesswa.

2279 1873 2397 1929 Non
2423 1883 2508 1930 est
2537 1875 2684 1930 enim
2715 1874 2823 1930 illis
2850 1878 3208 1931 commutatio
3236 1920 3251 1944 ,
3291 1887 3347 1933 et
3373 1893 3481 1932 non
3513 1878 3797 1934 timuerunt

2210 1965 2377 2020 Deum
2413 1984 2426 2021 :
2459 1966 2706 2021 extendit
2738 1981 2962 2040 manuni
2985 1981 3137 2022 suam
3179 1967 3234 2022 in
3273 1967 3628 2025 retribuendo
3652 1969 3768 2024 illis.

2277 2058 2798 2113 Contaminavernnt
2831 2067 3215 2114 testamentum
3247 2059 3392 2130 ejus,
3427 2059 3592 2117 divisi
3619 2071 3643 2109 6
3679 2070 3796 2116 sunt

2206 2151 2275 2205 ab
2301 2151 2379 2205 ira
2413 2150 2593 2204 vultus
2613 2149 2734 2218 ejus
2759 2164 2773 2203 :
2801 2157 2858 2205 et
2885 2151 3229 2220 appropiavit
3250 2165 3345 2206 cor
3371 2151 3516 2221 ejus.

2282 2243 2348 2298 Μι
2371 2242 2595 2298 llieruut
2616 2256 2900 2298 sermones
2921 2257 3049 2300 suos
3066 2258 3232 2316 super
3245 2243 3446 2314 oleum,
3472 2251 3528 2300 et
3553 2243 3652 2316 ipsi
3679 2253 3794 2300 sunt

2202 2334 2408 2406 jacula.

2273 2426 2423 2484 Jacta
2466 2427 2519 2484 in
2559 2427 2727 2485 Deum
2760 2427 3058 2500 cogitatum
3099 2436 3386 2516 tuumjzet
3435 2428 3554 2501 ipse
3579 2436 3630 2485 te
3658 2443 3789 2486 enu-

2209 2520 2356 2577 triet.

2279 2611 2396 2668 Non
2427 2611 2577 2667 dabit
2602 2612 2656 2668 in
2677 2621 2945 2668 aeternum
2974 2611 3380 2669 ﬂuctuationem
3401 2612 3552 2684 justo
3579 2627 3594 2668 :
3631 2621 3683 2669 tu
3708 2626 3798 2669 re-

2209 2719 2302 2772 ro,
2330 2702 2474 2759 Deus
2497 2743 2514 2770 ,
2547 2703 2785 2759 deduces
2811 2719 2907 2760 eos
2939 2705 2991 2760 in
3021 2714 3244 2776 puteum
3276 2705 3550 2760 interitus.

2286 2799 2396 2856 Viri
2452 2800 2775 2872 sanguinum
2814 2809 2873 2856 et
2911 2799 3088 2855 dolosi
3132 2816 3238 2855 non
3276 2799 3639 2856 dimidiabunt
3684 2799 3796 2856 dies

2208 2907 2339 2947 suos
2367 2908 2381 2946 :
2415 2907 2515 2962 ego
2546 2907 2673 2947 vero
2701 2891 2754 2948 in
2783 2900 2837 2948 te
2859 2890 3090 2964 sperabo
3113 2889 3241 2963 [Μδ.
3262 2890 3524 2964 speravi],
3551 2893 3793 2950 Domine.

1877 2981 2238 3048 PSALMUS
2301 2984 2430 3046 LV.

497 3127 554 3168 IN
593 3128 786 3180 ΡΙΝΕἉΙ,
816 3125 917 3166 PRO
956 3125 1161 3166 POPULO
1197 3125 1284 3173 QUI
1327 3125 1359 3164 Δ
1397 3121 1610 3164 ελκοτιε
1648 3123 1819 3164 ιοκσε
1858 3108 2088 3164 ελοτυςδ

2239 3125 2259 3164 li
2297 3123 2491 3174 suasu,
2534 3120 2636 3180 uno
2673 3120 2879 3180 eorum
2916 3121 3004 3170 om
3044 3123 3076 3162 Α
3115 3119 3334 3162 saacrts
3372 3121 3546 3180 Leuce
3598 3122 3791 3164 sacros

580 3199 675 3239 EST
701 3224 716 3244 ,
758 3198 918 3238 υΑνιυ
972 3197 1021 3236 ΙΝ
1064 3196 1249 3237 τιτυιι
1291 3195 1692 3248 INSCRIPTIONB,
1749 3195 1856 3235 ουιι
1894 3196 2097 3237 ΤΕΝυεο

577 3269 716 3310 ιιυκτ
757 3269 863 3309 εωι
905 3266 1206 3309 Αιιοῐιιιγιι
1246 3267 1298 3306 IN
1339 3265 1505 3307 GETllo

578 3413 824 3469 Miserere
848 3413 966 3478 mei,
989 3411 1147 3478 Deus,
1179 3409 1421 3479 quoniam
1451 3406 1770 3462 conculcari:
1797 3421 1876 3461 me
1904 3406 2097 3462 homo:

501 3517 610 3564 tota
637 3509 720 3562 die
747 3523 801 3562 -:—
842 3507 913 3560 im
949 3505 970 3574 ζ
1001 3520 1242 3578 pugnans
1272 3502 1537 3557 tribulavit
1566 3516 1666 3556 me.

576 3598 1025 3656 Conculcaverunt
1074 3613 1154 3652 me
1192 3595 1389 3652 inimici
1415 3593 1516 3649 mei
1547 3601 1656 3648 tota
1694 3593 1820 3649 die:
1850 3594 2099 3664 quoniam

505 3699 662 3752 multi
688 3696 934 3751 bellantes
961 3693 1236 3778 adversum
1258 3707 1357 3747 me.

575 3791 652 3847 Ab
678 3790 954 3845 altitudine
979 3789 1081 3843 diei
1102 3787 1290 3843 timebo
1316 3802 1335 3841 :
1365 3800 1459 3857 ego
1479 3799 1594 3840 vero
1619 3784 1672 3839 in
1703 3793 1751 3841 te
1769 3785 2003 3858 sperabo.

575 3880 644 3938 In
683 3880 796 3936 Deo
842 3879 1066 3936 laudabo
1102 3893 1359 3934 sermones
1398 3891 1568 3946 meos,
1610 3877 1664 3932 in
1707 3875 1819 3933 Deo
1845 3877 2096 3949 speravi:

502 3991 606 4031 non
630 3973 820 4029 timebo
843 3972 970 4044 quid
990 3972 1152 4042 faciat
1180 3971 1308 4026 mihi
1328 3985 1474 4026 caro.

578 4067 710 4122 Tota
744 4066 831 4120 die
867 4065 1020 4119 verba
1058 4079 1171 4118 mea
1209 4061 1614 4118 exsecrabantur
1657 4078 1677 4118 :
1714 4061 1986 4117 adversum
2013 4078 2097 4118 me

409 4197 418 4203 -
501 4175 678 4215 omnes
704 4156 1043 4228 cogitationes
1069 4171 1246 4211 eorum
1273 4155 1326 4208 in
1350 4155 1544 4209 malum
1577 4164 1624 4208 ο.

569 4249 969 4318 Inhabitabunt,
992 4257 1041 4303 et
1061 4246 1374 4303 abscondent
1397 4261 1417 4302 .'
1437 4241 1464 4282 ἀ
1483 4245 1584 4318 ipsi
1600 4245 1899 4302 calcaneum
1920 4261 2091 4302 meum

492 4343 852 4404 observabant.

2273 3196 2370 3235 Es'r
2425 3195 2583 3234 unm
2615 3177 2765 3249 [31s.
2818 3193 2976 3233 non
3015 3194 3147 3233 sum
3184 3193 3282 3232 test
3323 3195 3481 3233 DM‘ID
3508 3179 3555 3250 ],
3606 3195 3656 3234 In
3712 3195 3791 3234 τι·

2274 3267 2398 3306 τυιι
2438 3265 2835 3317 ιΝςειιιιιτωΝΕ,
2863 3264 2966 3305 CUI!
3005 3264 3324 3305 TENUEBUNT
3363 3265 3471 3305 εωι
3499 3265 3792 3307 Αιιοιηινιι

2280 3337 2332 3377 ιη
2379 3337 2548 3378 δετιι.

2275 3413 2534 3470 Miserere
2566 3412 2728 3481 mihi,
2757 3411 2988 3468 Domine
3007 3454 3021 3478 ,
3052 3411 3310 3483 quoniam
3337 3413 3687 3470 conculcavit
3711 3429 3792 3470 me

2205 3505 2400 3563 homo:
2435 3515 2542 3563 tota
2569 3507 2656 3562 die
2681 3506 2889 3563 bellans
2911 3505 3040 3578 [51s.
3068 3505 3372 3578 debellans]
3394 3506 3673 3562 tribulavit
3691 3523 3786 3563 me.

2276 3599 2748 3657 Coneulcaverunt
2771 3613 2857 3657 me
2879 3599 3080 3656 inimici
3109 3598 3217 3656 mei
3245 3606 3356 3656 tota
3387 3598 3479 3656 die
3504 3641 3520 3668 ,
3563 3599 3634 3655 ab
3670 3599 3789 3656 alti-

2208 3692 2394 3750 tudine
2421 3693 2550 3754 diei.
3200 3679 3788 3694 —----_—.....-._..__..M

2276 3785 2544 3853 Quoniam
2573 3785 2726 3843 multi
2755 3787 2846 3858 qui
2878 3784 3155 3843 debellauit
3196 3800 3317 3852 me,
3360 3783 3638 3842 timebunt
3664 3799 3790 3858 :ego

2205 3893 2336 3936 vero
2358 3878 2413 3935 in
2438 3887 2490 3934 te
2517 3879 2754 3949 sperabo
2779 3878 2909 3951 [51s.
2939 3879 3208 3952 speravi],
3235 3879 3485 3935 Domine.

2275 3971 2333 4027 In
2362 3971 2474 4028 Deo
2501 3971 2734 4028 laudabo
2755 3986 3042 4028 sermones
3070 3986 3222 4028 meos
3253 3981 3360 4028 tota
3407 3970 3532 4038 die,
3585 3971 3639 4028 in
3687 3970 3790 4028 Deo

2202 4064 2434 4136 sperabo
2469 4082 2481 4119 :
2509 4079 2618 4120 non
2643 4063 2846 4120 timebo
2871 4063 3000 4136 quid
3019 4062 3197 4119 faciat‘
3214 4063 3346 4120 mihi
3377 4063 3566 4119 homo.

2274 4157 2406 4212 Tota
2451 4156 2540 4214 die
2587 4156 2758 4212 verba
2799 4171 2920 4212 mea
2951 4153 2979 4194 ιι
3025 4155 3454 4212 exsecrabantur
3489 4173 3504 4211 :
3536 4154 3788 4212 adversus

2198 4265 2286 4306 me
2308 4249 2490 4305 omnia
2517 4248 2744 4306 consilia
2777 4263 2967 4306 eorum
3013 4249 3066 4303 in
3100 4248 3324 4306 malum.

2267 4340 2650 4398 inhabitabunt
2679 4382 2696 4410 ,
2751 4348 2807 4397 et
2871 4340 3247 4412 abscondent,
3301 4341 3404 4414 ipsi
3477 4323 3786 4401 calcaneum

3509 3681 3700 3694 ψ

491 4506 584 4579 bic
614 4513 780 4573 tacet,
823 4512 937 4559 tum
971 4516 1071 4573 pro
1099 4508 1502 4579 supportassent
1533 4497 1664 4579 legit
1690 4495 2049 4577 sustinuissem
2077 4511 2095 4550 :
2124 4497 2179 4561 D
2205 4495 2462 4579 Exaudiet
2503 4514 2585 4579 nte
2623 4497 2924 4579 Dominus:
2953 4496 3188 4569 denique
3218 4495 3412 4565 verba,
3459 4508 3509 4554 et
3541 4508 3711 4555 manet
3737 4500 3786 4554 in

490 4567 831 4648 subsequens
861 4567 1056 4631 versus
1106 4567 1398 4648 niaiiit‘esto
1447 4567 1659 4626 librarii
1709 4582 1898 4624 errore
1935 4567 1990 4623 in
2025 4582 2092 4624 eo

493 4663 599 4703 ms.
630 4642 958 4716 depravatus
987 4654 1068 4700 est
1103 4642 1276 4699 ferme
1303 4651 1471 4716 totus.

568 4729 595 4756 ⁸⁸
625 4711 797 4774 Tacet
834 4719 886 4773 in
919 4717 1166 4772 Palatino
1197 4727 1300 4768 tns.
1336 4711 1660 4784 Diapsalma.

563 4788 592 4828 ι)
614 4789 779 4845 Addit
809 4789 950 4846 idem
980 4802 1085 4844 ms.
1105 4794 1153 4842 et
1180 4779 1476 4856 copulam':
1508 4783 1675 4854 factus
1701 4790 1797 4853 est,
1817 4789 1864 4836 et
1892 4779 2086 4850 David,

487 4870 596 4974 ac;
622 4931 818 4990 Subdit
845 4931 934 4988 hic
965 4931 1108 4988 idem
1139 4941 1242 4983 ms.
1271 4924 1601 4998 Diapsalma.
1630 4923 1749 4998 Me}
1782 4938 2082 4998 pronomen

489 5004 616 5076 ipsi,
642 5019 766 5058 cum
797 5004 922 5059 aliis
945 5017 1110 5074 penes
1141 4994 1574 5076 Martian._mss.
1604 5005 1661 5052 et
1686 4994 1811 5052 Cari
1841 4996 2082 5052 editione

487 5068 626 5144 ierit
658 5068 962 5144 praenotati
993 5076 1176 5129 minus
1202 5081 1380 5144 tamen
1412 5068 1572 5144 bene.

559 5143 589 5183 ἀ
612 5138 868 5217 Βὸςειιείει
895 5160 997 5200 ms.
1019 5159 1143 5217 cum
1165 5141 1314 5217 edito
1337 5139 1485 5205 Cari,
1509 5138 2079 5217 obelumnpraanotavit

485 5226 615 5274 ante
643 5211 942 5289 pronomen
986 5216 1121 5286 ipsi:
1150 5212 1245 5267 sed
1284 5222 1569 5289 corrupte,
1599 5220 1658 5266 ut
1687 5211 2071 5289 aliasszepius,

481 5289 584 5344 etsi
627 5281 892 5346 lectorem
923 5281 1048 5342 raro
1073 5281 1789 5351 monuerimns’bnjnsmodi
1811 5281 2076 5352 deprava-

480 5358 719 5421 tionnm.
754 5360 841 5414 vel
873 5366 1179 5412 nostrarum
1209 5353 1862 5424 castigationum.Manr.

556 5441 581 5469 ε
611 5431 819 5485 Placuit
847 5429 1016 5496 magis
1056 5423 1365 5492 Augustino
1397 5437 1562 5494 atque
1590 5423 1747 5496 adeo
1778 5425 2074 5482 Veronensi

479 5503 645 5558 etiam
669 5495 972 5568 antiquaria
992 5496 1300 5562 exclamaui,
1323 5503 1380 5568 ut_
1400 5506 1455 5568 et
1483 5495 1639 5568 paulo
1663 5503 1784 5564 post
1801 5496 2070 5551 enarrabo.

556 5570 576 5610 ί
605 5564 885 5626 Interserit
905 5569 1208 5623 Veronens.
1233 5581 1337 5620 ms.
1369 5565 1456 5619 bic
1487 5564 1742 5619 Dominus
1774 5581 1794 5620 :
1825 5575 1936 5620 tmn
1970 5567 2066 5620 ba-

476 5640 570 5700 bet
596 5653 722 5695 cum
745 5638 1046 5709 Augustino
1074 5636 1303 5709 aliisque
1322 5676 1336 5699 ,
1371 5635 1612 5709 Redimet
1626 5638 1678 5688 in
1703 5652 1858 5705 pace,
1893 5646 1947 5690 et
1972 5655 2071 5706 ap-

471 5706 998 5786 propinquant'rnthi
1021 5747 1038 5775 ,
1082 5707 1331 5778 quoniam
1365 5706 1420 5762 in
1462 5706 1640 5762 multis
1667 5715 1810 5763 erant
1842 5723 2061 5764 meeum.

2199 4578 2480 4636 a’ternum,
2506 4569 2666 4639 plane
2696 4571 2930 4638 ignorat.

2267 4651 2293 4690 κ
2319 4641 2452 4698 Cum
2477 4638 2780 4710 Augustino
2798 4641 2936 4695 idem
2956 4654 3086 4703 ms.,
3105 4638 3414 4694 Polluerunt
3429 4649 3782 4696 testamentum

2191 4701 2306 4776 eius
2331 4757 2346 4781 ,
2375 4713 2527 4766 divisi
2554 4701 2684 4784 sunt
2699 4727 2810 4784 pra:
2837 4713 2917 4765 ira
2947 4701 3112 4765 vultus
3141 4715 3254 4784 ejus
3275 4752 3290 4777 ,
3323 4720 3372 4784 et
3393 4713 3783 4784 appropinqua-

2189 4784 2258 4856 vit
2288 4799 2376 4856 cor
2405 4787 2537 4856 ejus.
2573 4781 2769 4856 Molliti
2805 4791 2928 4836 sunt
2977 4781 3245 4836 sermones
3296 4782 3409 4856 ejus
3431 4794 3587 4856 ,_etc.
3617 4781 3778 4848 Tum,

2189 4855 2328 4925 facta
2354 4854 2407 4908 in
2425 4852 2721 4910 Dominum
2759 4869 2939 4925 curant
2969 4863 3110 4925 tuam
3145 4861 3352 4925 :atque
3391 4852 3562 4919 infra,
3607 4870 3782 4910 corru-

2187 4923 2381 4998 ptionis
2412 4941 2508 4994 pro
2535 4925 2794 4993 interitus,
2822 4935 2873 4980 et
2904 4924 3198 4979 dolositatis
3222 4923 3510 4997 (August.,
3531 4924 3782 4981 dolosita-

2189 4996 2316 5066 tem)
2344 5012 2441 5066 pro
2465 4996 2656 5050 dolosi.
3038 5064 3046 5066 Α
3133 5063 3142 5066 Α
3332 5065 3339 5066 ί

2189 5010 2316 5051 tem)
2344 5012 2441 5051 Ι)Γο
2465 5010 2656 5050 αοιοδι.

2261 5015 2289 5051 η
2381 5013 2441 5051 ro
2465 5012 2656 5050 αοιοδι.

2261 5012 2498 5136 1⁸Ἢιψεε
2528 5066 2646 5123 haec
2675 5066 2844 5122 ferme
2869 5081 2936 5122 ex
2968 5064 3088 5122 solo
3116 5063 3420 5136 Augustino
3444 5065 3777 5123 Veronensis

2185 5137 2326 5194 liber
2355 5139 2672 5208 descripsit,
2696 5137 2845 5192 verba
2875 5154 2986 5192 mea
3005 5137 3463 5203 abominabantur,
3484 5148 3594 5193 etc.
3617 5139 3776 5202 Tum.

2183 5209 2406 5264 incolent
2451 5221 2498 5264 et
2533 5208 2876 5274 abscondent,
2905 5218 2959 5262 et
2986 5208 3120 5262 sicut
3154 5208 3402 5264 sustinuit
3443 5211 3627 5262 anima
3664 5225 3776 5264 mea

2183 5279 2204 5351 (
2227 5279 2442 5336 tametsi
2473 5280 2686 5344 malim,
2715 5280 2939 5333 sustinui
2963 5280 3191 5351 animam
3221 5277 3460 5351 meam);
3490 5280 3692 5336 deinde
3725 5281 3774 5334 in

2178 5350 2260 5405 ira
2282 5351 2505 5420 populos
2534 5350 2788 5414 deduces,
2827 5365 2924 5420 pro
2945 5350 3285 5420 icon/ringes,
3311 5350 3378 5404 de
3406 5365 3512 5419 qua
3542 5351 3700 5407 lcetio
3714 5366 3775 5404 ne

2180 5422 2380 5492 videsis
2408 5438 2528 5492 qua:
2559 5436 2658 5476 nos
2685 5422 2752 5492 ad
2775 5423 2918 5492 hunc
2942 5419 3120 5476 locum
3145 5421 3197 5476 in
3214 5420 3379 5492 epist.
3403 5421 3470 5475 ad
3499 5421 3704 5477 Sunuia
3723 5435 3769 5474 m

2175 5503 2230 5568 et
2253 5490 2525 5566 Fretelatit
2547 5491 2788 5560 pluribus
2812 5491 3184 5568 disseruimus.
3207 5491 3448 5568 Denique
3469 5501 3523 5548 et
3545 5494 3772 5568 posuisl.

2175 5562 2431 5634 lacrumas
2458 5578 2617 5628 meas,
2639 5571 2744 5635 etc.
2762 5602 2778 5629 ,
2811 5562 3010 5618 rectius
3041 5577 3138 5632 pro
3163 5562 3335 5630 posui,
3359 5573 3494 5634 ctc.,
3518 5562 3572 5619 et
3601 5562 3769 5635 pauloi

2175 5633 2399 5692 intui-ius
2421 5675 2435 5704 ,
2461 5650 2574 5690 ecce
2599 5633 2723 5691 scivi
2751 5647 2850 5706 pro
2877 5634 3099 5708 agnovi,
3127 5643 3232 5691 etc.
