3936 6180
186 240 273 298 Si?

1460 240 1666 299 LIBER
1703 239 1832 301 PSA
1842 240 2156 301 LMORUM.

3341 257 3449 315 218

246 358 379 414 Sicut
404 359 763 413 sustinuerunt
784 358 1009 412 animam
1030 372 1192 415 meam
1213 398 1225 420 ,
1257 374 1351 424 pro
1376 357 1542 411 nihilo
1567 360 1737 414 salvos
1763 363 1819 423 Α
1845 375 2023 415 meum
2063 360 2435 417 observabant
2475 379 2488 417 :
2518 363 2659 419 sicut
2707 367 3041 437 exspectavit
3064 367 3245 424 anima
3278 386 3395 427 mea
3430 416 3445 443 ,

192 455 325 526 facies
350 454 470 508 illos
495 472 516 509 :
544 455 594 507 in
624 455 704 506 ira
729 453 950 522 populos
980 453 1290 524 confringes.

246 546 400 613 Deus,
434 548 584 600 citam
623 562 789 599 meam
817 546 1120 599 annuntiavi
1161 546 1284 613 tibi,
1322 546 1542 615 posuisti
1572 548 1746 619 lacry-

186 656 274 693 mas
297 656 425 694 meas
448 640 501 693 in
534 649 810 709 conspectu
835 649 942 693 tuo.

240 733 371 786 Sicut
398 742 444 785 et
466 733 518 785 in
548 732 893 804 promissione
918 741 1009 787 tua
1040 747 1058 785 :
1086 740 1210 787 tunc
1244 742 1607 788 cont'erleulttr
1639 736 1742 789 ini-

184 829 277 883 tuici
299 828 394 882 mei
414 839 725 883 retrorsum.

239 920 291 975 In
323 937 645 991 quacumque
686 920 770 975 die
802 921 1103 974 inrocavero
1145 936 1204 975 -ε-
1243 920 1337 988 te1
1383 938 1501 979 ecce
1528 925 1744 995 cognovi

183 1016 389 1087 quoniam
415 1013 557 1068 Deus
588 1032 736 1069 meus
767 1033 840 1071 es.

235 1108 290 1164 In
313 1107 416 1163 Deo
443 1108 672 1164 laudabo
706 1112 940 1176 rerbum,
969 1111 1020 1165 iu
1056 1108 1283 1164 Domino
1306 1110 1530 1165 laudabo
1551 1128 1745 1166 sermo-

180 1222 306 1272 nem,
350 1205 403 1258 in
441 1203 552 1259 Deo
597 1206 807 1276 sperari
837 1222 857 1261 :
887 1221 988 1259 non
1030 1206 1215 1259 timebo
1240 1205 1367 1276 quid
1405 1206 1563 1275 faciat
1617 1205 1746 1261 mihi

183 1297 309 1352 homo
336 1305 382 1351 ι.

232 1391 382 1446 inme
410 1400 548 1458 sunt,
580 1390 737 1459 Deus,
772 1400 888 1446 rota
916 1402 1004 1446 tua
1037 1393 1059 1462 1
1090 1408 1149 1449 ὴ
1182 1409 1300 1464 qut:
1334 1393 1354 1462 1
1382 1395 1596 1449 reddam
1628 1396 1745 1451 lau-

181 1486 381 1541 dationes
403 1484 514 1541 tibi.

902 1576 992 1597 m<

926 1604 935 1611 ο

236 1674 470 1741 Quoniam
487 1674 726 1746 eripuisti
746 1675 979 1729 animum
1010 1691 1173 1729 meam
1201 1676 1265 1731 de
1287 1686 1449 1733 morte
1473 1721 1487 1744 ,
1515 1687 1561 1732 et
1584 1678 1742 1750 pedes

1850 470 1949 524 pro
1980 454 2149 511 nihilo
2196 456 2376 511 salvos
2428 456 2595 514 facies
2646 473 2781 526 eos,
2827 460 2879 515 in
2927 460 3005 516 ira
3048 461 3278 533 populus
3305 479 3442 520 eon-

1846 549 2073 621 fringes.

1920 645 2060 699 Deus
2092 643 2258 699 vitam
2290 659 2465 700 meam
2502 646 2821 701 annuntiavi
2876 646 3009 712 tibi,
3065 648 3221 718 posui
3270 650 3445 721 lacry-

1848 751 1966 793 mas
1996 750 2143 791 meas
2176 736 2228 791 in
2260 744 2556 807 conSpcctu
2597 746 2726 793 tuo:
2760 738 2903 795 sicut
2931 736 2986 795 in
3014 742 3443 812 repromissione

1847 839 1958 886 tua.

1918 922 2323 979 Convertuntur
2354 924 2369 995 [
2400 925 2503 978 Ms.
2532 936 2915 982 convertentur
2942 926 2956 997 ]
2994 928 3195 984 inimici
3223 930 3329 985 mei
3358 946 3444 986 rc-

1850 1024 2085 1071 trorsum
2133 1034 2145 1068 :
2200 1016 2252 1071 in
2286 1033 2627 1087 quacumque
2670 1019 2757 1074 die
2809 1020 3132 1076 invocavero
3178 1032 3229 1078 te
3260 1065 3274 1090 ,
3316 1038 3444 1079 ecce

1846 1109 2040 1180 agnovi
2071 1111 2325 1181 quoniam
2358 1113 2497 1165 Dens
2525 1127 2677 1166 mens
2704 1127 2764 1167 es
2788 1122 2869 1166 tu.

1919 1202 1978 1259 In
2019 1204 2130 1259 Deo
2175 1204 2409 1258 laudabo
2434 1204 2661 1259 verbum
2695 1204 2713 1277 [
2744 1204 2848 1262 Ms.
2880 1220 3186 1261 sermonem
3221 1207 3273 1280 ],
3302 1217 3357 1261 et
3389 1208 3440 1262 in

1849 1296 2078 1353 Domino
2104 1297 2337 1352 laudabo
2369 1312 2683 1352 sermonem
2710 1296 2729 1369 [
2759 1297 2858 1352 .ils.
2890 1300 3115 1354 verbum
3146 1299 3161 1369 ]
3191 1341 3206 1363 ,
3256 1304 3306 1355 in
3335 1301 3444 1355 Deo

1847 1391 2083 1463 sperabo
2114 1404 2127 1444 :
2164 1406 2271 1445 non
2304 1392 2505 1445 timebo
2532 1391 2659 1462 quid
2692 1392 2850 1446 faciat
2878 1392 3010 1447 mihi
3035 1393 3216 1447 homo.

1921 1483 1979 1541 In
2014 1500 2101 1541 me
2132 1495 2292 1551 sunt,
2327 1484 2500 1549 Deus,
2532 1492 2656 1539 vota
2682 1527 2696 1552 ,
2728 1502 2847 1556 qua:
2875 1486 3097 1542 reddam
3126 1486 3143 1525 ί
3175 1487 3445 1543 laudatio-

1850 1582 1934 1637 nis
1962 1580 2081 1636 tibi.

1920 1674 2185 1741 Quoniam
2213 1672 2463 1742 eripuisti
2496 1672 2732 1727 animam
2762 1688 2936 1728 meam
2958 1673 3026 1728 de
3052 1682 3226 1729 morte
3254 1716 3268 1739 ,
3320 1690 3449 1729 ocu-

177 1784 291 1823 meos
327 1770 386 1823 de
410 1769 556 1840 lapsu
590 1785 609 1824 :
639 1776 694 1822 ut
736 1769 968 1838 placeam
1003 1784 1181 1823 coram
1214 1769 1321 1825 Deo
1362 1771 1413 1824 in
1445 1772 1639 1825 lumine
1664 1771 1741 1825 vi—
1774 1772 1819 1833 Β
1848 1768 1929 1824 los
1974 1783 2124 1824 meos
2159 1782 2189 1822 a
2222 1767 2476 1838 lacrymis
2509 1785 2523 1823 :
2556 1767 2721 1837 pedes
2760 1782 2912 1823 meos
2951 1784 2979 1822 a
3013 1770 3164 1837 lapsu
3190 1811 3205 1838 ,
3240 1779 3299 1825 ut
3324 1770 3441 1841 pla-

176 1865 392 1920 restium.

1845 1877 1994 1917 ceam
2021 1877 2206 1917 coram
2240 1860 2470 1918 Domino
2499 1862 2551 1917 in
2580 1861 2787 1917 lumine
2816 1861 3130 1920 viventium.

1488 1956 1844 2020 PSALMUS
1892 1956 2055 2018 LVI.

177 2070 220 2109 111
259 2070 409 2110 "Mil
436 2097 450 2121 ,
496 2072 564 2111 κε
610 2071 934 2123 DISPEBDAS,
980 2072 1139 2112 DAYII)
1195 2072 1247 2112 ΙΝ
1295 2072 1477 2112 τιτυιι
1538 2071 1739 2111 INSCRI'

205 2142 406 2194 PTIONB,
444 2142 549 2182 CUI
600 2144 845 2183 FUGERET
873 2145 905 2183 Δ
948 2144 1103 2183 FACIE
1132 2143 1264 2183 ελυι
1294 2145 1344 2183 IN
1374 2143 1705 2183 SPELL‘SCASI.

238 2238 466 2295 Miserere
494 2241 625 2306 mei,
658 2240 798 2295 Deus
822 2286 838 2310 ,
878 2242 1119 2296 miserere
1154 2241 1293 2295 mei:
1320 2241 1567 2309 quoniam
1601 2242 1655 2293 in
1701 2248 1749 2294 te

179 2333 369 2401 conﬁdit
396 2334 570 2387 anima
601 2350 735 2387 mea.

238 2423 262 2463 ι
285 2425 345 2478 ει
377 2426 427 2479 in
447 2426 628 2481 umbra
658 2426 865 2480 alarum
887 2434 1096 2480 tuarum
1120 2424 1357 2497 sperabo,
1386 2425 1548 2479 donec
1573 2434 1747 2479 trans-

180 2526 248 2573 eat
271 2519 521 2590 iniquitas.

239 2610 464 2668 Claniabo
484 2614 552 2668 ad
582 2612 752 2669 Deum
790 2614 1103 2671 altissimum
1138 2631 1157 2671 :
1188 2614 1391 2687 Deum,
1423 2616 1511 2686 qui
1538 2615 1742 2688 benefe-

177 2703 235 2754 cit
256 2704 385 2761 mihi.

237 2796 368 2853 Nisi:
397 2800 458 2853 de
478 2801 603 2855 caelo
623 2843 638 2867 ,
673 2809 719 2856 et
742 2800 979 2855 liberavit
1005 2816 1083 2855 me
1114 2817 1134 2856 .·
1157 2801 1298 2857 dedit
1324 2802 1377 2856 in
1403 2802 1741 2875 opprobrium

172 2893 502 2947 conculcantes
521 2911 619 2948 me.
652 2894 982 2950 DIAPSALIIA.

234 2982 529 3041 Misit'Dens
558 2987 972 3041 misericordiam
995 3004 1166 3056 suam,
1194 2998 1242 3043 et
1266 2990 1533 3043 ueritatem
1559 3007 1740 3045 suam:

172 3090 217 3130 4
255 3088 300 3131 et
327 3090 346 3116 ε
375 3081 611 3149 eripuit1
647 3083 881 3135 animam
924 3098 1088 3135 meam
1123 3082 1186 3137 de
1233 3084 1405 3136 medio
1451 3087 1743 3139 catulorum

167 3166 352 3221 leonum
370 3210 383 3232 ,
414 3171 631 3225 dormivi
654 3172 1013 3226 conturbatus.

232 3258 350 3313 Filii
375 3262 630 3316 hominum
654 3264 832 3318 dentes
854 3280 1031 3317 eorum
1060 3280 1207 3317 arma
1228 3272 1276 3317 et
1306 3265 1505 3337 sagith
1522 3281 1541 3320 :
1568 3276 1613 3321 et
1641 3266 1739 3321 lin-

165 3369 257 3421 gua
280 3370 443 3410 eorum
468 3357 682 3428 gladius
713 3366 927 3412 acutus.

226 3444 460 3503 Exaltare
486 3466 641 3521 super
670 3450 855 3517 caelos,
888 3448 1033 3506 Deus
1069 3464 1125 3505 -t~
1160 3459 1207 3504 et
1244 3449 1261 3519 ζ
1292 3446 1319 3486 ιι
1346 3451 1400 3505 in
1427 3452 1568 3505 omni
1599 3458 1739 3504 terra

162 3537 318 3605 gloria
346 3549 452 3597 tua.

227 3629 478 3701 Laqueum
509 3642 827 3701 paraverunt
868 3633 1082 3703 pedibus
1122 3634 1291 3690 meis:
1328 3648 1387 3690 σεο
1419 3646 1466 3689 et
1503 3635 1525 3702 1
1557 3635 1736 3688 incur-

162 3734 386 3778 rarerunt
412 3727 637 3780 animam
668 3743 855 3780 meam.

225 3813 477 3873 Foderunt
502 3828 623 3873 ante
651 3820 836 3890 [aciem
860 3835 1025 3874 meam
1050 3819 1249 3889 foveam
1277 3836 1295 3875 :
1330 3834 1391 3875 σιτ
1419 3828 1467 3875 et
1494 3819 1515 3888 1
1550 3821 1739 3876 incide~

157 3917 269 3959 runt
286 3909 335 3961 in
357 3927 481 3966 eam.
512 3913 847 3969 DIAPSALIIA.

223 3997 459 4059 Paratum
482 4023 568 4061 cor
594 4024 789 4071 meum,
815 4007 975 4075 Deus,
1006 4016 1241 4079 paratum
1263 4024 1353 4062 cor
1379 4023 1545 4062 meum
1568 4022 1586 4062 :
1609 4025 1732 4063 cau-

159 4095 304 4161 labo,
335 4110 381 4152 ct
406 4101 654 4169 psalmum
686 4102 880 4157 dicam.

224 4188 467 4266 Exsurge,
497 4195 665 4267 gloria
692 4212 827 4263 mea,
852 4211 1068 4268 exsurge
1088 4195 1388 4267 psalterium
1418 4202 1467 4249 et
1492 4192 1691 4249 cithara
1714 4209 1733 4248 :

154 4294 413 4355 exsurgant
437 4290 689 4344 diluculo.

220 4372 495 4446 Conﬁtebor
526 4382 617 4435 tibi
648 4382 700 4435 in
725 4380 939 4454 populis
962 4428 975 4450 ,
1011 4380 1228 4437 Domine
1260 4397 1277 4436 :
1311 4396 1371 4438 +
1406 4393 1429 4419 υ
1451 4390 1498 4437 et
1534 4381 1555 4450 1
1591 4382 1733 4452 psal—

151 4478 285 4521 mum
312 4471 471 4526 dicant
492 4474 583 4528 tibi
607 4474 662 4529 in
682 4474 945 4547 gentibus.

1851 2072 1903 2111 IN
1933 2071 2127 2124 FINEH,
2166 2071 2233 2111 NE
2267 2064 2291 2102 ἶ
2336 2071 2654 2121 ωερεηυλς,
2719 2073 2877 2113 DAVID
2920 2074 2969 2112 IN
3018 2075 3203 2115 TITHJ
3251 2076 3302 2115 IN
3335 2076 3448 2115 CM-

1894 2143 2085 2183 ΡΤΙΟΝΕ
2107 2170 2120 2195 ,
2151 2142 2255 2182 Cl‘l
2282 2144 2521 2183 l-‘L'GERET
2564 2146 2594 2183 Δ
2634 2144 2788 2184 FACIE
2814 2146 2947 2184 εΑυι.
2988 2146 3040 2185 IN
3087 2146 3412 2187 SI’EI.UNCAM.

1922 2243 2180 2299 Miserere
2209 2242 2316 2298 mei
2345 2284 2361 2309 ,
2406 2242 2578 2310 Deus,
2628 2242 2890 2299 miserere
2922 2244 3029 2300 mei
3058 2263 3069 2299 :
3100 2247 3354 2317 quoniam
3390 2248 3443 2304 in

1851 2345 1904 2393 te
1925 2336 2148 2391 conlidit
2176 2336 2355 2389 anima
2386 2350 2526 2389 mea.

1923 2428 1989 2483 Et
2013 2428 2064 2482 in
2094 2427 2286 2483 umbra
2303 2426 2513 2482 alarum
2541 2434 2749 2482 tuarum
2778 2428 3011 2499 sperabo
3034 2443 3049 2483 ε
3069 2428 3246 2486 donec
3270 2438 3421 2508 trans

1849 2531 1936 2577 eat
1959 2520 2236 2592 iniquitas.

1918 2612 2180 2669 Clamabo
2207 2612 2273 2667 ad
2298 2612 2468 2669 Deum
2498 2612 2824 2668 altissimum
2860 2630 2871 2667 :
2898 2610 2926 2651 ιι
2957 2622 3011 2669 et
3032 2612 3099 2669 ad
3135 2613 3427 2671 Dominum

1847 2705 1938 2778 qui
1963 2705 2231 2760 benclecit
2253 2704 2408 2760 mihi.

1920 2799 2063 2854 Misit
2094 2798 2163 2854 de
2199 2798 2371 2865 cmlo,
2404 2807 2460 2855 et
2493 2798 2751 2853 liberavit
2791 2813 2879 2853 me
2908 2815 2920 2851 :
2954 2797 3103 2855 dedit
3143 2799 3196 2854 in
3240 2814 3443 2871 oppro-

1850 2894 2028 2950 brium
2057 2894 2446 2951 conculcantes
2467 2909 2576 2949 me.
2608 2894 2936 2949 Due-suta.

1919 2989 2061 3044 Misit
2089 2988 2234 3043 Deus
2266 2987 2393 3059 [Μδ.
2418 2986 2703 3059 Dominus]
2734 2985 3163 3039 misericordiam
3201 2999 3354 3038 suam
3386 2994 3443 3039 et

1847 3080 2127 3135 veritatem
2152 3094 2335 3134 suam:
2362 3080 2596 3134 animam
2626 3094 2800 3133 meam
2824 3079 3023 3148 eripuit
3050 3078 3117 3131 de
3143 3078 3321 3133 medio
3348 3094 3437 3133 ca-

1847 3170 2081 3227 tulorum
2111 3171 2351 3235 leonum,
2381 3170 2609 3226 dormivi
2633 3170 3011 3226 conturbatus.

1916 3262 2040 3319 Filii
2085 3265 2362 3319 hominum
2396 3264 2588 3317 dentes
2610 3277 2799 3318 eorum
2826 3277 2974 3316 arma
3007 3272 3064 3316 et
3088 3261 3301 3332 sagittae
3334 3279 3345 3315 :
3382 3271 3440 3317 et

1770 3366 1814 3430 ρ
1849 3358 2029 3428 lingua
2058 3373 2248 3413 eorum
2276 3356 2543 3412 machazra
2570 3365 2751 3412 acuta.

1916 3449 2170 3506 Exaltare
2214 3465 2379 3521 super
2427 3450 2631 3518 oculos,
2690 3449 2956 3506 Deuszet
3002 3464 3169 3521 super
3219 3464 3438 3507 omnem

1843 3550 2046 3599 terram
2068 3543 2239 3614 gloria
2270 3553 2381 3598 tua.

1911 3636 2160 3709 Laqueos
2197 3636 2337 3709 [Μδ.
2390 3633 2790 3708 muscipulam]
2831 3644 3162 3707 paraverunt
3203 3634 3438 3706 pedibus

1840 3731 1977 3785 meis
2008 3748 2020 3784 :
2048 3740 2102 3785 et
2130 3730 2552 3787 incurvavcrunt
2576 3731 2810 3785 animam
2839 3744 3036 3785 meam.

1914 3820 2193 3877 Foderunt
2238 3833 2366 3877 ante
2411 3821 2602 3877 faciem
2646 3836 2821 3875 tineam
2876 3819 3084 3876 foveam
3122 3837 3137 3875 :
3172 3828 3229 3876 et
3279 3820 3292 3858 ί
3332 3821 3434 3893 ipsi

1836 3902 2143 3968 inciderunt
2173 3911 2228 3968 in
2262 3928 2404 3967 eam.
2430 3913 2759 3971 DIAPéALHA.

1910 4004 2162 4061 Paratum
2202 4020 2297 4060 cor
2326 4021 2536 4072 meum,
2570 4005 2750 4072 Deus,
2792 4016 3037 4076 paratum
3076 4020 3171 4063 cor
3202 4022 3381 4063 meum
3416 4026 3431 4066 :

1836 4099 2094 4167 cantabo,
2125 4110 2180 4156 et
2210 4100 2473 4171 psalmum
2506 4101 2681 4157 dicam
2708 4101 2960 4158 Domino.

1914 4196 2192 4268 Exsurge,
2227 4196 2395 4266 gloria
2434 4210 2553 4251 mea
2580 4239 2595 4264 ,
2626 4210 2858 4267 exsurge
2897 4195 3212 4267 psalterium
3257 4202 3313 4249 et
3355 4194 3433 4249 ci-

1841 4289 1995 4345 thara
2026 4306 2039 4342 :
2073 4302 2359 4359 exsurgant
2392 4287 2652 4343 diluculo.

1910 4380 2224 4437 Conﬁtebor
2245 4380 2342 4435 tibi
2377 4381 2429 4434 in
2461 4380 2708 4451 populis,
2749 4380 2978 4438 Domine
3015 4398 3026 4435 :
3066 4388 3123 4435 et
3159 4377 3427 4451 psalmum

1838 4472 2015 4529 dicam
2047 4473 2141 4528 tibi
2167 4473 2307 4530 inter
2333 4480 2546 4546 gentes.

223 4703 249 4729 ⁸
266 4696 490 4756 Alterum
516 4702 606 4758 hic
630 4700 966 4770 Diapsalma,
999 4699 1147 4755 addit
1168 4698 1445 4754 Palatinus
1468 4714 1570 4772 ms.
1597 4699 1725 4754 ohe-
1758 4702 1807 4764 D
1832 4698 2001 4772 lapsu.

158 4759 262 4819 lum
288 4786 410 4825 vero
445 4759 793 4843 subsequenti
830 4759 1021 4836 versu,
1050 4788 1165 4842 qua:
1202 4771 1507 4841 pronomini
1552 4772 1728 4841 pradi-

155 4848 281 4914 xum
304 4850 436 4896 Iacet
466 4863 479 4899 :
512 4857 802 4914 utrumque
832 4845 1010 4897 niinus
1041 4845 1200 4897 bene.

216 4905 522 4985 Fluiinerito
562 4926 610 4968 et
637 4905 833 4985 copula
857 4959 870 4981 ,
908 4931 1027 4983 qua:
1058 4924 1113 4968 et
1141 4912 1451 4985 in_llehr:eo
1485 4924 1723 4985 resonat,

152 4976 758 5058 obeloﬂconlodiebatur,
785 4976 947 5058 quem
979 4999 1077 5041 nos
1107 4984 1174 5039 ad
1195 4983 1419 5053 Palatini
1440 4999 1540 5038 ms.
1566 4976 1724 5039 ﬁdem

148 5054 465 5111 sustulimus.

217 5132 238 5158 ε
266 5124 361 5179 llic
399 5141 574 5184 autem
619 5130 821 5184 vitiose
864 5129 1036 5188 magis
1082 5141 1187 5181 una
1228 5136 1274 5179 et
1313 5125 1506 5195 capula
1560 5126 1724 5180 ohelo

151 5199 545 5269 Rﬁptlotabatur,
571 5217 695 5255 cum
728 5201 906 5269 ipsum
936 5214 1148 5268 qunque
1178 5198 1399 5251 verbum
1424 5199 1643 5265 arripuit
1668 5199 1721 5253 in

150 5257 361 5323 Πρωτιιο
399 5257 545 5327 textu
579 5257 966 5335 desideretur,
1011 5257 1311 5339 eddemque
1342 5257 1721 5333 debeat'ubelo

151 5341 390 5408 transﬁgi.

212 5405 235 5442 ά
262 5405 417 5465 Paulo
462 5417 664 5471 rectius
715 5413 948 5469 Palatia.
1000 5427 1102 5466 ms.
1131 5454 1145 5475 ,
1190 5413 1243 5465 in
1281 5426 1480 5465 omnem
1506 5420 1714 5466 terram.

150 5473 354 5536 Leviora
384 5486 519 5541 infra
550 5504 615 5542 ex
647 5490 844 5542 eodem
876 5473 1253 5537 emendantur.

215 5562 235 5586 ε
264 5554 470 5611 Rectius
500 5559 701 5613 iterum
735 5554 1015 5611 Palatinus
1046 5568 1147 5609 ms.
1190 5553 1403 5611 obelum
1438 5553 1719 5626 ipsamque

148 5630 185 5673 et
208 5628 432 5700 suculam
466 5627 865 5700 praetermittit.

184 5694 323 5775 fEx
360 5694 665 5775 Augustino
718 5697 1044 5775 Veronensis
1076 5714 1178 5752 ms.
1209 5714 1325 5769 qua:
1352 5698 1567 5775 reddam
1593 5698 1712 5775 lau-

149 5765 217 5823 dis
246 5781 386 5828 :tutn
428 5765 679 5847 titioniam
720 5770 948 5841 eruisti,
995 5780 1134 5838 etc.;
1170 5765 1253 5840 el',
1300 5770 1452 5841 pedes
1482 5786 1616 5823 meos
1652 5770 1717 5824 de

1905 4771 2117 4846 [Juxta
2152 4775 2509 4846 Augustinum
2530 4817 2545 4841 ,
2576 4790 2641 4846 ne
2666 4790 2971 4844 corrumpas
3017 4769 3115 4840 ipsi
3160 4766 3341 4846 David
3368 4766 3420 4819 in

1832 4844 1966 4897 tituli
1992 4838 2383 4914 inscriptionem
2409 4888 2425 4913 ,
2458 4838 2563 4901 etc.
2593 4838 2925 4900 Veronensis
2946 4838 3157 4913 qunque
3189 4854 3291 4893 ms.
3329 4838 3426 4891 ha-

1830 4916 1961 4989 bet,
1988 4926 2193 4989 tantum
2219 4936 2322 4972 non
2348 4922 2480 4974 satis
2505 4918 2819 4989 emendate.
2856 4985 2884 4989 _
2990 4984 3000 4989 _
3189 4979 3219 4989 η
3268 4978 3316 4989 ..

1904 4979 2125 5041 hiidem
2155 4990 2276 5043 libri
2314 4989 2504 5053 Deum,
2550 5002 2645 5053 pro
2675 4999 2724 5041 et
2753 4988 2822 5038 ad
2847 4984 3152 5038 Dominum.
3188 4979 3425 5053 Subjunj

1769 5112 1772 5115 λ
1828 5058 1905 5120 git
1935 5074 2061 5112 vero
2087 5059 2211 5115 huic
2242 5048 2507 5114 versiculo
2536 5048 2863 5113 Veronensis
2895 5053 3199 5124 Diapsalma
3220 5091 3236 5115 ,
3270 5048 3418 5120 quod

1829 5127 1882 5182 in
1908 5130 2292 5201 subsequentis
2316 5132 2418 5185 line
2451 5140 2609 5201 tacet.
2643 5127 2944 5201 Czeterade
2977 5139 3126 5201 mare
3155 5137 3275 5175 cum
3311 5125 3421 5173 An-

1828 5202 2044 5267 gustino
2073 5196 2317 5266 [salvum
2356 5218 2433 5253 me
2475 5200 2629 5267 fecit,
2666 5213 2761 5266 pro
2814 5196 3044 5250 liberavit
3096 5210 3205 5259 me,
3262 5202 3423 5259 atque

1830 5270 1965 5325 infra
1986 5313 2000 5333 ,
2025 5275 2155 5325 eruit
2182 5314 2195 5336 ,
2230 5288 2325 5340 pro
2355 5273 2562 5341 eripuit.

1908 5343 1923 5377 ί
1953 5329 2256 5396 Prononieii
2288 5343 2388 5409 ipsi
2409 5329 2585 5405 ,ἰιιι‹›ιΙ
2612 5353 2786 5405 neque
2813 5338 2864 5392 in
2896 5338 3218 5410 Gt'a‘coest,
3250 5329 3420 5410 Vero-

1827 5426 1982 5467 ncns.
2016 5429 2115 5467 ms.
2150 5406 2317 5465 tat-et.
2351 5412 2425 5464 Ex
2460 5411 2758 5477 Augustino
2786 5418 2963 5463 autem
2997 5406 3217 5477 psallunt
3244 5406 3421 5477 (-oiili-

1828 5498 1936 5537 nuo
1964 5483 2121 5535 habet
2147 5523 2159 5543 ,
2213 5497 2307 5547 pro
2352 5468 2607 5551 psalmum
2632 5481 2799 5531 dicam
2843 5484 2860 5550 (
2896 5468 3069 5551 neque
3121 5476 3270 5528 addit
3300 5468 3415 5522 Do—

1828 5556 1965 5605 mino
1999 5554 2159 5621 priori
2192 5550 2388 5622 loco);
2419 5552 2603 5603 tumin
2635 5552 2893 5620 gentibus,
2932 5566 3029 5618 pro
3058 5550 3191 5622 inter
3217 5550 3410 5622 gettlt’s.

1829 5619 2024 5677 Verum
2068 5622 2298 5676 librariis
2325 5619 2486 5690 atque
2517 5621 2954 5689 tirllmgraphicis
2985 5619 3191 5675 ιιμςιιίιιε
3216 5620 3412 5681 scatet,

1823 5709 1956 5765 quas
1979 5693 2115 5750 scire
2147 5694 2401 5749 lecwrem
2428 5692 2560 5746 ιιιΙιιΙ
2593 5693 2838 5748 interest.
