3936 6180
505 219 613 278 219

1515 213 1576 270 S.
1618 209 1995 268 HIERONYMI
2038 209 2267 269 DIVINA
2311 208 2797 268 BIDLIOTIIECA.

3700 210 3794 269 220

577 337 841 406 Quoniam
860 337 1192 410 magni/irata
1213 330 1460 405 estusque
1480 331 1550 387 ad
1570 331 1725 386 caelos
1745 329 2101 385 misericordia
2131 332 2181 393 Α
2279 327 2546 396 Quoniam
2577 324 2920 398 magniﬁcam
2962 336 3046 383 est
3086 339 3258 399 usque
3283 325 3352 382 ad
3382 325 3556 383 cmlos
3593 326 3794 384 miseri.

506 440 598 486 tua
629 448 647 488 :
677 441 723 487 et
746 449 907 504 usque
932 432 1001 485 ad
1026 431 1181 485 nubes
1205 428 1391 482 veritas
1416 435 1522 481 tua.

578 524 831 579 Exaltare
861 540 1015 596 super
1047 520 1229 589 cados,
1257 517 1431 576 Deus:
1461 533 1521 575 ές
1562 526 1609 573 et
1648 516 1671 588 ζ
1710 532 1863 592 super
1900 532 2099 571 omnem

504 627 694 678 terram
723 616 891 693 gloria
911 624 1020 673 tua.

2207 420 2388 477 cordia
2420 430 2510 476 tua
2538 437 2551 474 :
2584 428 2639 475 et
2662 434 2835 492 usque
2861 420 2928 475 ad
2962 421 3134 476 nubes
3159 418 3361 477 veritas
3389 428 3503 476 tua.

2278 514 2536 571 Exultare
2582 528 2749 584 super
2778 513 2950 572 cmlos
2974 553 2990 582 ,
3036 514 3180 572 Deus
3219 531 3234 570 :
3273 524 3333 572 et
3377 528 3544 587 super
3584 529 3794 573 onmem

2209 616 2408 664 terram
2447 605 2617 679 gloria
2649 614 2761 662 tua.

1852 704 2213 768 PSALMUS
2254 704 2448 767 LVII.

508 829 561 873 IN
591 829 752 872 FINEI
769 855 785 883 ,
814 829 881 869 NE
904 824 1191 870 DISPEIIDAS
1210 851 1224 877 ,
1257 824 1417 866 DAVID
1434 825 1485 865 IN
1504 823 1689 866 TITULI
1710 822 2097 864 INSCRIPTIOXE.

576 931 637 988 Si
657 945 775 986 vere
800 931 981 1003 utique
1010 928 1274 1003 justitiam
1305 925 1577 999 loquimini
1612 931 1797 981 :recta
1822 923 2058 998 judicate
2081 964 2097 991 ,

501 1026 603 1098 filii
631 1024 919 1080 hominum.

574 1118 784 1174 Etenim
822 1117 878 1173 in
901 1118 1056 1172 corde
1089 1115 1384 1188 iniquitates
1406 1111 1694 1183 operamini
1721 1112 1775 1167 in
1798 1119 1937 1167 terra
1964 1118 1983 1167 ἐ
2012 1111 2097 1167 in-

492 1213 732 1284 justitias
759 1227 948 1268 manus
968 1218 1151 1267 vestra:
1170 1209 1508 1265 concinnant.

571 1307 933 1365 Alienatisunt
958 1313 1253 1379 peccatores
1276 1319 1307 1359 a
1328 1301 1499 1373 vulva,
1514 1306 1816 1357 erraverunt
1831 1298 1896 1355 ab
1919 1304 2099 1356 utero:

498 1403 657 1461 locuti
685 1412 804 1459 sunt
837 1400 996 1474 falsa.

573 1496 749 1553 Furor
774 1495 885 1552 illis
915 1492 1198 1551 secundum
1220 1489 1620 1547 similitudinem
1642 1486 1894 1567 serpentis
1922 1501 1941 1542 :
1968 1485 2100 1541 sicut

498 1591 698 1661 aspidis
725 1591 926 1658 surdae,
953 1588 981 1619 ⁸
1011 1596 1061 1643 et
1085 1584 1377 1642 obturantis
1407 1599 1560 1638 aures
1587 1597 1732 1636 suas.

2201 823 2253 863 IN
2275 823 2459 877 FINEH,
2476 807 2585 864 Νεά
2605 819 2892 865 DISI’EIIDAS
2928 820 3089 861 DAV'ID
3115 820 3167 860 IN
3201 820 3386 861 'I'I'I'IJLI
3412 817 3792 862 INSCBIHIONB.

2272 926 2329 982 Si
2359 941 2486 983 vere
2518 925 2702 997 utique
2724 923 2995 997 justitiam
3021 920 3305 996 loquimini
3331 921 3511 995 :justa
3532 920 3786 995 judicate,

2203 1018 2300 1075 ﬁlii
2329 1019 2638 1075 hominum.

2275 1113 2494 1171 Etenim
2526 1114 2579 1170 in
2622 1112 2794 1171 corde
2836 1112 3154 1185 iniquitates
3184 1110 3488 1184 operamini
3516 1110 3572 1168 in
3607 1118 3743 1168 terra
3771 1129 3785 1167 :

2204 1208 2517 1281 iniquitates
2546 1224 2742 1266 manus
2772 1217 2973 1267 vestra:
2996 1209 3350 1266 concinnant.

2277 1304 2516 1361 Alienati
2545 1314 2671 1361 sunt
2716 1312 3032 1375 peccatores
3076 1302 3148 1359 ab
3177 1311 3369 1372 utero,
3406 1308 3724 1361 erraverunt
3760 1316 3786 1358 a

2205 1405 2400 1454 ventre
2424 1396 2622 1455 :locuti
2650 1406 2775 1454 sunt
2805 1397 2965 1454 falsa.

2278 1492 2362 1547 lra
2388 1500 2412 1531 θ
2443 1491 2550 1548 illis
2572 1490 2870 1548 secundum
2902 1490 3315 1548 similitudinem
3339 1488 3637 1565 serpentis,
3659 1489 3788 1547 sicut

2206 1582 2412 1654 aspidis
2439 1583 2619 1639 surda:
2644 1624 2660 1651 ,
2692 1592 2750 1639 et
2777 1584 3087 1639 obturantis
3115 1598 3278 1640 aures
3316 1598 3445 1639 suas
3479 1601 3493 1638 :
3525 1596 3648 1654 qum
3690 1597 3787 1639 non

578 1682 711 1750 Qua:
743 1698 846 1738 non
882 1652 1126 1737 eaaudiet
1155 1694 1329 1735 vorem
1369 1676 1746 1733 incantantium
1766 1716 1783 1745 ,
1812 1680 1861 1731 et
1890 1675 2104 1746 veneﬁci
2132 1652 2181 1714 Β
2207 1652 2468 1732 exaudiet
2493 1690 2681 1733 vocem
2713 1675 3109 1732 incantantium
3133 1715 3151 1745 ,
3180 1683 3236 1732 et
3262 1652 3693 1744 veneﬁcia—qua:
3716 1673 3788 1729 in-

500 1776 820 1833 incantantis
850 1776 1128 1848 sapienter.

575 1868 717 1925 Deus
754 1876 979 1924 conteret
1015 1868 1196 1924 dentes
1239 1879 1415 1921 eorum
1441 1863 1497 1920 in
1520 1862 1859 1937 oreipsorum
1888 1880 1908 1922 :
1936 1864 2101 1921 molas

504 1963 712 2019 leonum
742 1963 1032 2037 confringet
1057 1960 1340 2017 Dominus:

577 2055 661 2110 Ad
708 2054 939 2111 nihilum
986 2053 1254 2111 devenient
1296 2061 1559 2125 tamquam
1606 2060 1739 2123 aqua
1779 2050 2100 2111 decurrens:

505 2148 731 2206 intendit
751 2166 933 2205 arcum
957 2164 1111 2205 suun:
1141 2149 1304 2204 donec
1322 2146 1674 2217 inﬁrmentur.

576 2242 727 2300 Sicut
745 2258 863 2298 cera
889 2258 1007 2315 qua:
1033 2241 1175 2315 ﬂuit,
1199 2240 1502 2313 auferentur
1528 2255 1550 2295 :
1581 2254 1633 2296 -ι-
1673 2248 1829 2310 super
1858 2237 1882 2309 ζ
1916 2238 2103 2297 cecidit

503 2334 642 2407 ignis
661 2378 676 2401 ,
709 2344 757 2392 et
783 2352 887 2391 non
913 2336 1153 2391 uiderunt
1172 2335 1351 2390 solem.

579 2423 901 2498 Priusquam
922 2425 1268 2498 intelligerent
1288 2423 1456 2497 spina:
1475 2429 1655 2480 vestra!
1679 2422 2103 2492 rltamnum;sic-

504 2523 563 2571 ut
585 2518 810 2573 viventes
830 2560 846 2584 .
876 2519 952 2574 sic
975 2519 1030 2573 in
1060 2519 1141 2573 ira
1165 2516 1400 2572 absorbet
1429 2532 1539 2573 eos.

579 2607 867 2665 La'tobitur
885 2611 1097 2680 justus,
1145 2624 1266 2664 cum
1304 2608 1493 2665 viderit
1531 2604 1814 2665 vindictam
1855 2626 1876 2667 :
1919 2626 2104 2668 manus

510 2715 634 2755 suas
656 2701 849 2756 lavabit
876 2702 929 2756 in
951 2702 1205 2775 sanguine
1232 2700 1533 2771 peccatoris.

580 2792 651 2849 Et
683 2795 819 2850 dicet
857 2797 1009 2851 homo
1033 2810 1055 2851 :
1079 2793 1145 2852 Si
1182 2793 1359 2866 utique
1390 2802 1469 2850 est
1491 2796 1690 2865 fructus
1714 2794 1903 2867 justo:
1932 2796 2109 2870 utique

504 2894 581 2942 est
610 2882 752 2944 Deus
770 2887 1023 2963 judicans
1057 2900 1119 2946 αε-
1149 2901 1238 2943 eos
1262 2885 1285 2956 ζ
1320 2883 1375 2940 in
1402 2892 1559 2942 terra.

2206 1778 2497 1827 cantantur
2521 1784 2551 1826 a
2578 1771 2841 1842 sapiente.

2283 1866 2428 1923 Deus
2451 1875 2702 1924 conteret
2722 1867 2917 1925 dentes
2938 1880 3128 1925 eorum
3152 1865 3206 1924 in
3224 1879 3319 1923 ore
3339 1863 3582 1938 ipsorum
3601 1883 3613 1919 :
3632 1862 3787 1922 motas

2209 1958 2429 2018 leonum
2460 1960 2770 2033 confringet
2796 1961 3081 2018 Dominus.

2281 2052 2365 2110 Ad
2404 2052 2637 2110 nihilum
2676 2053 2971 2111 devenient
2997 2054 3148 2112 velut
3179 2065 3316 2125 aqua
3352 2050 3652 2109 decurrens
3675 2066 3690 2109 :
3717 2050 3789 2106 in-

2167 2168 2179 2172 —
2211 2147 2383 2205 tendit
2404 2140 2588 2205 arcum
2625 2162 2783 2205 suum
2814 2148 2989 2206 donec
3009 2144 3369 2205 inllrmentur.

2278 2240 2431 2297 Sicut
2454 2255 2577 2299 cera
2608 2241 2899 2314 liquefacta
2939 2242 3253 2299 auierentur
3284 2258 3299 2297 :
3334 2254 3502 2314 super
3531 2253 3633 2298 eos
3658 2238 3785 2297 ceci-

2208 2332 2288 2389 dit
2316 2334 2486 2406 ignis,
2512 2344 2567 2392 et
2590 2350 2696 2392 non
2719 2335 2977 2392 viderunt
3002 2336 3198 2392 solem.

2286 2424 2610 2500 Priusquam
2640 2426 2905 2496 producat
2927 2427 3115 2498 spinas
3133 2434 3346 2483 vestras
3371 2423 3637 2483 rhamnus
3657 2442 3671 2480 :
3690 2423 3792 2481 sic-

2208 2527 2267 2574 ut
2291 2518 2532 2575 viventes
2553 2561 2568 2589 ,
2600 2519 2679 2575 sic
2706 2520 2762 2576 in
2791 2521 2873 2575 ira
2904 2519 3161 2576 absorbet
3188 2534 3311 2576 eos.

2281 2610 2578 2670 Laetabitur
2586 2614 2786 2685 justus,
2804 2628 2931 2670 eum
2945 2612 3143 2671 viderit
3157 2612 3451 2669 vindictam
3483 2610 3792 2684 impiorum:

2211 2719 2406 2762 manus
2433 2720 2560 2762 suas
2583 2705 2786 2762 lavabit
2821 2704 2877 2762 in
2902 2706 3166 2777 sanguine
3195 2713 3566 2777 peccatorum.

2283 2799 2352 2856 Et
2371 2797 2511 2856 dicet
2538 2798 2704 2857 homo
2730 2817 2743 2854 :
2775 2800 2834 2857 Si
2861 2800 3051 2872 utique
3071 2809 3157 2859 est
3181 2800 3385 2858 fructus
3409 2799 3559 2874 justo
3584 2818 3597 2857 :
3628 2800 3796 2873 utique

2212 2899 2297 2948 est
2326 2891 2468 2950 Deus
2486 2891 2738 2963 judicans
2764 2906 2861 2949 eos
2888 2892 2943 2949 in
2969 2902 3135 2950 terra.

1843 2980 2204 3048 PSALMUS
2243 2985 2465 3049 LVIII.

515 3094 572 3140 IN
602 3097 787 3146 FINEI,
810 3097 880 3139 κε
901 3095 1212 3147 DISPERDAS,
1235 3095 1400 3138 οΑνιυ
1420 3092 1475 3137 Ill
1501 3095 1684 3136 'I'I'l'ULI
1705 3095 2102 3150 INSCRIP’I’IONB,

2246 3100 2267 3141 η
2312 3101 2476 3161 rtnsu
2501 3126 2517 3151 ,
2560 3101 2628 3142 ns
2665 3083 2685 3124 ί
2718 3101 3006 3143 DlSPERDAS
3031 3127 3047 3154 ,
3093 3102 3252 3143 unm
3295 3101 3349 3142 tu
3386 3101 3577 3143 rt'rvu
3616 3096 3800 3144 INSCRI-

578 3169 788 3220 quasso
810 3169 952 3210 utsrr
983 3170 1116 3209 sum.
1133 3194 1149 3222 ,
1176 3168 1249 3224 gr
1274 3166 1591 3210 CUS‘I'OIIVIT
1628 3167 1819 3212 nouunt
1844 3168 1965 3210 usus
1986 3197 2001 3225 ,
2036 3170 2106 3210 υτ

584 3239 693 3282 Εωι
727 3240 1137 3282 INTERFICERET.

583 3334 748 3405 Eripe
776 3353 858 3391 me
882 3337 947 3392 de
969 3336 1190 3391 inimicis
1209 3336 1334 3391 meis
1354 3376 1371 3405 ,
1393 3335 1534 3391 Deus
1557 3334 1588 3375 δ
1607 3352 1752 3393 meus
1777 3337 1912 3394 etab
1934 3339 2108 3394 insur-

514 3431 754 3503 gentibus
776 3432 831 3486 in
863 3447 943 3486 me
973 3429 1135 3486 libera
1162 3445 1265 3486 me.
1346 3486 1355 3493 ,

581 3525 745 3598 Eripe
771 3542 852 3581 me
868 3527 933 3582 de
954 3523 1287 3598 operantibus
1308 3525 1665 3597 iniquitatem:
1686 3535 1733 3584 et
1756 3527 1822 3584 de
1842 3528 1964 3584 viris
1988 3544 2109 3587 san-

509 3619 731 3691 guinum
758 3619 903 3675 salva
928 3635 1029 3676 me.

578 3709 727 3778 Quia
755 3725 869 3767 ecce
896 3717 1141 3784 ceperunt
1168 3710 1399 3768 animam
1426 3726 1594 3769 meam
1620 3728 1638 3770 :
1660 3712 1923 3771 irruerunt
1949 3715 2000 3771 in
2029 3731 2110 3772 me

514 3802 697 3875 fortes.

586 3896 771 3969 Neque
799 3898 1050 3971 iniquitas
1083 3915 1228 3967 mea,
1259 3915 1421 3972 neque
1461 3907 1729 3973 peccatum
1756 3916 1960 3972 meum,
1996 3899 2108 3959 Do-

515 3992 655 4048 mine
676 4007 696 4048 :
723 3993 837 4049 sine
863 3993 1138 4067 iniquitate
1165 3996 1398 4063 cucurri,
1428 4004 1476 4051 et
1503 3996 1692 4052 direxi.

581 4085 823 4158 Exsurge
862 4088 919 4143 in
948 4104 1216 4145 occursum
1239 4105 1446 4159 meum,
1481 4100 1530 4147 et
1565 4091 1681 4147 ride
1708 4106 1726 4146 :
1757 4102 1779 4132 ο
1807 4100 1856 4149 et
1884 4099 1967 4162 tu,
2006 4091 2111 4149 Do-

511 4178 672 4247 mine,
702 4179 843 4235 Deus
861 4182 1128 4249 virtutum,
1154 4182 1294 4238 Dens
1319 4181 1512 4239 Israel.

579 4270 805 4328 Intende
832 4274 902 4329 ad
931 4275 1215 4331 visitandas
1237 4290 1415 4332 omnes
1440 4283 1659 4349 gentes:
1686 4293 1791 4334 non
1815 4279 2107 4337 miserearis

505 4366 765 4436 omnibus,
787 4369 876 4440 qui
901 4379 1185 4442 aperantur
1203 4369 1545 4443 iniquitatem.
1571 4372 1905 4430 Dmrssuua.

2283 3173 2507 3223 errans,
2551 3173 2763 3223 ousuno
2790 3174 2932 3215 utsrr
2966 3173 3133 3228 sana,
3176 3174 3248 3216 ετ
3279 3173 3605 3217 αυετοιιινιτ
3631 3176 3798 3218 ιιοιωι

2284 3245 2408 3286 ειυε
2426 3272 2439 3298 ,
2470 3245 2540 3286 UT
2571 3245 2681 3285 EUI
2709 3246 3128 3288 INTERFICERET.

2285 3347 2450 3421 Eripe
2480 3363 2571 3405 me
2598 3347 2666 3405 de
2692 3346 2930 3405 inimicis
2959 3348 3119 3419 meis,
3152 3347 3298 3405 Deus
3319 3361 3473 3405 meus
3504 3364 3519 3406 :
3549 3347 3698 3406 etab
3724 3348 3800 3405 in-

2213 3440 2559 3513 surgentibus
2589 3442 2642 3498 in
2668 3456 2756 3498 me
2785 3441 2955 3499 libera
2986 3456 3093 3499 me.

2284 3533 2448 3603 Eripe
2474 3548 2563 3590 me
2585 3533 2653 3590 de
2682 3533 3037 3604 operantibus
3070 3532 3416 3606 iniquitatem
3449 3550 3465 3589 :
3499 3541 3558 3591 et
3583 3532 3653 3591 de
3680 3532 3801 3590 viris

2212 3627 2533 3699 sanguinum
2566 3627 2713 3684 salva
2744 3643 2853 3685 me.

2286 3720 2420 3791 Quia
2442 3736 2572 3778 ecce
2592 3728 3002 3793 aucupaverunt
3024 3718 3262 3776 animum
3287 3733 3466 3777 meam
3492 3737 3507 3776 :
3532 3721 3802 3778 irruerunt

2214 3813 2269 3869 in
2296 3827 2385 3870 me
2416 3813 2588 3870 fortes
2616 3830 2630 3867 :
2655 3828 2833 3888 neque
2856 3811 3119 3886 iniquitas
3144 3826 3264 3870 mea
3281 3853 3299 3883 ,
3331 3828 3510 3887 neque
3530 3822 3798 3888 peceatum

2212 3920 2395 3962 meum
2415 3946 2430 3972 ,
2462 3905 2714 3962 Domine.
2884 3900 2885 3903 “
3086 3953 3095 3963 .

2285 3999 2417 4057 Sine
2443 3999 2736 4071 iniquitate
2764 3999 3018 4070 cucurri,
3050 4007 3107 4058 et
3138 3999 3419 4071 dirigebar
3447 4017 3461 4056 :
3494 4014 3726 4077 exsurge
3750 4001 3798 4056 in

2212 4107 2497 4150 occursum
2523 4093 2680 4163 mibi,
2714 4102 2771 4151 et
2794 4094 2921 4151 vide
2950 4113 2963 4149 :
2997 4102 3055 4151 et
3079 4102 3157 4161 tu,
3189 4093 3440 4164 Domine,
3475 4094 3621 4152 Deus
3642 4094 3803 4152 virtu-

2214 4197 2352 4253 tum,
2380 4187 2525 4243 Deus
2546 4187 2735 4244 Israel.

2282 4282 2507 4339 Intende
2518 4282 2586 4338 ad
2604 4292 2628 4331 ε
2642 4281 2939 4339 visitandas
2960 4296 3154 4338 omnes
3165 4293 3358 4354 gentes
3375 4301 3387 4338 :
3406 4282 3800 4347 nonmiserea-

2212 4374 2289 4432 ris
2317 4375 2596 4445 omnibus,
2615 4375 2709 4448 qui
2736 4382 3032 4448 Operantur
3059 4374 3427 4447 iniquitatem.
3473 4376 3799 4433 (insessus.

580 4533 607 4562 ⁸⁸
636 4524 901 4582 Secundis
925 4526 1071 4606 curis
1103 4527 1155 4582 in
1187 4526 1380 4606 eodem
1420 4542 1522 4583 ms.
1568 4528 1873 4606 obdurantis
1913 4532 2112 4606 rescri-
2142 4535 2189 4597 D
2216 4540 2293 4599 et,
2319 4532 2571 4604 confregit
2595 4529 2865 4588 Dominus.
2891 4533 3219 4603 Spernentur
3245 4542 3507 4606 tamquam
3528 4550 3678 4605 aqua,
3702 4542 3801 4588 etc.

506 4604 658 4675 ptum
698 4606 822 4663 est,
872 4598 1049 4675 minus
1072 4614 1218 4654 vere.
1263 4599 1382 4675 Ipse
1419 4610 1599 4675 autem
1648 4602 2010 4675 Hieronymus
2057 4605 2108 4658 in

510 4667 662 4723 Isaiae
692 4683 813 4736 cap.
846 4683 906 4724 nt
936 4670 1057 4737 legit
1091 4684 1214 4724 mox
1247 4667 1406 4739 paulo
1432 4671 1608 4733 aliter.
1636 4689 1749 4741 qua:
1768 4667 1871 4728 non
1894 4676 2110 4731 exaudit

510 4755 686 4816 vocem
712 4741 1133 4816 int-nutantium,
1166 4749 1213 4795 et
1250 4740 1793 4816 veneﬁcirnedicantis
1820 4746 2105 4816 sapienter.

515 4810 684 4883 ljorro
712 4812 764 4868 in
797 4811 903 4869 line
933 4812 1317 4883 subsequentis
1348 4812 1602 4868 versiculi
1640 4813 1793 4869 addit
1823 4810 1967 4871 idem
1996 4833 2102 4873 ms.

510 4878 839 4951 Diapsalma.

584 4952 611 4992 δ
628 4952 770 5029 Vera
795 4963 1063 5029 prsenotat
1080 4954 1311 5029 Palatin.
1331 4968 1435 5010 ms.
1453 4968 1751 5029 pronomen
1774 4973 1941 5021 meus.
1961 4959 2103 5029 quod

512 5037 689 5093 neque
711 5026 763 5079 in
791 5025 986 5082 Grzceo
1018 5027 1238 5094 quidem
1267 5035 1351 5082 est
1373 5065 1390 5094 ,
1427 5024 1494 5082 ex
1535 5024 1768 5084 ilebrmo
1801 5024 1993 5085 autem
2025 5041 2110 5086 ut-

512 5108 747 5166 cumque
786 5106 968 5166 potest
995 5098 1210 5153 excudi.
1306 5162 1317 5166 Α
1416 5130 1425 5137 -

589 5176 612 5202 ο
644 5162 1089 5243 Ρτςιτρυείξίρηεηι
1106 5168 1257 5243 verbi
1278 5162 1547 5243 Exsurge,
1574 5178 1685 5228 tum
1709 5170 1931 5228 voculas
1952 5178 1999 5227 et
2028 5181 2108 5240 tu,

515 5236 697 5308 minus
724 5236 860 5293 bene
890 5239 1029 5293 idem
1058 5256 1156 5295 ms.
1188 5241 1421 5308 ὀϐελίζει.

584 5306 610 5344 ά
635 5305 1348 5386 Coltmrenter_\’eronettsis
1364 5312 1503 5371 liber
1521 5329 1642 5370 cum
1672 5313 1998 5386 Augustino,
2024 5314 2108 5371 Ne

516 5394 817 5458 corrumpas
838 5381 938 5458 ipsi
960 5380 1158 5451 David,
1188 5394 1295 5439 etc.
1330 5384 1385 5458 In
1433 5394 1611 5458 textus
1638 5380 1804 5458 priori
1835 5380 1997 5442 versu
2027 5403 2108 5442 re-

517 5459 630 5513 cte,
662 5449 949 5519 Augustin.
991 5449 1169 5529 recta,
1209 5470 1306 5524 pro
1340 5456 1487 5522 justa
1517 5449 1702 5529 legunt
1732 5476 1745 5511 :
1779 5460 1938 5527 paulo
1988 5468 2110 5527 post

517 5530 859 5598 connectunt.
895 5526 1355 5598 pro_concianant,
1380 5536 1434 5581 ct
1472 5546 1505 5581 a
1536 5526 1705 5591 vulva,
1737 5526 1833 5598 pro
1853 5530 1916 5583 ab
1944 5526 2108 5585 utero.

592 5599 616 5625 ε
650 5591 705 5665 In
736 5590 953 5658 iisdem,
988 5592 1294 5665 Indignafio
1321 5598 1394 5651 eis
1416 5590 1892 5665 secnmlumfetr"
1922 5615 2111 5655 corru-

521 5666 631 5725 pte.
654 5659 993 5739 Δδὀινψιηθη
1023 5659 1152 5739 sicut
1180 5681 1197 5717 :
1228 5676 1353 5739 tnui,
1366 5683 1474 5720 uno
1499 5659 1791 5733 consensu,
1817 5682 1865 5724 et
1881 5659 2110 5725 Vmedica-

524 5733 682 5783 menti
709 5733 947 5785 meditati
984 5748 1016 5784 a
1043 5735 1286 5801 sapiente.
1314 5734 1459 5792 Deus
1489 5741 1723 5793 contrivit
1746 5741 1945 5809 dentes,
1979 5752 2107 5808 etc;

2215 4608 2393 4674 Atque
2426 4606 2651 4677 iterum,
2681 4605 3026 4674 superi-ccidit
3064 4606 3232 4677 ignis,
3266 4605 3373 4661 non
3406 4607 3695 4673 interiecto
3724 4619 3803 4677 eos

2213 4676 2569 4747 pronomine,
2602 4684 2657 4731 et
2683 4686 2807 4747 mox
2827 4716 2842 4741 ,
2881 4675 3145 4747 tamquam
3186 4679 3439 4741 viventes,
3467 4687 3726 4746 tamquam
3754 4675 3802 4726 in

2211 4747 2292 4801 ira
2330 4746 2576 4803 combibet
2592 4764 2707 4819 eos.
2738 4746 2962 4802 Demum
3003 4746 3056 4801 in
3079 4752 3332 4819 sanguine
3365 4749 3678 4819 peccatoris,
3710 4760 3805 4811 pro

2211 4827 2562 4887 peccatorum.
2592 4815 2770 4873 Unum
2812 4819 2866 4874 in
2899 4818 2982 4872 his
3010 4815 3435 4886 atque'alterum
3464 4818 3799 4877 manifestum

2216 4889 2423 4963 codicis
2455 4888 2781 4944 Veronensis
2810 4890 3018 4963 σφάλμᾳ
3050 4898 3339 4963 printerco.

2289 4957 2306 4999 ί
2345 4960 2419 5015 De
2449 4975 2601 5014 more
2633 4957 2963 5083 Aniusti'uus
2990 4957 3049 5014 et
3082 4960 3386 5016 Veronens.
3418 4976 3549 5027 ms.,
3591 4976 3659 5015 ne
3695 4974 3806 5014 cor-

2289 5048 2424 5083 mnas
2445 5031 2549 5083 insi
2573 5030 2699 5083 Davi
2757 5047 2776 5083 :
2806 5044 2916 5083 tum
2943 5047 3081 5083 unus
3108 5032 3435 5083 \'eronens..
3458 5043 3507 5083 et
3536 5030 3801 5083 rustodirit

2211 5048 2424 5102 rumpas
2445 5031 2549 5102 ipsi
2573 5030 2776 5095 David;
2806 5044 2916 5086 tum
2943 5047 3083 5102 unus
3108 5032 3435 5097 \'et'onens.,
3458 5043 3507 5088 et
3536 5030 3801 5086 custodit-it

2214 5100 2381 5157 David
2428 5100 2673 5168 donmm,
2720 5110 2798 5166 nt,
2828 5112 2968 5172 etc.,
2996 5101 3090 5172 qui
3133 5113 3187 5159 et
3230 5104 3410 5165 primo
3439 5104 3617 5159 statim
3648 5115 3803 5157 versu

2211 5186 2526 5247 pronomen
2542 5189 2685 5226 meus
2704 5181 2779 5247 τῷ
2810 5171 2952 5227 Deus
2993 5188 3098 5227 non
3130 5172 3311 5247 addit,
3352 5176 3504 5243 juxta
3535 5175 3801 5230 Grzrcutn.

2212 5243 2483 5315 Cmtcrum
2513 5243 2569 5297 in
2601 5243 2760 5299 textu
2773 5260 2916 5311 erue,
2945 5259 3045 5313 pro
3073 5246 3245 5315 eripe,
3284 5255 3339 5300 et
3359 5246 3564 5301 salvum
3593 5260 3673 5297 me
3702 5247 3803 5311 far,

2215 5331 2314 5384 pro
2343 5313 2488 5368 salva
2509 5331 2607 5379 me,
2641 5322 2696 5368 ct
2718 5315 2888 5368 renati
2914 5323 3049 5377 sunt.
3079 5313 3172 5385 pro
3195 5326 3610 5384 auenpacerun',
3642 5324 3700 5369 et
3723 5329 3803 5367 su-

2213 5404 2305 5460 per
2324 5402 2404 5469 me
2428 5390 2608 5457 fortes,
2642 5400 2741 5453 pro
2770 5387 2823 5440 in
2852 5402 2952 5454 me,
2977 5397 3114 5457 etc.,
3146 5388 3492 5443 continenter
3515 5387 3668 5457 juxta
3699 5386 3803 5441 Au-

2255 5467 2515 5512 IISIIDUIII.

2255 5474 2515 5512 usunum.

2215 5474 2249 5529 Β
2292 5538 2317 5577 5
2350 5528 2514 5604 iidem
2540 5527 2661 5604 libri
2689 5544 2703 5583 :
2728 5527 2798 5580 ad
2820 5528 3134 5604 uisitandum
3160 5545 3334 5604 omnes
3363 5538 3554 5604 gentes,
3578 5543 3679 5580 non
3706 5524 3797 5577 mi-

2218 5600 2693 5657 serearisoumium.
2720 5609 2824 5653 etc.
2855 5599 3014 5663 'l'uzu,
3038 5599 3395 5653 convertentur
3424 5601 3493 5654 ml
3519 5611 3803 5666 vesperam,

2218 5682 2277 5724 ut
2302 5680 2356 5724 et
2388 5670 2546 5723 infra.
2582 5670 2917 5742 AuguSIinus
2958 5678 3135 5729 tantum
3163 5671 3559 5740 Convertuntur,
3591 5677 3652 5725 ct
3680 5680 3796 5724 mox

2218 5743 2499 5811 patiantur,
2522 5750 2627 5797 etc.
