3936 6180
247 214 330 269 9.23

1509 205 1707 260 LibEli
1755 202 2197 260 PSALMORUSI.

3383 207 3494 264 9.26

304 325 414 380 Nam
435 336 472 379 rt
494 327 598 398 ipse
626 323 766 378 Deus
794 339 956 388 meus,
985 330 1032 377 et
1053 321 1296 375 salutaris
1321 337 1482 385 incus,
1510 328 1776 388 susceptor
1803 321 1855 380 Λ
1956 317 2170 371 Etenim
2204 317 2319 388 ipse
2349 326 2429 372 est
2458 317 2600 373 Deus
2633 333 2786 373 meus
2813 360 2826 386 ,
2878 327 2931 373 et
2977 319 3233 374 salutaris
3279 335 3432 376 meus
3468 362 3485 388 ,

245 437 374 482 meus,
402 439 484 474 non
509 421 750 472 morebor
783 419 1031 487 amplius.

304 513 530 581 Quousque
572 512 776 564 irruitis
815 512 866 564 in
897 509 1197 564 hominem?
1235 507 1522 578 iutcrﬁritis
1555 506 1782 560 universi

241 621 310 658 ros
332 621 347 658 .'
372 617 601 673 tamquam
632 603 825 675 parieti
857 602 1102 656 inclinato
1131 609 1174 655 et
1207 601 1442 653 maceritc
1471 597 1745 668 depulstv?

299 784 614 840 Verumtamen
650 785 868 854 pretium
910 800 1076 837 meum
1111 783 1462 853 cogitarcrunt
1506 781 1777 851 repellere,

233 879 404 933 cucurri
429 881 473 931 in
496 880 582 933 siti
613 895 631 932 :
655 896 743 932 ore
765 894 860 932 suo
884 875 1270 942 benedicebant,
1303 884 1348 927 et
1371 874 1524 928 corde
1550 890 1642 927 suo
1671 891 1779 926 ma-

237 971 494 1027 ledicebant.
531 973 867 1028 Drusum.

295 1062 622 1119 Verumtamen
646 1064 757 1119 Deo
780 1065 1009 1137 subjecta
1031 1072 1155 1130 esto,
1180 1063 1351 1117 anima
1375 1077 1485 1117 mea
1505 1063 1778 1132 :quoniam

227 1155 281 1210 ab
301 1157 397 1228 ipso
416 1159 665 1229 patientia
694 1175 826 1213 mea.

286 1252 308 1280 ⁸
339 1251 456 1318 Quia
497 1253 610 1320 ipse
639 1249 781 1304 Deus
814 1267 980 1319 meus,
1024 1258 1070 1305 et
1097 1249 1324 1306 salvator
1370 1265 1532 1314 meus,
1567 1248 1777 1318 adjutor

226 1357 363 1410 meus,
389 1359 480 1397 non
501 1343 788 1414 emigraio.

281 1520 339 1574 In
371 1521 472 1577 Deo
492 1522 724 1577 salutare
765 1538 938 1576 meum
965 1530 1010 1576 et
1042 1520 1213 1590 gloria
1239 1535 1350 1573 mea
1378 1517 1561 1573 :Deus
1589 1513 1776 1570 auxilii

220 1616 302 1670 mei
321 1615 344 1654 ι’
369 1632 416 1672 -:»
453 1627 498 1671 et
531 1617 554 1685 1
579 1634 698 1687 spes
728 1634 839 1670 mea
866 1621 918 1670 in
944 1615 1054 1669 Deo
1083 1631 1142 1670 σξ-
1183 1625 1257 1668 est
1284 1615 1305 1682 1

1891 418 1914 446 ο
1943 410 2157 477 adiutor
2191 425 2364 479 meus,
2400 427 2511 464 non
2548 412 2808 466 movebor
2836 413 3091 482 amplius.

1959 501 2255 571 Quousque
2285 503 2496 557 irruitis
2530 503 2580 556 in
2611 502 2898 558 homines?
2928 504 3236 560 ittterlicitis
3265 505 3490 561 univer-

1885 608 1975 649 sos
2020 611 2033 648 :
2087 603 2360 667 tamquam
2391 597 2586 667 parieti
2621 597 2883 652 inclinato
2913 639 2928 665 ,
2974 605 3030 653 et
3075 598 3330 653 maceria:
3381 598 3488 652 im-

1885 687 2098 756 pulsa)?

1955 779 2342 836 Verumtamen
2375 780 2637 836 honorem
2670 796 2850 837 meum
2899 783 3276 853 cegitaverunt
3309 787 3488 857 repel-

1883 874 2017 941 lere,
2054 875 2270 930 cucurri
2315 875 2370 928 in
2417 875 2504 929 siti
2540 893 2552 929 :
2585 890 2680 930 ore
2725 892 2824 931 suo
2867 877 3288 943 benedicebant,
3331 893 3384 934 et
3428 880 3482 936 in

1883 966 2010 1039 [λίς.
2049 977 2180 1022 tacet
2206 966 2473 1037 iul-corde
2500 982 2599 1021 suo
2631 967 3028 1024 maledicebant
3061 987 3075 1023 :
3105 971 3441 1026 Πηνελωη.

1958 1057 2343 1114 Verumtamen
2395 1058 2508 1112 Deo
2550 1058 2764 1113 subdita
2795 1063 2896 1114 erit
2941 1059 3068 1130 μὴ.
3121 1063 3478 1133 subjicietur]

1881 1149 2057 1203 anima
2091 1165 2209 1204 mea
2246 1167 2257 1202 :
2292 1149 2546 1219 quoniam
2581 1150 2650 1203 ah
2679 1150 2796 1220 ipso
2823 1161 2907 1204 est
2939 1152 3198 1220 patientia
3232 1169 3370 1207 mea.

1955 1243 2171 1298 Etenim
2197 1242 2319 1314 [Με.
2348 1244 2636 1316 quoniam]
2662 1245 2776 1314 ipse
2799 1255 2886 1300 est
2911 1247 3050 1301 Deus
3075 1263 3247 1316 meus,
3275 1260 3325 1303 et
3352 1248 3484 1320 [Μδ.

1879 1343 2009 1388 tacet
2048 1333 2132 1406 et]
2164 1335 2420 1390 salutaris
2470 1351 2623 1391 meus
2658 1353 2671 1391 :
2712 1336 2932 1406 adiutor
2961 1337 3104 1409 [.ils.
3153 1340 3476 1412 susceptor]

1881 1441 2056 1491 meus,
2090 1442 2197 1481 non
2229 1426 2530 1498 emigrabo.

1950 1519 2006 1573 In
2031 1519 2144 1574 Deo
2170 1519 2410 1575 salutare
2435 1536 2615 1575 meum
2640 1531 2692 1577 et
2717 1521 2846 1594 [Μδ.
2879 1533 3011 1577 tacet
3035 1524 3118 1597 et]
3141 1526 3312 1596 gloria
3340 1542 3486 1583 mea:

1881 1613 2027 1668 Deus
2057 1613 2246 1668 auxilii
2273 1613 2399 1682 mei,
2427 1622 2482 1669 et
2507 1629 2633 1684 spes
2665 1631 2783 1671 mea
2817 1617 2870 1671 in
2903 1617 3013 1672 Deo
3042 1629 3148 1673 est.

280 1708 472 1778 Sperate
499 1711 554 1762 in
589 1725 648 1762 eo
689 1709 859 1762 omnis
899 1709 1231 1780 congregatio
1273 1706 1481 1777 populi,
1529 1702 1778 1771 effundite
1811 1718 1857 1778 Β
1903 1742 1907 1744 -
1955 1709 2178 1777 Sperate
2205 1706 2258 1761 in
2288 1705 2305 1744 ί
2333 1723 2421 1772 eo,
2455 1708 2636 1762 omnis
2667 1720 2971 1765 conventus
3005 1711 3200 1781 plebis,
3235 1722 3287 1768 et
3314 1713 3488 1768 cll'un-

225 1817 364 1853 coram
390 1803 474 1855 illo
512 1801 675 1854 cerda
707 1810 876 1856 vestra
909 1816 927 1853 :
959 1799 1098 1854 Deus
1131 1800 1348 1871 adjutor
1375 1807 1546 1852 noster
1573 1810 1592 1834 π
1627 1811 1685 1851 σξ-
1724 1799 1776 1851 in

222 1902 430 1946 retentum
463 1893 484 1961 1
516 1894 858 1949 Diarsamta.

289 1983 624 2039 Verumtamen
647 1986 768 2038 rani
801 1985 896 2054 lilii
929 1986 1220 2048 hominum,
1252 1986 1526 2039 mendaces
1561 1984 1658 2052 ﬁlii
1684 1984 1779 2038 Ito—

221 2075 383 2129 miuum
409 2077 465 2130 in
494 2079 698 2132 stateris
727 2083 818 2131 :ul
850 2075 1111 2145 decipiant
1143 2075 1246 2146 ipsi
1268 2077 1330 2130 de
1354 2077 1576 2130 uanitate
1609 2077 1660 2130 in
1703 2076 1783 2128 id-

220 2165 382 2233 ipsum.

281 2257 436 2314 Nolite
461 2277 670 2330 sperare
699 2262 752 2314 in
785 2261 1082 2332 iniquitate,
1127 2270 1174 2315 et
1214 2261 1425 2333 rapinas
1466 2262 1625 2316 nolite
1655 2278 1778 2316 con-

222 2353 449 2420 cupiscere
478 2371 494 2407 :
525 2354 718 2408 divitia:
745 2354 790 2407 .si
818 2355 1066 2422 afﬂuant,
1092 2353 1251 2407 nolite
1275 2370 1364 2406 cor
1389 2371 1666 2424 apponere.

279 2443 431 2498 Semel
458 2446 659 2500 locutus
693 2455 768 2500 est
807 2445 970 2512 Deus,
1007 2447 1110 2498 duo
1139 2445 1246 2500 lucc
1282 2446 1478 2512 audiri,
1528 2447 1648 2514 quia
1678 2463 1774 2515 p0-

225 2545 351 2590 trstas
375 2536 460 2591 I)ei
485 2549 583 2607 est,
623 2548 673 2594 et
718 2540 832 2607 tibi,
869 2539 1105 2602 Domine,
1142 2540 1498 2595 misericordia
1521 2554 1540 2593 :
1569 2541 1689 2611 quia
1719 2550 1774 2594 tu

222 2628 374 2686 reddes
397 2633 664 2705 unicuique
678 2633 844 2703 juxta
869 2648 1025 2704 Opera
1051 2649 1166 2687 sua.

1881 1799 1991 1853 dite
2021 1815 2202 1854 coram
2239 1799 2333 1853 illo
2364 1798 2529 1854 corda
2563 1809 2739 1853 vestra
2774 1817 2786 1852 :
2817 1800 2941 1870 quia
2966 1800 3110 1856 Deus
3136 1802 3349 1871 adjutor
3382 1819 3485 1860 no-

1876 1901 1989 1946 ster
2018 1901 2100 1948 est
2133 1891 2262 1963 liis.
2289 1901 2418 1946 tacet
2446 1901 2529 1947 est
2551 1891 2598 1964 ].
2633 1893 2966 1949 Dtarsauu.

1959 1982 2350 2038 Verumtamen
2389 1983 2515 2038 vani
2550 1983 2644 2038 lilii
2679 1983 2984 2052 hominmn,
3035 1987 3330 2045 mendaces
3379 1988 3477 2044 lilii

1884 2075 2162 2130 hominum
2197 2075 2252 2130 in
2277 2077 2498 2132 stateris
2525 2093 2538 2132 :
2569 2083 2628 2130 ιιι
2656 2076 2933 2148 decipiant
2985 2079 3091 2150 ipsi
3124 2081 3191 2136 de
3239 2082 3482 2137 vanitate

1884 2183 1982 2223 sua
2021 2169 2073 2223 in
2106 2168 2364 2241 idipsum.

1959 2262 2139 2317 Nolite
2170 2279 2396 2332 sperare
2428 2262 2480 2319 in
2515 2264 2803 2336 iniquitate
2837 2283 2848 2320 :
2893 2275 2946 2322 et
2992 2266 3044 2322 in
3080 2268 3284 2338 rapinis
3315 2267 3483 2325 nolite

1885 2355 2298 2424 concupiscere.

1960 2446 2168 2500 Divititl'
2201 2446 2243 2500 si
2269 2446 2516 2515 atnuaut,
2547 2448 2719 2502 nolite
2745 2462 2840 2503 cor
2861 2463 3136 2519 apponere
3163 2467 3176 2517 ;
3203 2451 3373 2508 semel
3404 2451 3486 2508 lo-

1884 2548 2039 2595 cutus
2067 2549 2152 2594 est
2179 2540 2338 2605 Deus,
2369 2539 2476 2595 duo
2503 2539 2620 2596 haec
2643 2540 2845 2596 audivi.

1956 2635 2091 2702 Quia
2122 2643 2362 2706 potestas
2393 2635 2485 2690 Dei
2513 2645 2619 2701 est,
2650 2645 2701 2689 ct
2732 2635 2849 2700 tibi,
2886 2635 3136 2704 Domine,
3173 2636 3485 2695 miscricor-

1886 2727 1973 2784 dia
2003 2745 2017 2784 :
2047 2727 2168 2799 quia
2194 2737 2248 2784 tu
2278 2727 2474 2785 reddes
2495 2728 2724 2800 singulis
2747 2728 3046 2785 secundum
3071 2745 3239 2802 opera
3259 2745 3474 2788 eorum.

1531 2843 1891 2909 PSALMUS
1935 2845 2132 2907 LXII.

292 2981 499 3025 PSALMUS
531 2986 708 3038 DM‘lD,
751 2984 858 3026 CUM
890 2984 1053 3024 ESSET
1085 2984 1136 3024 ΙΝ
1183 2983 1422 3026 υεεειιτο
1449 2983 1706 3024 ιουιιεειε.

289 3131 408 3189 Deus
430 3134 564 3189 Deus
589 3148 755 3198 meus,
786 3131 852 3184 ad
882 3139 928 3184 te
949 3128 1014 3184 de
1040 3129 1152 3182 luce
1175 3127 1350 3199 vigilo.

291 3228 447 3281 Sitivit
477 3223 503 3263 ά
530 3241 584 3282 -t—
614 3227 668 3280 in
704 3224 726 3292 1
762 3233 810 3277 te
838 3223 1015 3277 anima
1051 3231 1161 3276 mea
1189 3238 1208 3280 :
1237 3237 1391 3292 quam
1418 3220 1776 3291 multipliciter

229 3320 306 3375 tibi
325 3341 428 3378 caro
449 3340 587 3378 mea:

293 3413 346 3467 ln
369 3420 423 3481 ξςέ
465 3425 594 3472 terra
627 3417 650 3484 1
698 3415 922 3480 deserta,
955 3421 1002 3466 ct
1035 3411 1192 3477 invia,
1231 3421 1278 3466 et
1311 3411 1583 3480 inaquosa,
1617 3409 1690 3464 sic
1722 3410 1774 3464 itt

233 3517 380 3560 sancto
403 3510 613 3577 apparui
637 3507 734 3562 tibi
757 3523 774 3561 .'
797 3518 850 3561 ut
880 3507 1105 3560 viderent
1133 3505 1372 3558 virtutem
1409 3512 1552 3557 tuam
1583 3513 1629 3558 et
1665 3501 1778 3576 glo-

236 3597 345 3650 riam
379 3611 528 3655 tuam.

297 3691 522 3756 Quoniam
560 3694 740 3749 melior
781 3702 855 3747 est
897 3691 1252 3746 misericordia
1287 3700 1373 3747 tua
1407 3708 1564 3763 super
1607 3691 1736 3745 tritas
1761 3704 1781 3745 :

240 3781 350 3836 labia
373 3802 475 3840 mea
500 3785 780 3841 laudabunt
805 3796 872 3840 te.

297 3877 374 3930 Sic
398 3879 671 3937 benedicam
705 3881 826 3936 tein
849 3879 949 3933 vita
980 3895 1090 3934 mea
1117 3894 1135 3933 :
1163 3894 1222 3934 ἡ·
1250 3888 1296 3934 et
1333 3878 1352 3947 1
1386 3879 1440 3933 in
1465 3879 1671 3934 nomine
1695 3889 1780 3935 tuo

241 3967 389 4023 levabo
417 3988 582 4029 manus
613 3990 776 4028 meas.

243 4154 380 4223 tiqua,
411 4173 466 4214 ac
490 4160 711 4216 fortasse
735 4158 948 4222 eadem,
982 4173 1101 4228 qua:
1126 4157 1394 4225 reliquum
1426 4165 1628 4210 textum
1659 4171 1779 4224 per-

243 4229 491 4299 scripserat
515 4250 669 4288 manu
702 4233 753 4286 in
785 4242 1008 4299 utraque
1039 4229 1253 4298 pagina,
1285 4228 1354 4280 ab—
1378 4230 1489 4298 ipso
1525 4231 1662 4282 enim
1695 4246 1781 4282 sa—

241 4294 380 4374 lutare
403 4316 570 4374 meum,
603 4317 680 4367 et,
718 4319 812 4374 pur
839 4294 967 4374 autin
996 4294 1092 4374 gari
1111 4294 1166 4352 te
1194 4294 1411 4352 sotirion
1443 4316 1546 4374 mu.

295 4376 314 4400 ⁸
347 4370 419 4422 Ad
442 4367 572 4427 hune
601 4367 895 4428 modumin
931 4367 1171 4425 Palatium
1199 4385 1300 4422 illS.
1333 4380 1386 4423 et
1413 4371 1551 4438 apud
1583 4367 1782 4423 Carum

232 4436 459 4514 aliertur,
500 4462 548 4499 ἡ
594 4447 728 4512 Quia
757 4444 779 4510 1
815 4444 921 4514 ipse
955 4457 992 4496 νε
1053 4443 1191 4514 Deus
1222 4457 1362 4494 meus
1400 4441 1420 4508 1
1450 4436 1496 4493 et
1527 4442 1782 4514 sulcator,

233 4517 313 4578 f'lC-
341 4508 470 4568 haud
492 4508 655 4578 recte,
688 4508 901 4567 tametsi
926 4514 1085 4567 aliter
1107 4513 1261 4566 habet
1293 4514 1546 4565 llcbneus
1569 4511 1633 4563 ad
1666 4528 1787 4565 ver-

233 4574 340 4656 huut
377 4573 746 4640 Tantummodo
796 4587 904 4656 ipse
934 4601 1088 4649 rupes
1160 4599 1312 4656 inea;
1348 4583 1439 4634 sed
1489 4581 1614 4635 illud
1665 4591 1788 4640 ν’·ἰῚῖ
1817 4573 1867 4632 Ῑ)

231 4653 393 4725 par-iii“
443 4653 944 4725 metaplmrice'pto
986 4656 1096 4709 Deo
1133 4654 1418 4723 accipitur,
1459 4668 1523 4707 ac
1570 4663 1788 4708 vertunt

230 4717 343 4790 LXX
373 4739 383 4771 2
424 4726 520 4790 θεός
547 4717 662 4790 μίν.

288 4788 308 4824 ι)
345 4791 472 4852 lluic
499 4785 707 4869 quoque
745 4809 790 4852 et
828 4796 1062 4866 copulae,
1098 4811 1218 4866 qua!
1251 4811 1425 4865 neque
1459 4794 1784 4869 inplicbrtpe

233 4872 442 4934 resonat,
468 4867 528 4923 ad
552 4867 778 4924 Palatini
815 4884 916 4921 ms.
945 4869 1102 4921 [idem
1137 4883 1265 4922 veru
1298 4867 1680 4934 prarpouintns.
1713 4867 1787 4921 De

232 4932 568 5015 Stillljcquentis
588 4941 842 4996 versicali
866 4940 1024 4993 ohelo
1045 4941 1270 5015 ipsemet
1287 4932 1344 4993 S.
1369 4932 1525 4992 Pater
1550 4939 1601 4990 in
1623 4937 1784 5007 epist.

233 4998 284 5048 illi
309 4998 552 5078 Sttttniam
584 5021 635 5067 et
673 5012 949 5066 Frctelant
985 4998 1087 5064 fide
1111 5010 1283 5078 jubet.

298 5080 314 5106 τ
343 5074 554 5150 Ulietutn
582 5085 738 5137 istius
779 5082 880 5134 loci
909 5074 1265 5150 probat'idetu
1298 5079 1662 5149 llieronyaus
1699 5077 1785 5132 di-

253 5149 574 5223 ῗίὶιξὸιξΕι-εο,
603 5157 655 5207 in
686 5149 966 5218 a'tcrnutu,
1001 5151 1187 5223 OitcilIS
1214 5163 1315 5204 est.
1352 5151 1526 5223 hitur.

316 5210 338 5247 ἀ
359 5210 686 5295 Hieronymus
710 5225 918 5295 legitin
935 5210 1495 5295 epistolasua,ﬁnivit
1512 5221 1600 5273 ιιὺὶ
1619 5221 1792 5295 anima

260 5298 369 5348 mea.
392 5302 468 5355 pro
485 5292 578 5364 quo
603 5297 823 5366 (inquit)
847 5294 897 5346 iu
919 5293 1107 5348 Grzrco
1136 5293 1223 5357 sit,
1259 5293 1435 5345 Sitirit
1463 5292 1514 5343 in
1542 5301 1588 5344 te
1617 5293 1790 5344 anima

263 5388 374 5428 mea.
408 5379 664 5460 Subjungit
692 5388 859 5442 etiam
894 5387 943 5438 iu
990 5384 1217 5440 liehrzeo
1263 5383 1446 5438 haberi
1479 5399 1615 5439 LM!“
1644 5367 1791 5464 (1'7)

259 5468 376 5546 quod
418 5475 695 5546 signiﬁcat,
759 5479 867 5542 tibi,
913 5477 1058 5546 quod
1107 5487 1162 5531 et
1214 5491 1403 5530 omnes
1458 5477 1792 5542 interpretes

261 5544 612 5620 transtulerunt.
655 5544 799 5620 Ergo
829 5544 1127 5620 secundum
1164 5549 1357 5617 lingua:
1401 5547 1793 5615 proprietatem

258 5615 439 5665 "Usum
463 5632 531 5675 est
555 5625 604 5677 in
634 5615 908 5676 Latinum.
937 5619 1112 5674 Man'r.

303 5680 548 5749 —chlum
568 5693 922 5750 Palatin.ms.
951 5689 1334 5762 praetermittit.
1367 5687 1419 5743 In
1441 5687 1559 5759 ipso
1581 5699 1796 5758 quoque

1811 2974 1854 3036 C
1889 2982 2123 3024 rsmws
2147 2983 2307 3024 υΑγιυ
2332 2965 2456 3042 illa.
2478 2982 2578 3024 tPSt
2606 2966 2793 3039 ωηο]
2816 3011 2828 3034 ,
2853 2981 2956 3024 ceu
2985 2982 3148 3025 essm
3171 2984 3222 3026 tu
3247 2985 3489 3029 passuro

2559 3055 2811 3096 lDUlleA-I.

1959 3134 2106 3190 Dcus
2137 3133 2282 3190 Deus
2313 3149 2490 3202 meus,
2513 3135 2579 3191 ad
2606 3147 2657 3190 te
2689 3134 2755 3191 de
2783 3135 2901 3190 luce
2933 3135 3120 3206 vigilo.

1955 3223 2139 3280 Sitivit
2187 3225 2243 3280 itt
2278 3235 2328 3282 te
2366 3226 2546 3282 anima
2581 3242 2698 3286 mea
2735 3245 2747 3282 :
2783 3242 2944 3298 quam
2978 3227 3353 3300 multipliciter
3383 3229 3482 3286 tili

1888 3327 1941 3375 et
1971 3334 2100 3374 caro
2129 3320 2277 3375 mea!

1958 3413 2012 3468 In
2049 3423 2072 3461 ϐ
2096 3413 2336 3482 deserto,
2369 3423 2421 3470 et
2451 3414 2502 3469 in
2526 3413 2676 3469 invio
2701 3424 2753 3469 et
2783 3413 3067 3484 inaquoso,
3099 3413 3179 3469 sic
3211 3413 3263 3468 in
3297 3425 3486 3471 sancto

1887 3506 2114 3576 apparui
2149 3506 2243 3561 tibi
2279 3524 2292 3560 :
2327 3516 2384 3561 ut
2417 3504 2656 3563 riderent
2693 3507 2954 3562 virtutem
2986 3506 3115 3578 μιε.
3147 3506 3480 3578 potentiam]

1883 3607 2028 3652 tuam
2061 3607 2112 3653 et
2143 3598 2370 3668 gloriam
2405 3607 2574 3654 tuam.

1957 3693 2092 3761 Quia
2121 3693 2312 3747 melior
2334 3701 2416 3747 est
2442 3693 2808 3748 misericordia
2841 3702 2928 3750 tua
2952 3691 2980 3732 ιι
3010 3709 3174 3766 super
3200 3693 3338 3750 vitas
3364 3713 3377 3750 :
3404 3693 3486 3750 la-

1886 3785 1971 3841 bia
2004 3803 2120 3844 mea
2155 3786 2448 3841 laudabunt
2474 3797 2545 3840 te.

1960 3883 2048 3937 Sic
2077 3881 2394 3938 benedicam
2445 3893 2497 3940 te
2528 3884 2578 3938 in
2611 3883 2717 3940 vita
2750 3899 2867 3940 mea
2906 3899 2920 3940 :
2954 3894 3005 3940 et
3039 3885 3092 3941 itt
3138 3885 3360 3943 nomine
3391 3895 3489 3943 tuo

1888 3974 2080 4031 levabo
2110 3990 2302 4031 manus
2327 3991 2495 4032 meas.

1887 4166 2079 4240 (ἶνίνοο
2111 4176 2257 4220 textu
2290 4163 2407 4240 sine
2443 4165 2827 4240 prmpositione
2851 4178 2932 4222 est
2961 4166 3168 4240 ἐδίψησὲ
3189 4188 3287 4231 σοι,
3324 4166 3489 4224 Vide-

1887 4239 1962 4291 sis
1994 4239 2152 4307 cpi~t.
2185 4240 2251 4293 ad
2285 4237 2544 4292 Sunuiam
2571 4250 2617 4291 el
2654 4237 2940 4294 Frctelam.
2974 4237 3167 4294 l’eecat
3199 4255 3328 4294 vero
3355 4255 3479 4295 mox

1890 4311 1942 4363 in
1977 4310 2239 4364 ηδιοιηὶμεο
2281 4307 2601 4378 apponendo
2627 4309 2766 4363 idem
2803 4311 3033 4364 l’uiatitt.
3069 4325 3172 4362 ωδ.

1965 4390 1988 4416 ο
2024 4377 2328 4434 γει-οιιοιιεξ
2351 4394 2473 4432 cum
2494 4377 2794 4445 Augustino
2821 4390 3110 4446 susceptor,
3134 4393 3229 4446 pro
3249 4378 3485 4449 adjutor:

1891 4460 1944 4504 et
1970 4451 2319 4518 subsequcnli
2349 4466 2530 4516 versu,
2561 4468 2828 4521 quousque
2861 4461 3175 4521 opponentes
3204 4448 3360 4518 super
3386 4448 3481 4502 Ito-

1893 4523 2122 4575 minem?
2151 4522 2515 4592 iuterﬁcicntes
2551 4519 2749 4592 (Aug,
2769 4520 3046 4590 interﬁcite
3065 4519 3102 4590 ),
3128 4535 3302 4572 omnes
3346 4527 3480 4572 tam-

1893 4609 2069 4662 quam,
2102 4601 2208 4646 etc.

1968 4663 1984 4700 τ
2025 4663 2158 4717 Cum
2212 4664 2511 4735 Augustino
2529 4662 2831 4735 Veroneus.
2869 4675 2998 4727 ms.,
3031 4669 3231 4735 sperate
3275 4660 3480 4735 ineunt

1892 4751 2037 4787 omne
2065 4731 2339 4787 concilium
2381 4735 2540 4805 plebis
2568 4734 2854 4799 :c/fundite
2895 4749 3067 4783 cor-um
3099 4731 3189 4805 illo
3223 4732 3377 4805 corda
3406 4748 3489 4805 re-

1890 4816 1997 4858 stra
2024 4820 2041 4858 :
2071 4805 2204 4859 Deus
2232 4802 2442 4876 adjutor
2474 4817 2662 4866 noster,
2689 4805 2892 4876 absque
2917 4820 3001 4864 eo,
3029 4802 3171 4876 quod
3201 4802 3488 4876 subsequi-

1902 4887 2008 4941 tur,
2042 4886 2114 4929 est
2142 4871 2329 4930 verba.
2364 4877 2500 4930 Tum
2529 4878 2581 4926 in
2614 4874 2893 4941 sequentis
2916 4871 3169 4924 \‘t‘rsicttii
3197 4873 3324 4936 line,
3355 4874 3488 4924 deci-

1890 4949 2034 5016 piant
2068 4948 2164 5012 ipsi
2187 4948 2249 5000 de
2271 4948 2495 5001 vanitate
2519 4947 2570 4996 in
2596 4959 2783 5016 unum.
2811 4944 2895 5003 Et,
2926 4943 3079 5016 nolite
3099 4957 3304 5007 sperare
3335 4957 3487 5016 super

1890 5013 2235 5085 iniquitatt'm,
2268 5029 2314 5070 et
2345 5019 2396 5070 in
2426 5017 2658 5081 rapinam
2688 5014 2808 5083 (Al.
2837 5013 3054 5085 rapina)
3082 5029 3143 5063 ne
3166 5014 3491 5083 concupisca-

1897 5088 2225 5143 tis.'l)iritia:
2255 5089 2298 5140 si
2328 5090 2680 5157 aﬁluant,_ne
2725 5084 2998 5157 apponatis
3039 5098 3176 5157 cor;
3215 5087 3446 5152 tlcueqtte
3469 5123 3484 5148 ,

1897 5161 2078 5213 reddes
2108 5152 2688 5226 nuituiquest'cundum
2721 5167 2874 5226 Opera
2906 5156 3040 5222 ejus,
3071 5153 3168 5226 γειΔ
3188 5170 3302 5226 sua.

1970 5241 1993 5277 ε
2037 5221 2340 5285 Veronens.
2371 5240 2497 5286 ms.,
2520 5221 2731 5273 lnterra
2757 5221 2956 5274 deserta
2987 5233 3032 5276 et
3066 5221 3202 5274 invia
3224 5222 3411 5292 (Aug.,
3440 5232 3489 5278 et

1895 5301 2003 5354 sine
2027 5299 2140 5368 riu)
2171 5307 2216 5348 rt
2247 5298 2539 5368 sineaqua,
2569 5293 2805 5368 sith-te.

1971 5370 1997 5406 ιι
2042 5359 2395 5423 Ιιτὼιριήιὶεἱι
2427 5363 2631 5433 Veron.
2654 5361 2898 5433 Psalterii
2925 5362 3100 5415 editor
3123 5359 3312 5433 verba,
3339 5379 3490 5433 super

1899 5442 2044 5503 rigas,
2077 5454 2194 5504 qua:
2229 5438 2302 5487 ait
2341 5437 2391 5488 in
2422 5448 2486 5485 eo
2518 5432 2706 5484 codice
2735 5431 2945 5504 dce-se.
2980 5434 3150 5504 lntmo
3185 5431 3495 5501 ell'ugeruut

1898 5512 2014 5578 ejus
2034 5501 2390 5578 diligentiam,
2419 5510 2664 5578 prostant
2693 5501 2858 5578 enim,
2886 5501 3096 5578 tametsi
3127 5506 3286 5578 paulo
3314 5505 3494 5578 t'AXCSiS

1896 5570 2159 5633 v'etustate
2207 5575 2411 5641 aliquot
2454 5570 2674 5637 litteris,
2711 5571 2764 5624 in
2798 5586 2864 5626 eo
2903 5572 3021 5641 ipso
3051 5573 3375 5642 exctnplari,
3428 5587 3494 5626 ac

1895 5651 2032 5706 lccta
2059 5645 2210 5703 nobis
2244 5653 2390 5702 sunt.
