3936 6180
458 153 560 209 251

538 269 641 336 Qui
682 268 981 322 dominatur
1018 267 1072 321 in
1111 265 1296 320 uirtute
1339 281 1435 320 sua
1465 275 1491 302 η
1532 280 1582 320 σθ
1627 265 1678 318 in

462 361 600 416 oculi
631 361 744 432 ejus
771 377 926 432 super
948 369 1122 432 gentes
1151 360 1431 431 respiciunt
1454 375 1474 414 :
1501 360 1590 430 qui
1613 370 1924 430 exasperant
1955 376 2056 414 non

463 452 760 508 exaltentur
779 453 830 506 in
860 453 1170 523 semetipsis.
1199 452 1528 507 ΠιΑρεΑιιιΑ.

535 545 863 611 Benedicite,
895 556 1104 616 gentes,
1130 544 1299 601 Deum
1327 558 1560 602 nostrum
1581 586 1598 616 ,
1631 556 1677 603 et
1707 549 1944 602 auditam
1973 548 2058 618 fa-

463 641 560 694 cite
580 656 748 693 vocem
770 638 948 693 laudis
978 641 1092 709 ejus
1125 656 1143 694 .'

539 731 642 796 Qui
672 733 845 802 posuit
879 733 1108 786 animam
1144 751 1310 788 meum
1339 734 1408 788 ad
1439 734 1594 789 vitam
1629 751 1648 791 :
1689 743 1737 790 et
1778 751 1881 790 non
1921 733 2062 790 dedit

466 822 518 877 in
547 823 941 878 commotionem
968 825 1122 892 pedes
1154 842 1313 880 meos.

549 915 809 982 Quoniam
838 915 1071 986 probasti
1088 933 1204 984 nos,
1231 916 1369 973 Deus
1397 936 1416 975 :
1447 921 1565 991 igne
1604 937 1695 975 nos
1728 919 2062 987 examinasti,

465 1006 596 1062 sicut
621 1009 953 1062 examinatur
981 1017 1274 1079 argentum.

538 1099 807 1156 Induxisti
853 1120 946 1156 nos
1000 1104 1055 1156 in
1099 1103 1343 1174 laqueum
1372 1146 1386 1172 ,
1439 1105 1660 1174 posuisti
1708 1105 2067 1160 tribulationes

469 1193 522 1248 in
569 1197 726 1250 dorso
779 1203 1002 1252 nostro:
1060 1197 1358 1268 imposuisti
1404 1198 1638 1253 homines
1687 1214 1845 1268 super
1896 1198 2066 1269 capita

474 1297 670 1344 nostra.
747 1292 762 1352 ἰ

549 1380 901 1437 Transivimus
929 1399 1020 1453 per
1041 1382 1232 1456 ignem,
1275 1391 1324 1438 et
1365 1400 1552 1458 aquam
1583 1402 1601 1441 :
1639 1394 1687 1439 et
1719 1384 1948 1441 eduxisti
1975 1400 2070 1440 nos

474 1473 525 1528 in
552 1474 898 1546 refrigerium.

539 1565 776 1622 Introibo
813 1568 865 1622 in
911 1569 1125 1623 domum
1169 1579 1313 1624 tttam
1351 1571 1406 1623 in
1446 1570 1763 1626 holocaustis
1791 1585 1810 1623 :
1854 1569 2068 1625 reddam

475 1657 568 1712 tibi
593 1670 706 1712 rota
728 1675 864 1725 utea,
898 1675 1012 1729 qua:
1040 1661 1395 1715 distinxerunt
1425 1661 1563 1715 labia
1587 1679 1723 1718 mea.

551 1748 622 1804 Et
649 1749 883 1805 locutum
909 1761 983 1806 est
1009 1770 1062 1806 os
1085 1770 1276 1821 meum,
1307 1755 1359 1808 in
1391 1755 1723 1810 tribulatione
1745 1772 1879 1811 mea.

552 1842 876 1898 IIolocausta
904 1846 1189 1900 medullata
1218 1844 1431 1913 olferam
1463 1847 1553 1900 tibi
1573 1865 1688 1902 cum
1716 1849 1922 1904 incenso
1948 1850 2081 1906 arie-

481 1946 632 1989 tum:
662 1935 876 2004 offeram
917 1953 976 1991 υξ-
1010 1937 1101 1990 tibi
1135 1938 1157 2005 1
1201 1937 1346 1992 boves
1383 1955 1502 1994 cum
1534 1939 1712 1996 hircis.
1749 1942 2077 1999 DIAPSALIM.

563 2027 762 2094 Venite,
802 2027 996 2095 audite,
1027 2039 1073 2083 et
1103 2029 1327 2086 narrabo
1358 2048 1528 2087 oumes
1555 2033 1642 2104 qui
1673 2034 1857 2090 timetis
1892 2034 2076 2104 Deum,

482 2129 672 2191 quanta
698 2120 822 2192 fecit
848 2121 1037 2176 animae
1059 2137 1204 2178 mete.

554 2323 582 2364 ι)
606 2325 685 2380 Ad
716 2326 886 2397 ipsum
918 2342 1006 2380 ore
1038 2342 1150 2382 meo
1176 2325 1398 2383 clamavi
1415 2344 1436 2384 .'
1463 2337 1512 2385 et
1538 2329 1760 2385 exaltari
1787 2330 1881 2386 sub
1904 2331 2082 2404 lingua

485 2432 596 2472 mea
605 2456 618 2470 .

556 2509 891 2583 Iniquitate»:
919 2511 966 2567 si
1005 2513 1184 2585 aspexi
1227 2514 1280 2569 in
1311 2514 1466 2570 corde
1513 2531 1670 2572 meo:
1711 2533 1812 2573 non
1841 2518 2082 2573 exaudiet

485 2606 764 2664 Dominus.

560 2701 847 2773 Propterea
873 2703 1137 2760 exaudivit
1163 2702 1305 2761 Deus
1334 2721 1351 2760 :
1378 2715 1427 2761 et
1453 2705 1668 2761 attendit
1700 2706 1811 2762 voci
1838 2705 2084 2778 depreca-

487 2797 641 2851 tionis
668 2813 813 2871 mete.

557 2927 865 2985 Benedictus
895 2929 1078 2987 Deus:
1107 2931 1195 3004 qui
1225 2949 1328 2989 non
1357 2933 1546 2990 amovit
1578 2935 1865 2992 orationem
1893 2951 2080 3005 meam,

488 3033 536 3079 et
567 3024 969 3084 misericordiam
993 3043 1141 3081 suant
1165 3043 1198 3080 a
1226 3044 1328 3084 me.
2109 3052 2156 3118 ο

1465 151 1524 209 S.
1572 149 1954 208 lllEiiO-NYMI
1995 149 2225 206 DIV'INA
2268 147 2751 207 BiBLlOl'llECA.

3657 147 3761 203 252

1722 265 1744 333 1
1787 274 2058 330 reternum,
2094 267 2141 326 Α
2238 263 2341 330 Qui
2379 263 2691 319 dominatur
2736 261 2789 315 in
2839 259 3040 314 virtute
3078 273 3174 316 sua
3220 258 3274 315 in
3307 266 3579 315 :eternnm
3621 262 3761 317 oculi

2165 358 2286 426 ejus
2317 370 2481 426 super
2501 361 2694 426 gentes
2731 351 3061 422 respiciunt:
3085 351 3174 422 qui
3203 351 3256 405 in
3284 350 3418 406 iram
3444 361 3761 422 provocant,

2165 466 2276 504 non
2304 449 2617 504 cxaltentur
2642 447 2696 502 in
2728 446 3062 516 semetipsis.
3095 445 3429 501 DMPSALMA.

2238 541 2575 611 Benedicile,
2604 549 2818 612 gentes,
2856 539 3022 594 Deum
3052 546 3297 594 nostrum
3323 556 3338 594 :
3365 547 3423 596 et
3456 551 3477 577 τ
3509 539 3767 597 obaudite

2163 650 2353 692 vocem
2383 636 2555 691 laudis
2577 634 2717 705 ejus.

2232 731 2332 799 Qui
2359 731 2542 800 posuit
2568 727 2803 785 animam
2832 742 3008 784 meam
3036 725 3104 785 ad
3131 727 3294 785 vitam
3328 743 3344 784 :
3377 735 3434 785 et
3458 742 3574 784 non
3619 726 3773 785 dedit

2165 823 2499 879 commoveri
2530 822 2696 894 pedes
2729 835 2902 878 meos.

2235 916 2501 984 Quoniam
2529 914 2772 986 probasti
2803 929 2926 985 nos,
2947 915 3110 982 Deus,
3138 914 3261 985 igne
3287 931 3384 972 nos
3416 913 3771 972 cxamiuastl:

2166 1009 2308 1065 sicut
2339 1011 2460 1079 igne
2489 1007 2832 1064 examinator
2855 1018 3157 1079 argentum.

2238 1103 2505 1160 lnduxisti
2526 1119 2625 1160 nos
2641 1102 2991 1175 inlaquguml
3018 1103 3124 1156 Ms.
3161 1098 3542 1174 muscipulam]
3564 1143 3580 1167 ,
3595 1101 3773 1173 posuit

2176 1195 2553 1251 tribulationes
2601 1194 2655 1250 iu
2707 1193 2874 1250 dorso
2921 1202 3110 1249 nostro
3136 1192 3265 1265 Ws.
3302 1193 3464 1248 dorsa
3514 1190 3772 1264 nosu-a]:

2167 1286 2518 1357 imposuisu:
2547 1282 2570 1323 δ
2607 1285 2884 1342 hominem
2913 1299 3077 1356 super
3102 1286 3277 1354 capita
3304 1295 3512 1341 nostra.

2260 1379 2637 1435 Transirimus
2685 1393 2783 1449 per
2823 1380 3002 1450 ignem
3037 1386 3092 1436 et
3137 1393 3369 1450 aquam:
3417 1387 3473 1434 et
3516 1376 3780 1435 induxisti

2172 1489 2272 1528 nos
2303 1473 2355 1526 in
2397 1471 2763 1542 refrigerium.

2253 1563 2494 1621 lntruibo
2534 1565 2587 1620 in
2618 1563 2841 1620 domum
2891 1573 3038 1617 tuam
3087 1562 3140 1618 in
3171 1560 3507 1618 holocaustis
3539 1579 3555 1616 :
3594 1571 3616 1599 ε
3653 1560 3780 1618 red-

2103 1654 2148 1714 B
2179 1659 2301 1716 dam
2323 1659 2429 1722 tibi
2461 1670 2582 1714 vota
2614 1674 2756 1726 mea,
2788 1673 2910 1730 qua:
2931 1656 3304 1712 distinxerunt
3335 1656 3475 1711 labia
3509 1671 3652 1712 mea.

2258 1752 2585 1808 Etlocutum
2601 1761 2686 1808 est
2707 1766 2771 1807 os
2792 1764 2996 1814 meum,
3032 1751 3085 1804 in
3119 1749 3464 1805 tribulatione
3488 1763 3608 1804 mea
3639 1764 3654 1801 :

2187 1847 2514 1902 lloloeausta
2542 1846 2835 1902 medullata
2869 1844 3092 1899 offeram
3132 1843 3226 1898 tibi
3261 1857 3386 1898 cum
3426 1841 3444 1880 ί
3479 1842 3708 1898 incenso
3733 1850 3784 1899 et

2182 1941 2466 2008 arietibus,
2501 1939 2724 1996 oll'eram
2753 1938 2847 1994 tibi
2876 1938 3044 1994 boves
3065 1953 3188 1992 cum
3219 1937 3409 1993 hircis.
3448 1935 3783 1993 Durssuu.

2257 2035 2447 2090 Venite
2471 2076 2485 2102 ,
2533 2043 2585 2090 ct
2608 2032 2790 2088 audite
2819 2046 2908 2087 me
2931 2029 3056 2103 ldis.
3099 2039 3227 2098 tqcet
3255 2029 3363 2101 me]
3403 2073 3417 2098 ,
3455 2039 3514 2086 et
3551 2033 3784 2087 narrabo

2179 2131 2334 2186 vobis
2371 2144 2563 2185 omnes
2621 2128 2712 2200 qui
2767 2126 2975 2183 timetis
3034 2126 3203 2182 Deum
3250 2123 3378 2198 [Με.
3429 2124 3784 2195 Dominum],

2185 2230 2390 2296 quanta
2421 2222 2558 2278 fecit
2592 2220 2788 2276 anima:
2819 2235 2974 2276 mem.

2257 2319 2338 2375 Ad
2365 2319 2544 2387 ipsum
2577 2331 2675 2372 ore
2703 2331 2828 2372 meo
2857 2313 3088 2372 clamavi
3116 2357 3131 2385 ,
3183 2321 3239 2370 et
3264 2311 3496 2370 exaltari
3531 2309 3664 2385 [ηε.
3697 2326 3788 2368 cx-

2187 2411 2409 2484 sultavi]
2438 2411 2542 2468 sub
2573 2409 2759 2482 lingua
2791 2423 2932 2466 mea.

2258 2503 2606 2575 iniquitatem
2638 2503 2684 2557 si
2734 2499 2996 2571 conspexi
3044 2498 3097 2555 iu
3137 2497 3303 2555 corde
3334 2513 3502 2555 meo:
3548 2512 3658 2554 non
3698 2512 3791 2553 cx—

2185 2596 2369 2654 audiet
2396 2596 2539 2650 Deus
2566 2592 2695 2667 [.lls.
2724 2591 3030 2664 Dominus].

2258 2691 2555 2760 Propterea
2585 2683 2874 2743 exaudivit
2900 2694 2924 2733 ε
2957 2701 3046 2742 me
3078 2683 3221 2742 Deus
3256 2699 3271 2740 :
3317 2692 3373 2740 et
3404 2681 3641 2740 intendit
3673 2681 3793 2738 voci

2190 2781 2591 2854 deprecationis
2617 2795 2774 2836 meze.

2265 2874 2603 2934 Benedictus
2633 2874 2891 2932 Dominus
2916 2891 2930 2930 :
2961 2874 3052 2945 qui
3086 2889 3194 2928 non
3221 2871 3428 2928 amovit
3450 2869 3802 2945 deprecatio-

2192 2986 2320 3029 nem
2350 2984 2549 3040 meam,
2581 2976 2635 3026 ct
2665 2965 3101 3025 miseticordiam
3132 2980 3284 3021 suam
3311 2979 3341 3020 a
3371 2979 3481 3022 me.

1842 3169 2202 3235 PSALMUS
2242 3169 2467 3236 LXVI.

500 3256 512 3270 ’
567 3275 618 3327 is
647 3273 830 3334 sissit,
865 3284 916 3324 IN
945 3283 1160 3334 nntius,
1201 3283 1434 3324 esttnus
1459 3284 1668 3327 CANTICI
1702 3285 1756 3327 αι
1797 3287 1962 3328 »Ανιυ
1991 3275 2012 3343 1

571 3365 706 3421 Deus
731 3366 1028 3420 misereatur
1051 3363 1236 3428 nostri,
1269 3371 1314 3417 et
1341 3363 1602 3418 benedicat
1628 3364 1794 3436 nobis,
1831 3366 2084 3423 illuminet

497 3509 618 3562 Jam
664 3505 788 3576 quid
839 3504 1027 3557 ntirum
1070 3512 1175 3570 est,
1223 3503 1267 3576 si
1311 3505 1650 3576 amaricantes
1683 3505 1839 3560 talem
1879 3507 2098 3564 habeant

502 3573 706 3650 regent,
742 3577 1041 3650 mendacem
1064 3575 1271 3646 regem?
1302 3573 1422 3629 Nisi
1441 3577 1576 3650 enim
1599 3579 1922 3650 mendacium
1953 3591 2001 3633 rt
2028 3582 2100 3634 si-

503 3647 719 3702 mulatio
746 3647 1000 3719 pra’cedat
1024 3687 1040 3712 ,
1076 3664 1176 3701 non
1204 3657 1325 3719 sunt
1353 3648 1698 3719 amarieantes
1738 3651 1791 3703 in
1829 3649 2058 3705 Ecclesia
2081 3668 2100 3707 :

502 3721 623 3773 inde
660 3717 798 3772 enim
828 3719 1112 3771 amaricant
1139 3758 1154 3784 ,
1183 3717 1303 3784 quia
1325 3718 1548 3789 ﬁngunt.
1586 3717 1842 3775 Pra’cedit
1886 3723 2101 3778 tentatio

504 3791 776 3845 oculorum
799 3807 811 3841 :
835 3789 1139 3842 amaricatio
1169 3791 1424 3859 sequitur,
1451 3799 1556 3844 etc.

577 3871 602 3898 ἰ
632 3859 756 3914 Mss.
784 3859 1038 3930 Sagensis
1073 3875 1137 3913 ac
1190 3859 1416 3929 Regius,
1449 3878 1569 3915 cum
1599 3860 1747 3918 edito
1773 3862 1933 3930 Cati,
1969 3865 2101 3922 inta-

503 3932 683 4000 ginem
728 3931 901 3984 stella:
936 3929 1024 3983 hic
1068 3946 1164 3997 pro
1191 3946 1318 3984 veru
1357 3942 1663 4000 reponunt,
1693 3936 1782 4000 qui
1804 3935 2105 3992 dominatur

505 4005 558 4055 in
589 4003 783 4056 virtute
823 4017 915 4053 sua
967 4005 1030 4065 Etsi
1067 4002 1120 4052 in
1169 4012 1419 4055 internum
1461 4004 1482 4070 1
1529 4002 1888 4060 Sot-bonicunt
1932 4009 2106 4065 seculi

505 4089 728 4132 smnus.
768 4073 857 4141 qui
903 4071 1065 4124 obelo
1102 4071 1313 4141 jugulat
1353 4075 1526 4126 solum
1562 4077 2008 4142 pra-positionem
2041 4097 2101 4136 +—

509 4146 560 4198 in
593 4144 614 4211 1
651 4144 775 4210 quia
807 4158 912 4196 non
969 4142 1164 4209 legitur
1193 4144 1242 4196 in
1287 4144 1534 4198 lleln'a'o.
1580 4145 2108 4207 Sun-Germancusis

512 4226 702 4270 noster
729 4230 880 4268 num.
914 4212 948 4267 8
978 4222 1129 4266 notat
1149 4214 1308 4268 obelo
1338 4230 1392 4269 σξ-
1432 4216 1484 4268 in
1516 4225 1786 4271 a'ternunt.
1817 4218 1998 4275 Mttn'r.

574 4317 642 4327 ——
667 4284 969 4358 Legitsine
991 4285 1150 4339 obelo
1184 4285 1454 4358 Palatinus
1506 4302 1635 4348 ms..
1687 4287 1782 4358 qui
1825 4299 1880 4343 ct
1920 4292 2111 4347 subse-

510 4374 682 4431 quens
726 4357 778 4411 in
825 4356 930 4431 lino
971 4371 1161 4431 versus
1208 4356 1513 4431 Diapsalma
1555 4356 1757 4412 tacet:
1811 4375 2110 4431 pereatque

513 4427 1006 4501 statimsuperlluo
1033 4427 1234 4501 obelo,
1275 4427 1368 4484 ubi
1419 4429 1590 4495 prima
1631 4444 1794 4485 manu
1842 4427 2105 4501 prefect:

517 4498 837 4576 Ιίριιριιὶξιιε,
865 4508 1036 4570 gentes
1058 4538 1072 4561 ,
1118 4497 1228 4550 Deo
1261 4515 1308 4554 os
1353 4510 1531 4555 nostro
1561 4501 1584 4568 1
1613 4497 1864 4556 secundis
1893 4520 2108 4576 quoque

516 4574 664 4625 curis
697 4568 939 4624 Deum—2
993 4580 1246 4623 nostrum.

581 4640 607 4713 ιτ
650 4641 1025 4713 Expunximus
1047 4681 1062 4705 ,
1095 4655 1255 4710 quem
1289 4644 1604 4713 przcﬁgchat
1633 4645 2010 4713 Martianteus,
2047 4661 2109 4702 ac

510 4710 790 4765 Palatinus
834 4712 949 4778 ipse
989 4726 1092 4764 tus.
1137 4713 1205 4764 ad
1254 4710 1630 4781 praepositioni
1670 4717 1887 4772 obclunt
1925 4735 1940 4773 :
1978 4710 2112 4773 satis

516 4803 662 4857 etaim
697 4802 752 4856 in
785 4801 1015 4856 Hebraeo
1048 4786 1166 4861 ηυδε
1198 4817 1259 4856 ea
1290 4815 1528 4860 resonat.
1563 4807 1697 4862 Tum
1735 4809 1872 4863 idem
1908 4824 2008 4864 ms.
2043 4809 2112 4866 de

519 4887 668 4927 more
691 4874 1137 4951 _prmposititittent
1170 4875 1321 4951 γει-ιιὶ
1356 4879 1577 4932 exaudio
1597 4919 1611 4946 ,
1646 4880 2001 4951 subsequenli
2032 4893 2114 4937 at-

521 4961 627 5013 que
656 4944 835 4998 altero
866 4959 1025 4998 versu
1045 4945 1270 5012 jugulat.

595 5025 617 5051 ε
649 5016 981 5095 Augustin-us
1010 5026 1065 5095 e_t
1099 5015 1296 5071 \‘cron.
1335 5021 1791 5095 ms.,‘au_dit_e:et.
1817 5025 2116 5095 posuitani-

520 5099 658 5137 mam
706 5087 965 5167 nieamdn
1004 5088 1158 5167 vitam
1183 5127 1197 5150 ,
1234 5099 1280 5167 e_t
1321 5105 1421 5143 non
1457 5091 1597 5167 dedit
1628 5093 1680 5167 in
1723 5087 1913 5167 motum
1960 5100 2116 5167 pedes

521 5172 676 5232 meos.
728 5157 984 5222 Quoniam
1029 5157 1258 5232 probasti
1302 5177 1414 5226 nos,
1463 5163 1622 5223 licus,
1655 5157 2115 5232 ignistinos'sicut

517 5226 716 5306 ignitur
747 5226 1038 5306 argentum.
1075 5228 1186 5282 lloe
1215 5246 1344 5284 usus
1369 5243 1452 5287 est
1486 5235 1654 5306 verbo
1677 5226 1728 5288 Et
1761 5236 2114 5306 Prudentius,

530 5295 733 5368 hymno
766 5295 836 5353 de
869 5300 925 5356 S.
961 5298 1205 5354 Humano
1229 5312 1464 5373 martyre
1495 5305 1597 5359 sub
1627 5306 1787 5362 linem
1818 5324 1830 5360 :

709 5395 844 5467 Acus
867 5397 1076 5467 minutas
1098 5399 1329 5460 ingerunt
1355 5400 1646 5465 fornacibus,
1672 5406 1684 5467 Ι

706 5457 798 5508 llis
820 5460 1040 5508 membra
1069 5457 1282 5523 pergunt
1306 5477 1479 5528 urere,
1501 5473 1554 5517 ιιι
1577 5457 1865 5532 igniverint.

601 5566 627 5646 fi
661 5569 1189 5646 \'iti_osa__verborum
1227 5576 1489 5646 lrajcctio,
1519 5580 1726 5638 librarii
1761 5594 1936 5639 tamen
1961 5588 2122 5643 unius

532 5641 690 5705 culpa
711 5680 726 5704 ,
757 5640 810 5723 in
851 5641 1152 5723 Ycrtsttettsi
1181 5655 1264 5698 est
1285 5640 1510 5723 c'odiec’,
1535 5667 1658 5723 qua:
1680 5655 1750 5707 ab
1779 5655 1896 5723 eius
1915 5640 2124 5715 ριιίιοέέ

537 5724 638 5766 nec
670 5711 840 5766 \‘crbo
870 5719 1030 5767 tenus
1059 5721 1242 5769 notata
1265 5725 1373 5786 est,
1401 5711 1696 5790 imposuisti
1715 5711 1872 5795 sup'er
1891 5711 2124 5785 homine}

2305 3289 2356 3329 ta
2388 3286 2636 3340 FINEII,IN
2666 3268 2693 3310 ιι
2722 3285 2938 3327 ιιγιικιε.
2966 3285 3198 3327 ρελιηυε
3229 3285 3442 3328 οΑκτιςι
3471 3284 3633 3326 om»
3669 3269 3691 3340 1

2265 3366 2414 3423 Deus
2442 3364 2769 3422 misereatur
2795 3364 2983 3433 nobis,
3015 3375 3069 3420 et
3104 3362 3393 3420 bcnedicat
3422 3378 3562 3428 nos;
3597 3361 3806 3417 illumio

2205 3507 2376 3575 capita
2403 3514 2578 3560 nostra
2601 3547 2615 3574 ,
2647 3520 2750 3576 pro
2789 3504 3021 3560 homines
3058 3521 3244 3576 super,
3272 3515 3390 3576 etc.
3410 3501 3684 3576 Pervenit
3716 3507 3804 3552 ta-

2207 3573 2332 3634 men
2358 3578 2474 3633 haec
2503 3593 2606 3632 una
2637 3573 2856 3632 omnem
2903 3573 3158 3645 sensum,
3208 3590 3307 3631 nec
3339 3574 3481 3629 liber
3502 3583 3585 3628 est
3630 3573 3684 3627 ul
3715 3588 3805 3636 us,

2206 3652 2295 3720 qui
2329 3665 2453 3702 cmn
2483 3665 2543 3720 ea
2567 3648 2897 3704 consentiat.

2282 3731 2304 3758 ε
2333 3723 2462 3787 Qua:
2494 3719 2620 3774 hinc
2648 3723 3052 3788 subsequuntur
3076 3759 3092 3783 ,
3125 3716 3193 3771 ad
3227 3713 3418 3788 psalmi
3452 3729 3624 3784 usque
3653 3729 3808 3788 ⁸ιλνιι

2208 3785 2517 3860 postremos
2545 3805 2757 3854 versus,
2792 3785 3080 3860 recentiori
3104 3785 3263 3860 manu
3291 3785 3666 3860 inVeronensi
3700 3803 3808 3860 ius.

2207 3857 2551 3931 Supplentur,
2576 3862 2822 3930 satisque
2850 3858 3391 3931 manifestisindiciis
3421 3867 3658 3931 constat,
3697 3857 3812 3931 ea!-

2209 3927 2537 4002 Iig'raphum,
2571 3933 2660 3997 qui
2694 3927 2750 3985 id
2774 3931 2874 4002 sibi
2904 3928 3104 4000 negotii
3134 3929 3302 4002 dedit,
3338 3942 3442 4002 non
3466 3927 3536 3982 ab
3562 3930 3804 4002 exoletis

2212 3999 2480 4070 prioribus
2509 4003 2671 4063 loliis,
2703 4001 2797 4056 sed
2837 4003 2904 4056 ab
2932 4003 3074 4066 alio,
3097 4013 3153 4056 ut
3182 4000 3293 4055 fors
3317 3999 3460 4064 tulit,
3493 3999 3802 4066 exemplari

2211 4073 2589 4144 descripsisse.
2618 4074 2876 4128 Dissentit
2899 4073 3036 4129 adeo
3067 4072 3264 4141 passim
3297 4071 3719 4144 alsuAugustino,
3745 4070 3810 4121 iis

2212 4144 2348 4211 ipsis
2377 4140 2429 4199 iit
2462 4145 2593 4200 locis
2623 4145 2818 4214 quibus
2845 4144 2962 4212 ipse
2993 4161 3020 4197 a
3053 4140 3266 4198 caeteris
3305 4141 3504 4214 «Μῖνι-ι.
3531 4140 3644 4195 Nec
3668 4156 3811 4208 prm-

2212 4221 2361 4271 tet'ca
2397 4217 2526 4271 licet
2559 4212 2776 4283 deicjns
2804 4225 2967 4270 a'lale
2997 4213 3256 4270 hariolari
3285 4229 3350 4268 ex
3378 4212 3646 4276 scriptura
3668 4252 3685 4274 ,
3715 4227 3813 4283 att-

2219 4286 2421 4356 liquam
2470 4287 2612 4341 enim
2661 4281 2962 4341 litterarum
3008 4287 3234 4356 formam
3283 4295 3332 4338 et
3366 4284 3591 4340 ductus.
3629 4298 3707 4356 ne
3745 4281 3814 4356 ab

2217 4351 2429 4428 reliquo
2459 4358 2647 4412 codice
2677 4358 3030 4420 abhorreret,
3065 4355 3305 4428 studiose
3330 4365 3559 4428 eiulatus
3581 4362 3662 4406 est
3695 4351 3814 4405 imi-

2218 4424 2355 4486 Iari;
2405 4443 2511 4482 non
2558 4445 2718 4496 quatn
2767 4442 2865 4483 suo
2915 4443 3033 4481 aevo
3083 4424 3386 4492 obtinebat,
3428 4425 3813 4478 characterqu

2210 4499 2447 4568 speciem
2477 4499 2746 4556 exhibuit.

2289 4568 2307 4607 ί
2345 4571 2502 4625 Ilunc
2542 4571 2718 4625 locum
2773 4568 3123 4635 reprehendit
3164 4566 3531 4637 Hieronymus
3569 4563 3810 4637 dicens;

2212 4639 2480 4696 Inrenisse
2512 4658 2599 4694 ros
2639 4641 2812 4695 dicitis
2842 4633 2863 4693 ﬁ:
2896 4657 3008 4695 cum
3041 4641 3250 4694 incenso
3281 4648 3326 4691 et
3356 4633 3604 4691 arietibus
3646 4651 3663 4689 :
3718 4633 3812 4687 sed

2216 4713 2357 4767 tnalc
2395 4729 2409 4766 :
2439 4712 2489 4767 in
2531 4711 2757 4767 llebra-o
2792 4713 2935 4766 enim
2965 4713 3226 4784 scriptum
3269 4719 3353 4765 est
3386 4725 3398 4763 :
3433 4724 3486 4762 tu
3527 4721 3814 4763 cnouoru

2214 4820 2339 4861 mu
2367 4790 2529 4877 (ΞἻΡΝ
2559 4817 2731 4866 ΓβὩτῖ
2760 4804 2864 4873 DV}
2891 4805 3026 4874 quod
3048 4805 3431 4877 interpretatur,
3463 4801 3594 4877 ueri:
3621 4800 3814 4870 θυμιά-

2213 4873 2567 4952 praecinctum,
2593 4877 2649 4930 id
2677 4887 2750 4931 est
2769 4918 2793 4952 ,.
2817 4893 2931 4952 cum
2955 4877 3164 4952 incenso
3190 4875 3433 4952 arietum.
3462 4873 3638 4926 Mur.

2291 4978 2355 4988 ——
2373 4944 2472 5002 Ms.
2496 4944 2847 5010 Veronensis,
2873 4948 3093 5000 incensis
3115 4945 3353 5015 plurium
3377 4956 3816 5015 numermqucm

2222 5018 2367 5073 haud
2393 5020 2510 5074 scio
2537 5021 2708 5088 siquis
2735 5021 2874 5072 alius
2898 5018 3040 5072 liber
3061 5012 3335 5088 praeferat:
3372 5013 3588 5088 \'id_esis
3617 5012 3818 5088 Nigru-

2220 5105 2442 5160 nymum
2468 5093 2519 5144 in
2550 5081 2714 5160 epist.
2747 5090 2946 5160 smpius
2972 5081 3186 5160 laudata
3213 5088 3276 5139 ad
3308 5084 3574 5160 Sttnniam
3605 5093 3657 5136 et
3684 5081 3819 5160 Pro:

2222 5154 2405 5215 telam.
2438 5154 2607 5216 Tacet
2645 5178 2806 5231 porro
2827 5154 2988 5215 'idem
3022 5173 3124 5213 ms.
3163 5158 3490 5231 ltiapsalma,
3525 5166 3635 5210 tttnt
3665 5154 3815 5231 quod

2221 5231 2347 5306 huic.
2370 5226 2940 5297 versiculosuhditur,
2973 5245 3095 5306 eum
3120 5229 3330 5306 reliqua
3362 5226 3816 5306 subsequentium

2224 5304 2580 5374 psalmorum,
2624 5319 2854 5374 quorum
2902 5314 2956 5357 et
3001 5301 3387 5374 inscriptiones
3419 5301 3814 5374 prmterm'tttit.

2223 5367 2428 5438 Nempe
2458 5367 2577 5430 haec
2603 5367 2758 5428 erant
2789 5373 3134 5444 postmodum
3162 5371 3493 5444 dljlltigctltiti
3525 5385 3588 5424 ex
3623 5367 3818 5444 minio.

2296 5456 2320 5491 8
2362 5435 2588 5515 Respuit
2618 5445 2722 5500 hoc
2747 5435 3042 5512 pronomen
3069 5457 3173 5515 me,
3199 5435 3256 5498 S.
3289 5435 3448 5495 [fater
3475 5439 3725 5515 in‘epist.
3756 5435 3819 5514 ad

2222 5511 2556 5572 Stmniam'et
2581 5511 3009 5588 Veronens.rms.
3033 5527 3144 5588 tum
3167 5514 3290 5577 hoc,
3312 5525 3438 5588 eum
3462 5511 3819 5588 subsequendi

2225 5603 2385 5642 versu
2415 5591 2697 5644 orationem
2729 5603 2828 5658 pro
2855 5583 3281 5658 deprecationem
3321 5582 3526 5638 habet:
3556 5592 3612 5636 et
3645 5582 3818 5650 priori

2225 5659 2440 5730 quidem
2472 5659 2594 5715 loco
2617 5674 2738 5714 cum
2772 5659 3095 5730 Augustino.
3150 5726 3182 5730 __
3497 5724 3508 5730 _
3580 5721 3591 5730 _
3687 5717 3722 5730 ,,

2297 5727 2326 5767 ιι
2369 5729 2669 5789 Veronens.
2694 5745 2794 5786 ms.
2831 5717 3068 5802 sequiori
3097 5726 3278 5786 adhuc
3308 5742 3469 5784 manu
3490 5724 3543 5780 in
3571 5717 3816 5778 (trudibus
