3936 6180
235 203 331 258 22‘)

1546 199 1743 254 ιιιιειι
1790 195 2232 252 PSALMURUSI.

3419 197 3530 254 226

306 318 436 372 Nam
459 331 504 373 ct
532 321 638 392 ipse
666 318 807 372 Deus
833 333 989 382 meus,
1018 324 1066 370 et
1086 314 1331 369 salutaris
1357 330 1519 378 meus,
1546 321 1811 382 susceptor
1839 313 1890 373 Α
1992 309 2205 363 Etenim
2240 309 2354 380 ipse
2384 318 2465 364 est
2494 309 2636 365 Deus
2668 324 2822 365 meus
2849 351 2862 377 ,
2914 318 2967 365 et
3013 310 3270 365 salutaris
3317 326 3468 367 meus
3503 353 3520 379 ,

243 425 392 475 mens,
425 432 520 467 non
550 415 790 467 morebor
820 412 1064 481 amplius.

312 504 571 575 Quousque
613 507 813 559 irruitis
852 505 902 558 in
932 504 1233 558 hominem?
1270 501 1559 572 interﬁcitis
1593 500 1817 553 universi

243 609 323 649 cos
348 613 365 649 :
395 610 641 668 tamquam
671 597 862 670 parieti
893 596 1137 650 inclinato
1166 603 1209 649 et
1242 594 1479 648 ntaccrite
1507 590 1781 662 tlepulste?

316 774 653 835 Verumtamen
688 779 904 849 pretium
945 794 1108 830 meum
1146 776 1499 847 cogitat'crunt
1543 774 1813 844 repellere,

257 873 443 925 cucurri
471 875 518 926 in
542 875 624 928 siti
653 891 669 926 :
693 890 779 926 ore
801 888 895 926 suo
920 869 1307 935 benedicebant,
1340 877 1385 921 et
1409 867 1561 922 corde
1587 883 1678 920 suo
1707 883 1815 919 tua-

273 963 542 1022 ledicebant.
575 968 903 1022 DIAPSALMA.

342 1055 660 1114 Verumtamen
682 1059 793 1113 Deo
815 1059 1044 1131 subjecta
1067 1065 1192 1123 esto,
1216 1056 1388 1110 anima
1412 1070 1523 1109 utea
1542 1069 1558 1106 :
1574 1055 1815 1124 quoniam

271 1147 332 1200 ab
354 1150 446 1220 ipso
466 1153 702 1222 patientia
731 1170 862 1207 mea.

340 1243 362 1271 ⁸
392 1244 508 1310 Quia
547 1247 649 1314 ipse
678 1244 816 1298 Deus
851 1262 1016 1312 mens,
1060 1251 1106 1299 ct
1134 1243 1361 1299 salvator
1407 1258 1569 1307 meus,
1605 1240 1814 1310 adjutor

275 1347 418 1402 meus,
443 1352 530 1390 non
551 1337 824 1408 entigrabo.

343 1510 397 1564 1η
429 1513 525 1570 Deo
544 1517 760 1572 salutare
801 1532 975 1570 meum
1002 1523 1048 1570 et
1079 1513 1250 1584 gloria
1276 1528 1388 1566 mea
1417 1509 1599 1566 :Deus
1626 1507 1814 1563 auxilii

277 1605 404 1657 mei"
428 1624 468 1663 οξ
509 1621 549 1665 et
578 1611 735 1681 1spes
764 1628 876 1665 mea
903 1614 956 1664 in
981 1609 1091 1664 Deo
1120 1624 1178 1664 -ξ-
1220 1619 1294 1662 est
1322 1609 1343 1676 1

1927 412 1949 438 ο
1978 402 2193 470 atljtttor
2226 417 2399 470 meus,
2436 419 2547 456 non
2583 404 2845 457 movebar
2872 404 3127 473 amplius.

1994 494 2292 564 Quousque
2320 495 2533 550 irruitis
2567 495 2616 548 in
2647 494 2934 549 homines?
2964 496 3272 551 itttcrlicilis
3301 495 3526 551 univcr-

1920 601 2011 641 sos
2056 604 2069 641 :
2124 597 2397 660 tamquam
2428 589 2623 659 parieti
2657 589 2919 644 inclinato
2949 631 2964 657 ,
3010 596 3066 644 et
3111 588 3366 644 maceria:
3417 589 3524 643 im-

1921 680 2135 749 pulste?

1992 773 2380 828 Verumtamen
2411 772 2673 828 honorem
2706 787 2887 828 meum
2935 774 3312 844 cegitavcrnut
3345 777 3525 847 repel-

1919 867 2054 932 lere,
2091 867 2306 922 cucurri
2351 867 2407 920 in
2455 866 2541 921 siti
2577 884 2588 921 :
2621 882 2717 921 ore
2761 883 2861 922 suo
2904 868 3325 935 benedicebant,
3367 883 3421 925 et
3465 871 3518 926 in

1920 959 2047 1031 [.lls.
2085 969 2218 1013 tacet
2243 959 2294 1013 in
2312 958 2510 1028 l-corde
2537 974 2636 1013 suo
2667 958 3064 1015 maledicebant
3098 979 3112 1014 :
3142 962 3477 1018 Dtaesstus.

1994 1049 2380 1105 Verumtamen
2432 1049 2545 1104 Deo
2587 1050 2802 1104 subdita
2832 1054 2933 1106 crit
2978 1050 3106 1122 [.lls.
3158 1053 3515 1125 subjiciatur]

1918 1141 2094 1196 anima
2129 1157 2246 1196 mea
2284 1159 2294 1194 :
2329 1141 2583 1211 quoniam
2619 1142 2686 1194 ab
2716 1141 2834 1212 ipso
2861 1152 2944 1196 est
2976 1143 3236 1212 patientia
3269 1160 3407 1198 mea.

1993 1236 2208 1290 Etenim
2235 1234 2356 1307 [Με.
2386 1236 2673 1308 quooiatn]
2699 1237 2813 1306 ipse
2837 1246 2923 1292 est
2949 1238 3088 1293 Deus
3113 1254 3284 1306 meus,
3313 1251 3362 1294 et
3389 1239 3522 1311 [Μδ.

1917 1336 2047 1381 tacet
2086 1325 2170 1398 et]
2202 1327 2458 1382 salutaris
2508 1343 2660 1383 meus
2695 1345 2708 1382 :
2749 1328 2970 1398 atljutor
2999 1328 3142 1401 [.lls.
3191 1330 3514 1402 susceptor]

1919 1434 2094 1484 meus,
2128 1435 2235 1474 non
2267 1418 2568 1490 emigrabo.

1989 1511 2044 1565 In
2069 1511 2182 1567 Deo
2208 1511 2448 1568 salutare
2473 1528 2653 1566 meum
2678 1523 2728 1568 et
2755 1513 2884 1585 [Μδ.
2917 1525 3048 1569 tacet
3073 1515 3155 1587 ct]
3179 1517 3349 1587 gloria
3377 1533 3524 1573 mea:

1920 1606 2065 1661 Dens
2095 1605 2284 1660 auxilii
2311 1605 2437 1674 mei,
2465 1613 2520 1661 et
2545 1620 2671 1675 spes
2703 1622 2821 1662 mea
2855 1608 2908 1662 itt
2941 1609 3051 1663 Deo
3080 1620 3186 1664 est.

345 1695 526 1766 Sperate
552 1705 599 1756 in
632 1720 686 1756 eo
727 1703 896 1757 omnis
936 1703 1269 1775 congregatio
1311 1699 1519 1771 populi,
1568 1695 1816 1764 e/Inndite
1849 1711 1895 1770 Β
1940 1734 1944 1737 -
1993 1701 2216 1770 Sperate
2244 1699 2296 1753 iu
2326 1697 2343 1736 τ
2371 1715 2459 1764 eo,
2493 1699 2674 1754 omnis
2704 1712 3009 1756 conventus
3042 1703 3238 1771 plebis,
3273 1713 3325 1758 et
3352 1703 3526 1759 etfau-

286 1801 426 1841 coratn
451 1794 529 1846 illo
563 1796 714 1848 corda
745 1805 914 1850 vestra
947 1810 964 1848 :
997 1793 1136 1848 Deus
1168 1793 1386 1865 atljntor
1413 1801 1585 1845 noster
1611 1803 1631 1827 α
1666 1805 1724 1844 αξ»
1763 1792 1815 1844 in

284 1885 488 1936 tcttrnum
520 1886 540 1953 1
566 1888 895 1944 ΒιΑΡΞΑωιΛ.

357 1966 665 2033 Verumtamen
688 1981 806 2032 cani
838 1979 934 2048 ﬁlii
967 1980 1258 2042 hominum,
1290 1980 1564 2032 mendaces
1599 1978 1697 2046 lilii
1723 1977 1818 2030 Ito—

287 2055 445 2153 ntinum
471 2066 523 2120 in
548 2073 738 2125 stateris
765 2076 856 2125 :ut
887 2069 1149 2140 decipiant
1182 2070 1284 2140 ipsi
1306 2070 1368 2124 de
1393 2070 1615 2124 vanitate
1647 2070 1699 2122 in
1742 2069 1822 2121 id-

287 2161 444 2213 Ipsum.

353 2239 496 2302 Nolite
521 2268 710 2321 sperare
739 2256 791 2308 in
824 2255 1122 2326 iniquitate,
1165 2264 1212 2309 ct
1252 2255 1462 2326 rapinas
1505 2255 1665 2309 nolite
1695 2271 1817 2308 con-

293 2338 510 2409 cupiscere
535 2363 550 2399 :
576 2347 758 2402 divitia:
785 2348 830 2401 si
857 2349 1106 2417 afﬂuant,
1131 2346 1288 2401 nolite
1313 2364 1402 2400 cor
1427 2364 1706 2418 apponere.

351 2433 493 2489 Semel
519 2438 702 2494 locutus
733 2450 808 2494 est
847 2439 1010 2506 Deus,
1047 2441 1148 2492 duo
1178 2438 1285 2494 liter
1320 2439 1518 2505 audiri,
1567 2439 1688 2507 quia
1717 2455 1813 2508 po-

300 2539 420 2582 testas
442 2528 520 2583 Dei
541 2542 628 2601 est,
668 2542 715 2588 et
758 2533 873 2600 tibi,
908 2533 1144 2596 Domine.
1180 2533 1538 2589 misericordia
1560 2548 1579 2587 :
1608 2534 1728 2604 quia
1759 2542 1814 2587 tu

299 2621 442 2678 reddes
463 2625 707 2699 unicuique
721 2628 884 2698 juxta
909 2642 1064 2698 apera
1089 2643 1205 2681 sua.

1919 1791 2030 1845 dite
2059 1807 2240 1846 coram
2277 1791 2371 1846 illo
2403 1790 2567 1845 corda
2600 1801 2777 1845 vestra
2812 1809 2824 1844 :
2855 1793 2979 1862 quia
3005 1791 3147 1847 Deus
3173 1793 3386 1862 adjutor
3420 1810 3524 1850 no-

1914 1894 2027 1939 ster
2057 1893 2139 1940 est.
2172 1883 2301 1955 HIS.
2327 1894 2456 1938 tacet
2484 1894 2567 1938 est
2588 1883 2636 1956 ].
2671 1885 3004 1940 Ducsauus.

1996 1975 2388 2030 Verumtamen
2427 1975 2553 2030 vani
2588 1974 2682 2029 ﬁlii
2717 1975 3022 2043 hominum,
3073 1979 3369 2035 mendaces
3417 1979 3516 2035 lilii

1922 2067 2200 2123 hominum
2236 2067 2290 2123 in
2316 2068 2536 2124 stateris
2563 2085 2577 2124 :
2607 2075 2666 2122 ttt
2694 2068 2971 2140 decipiant
3024 2070 3129 2141 ipsi
3161 2071 3229 2127 de
3278 2072 3520 2127 vanitate

1923 2175 2021 2216 sua
2059 2162 2112 2216 in
2145 2161 2403 2233 idipsum.

1999 2255 2177 2309 Nolite
2209 2270 2435 2324 sperare
2466 2255 2519 2311 in
2555 2255 2841 2327 iniquitate
2875 2275 2886 2312 :
2931 2266 2984 2313 et
3030 2257 3082 2312 in
3118 2259 3323 2329 rapinis
3355 2258 3522 2314 nolite

1924 2347 2337 2416 concupiscere.

1999 2437 2208 2492 Divititc
2239 2439 2282 2492 si
2308 2438 2555 2507 afﬂuant,
2585 2439 2758 2494 nolite
2784 2454 2879 2495 cor
2899 2454 3175 2510 apponere
3202 2457 3216 2509 ;
3241 2441 3412 2497 semel
3444 2441 3526 2498 lo-

1924 2541 2078 2588 cutus
2105 2541 2190 2586 est
2219 2532 2377 2598 Deus,
2409 2531 2516 2586 duo
2542 2531 2659 2588 lucc
2681 2532 2883 2586 audivi.

1995 2627 2131 2694 Quia
2161 2635 2402 2698 potestas
2433 2627 2525 2682 Dei
2552 2636 2658 2692 est,
2690 2637 2740 2680 et
2771 2626 2888 2691 tibi,
2925 2626 3176 2696 Domine,
3213 2627 3526 2685 miscricor-

1925 2720 2012 2776 dia
2043 2738 2057 2776 :
2086 2720 2208 2792 quia
2233 2729 2288 2776 tu
2319 2719 2513 2777 reddes
2535 2719 2764 2791 singulis
2787 2719 3084 2777 secundum
3111 2736 3279 2794 opera
3299 2736 3515 2779 eorum.

1570 2837 1930 2901 PSALMUS
1975 2837 2172 2899 LXII.

365 2971 552 3018 PSALHUS
579 2980 750 3032 DM’ID,
793 2979 900 3021 CUM
932 2978 1092 3019 ESSET
1126 2979 1176 3019 IN
1223 2977 1461 3020 DESEBTO
1489 2976 1746 3017 ιυυιιεειε.

359 3121 470 3180 Detts
490 3109 610 3180 Deus
636 3143 796 3191 meus,
828 3125 894 3178 ad
924 3133 969 3178 te
990 3122 1054 3178 tle
1081 3123 1192 3175 luce
1215 3121 1390 3192 vigilo.

361 3216 504 3272 Sitivit
531 3216 554 3256 ά
578 3234 631 3274 -ιν
660 3221 712 3273 in
746 3219 768 3286 1
804 3227 852 3271 te
880 3217 1055 3270 anima
1091 3232 1201 3270 mea
1230 3231 1248 3273 :
1277 3230 1431 3285 quam
1458 3213 1817 3284 multipliciter

304 3309 374 3363 tibi
391 3330 487 3368 caro
506 3333 632 3372 mea:

361 3401 409 3456 In
433 3413 483 3472 5:5"
519 3417 640 3463 terra
672 3411 694 3478 1
740 3409 964 3474 deserta,
997 3415 1043 3460 et
1075 3405 1232 3471 invia,
1272 3415 1319 3459 et
1351 3405 1623 3474 inaquosa,
1657 3403 1731 3457 sic
1762 3403 1814 3457 in

305 3505 441 3548 sancto
462 3503 658 3568 apparui
681 3501 776 3556 tibi
799 3516 816 3554 :
840 3511 893 3555 ut
922 3500 1146 3554 viderem
1176 3499 1412 3552 virtutem
1450 3505 1594 3550 tuam
1623 3505 1670 3551 et
1706 3494 1818 3569 glo-

307 3599 408 3638 Tlllm
439 3599 576 3647 luant.

363 3679 570 3744 Quoniam
608 3688 782 3742 utelior
823 3695 897 3741 est
940 3684 1293 3740 misericordia
1327 3693 1414 3740 tua
1448 3700 1604 3755 super
1648 3684 1822 3738 vitas:

309 3767 411 3823 labia
433 3791 525 3830 mea
549 3777 823 3834 laudabunt
848 3791 914 3834 te.

361 3864 432 3918 Sic
454 3868 715 3928 benetlicatn
748 3883 796 3929 te
817 3875 868 3927 in
891 3873 991 3926 vita
1021 3888 1131 3927 mea
1158 3887 1176 3926 :
1205 3887 1264 3928 ei
1291 3881 1337 3927 et
1373 3871 1394 3940 1
1428 3871 1480 3926 in
1506 3871 1712 3926 nomine
1736 3881 1822 3927 tuo

308 3952 445 4012 levabo
469 3978 627 4022 atauus
659 3983 819 4021 meas.

307 4140 433 4225 ιῖίῐιιῖι,
462 4164 514 4204 ac
537 4151 755 4208 fortasse
777 4151 990 4216 eadem,
1023 4167 1143 4222 quae
1168 4150 1436 4225 reliquum
1468 4157 1670 4225 textum
1701 4163 1820 4218 per-

305 4222 538 4292 scripserat
563 4242 714 4280 manu
745 4225 797 4278 in
827 4235 1050 4292 utraque
1081 4222 1295 4291 pagina,
1328 4222 1397 4274 ab
1420 4222 1531 4291 ipso
1567 4223 1704 4275 enim
1737 4239 1823 4274 sa-

304 4281 615 4366 Iliturgitanos,
649 4311 725 4360 et,
762 4312 855 4366 par
881 4281 1010 4346 aut'u
1039 4281 1133 4366 μὴν
1149 4281 1209 4345 Ῑε
1237 4281 1454 4345 sotit'ion
1484 4309 1588 4366 mu.

356 4365 374 4391 '
406 4362 471 4415 Ad
490 4360 616 4420 hune
646 4360 863 4420 modum
889 4367 938 4418 in
974 4360 1214 4418 Palatino
1243 4377 1343 4415 tus.
1376 4373 1428 4415 et
1455 4362 1593 4430 apud
1625 4360 1824 4416 Carum

300 4427 512 4507 “Herlur,
546 4455 592 4492 οξ
639 4439 772 4506 Quia
801 4437 822 4503 1
858 4437 964 4507 ipse
997 4450 1054 4507 έξη
1094 4435 1234 4507 Deus
1266 4433 1462 4507 nteusq1
1491 4427 1539 4486 et
1569 4434 1826 4507 sulcator,

298 4509 374 4572 ctc.
401 4502 517 4560 haud
539 4502 699 4572 recte,
731 4502 945 4561 tametsi
969 4506 1128 4559 aliter
1151 4505 1304 4558 habet
1337 4505 1588 4556 Ilebrmns
1612 4503 1676 4556 atl
1708 4520 1829 4557 ver-

296 4568 390 4626 ltlltll
435 4565 790 4633 Tantummodo
839 4580 947 4649 ipse
978 4594 1131 4642 rupes
1204 4591 1355 4649 mea;
1391 4575 1482 4627 scil
1531 4574 1657 4627 illud
1708 4583 1830 4632 Vm:
1860 4565 1910 4623 Ῑ)

290 4649 450 4719 passim
486 4646 988 4719 tuctaphoricept'o
1031 4649 1139 4702 Deo
1177 4646 1461 4716 accipitur,
1502 4659 1566 4699 ac
1613 4655 1831 4700 vertunt

286 4714 438 4797 ΙιξΧηε
466 4721 562 4784 Osric;
585 4714 682 4797 pou
693 4762 705 4775 .

342 4788 360 4826 ι’
397 4791 511 4847 llnic
539 4785 760 4866 quoque
788 4802 833 4866 et
871 4790 1105 4866 ceptilie,
1141 4804 1261 4859 qua)
1295 4803 1468 4858 neque
1502 4785 1828 4866 itt_llebt'.1‘,o

283 4875 477 4930 resonat,
504 4859 566 4920 ad
591 4859 821 4920 Palatini
858 4877 959 4914 ms.
989 4863 1145 4914 litlcm
1180 4875 1308 4914 veru
1342 4859 1830 4930 pra‘ponimusuDe

275 4927 605 5004 subsequentis
627 4934 886 4990 vcrsieuli
910 4933 1068 4987 obclo
1088 4933 1313 5004 ipsemet
1331 4932 1387 4986 S.
1413 4931 1568 4984 l’ater
1594 4931 1644 4983 in
1667 4927 1827 4999 epist.

272 5005 325 5056 atl
349 5002 586 5064 Suuuiam
621 5017 675 5063 et
713 5005 992 5060 Fretelatn
1028 5003 1130 5057 title
1154 5002 1326 5071 jubet.

331 5089 348 5115 τ
377 5081 585 5136 Ulielutn
617 5081 780 5134 istius
822 5075 924 5128 loci
954 5069 1308 5143 probatidem
1341 5073 1706 5141 llieronyaus
1743 5069 1828 5123 di-

268 5165 375 5205 cens
404 5171 413 5204 :
445 5153 606 5225 Ergo,
639 5153 693 5204 in
725 5158 1009 5225 cateruam,
1044 5145 1230 5225 ollel_t:s
1257 5144 1570 5225 esttamen.

321 5222 340 5259 ά
363 5213 724 5285 Hieronymus
751 5219 883 5286 legit
910 5218 961 5269 in
979 5217 1204 5286 epistola
1223 5231 1342 5277 sua,
1368 5215 1643 5286 Sitieittibi
1662 5213 1835 5286 anima

257 5312 368 5363 mea,
390 5313 481 5368 pro
502 5287 609 5368 qtio
636 5285 866 5363 (inquit)
889 5288 940 5340 in
962 5285 1148 5342 Gra'co
1177 5288 1265 5353 sit,
1302 5286 1479 5340 Sitirit
1506 5285 1558 5337 in
1585 5295 1631 5337 te
1660 5285 1833 5368 anima

253 5407 366 5447 mea.
390 5359 698 5462 -Subj-ungit
730 5383 902 5439 etiam
937 5381 986 5432 in
1032 5380 1258 5436 llebrteo
1305 5377 1488 5432 haberi
1521 5392 1658 5432 LACll
1687 5359 1834 5456 (ᾖ)

243 5486 364 5555 quod
412 5486 733 5556 signiﬁcat_,
800 5473 911 5534 tibi,
956 5473 1098 5556 quod
1147 5485 1445 5556 etnomnes
1500 5471 1836 5556 interpretes

242 5541 639 5615 {msmié’m....
687 5541 842 5616 Ergo
873 5546 1166 5599 secundum
1202 5546 1399 5615 lingua:
1443 5541 1836 5612 proprietatem

236 5644 428 5686 versum
459 5641 542 5688 est
572 5630 628 5682 in
662 5615 951 5678 Latinum.
979 5615 1152 5672 MART.

279 5683 559 5761 έὺἰιὲιῖιιιι
585 5691 844 5756 Palatio.
861 5701 964 5742 ms.
991 5687 1375 5760 praetermittit.
1408 5683 1460 5740 In
1482 5683 1600 5757 ipso
1622 5693 1840 5754 quoque

1851 2967 1894 3028 c
1929 2975 2163 3016 PSALMUS
2187 2975 2347 3016 nmo
2372 2957 2496 3033 [Με.
2519 2973 2617 3015 ιιιει
2646 2956 2834 3030 parte]
2856 3001 2869 3026 ,
2893 2973 2996 3015 cut
3025 2973 3186 3016 εεεετ
3211 2975 3262 3017 ts
3287 2975 3530 3020 sessuro

2599 3046 2852 3086 Ιῢυυιῐὲιθ.

2001 3126 2147 3182 Dcus
2179 3125 2322 3181 Deus
2353 3141 2530 3194 meus,
2553 3126 2619 3182 ad
2647 3136 2698 3182 te
2730 3125 2796 3182 de
2824 3127 2942 3181 luce
2973 3125 3160 3196 vigilo.

1996 3215 2180 3272 Sitivit
2227 3217 2283 3272 iu
2318 3226 2368 3273 te
2407 3217 2586 3273 anima
2621 3233 2739 3276 mea
2776 3236 2788 3273 :
2823 3233 2984 3289 quam
3019 3218 3393 3290 multipliciter
3423 3219 3524 3276 tili

1928 3320 1982 3367 et
2011 3325 2140 3366 caro
2169 3312 2318 3366 mea!

1998 3405 2053 3460 ln
2089 3415 2112 3453 ε
2137 3405 2377 3473 deserto,
2409 3414 2462 3461 et
2492 3405 2544 3460 in
2567 3403 2717 3460 invio
2743 3415 2794 3460 et
2824 3404 3108 3476 inaqnoso,
3139 3403 3219 3459 sic
3251 3404 3304 3458 in
3337 3415 3527 3461 sancto

1927 3498 2155 3568 apparui
2190 3498 2284 3553 tibi
2320 3515 2332 3552 :
2367 3507 2424 3552 ut
2459 3495 2698 3553 viderem
2735 3498 2994 3552 virtutem
3027 3496 3156 3568 [Με.
3187 3497 3522 3568 potentiam]

1924 3600 2068 3644 tuam
2102 3599 2153 3644 et
2183 3590 2411 3660 gloriam
2445 3599 2615 3644 tuam.

1999 3685 2132 3753 Quia
2161 3685 2353 3739 melior
2376 3693 2458 3738 est
2483 3683 2850 3739 misericorlia
2883 3692 2970 3739 tua
2995 3681 3020 3721 ιι
3051 3699 3215 3755 super
3241 3684 3378 3741 vitas
3405 3703 3418 3740 :
3444 3684 3528 3740 la-

1927 3777 2012 3833 bia
2046 3795 2161 3836 mea
2196 3777 2490 3833 laudabunt
2515 3787 2586 3831 tc.

2001 3874 2090 3929 Sic
2118 3873 2436 3929 bencdicam
2487 3884 2539 3930 te
2569 3874 2619 3929 iu
2653 3873 2759 3931 vita
2792 3889 2909 3930 mea
2948 3889 2962 3930 :
2997 3884 3048 3930 et
3081 3874 3133 3931 in
3180 3875 3401 3933 nomine
3431 3884 3531 3932 tuo

1929 3966 2120 4023 levabo
2152 3981 2344 4022 manus
2369 3982 2537 4023 meas.

1929 4158 2121 4212 (ἔνατα)
2153 4168 2298 4212 textu
2332 4155 2448 4230 sine
2484 4155 2870 4230 prmyositimm
2893 4167 2974 4212 est
3003 4156 3210 4230 ἐδίψησὲ
3231 4178 3328 4213 σοι.
3366 4156 3533 4212 Vide-

1930 4231 2004 4282 εἰς
2036 4231 2194 4298 epist.
2227 4231 2294 4284 ad
2326 4229 2586 4283 Suuuiam
2612 4240 2659 4282 et
2696 4227 2983 4285 Frctelam.
3016 4227 3210 4283 l’eccat
3241 4243 3370 4282 vero
3397 4245 3522 4284 mox

1932 4303 1984 4355 itt
2019 4301 2282 4355 τιδιοινὶμοο
2323 4299 2642 4370 opponendo
2669 4299 2808 4354 idem
2845 4301 3075 4354 l’alatin.
3112 4313 3214 4351 ms.

2008 4381 2030 4408 ο
2066 4367 2372 4426 γετοιιοιιεξ
2393 4385 2514 4422 cum
2536 4369 2836 4436 Augustino
2864 4381 3153 4436 susceptor,
3176 4382 3272 4435 pro
3291 4367 3528 4438 adjutor:

1933 4451 1986 4496 et
2013 4443 2362 4510 subsequenti
2391 4457 2572 4508 versu,
2603 4458 2871 4512 quousque
2903 4451 3218 4512 opponentes
3247 4437 3402 4507 super
3428 4437 3524 4490 Ito-

1937 4515 2121 4567 ntinein
2142 4515 2166 4566 ε)
2193 4508 2557 4583 intcrﬁcientes
2593 4508 2792 4582 (Aug,
2812 4510 3088 4580 interﬁcite
3108 4508 3145 4579 ),
3171 4523 3345 4560 omnes
3389 4515 3524 4560 tant-

1936 4601 2112 4653 qaaut,
2144 4593 2251 4638 etc.

2011 4654 2026 4692 τ
2068 4654 2202 4708 Cum
2255 4655 2554 4726 Augustino
2572 4653 2874 4726 Veroncns.
2912 4665 3041 4716 ms,
3074 4659 3274 4726 spcrttte
3318 4648 3524 4726 iit-eam

1935 4743 2080 4779 omne
2108 4720 2382 4779 conciliant
2424 4727 2582 4796 plebis
2610 4725 2896 4790 :e/funtlite
2938 4737 3110 4774 coram
3142 4720 3232 4796 illo
3266 4720 3421 4796 corda
3449 4737 3532 4796 ce-

1933 4806 2041 4850 slra
2068 4811 2084 4848 :
2115 4797 2247 4850 licus
2276 4790 2484 4867 adjwar
2517 4807 2704 4857 noster,
2731 4797 2935 4867 absque
2960 4810 3044 4854 co,
3072 4791 3214 4867 quati
3244 4790 3531 4867 subsequi-

1945 4878 2052 4930 tur,
2086 4877 2157 4920 est
2186 4861 2372 4920 verba.
2407 4867 2543 4920 Tum
2572 4869 2624 4918 in
2657 4861 2936 4932 sequentis
2959 4861 3212 4914 Versiculi
3241 4862 3368 4924 line,
3397 4862 3532 4912 deci-

1933 4939 2077 5007 piant
2112 4939 2207 5003 ipsi
2231 4939 2292 4991 de
2315 4938 2538 4991 vanitate
2563 4937 2613 4988 in
2639 4951 2817 5007 unum.
2854 4935 2938 4995 Et,
2969 4933 3122 5007 nolite
3142 4947 3347 4999 sperare
3377 4947 3530 5007 super

1934 5002 2278 5075 iniquitatem,
2311 5020 2358 5060 et
2389 5009 2439 5060 in
2469 5009 2702 5074 rapinam
2731 5005 2851 5075 (ΑΙ.
2881 5005 3061 5073 rapina
3082 5009 3097 5070 ι)
3125 5020 3186 5056 ne
3209 5002 3533 5072 conm-pisca-

1941 5079 2268 5133 tis.'1)iviti(e
2299 5080 2340 5131 si
2372 5081 2724 5148 ttf/ittttnt,_ne
2768 5075 3041 5143 apponatis
3082 5089 3218 5148 cor;
3258 5077 3527 5142 tit-utque,

1941 5152 2122 5205 reddes
2153 5145 2733 5218 ttuiiuiqne’sccuntlttm
2765 5161 2917 5211 opera
2949 5149 3084 5216 ejus,
3116 5145 3210 5218 _vel_
3231 5161 3344 5218 sua.

2014 5232 2037 5269 ε
2081 5211 2384 5276 Vct'onetis.
2415 5233 2541 5280 tns.,
2564 5215 2775 5267 lnterra
2801 5211 2998 5268 deserta
3030 5226 3076 5270 ct
3110 5214 3244 5269 invia
3267 5211 3454 5282 (Aug.,
3483 5221 3532 5267 et

1939 5293 2047 5347 sine
2072 5290 2184 5359 ria)
2216 5298 2262 5340 et
2292 5290 2399 5340 sine
2426 5303 2583 5359 aqua,
2613 5286 2848 5359 siqu-te.

2014 5363 2040 5399 ιι
2084 5352 2440 5414 Frietet'misil
2471 5357 2668 5410 Veron.
2697 5356 2941 5410 Psalterii
2968 5357 3143 5410 etlitor
3165 5352 3353 5417 verba,
3380 5370 3533 5424 super

1943 5435 2088 5496 ιιῑιαδ,
2122 5446 2240 5496 qua:
2274 5430 2347 5480 ait
2386 5430 2436 5481 in
2467 5443 2530 5480 eo
2561 5428 2750 5480 codice
2779 5426 2989 5482 dce-se.
3023 5428 3194 5482 Immo
3227 5424 3537 5493 ell'ttgcruut.

1941 5505 2058 5573 ejus
2082 5499 2436 5573 diligentiam,
2465 5507 2709 5573 prostant
2737 5497 2902 5573 enim,
2929 5498 3141 5573 tametsi
3170 5498 3327 5573 paulo
3355 5497 3535 5573 exesis

1939 5567 2222 5641 vctustate
2252 5569 2456 5636 aliquot
2499 5567 2718 5637 litteris,
2754 5568 2808 5623 in
2843 5586 2908 5626 eo
2946 5571 3066 5641 ipso
3095 5567 3415 5639 exemplari,
3469 5580 3535 5620 ac

1939 5646 2076 5703 lecta
2103 5639 2255 5698 nobis
2289 5649 2436 5697 sunt.
