3936 6180
464 252 571 311 227

1486 251 1545 308 S.
1590 244 1968 306 lllERUNYMl
2009 238 2241 303 DIVINA
2279 238 2756 301 BlBLlOTllECA.

3663 243 3768 303 928

540 369 691 426 Sicut
718 368 872 440 adipe
901 366 951 425 et
976 365 1290 441 pinguedine
1329 365 1590 439 rrplcatur
1617 366 1793 421 anima
1826 381 1938 420 mea
1968 380 1997 455 ί
2010 373 2059 419 ει
2087 394 2136 457 Α
2237 358 2390 416 Sicut
2420 368 2443 397 θ
2472 358 2631 431 adipe
2655 369 2708 415 et
2733 357 3059 431 pinguedine
3087 358 3367 434 repleatur
3388 358 3573 417 anima
3600 374 3764 419 mea:

466 460 619 518 labiis
641 458 997 517 exsultationis
1026 458 1260 515 laudabit
1292 474 1349 515 os
1379 475 1549 513 meum
1578 466 1628 512 ⁸.

539 553 605 609 Si
626 570 820 609 memor
842 554 920 624 fui
949 553 1024 609 tui
1050 569 1204 625 super
1232 562 1460 608 stratum
1486 567 1676 620 meum,
1708 551 1763 606 in
1784 551 2056 609 matutinis

468 647 755 702 meditabor
773 646 828 700 in
854 655 905 701 te
928 662 947 701 :
972 646 1097 718 quia
1119 646 1265 717 fuisti
1291 646 1505 719 adjutor
1532 663 1692 703 meus.

534 739 605 796 Et
643 741 695 796 in
730 744 1014 797 velamento
1036 730 1245 796 alarum
1280 749 1489 797 tuarum
1518 742 1812 812 exsultabo,
1836 743 2058 803 adlia'sit

462 831 638 888 anima
665 848 776 887 mea
806 843 921 904 post
948 841 997 891 te
1020 848 1138 891 :me
1166 837 1389 907 suscepit
1419 835 1632 891 dextera
1654 844 1761 892 tua.

530 920 647 995 Ipsi
667 940 783 979 vero
800 924 856 980 in
872 940 1062 981 uanum
1083 926 1399 996 quwsierunt
1415 927 1641 982 animum
1658 943 1845 995 meam,
1872 928 2055 983 introi-

460 1015 587 1071 bunt
621 1015 675 1070 in
711 1014 967 1086 inferiora
998 1027 1150 1074 terra:
1180 1031 1201 1073 .'
1232 1018 1503 1074 tradentur
1536 1019 1592 1074 in
1629 1034 1814 1075 manus
1849 1017 2052 1092 gladii,

459 1118 632 1178 partes
667 1107 899 1181 rulpium
936 1119 1111 1167 erunt.

528 1200 643 1259 Rea:
666 1215 785 1257 vero
815 1200 1078 1258 (celabitur
1110 1201 1163 1258 in
1192 1199 1328 1271 Deo,
1355 1202 1708 1260 laudabuntur
1734 1219 1932 1274 omnes,
1964 1203 2055 1275 qui

455 1293 633 1356 iurant
655 1293 709 1349 iu
726 1310 785 1352 eo
801 1294 953 1368 :quia
975 1295 1295 1355 obstructum
1320 1306 1395 1355 est
1422 1312 1479 1353 os
1505 1296 1824 1369 loquentium
1846 1297 2051 1370 iniqua.

1791 1482 1933 1549 PSA
1945 1481 2156 1547 LMUS
2199 1484 2429 1548 LXIII.

1990 1598 1997 1599 ί
2079 1599 2129 1661 Β

870 1599 922 1645 IN
947 1601 1136 1657 FlNEI,
1170 1600 1406 1645 PSALIUS
1436 1601 1621 1644 ωνω.

527 1699 764 1773 Exaudi,
802 1702 968 1774 Deus,
1010 1704 1293 1760 orationem
1329 1718 1495 1758 meam
1525 1747 1540 1774 ,
1568 1717 1686 1758 cum
1716 1701 2001 1775 deprecor:
2025 1720 2058 1760 a

455 1798 640 1854 timore
667 1798 865 1853 inimici
885 1798 1026 1870 eripe
1054 1799 1283 1853 animam
1309 1813 1495 1853 meum.

528 1890 813 1947 Protexisti
843 1908 922 1946 me
948 1908 982 1945 a
1010 1900 1263 1948 conventu
1293 1890 1691 1964 malignantium
1710 1932 1725 1960 ,
1755 1907 1788 1947 a
1813 1891 2053 1948 multitu-

452 1983 575 2037 dine
600 1983 928 2054 operantium
959 1984 1298 2056 iniquitatem.

530 2077 666 2144 Quia
693 2086 1008 2134 exaruerunt
1038 2088 1094 2134 ut
1123 2078 1359 2153 gladium
1397 2079 1601 2152 linguas
1628 2097 1749 2137 suas
1777 2081 2053 2137 :intende-

453 2182 577 2229 runt
597 2190 776 2230 arcum
802 2190 913 2233 rem
937 2191 1197 2246 amaram,
1218 2185 1274 2232 ut
1289 2176 1533 2250 sagittcnt
1555 2176 1610 2231 in
1633 2175 1851 2232 occultis
1872 2176 2052 2231 imma-

451 2267 701 2323 calatum.

523 2362 709 2419 Subito
725 2363 1042 2438 sagittabunt
1063 2380 1203 2436 eum,
1227 2371 1274 2421 et
1292 2380 1393 2422 non
1417 2364 1662 2423 timebunt
1678 2381 1695 2421 :
1714 2365 2050 2437 ﬁrmaverunt

445 2454 545 2511 sibi
563 2472 855 2513 sermonem
884 2473 1125 2529 nequam.

527 2550 895 2607 Narraverunt
934 2560 994 2607 ut
1030 2552 1407 2611 absconderem
1462 2553 1705 2628 laqueos,
1758 2554 2047 2612 dixerunt:

451 2642 583 2712 Quis
608 2644 797 2699 ridebit
824 2646 958 2701 eos?

520 2736 756 2793 Scrutati
780 2746 900 2795 sunt
922 2737 1218 2810 iniquitates
1238 2740 1566 2813 :defeceruut
1588 2749 1880 2797 scrutantes
1899 2756 2045 2796 scru-

443 2827 598 2885 tinio.

510 2922 540 2963 δ
564 2922 784 2985 Accedet
806 2924 960 2983 homo
988 2925 1060 2983 ad
1084 2928 1171 2984 cor
1202 2927 1407 2985 altum:
1430 2938 1479 2986 et
1505 2930 1823 2987 multabitur
1851 2928 2018 2987 Deus.

2165 461 2220 510 et
2247 452 2388 508 labia
2418 453 2799 510 exsultationis
2830 454 3127 511 laudabunt
3154 469 3349 512 nomen
3387 466 3564 512 tuum.

2236 546 2293 604 Si
2323 562 2529 605 memor
2560 547 2635 604 fui
2661 549 2735 604 tui
2768 564 2934 620 super
2954 557 3187 606 stratum
3219 565 3423 619 meum,
3456 550 3511 605 in
3538 550 3763 606 matuti-

2163 640 2250 697 nis
2274 640 2581 698 meditabor
2613 643 2668 697 in
2701 650 2787 698 te:
2814 643 2941 714 quia
2974 641 3125 700 luisti
3157 643 3375 715 adjutor
3402 659 3581 700 meus.

2235 732 2299 789 Et
2334 733 2388 789 in
2417 733 2729 791 velamento
2750 735 2959 791 alarum
2992 744 3207 793 tuarum
3234 736 3553 803 exsultabo,
3575 734 3765 794 adlue-

2161 828 2232 884 sit
2260 829 2441 885 anima
2469 844 2593 887 mea
2626 838 2750 900 post
2779 837 2967 887 tczme
2993 830 3237 904 suscepit
3262 834 3489 889 dextera
3518 840 3634 888 tua.

2232 919 2338 989 Ipsi
2383 935 2516 977 vero
2546 920 2600 977 in
2650 937 2847 978 vanum
2891 922 3229 995 quaesierunt
3265 924 3507 981 animam
3541 938 3720 981 meam
3743 964 3760 992 ,

2158 1011 2462 1069 introibunt
2493 1014 2546 1070 in
2594 1014 2854 1072 inferiora
2888 1025 3048 1075 terra:
3080 1033 3092 1073 :
3119 1017 3403 1077 tradentur
3453 1017 3509 1074 in
3562 1032 3756 1077 manus

2158 1106 2349 1179 gladii,
2381 1117 2566 1180 partes
2597 1109 2839 1180 vulpium
2889 1119 3072 1169 erunt.

2231 1199 2347 1258 Rex
2377 1216 2510 1259 vero
2542 1201 2819 1260 laetabitur
2849 1202 2907 1260 in
2944 1204 3202 1273 Domino,
3234 1203 3608 1265 laudabuntur
3637 1220 3753 1265 om-

2159 1313 2278 1368 nes,
2328 1298 2426 1370 qui
2452 1298 2643 1371 jurant
2681 1299 2734 1357 in
2766 1314 2834 1360 eo
2864 1319 2877 1356 :
2907 1300 3036 1375 quia
3066 1301 3409 1361 obstructum
3446 1311 3533 1365 est
3564 1315 3629 1360 os
3675 1301 3758 1361 lo-

2157 1391 2438 1463 quentium
2471 1391 2680 1465 iniqua.

2316 1604 2370 1645 1N
2393 1604 2581 1659 manu,
2611 1605 2846 1651 ρειιιιυε
2873 1607 3035 1651 nmo
3059 1591 3189 1667 [.lls.
3215 1608 3316 1653 test
3346 1609 3511 1654 nano
3534 1590 3556 1669 ]
3577 1636 3594 1654 .

2233 1705 2467 1777 Exaudi,
2495 1707 2661 1778 Deus,
2692 1711 2999 1768 orationem
3025 1725 3224 1778 meam,
3256 1726 3382 1769 cum
3416 1711 3435 1752 τ
3460 1712 3759 1786 deprecor:

2156 1811 2187 1852 a
2224 1797 2420 1856 timore
2451 1799 2659 1857 inimici
2683 1803 2838 1874 eripe
2864 1803 3102 1859 animam
3132 1819 3335 1862 meam.

2229 1892 2520 1950 Protexisti
2546 1910 2634 1952 me
2656 1911 2684 1951 a
2715 1908 2986 1954 conventu
3010 1898 3451 1971 malignantium,
3470 1908 3534 1962 et
3559 1915 3596 1959 θ
3615 1900 3757 1959 mul-

2157 1982 2393 2042 titudine
2422 1989 2769 2059 operantium
2801 1990 3167 2063 iniquitatem.

2230 2076 2365 2145 Quia
2399 2078 2539 2152 [Ms.
2588 2080 2716 2154 qui]
2758 2093 3094 2141 eaaeuerunt
3137 2093 3197 2141 ut
3240 2084 3383 2158 [Ηε.
3433 2085 3755 2159 tamquam]

2152 2171 2391 2242 gladium
2417 2173 2630 2246 linguas
2661 2191 2829 2233 suas:
2859 2170 3215 2235 intenderunt
3236 2194 3422 2237 arcum
3456 2196 3583 2238 rem
3606 2196 3753 2239 ama-

2153 2281 2292 2337 ram,
2327 2275 2387 2323 ut
2412 2269 2677 2340 sagittent
2707 2280 2733 2319 8
2761 2270 2814 2326 in
2841 2271 3070 2328 occultis
3091 2272 3529 2330 immaculatum.

2223 2360 2418 2417 Subito
2446 2362 2783 2433 sagittabunt
2812 2378 2958 2431 eum,
3005 2373 3062 2421 et
3104 2380 3213 2421 non
3243 2364 3539 2434 timebunt,
3574 2365 3757 2423 ﬁrma-

2151 2462 2351 2511 verunt
2377 2454 2481 2513 sibi
2504 2455 2730 2512 verbum
2757 2456 2957 2512 malum
2983 2456 3506 2529 :disputaveruntnt
3519 2457 3756 2516 abscon-

2147 2543 2345 2603 derent
2374 2547 2621 2620 laqueos,
2656 2547 2915 2605 dixerunt
2942 2564 2957 2604 :
2983 2548 3118 2619 Quis
3159 2550 3367 2607 videbit
3398 2552 3539 2608 eos?

2218 2638 2455 2695 Scrutati
2496 2648 2624 2697 sunt
2661 2640 3003 2713 iniquitatem
3034 2659 3049 2700 :
3080 2642 3403 2702 deiecerunt
3438 2652 3754 2704 scrutantes

2147 2731 2497 2789 scrutininm.

2217 2824 2457 2882 Accedet
2487 2826 2651 2884 homo
2680 2827 2747 2884 ad
2778 2843 2873 2885 cor
2902 2828 3072 2892 altum
3101 2846 3114 2885 :
3138 2838 3197 2887 et
3221 2829 3554 2888 exaltabitur
3582 2829 3749 2889 Deus.

2217 2921 2442 2995 Sagitta:
2473 2924 2820 2997 parvulorum
2850 2923 3009 2983 facta:
3038 2934 3167 2983 sunt
3212 2926 3385 2999 plaga:
3424 2942 3618 2985 eorum
3649 2946 3663 2983 :
3694 2935 3755 2984 et

517 3015 739 3089 Sagitta:
780 3017 1124 3089 parvulorum
1162 3021 1319 3092 factm
1358 3030 1478 3077 sunt
1524 3023 1695 3094 plagae
1736 3039 1917 3078 earum
1946 3037 1967 3078 :
1994 3032 2042 3078 et
2069 3004 2113 3069 C
2146 3015 2457 3085 proniliilo
2494 3015 2802 3073 habuerunt
2841 3026 3033 3074 contra
3057 3033 3154 3075 eos
3180 3018 3376 3091 lingua:
3404 3018 3675 3091 ipsorum.

438 3107 716 3178 inﬁrmata:
743 3119 866 3165 sunt
892 3120 1077 3167 contra
1100 3128 1187 3169 eos
1224 3114 1419 3184 linguae
1438 3130 1639 3171 eorum.

2219 3108 2543 3167 Conturbati
2582 3120 2713 3170 sunt
2740 3127 2975 3184 omnes,
2996 3112 3089 3186 qui
3125 3112 3387 3175 videbant
3428 3128 3528 3173 eos
3555 3131 3572 3173 :
3599 3122 3656 3175 et
3676 3115 3749 3171 ti-

505 3197 810 3255 Conturbati
836 3209 957 3258 sunt
983 3217 1181 3273 omnes,
1220 3205 1309 3277 qui
1345 3206 1586 3263 videbant
1615 3223 1702 3264 eos
1737 3216 1824 3264 :et
1865 3208 2040 3265 timuit
2142 3204 2281 3262 muit
2309 3205 2490 3262 omnis
2539 3205 2728 3264 homo.

440 3293 609 3349 omnis
636 3294 811 3349 homo.

434 3380 506 3441 Et
520 3386 961 3443 annuntiuverunt
975 3402 1134 3460 opera
1148 3386 1245 3443 Dei
1260 3404 1278 3445 :
1291 3398 1338 3445 et
1356 3391 1498 3461 facta
1511 3393 1627 3463 ejus
1644 3390 2029 3449 intellexerunt.

476 3472 790 3534 'Laetabitur
808 3479 986 3551 justus
1013 3480 1072 3536 in
1113 3479 1367 3553 Domino,
1410 3492 1461 3538 et
1491 3482 1717 3556 sperabit
1762 3485 1817 3541 in
1844 3501 1905 3542 eo
1943 3495 2037 3543 :et

434 3571 787 3629 laudabuntur
815 3588 991 3631 omnes
1019 3573 1147 3632 recti
1165 3573 1349 3631 corde.

2211 3298 2694 3357 Annuntiavcrunt
2721 3315 2888 3373 Opera
2917 3298 3016 3359 Dei
3051 3317 3065 3358 :
3099 3309 3155 3359 et
3181 3301 3325 3360 facta
3373 3300 3498 3376 ejus
3526 3302 3749 3365 intelle-

2139 3402 2358 3450 xerunt.

2210 3486 2503 3545 Laetabitur
2524 3487 2707 3560 justus
2738 3488 2793 3546 in
2825 3488 3079 3559 Domino.
3110 3498 3165 3549 et
3191 3488 3440 3562 sperabit
3465 3490 3522 3551 in
3547 3504 3616 3551 eo
3651 3499 3751 3555 :ct

2136 3578 2501 3638 laudabuntur
2531 3597 2723 3641 omnes
2763 3582 2903 3642 recti
2933 3582 3121 3642 corde.

1804 3675 2162 3742 PSALMUS
2204 3676 2427 3740 LXIV.

594 3787 646 3835 tu
676 3790 841 3837 “seu
869 3793 1105 3841 PStLtttts
1134 3793 1320 3854 ante,
1356 3790 1379 3823 ο
1513 3795 1782 3841 εωτιεωι
1812 3781 1835 3852 ζ

514 4043 586 4103 Te
624 4046 769 4103 decet
801 4047 1026 4119 hymnus
1062 4042 1227 4119 Deus,
1263 4046 1319 4103 in
1354 4046 1534 4107 Sion:
1575 4054 1624 4103 et
1653 4046 1746 4104 tibi
1785 4046 2032 4104 reddetur

432 4150 605 4198 totum
635 4156 693 4197 σιν
728 4141 781 4195 in
804 4136 1156 4212 Jerusalem;

2134 3795 2188 3839 tu
2221 3794 2403 3847 riseu,
2437 3796 2671 3840 essurus
2701 3798 2881 3850 nam),
2915 3796 3187 3840 currenti
3215 3795 3459 3841 ιιιειιιε
3489 3797 3559 3840 ιτ
3584 3779 3610 3822 δ
3645 3797 3743 3842 Ασ-

2209 3868 2311 3910 (ιιι
2333 3869 2401 3909 DF.
2424 3870 2595 3914 VEIBO
2616 3870 3119 3928 Ριιιεςωωτιοωε,
3148 3870 3360 3922 αυλιςυο
3390 3869 3738 3917 ικαιιοιειιηῐ

2208 3939 2515 3983 ιιιιοειοιεοι.

2204 4039 2281 4097 Te
2307 4041 2465 4100 decet
2494 4042 2749 4117 hymnus,
2778 4044 2941 4116 Deus,
2972 4045 3029 4104 in
3056 4045 3213 4117 Sion,
3237 4055 3296 4105 et
3325 4045 3423 4105 tibi
3465 4046 3739 4108 reddetur

2133 4142 2316 4192 votum
2349 4135 2403 4193 in
2438 4135 2766 4197 Jerusalem.

497 4230 755 4289 “Exaudi
775 4230 1069 4290 orationem
1092 4246 1143 4288 σθ
1183 4232 1398 4305 meam:
1431 4232 1501 4288 ad
1529 4242 1578 4293 te
1602 4231 1769 4290 omnis
1794 4247 1916 4289 caro
1942 4247 2028 4289 ee-
2052 4242 2109 4307 ι)
2206 4228 2411 4287 Exaudi
2439 4230 2741 4289 orationem
2774 4246 2950 4290 meam
2985 4249 2997 4287 :
3038 4230 3112 4291 ad
3144 4239 3199 4290 te
3243 4231 3431 4291 omnis
3470 4247 3607 4295 caro
3641 4248 3737 4293 ve-

427 4325 553 4383 uiet.

498 4478 525 4548 ξι
565 4465 858 4548 §ubju_ngi_t
888 4465 978 4525 hic
1003 4463 1283 4548 Palatinus
1306 4479 1410 4548 ms.
1434 4461 1786 4548 Diapsalmah

495 4536 525 4577 δ
565 4534 863 4609 Rescripsit
900 4538 1124 4609 sequior
1153 4552 1344 4594 manus
1372 4538 1425 4593 in
1451 4534 1643 4593 eodem
1666 4535 1877 4609 codice,
1914 4534 2015 4589 Ac-

426 4610 587 4683 cedit,
615 4611 704 4667 ubi
728 4605 785 4683 et
812 4605 1118 4683 Diapsalma
1150 4610 1202 4683 in
1235 4610 1342 4665 line
1371 4624 1564 4683 Versus
1592 4608 1904 4683 ascribitur3

501 4692 524 4721 ε
550 4682 650 4739 llic
676 4682 861 4739 addita
884 4678 1008 4737 sunt
1029 4681 1260 4751 plurima
1287 4680 1452 4751 verba
1476 4681 1528 4734 in
1552 4693 1682 4751 mss.
1711 4678 2010 4751 codicibus.

419 4749 774 4823 Carnutensis
805 4753 908 4809 hoc
938 4748 1102 4823 modo
1132 4753 1261 4823 legit
1290 4769 1302 4806 :
1332 4749 1398 4806 In
1430 4752 1607 4819 finem,
1633 4748 1871 4823 Psalmus
1907 4749 2012 4803 Da-

418 4822 623 4897 rid,
650 4824 919 4897 Canticum
963 4820 1240 4897 Hieremia:
1262 4832 1314 4897 et
1339 4823 1517 4897 Aggtei
1543 4836 1594 4897 σξ-
1620 4821 1707 4897 Δ(Ις
1737 4821 1887 4897 uerbo
1914 4837 2009 4892 pe-

416 4895 814 4968 regrinationis.
854 4894 1066 4966 quando
1106 4892 1707 4968 incipiebant'proﬁcisci
1738 4908 1757 4946 :
1788 4892 1879 4948 alii
1911 4906 2009 4968 pro

417 4963 620 5036 dum
648 4963 1089 5023 balient'nonxen
1129 4963 1457 5030 Ezechielis;
1488 4963 1614 5036 “sed
1651 4963 1857 5036 absque
1895 4963 2009 5020 ullo

412 5033 571 5106 signa
600 5036 851 5094 nsterisci
881 5046 937 5093 et
968 5036 1119 5106 obeli
1139 5039 1191 5090 in
1216 5036 1451 5093 exteris.
1480 5034 1592 5092 Nos
1615 5049 1735 5106 quae
1757 5034 2009 5105 leguntur

412 5101 727 5179 ln'Hebt-azo
762 5119 825 5179 et
850 5107 995 5179 apud
1033 5104 1177 5179 LXX
1212 5110 1573 5176 retinuimus,
1604 5101 1787 5163 addita
1813 5101 1945 5164 itero
1973 5120 2006 5161 a

411 5174 651 5249 librariis
681 5174 1007 5249 abiecimus.
1042 5177 1214 5235 MART.

483 5276 556 5288 -
586 5248 960 5304 Prmtermisso
981 5254 1260 5316 asterisco,
1289 5250 1441 5307 addit
1467 5249 1748 5306 Palatinus
1779 5262 1881 5303 ms.
1916 5262 2003 5303 re-

411 5315 619 5389 liquum
639 5320 707 5376 ad
732 5318 962 5374 Romani
986 5319 1234 5376 Psalterii
1260 5322 1429 5377 instar
1447 5322 1663 5378 titulum
1689 5336 1703 5373 :
1728 5318 2001 5373 Canticum

408 5385 649 5466 {eremice
676 5399 724 5446 et
744 5389 1033 5466 Ezecbielis
1056 5390 1291 5466 d_e_eer_bo
1316 5391 1770 5466 peregrinationis,
1789 5390 2000 5466 quando

410 5455 723 5543 incipiebant
758 5459 1044 5543 proficisci.
1085 5455 1682 5543 Ma‘rtian'teusv-Aggtei,
1722 5455 1825 5543 pro
1864 5458 1999 5543 Eae:

411 5529 592 5601 cliielis
624 5529 937 5586 nominein
972 5530 1298 5589 Carnulcnsi
1325 5549 1429 5593 ms.
1459 5529 1687 5596 ini'énit,
1721 5529 1776 5587 in
1807 5545 1915 5601 quo
1943 5538 2001 5585 ct

412 5600 619 5670 reliqua
648 5602 813 5656 verba
855 5601 1018 5656 obclo
1044 5606 1493 5670 pronotabantnr.
1520 5605 1693 5659 Carus
1723 5617 1785 5659 ea
1828 5600 1997 5658 ferme
2060 5664 2065 5669 _

406 5684 528 5723 eum
552 5671 879 5745 _Vcroncnsi
918 5687 1020 5745 ms.
1072 5672 1221 5743 legit,
1254 5674 1448 5745 populo
1491 5673 1992 5743 tt'ansutigratimtis,

405 5756 522 5812 cum
544 5742 830 5812 inciperent
860 5743 1022 5795 exire.

464 5809 504 5850 ά
533 5808 988 5886 Pri-positionem
1044 5809 1215 5889 verbi.
1249 5808 1457 5867 Exaudi
1484 5850 1500 5883 ,
1560 5810 1699 5871 idem
1757 5809 1987 5869 l’alatin.

2132 4320 2272 4381 niet.

2118 4476 2222 4518 ms.
2254 4460 2321 4520 de
2353 4479 2507 4522 more
2548 4461 2784 4542 jugulat.
2832 4464 2916 4524 Ad
2954 4465 3119 4542 cujus
3163 4467 3323 4542 ﬁdem
3366 4467 3733 4542 subsequentl

2117 4549 2278 4613 versu
2330 4546 2377 4589 ct
2415 4537 2691 4613 copulam,
2722 4552 2843 4609 quae
2887 4537 3063 4612 neque
3106 4540 3161 4595 in
3207 4540 3440 4597 llebrteo
3467 4537 3723 4613 resonat,

2117 4606 2281 4662 obelo
2312 4606 2680 4665 contudimus.

2192 4687 2215 4715 °
2256 4676 2414 4755 Juxta
2448 4681 2806 4755 Augustinum
2840 4679 3119 4755 idem'ms.
3148 4696 3164 4739 :
3190 4680 3487 4753 Tamquam
3523 4683 3724 4755 adipe,

2114 4758 2249 4812 ctc.,
2281 4748 2478 4819 repleta
2522 4748 2596 4804 est
2624 4751 2790 4824 (Aug.
2826 4751 3109 4824 repleatur)
3148 4748 3488 4808 anima'mea.
3524 4748 3635 4819 Et;
3660 4748 3726 4812 Si

2113 4830 2421 4875 memoratus
2449 4837 2562 4875 sum
2584 4823 2677 4885 tui,
2714 4834 2819 4879 ctc.
2854 4823 3138 4879 Postremo
3179 4839 3342 4879 versu
3369 4841 3384 4878 :
3413 4825 3725 4881 laudabitur

2112 4892 2279 4966 omnis
2304 4894 2392 4962 qui
2417 4892 2558 4966 iurat
2578 4893 2631 4947 in
2651 4894 2793 4966 ipso,
2819 4896 3063 4966 quoniam
3085 4893 3376 4966 oppilatum
3400 4906 3478 4950 est
3498 4913 3580 4963 os,
3603 4907 3719 4954 etc.

2188 4910 2279 4946 nus
2304 4910 2391 4962 qui
2417 4910 2558 4961 pura:
2578 4910 2631 4947 in
2658 4910 2793 4966 ipso,
2819 4910 3063 5017 (Clanium
3085 4910 3376 4966 opprimunt
3400 4910 3478 4950 est
3498 4913 3580 4963 os,
3603 4910 3719 4954 etc.

2188 4960 2208 5001 ί
2249 4960 2409 5017 Juxta
2436 4963 2800 5033 Augustinum
2877 4970 3163 5022 eranensis
3191 4982 3291 5021 ms.
3317 4966 3563 5022 tribulor.
3591 4968 3723 5026 Mox

2109 5047 2211 5104 pro
2237 5036 2385 5106 eripe
2411 5033 2642 5106 August.
2674 5052 2817 5103 erue,
2843 5034 3144 5091 Vcronens.
3171 5037 3351 5092 libera.

2181 5113 2206 5152 Β
2236 5103 2355 5180 Pari
2378 5103 2647 5180 Consensu
2669 5107 2857 5171 iidem,
2881 5115 2937 5160 ut
2958 5108 3198 5180 sagittent
3219 5108 3272 5163 in
3292 5108 3597 5164 abscondito
3625 5112 3722 5167 inv

2106 5175 2444 5253 maculatum.
2471 5175 2696 5253 [tepente
2714 5175 3051 5249 sagittabtttii,
3077 5187 3207 5253 ete.,
3234 5180 3575 5250 ﬁrmaverunt
3601 5183 3718 5253 (vel

2107 5246 2664 5321 obﬁrmaeeruut)’sibi
2691 5246 2976 5321 sermonem
3004 5246 3292 5321 malignum
3315 5267 3334 5304 :
3360 5246 3718 5307 narraverunt

2104 5327 2157 5371 ut
2175 5317 2545 5372 absconderem
2563 5320 2900 5388 muscipulus,
2923 5317 3193 5385 clc.TtIni,
3216 5320 3538 5376 Perscmtati
3554 5335 3715 5379 sunt:

2105 5397 2183 5452 ct.
2217 5389 2515 5462 defecerunt
2546 5399 2855 5444 scrutantes.
2887 5390 3108 5446 Accedet
3132 5390 3288 5446 homo
3310 5404 3359 5446 et
3383 5408 3474 5446 cor
3513 5396 3708 5462 altum,

2100 5470 2208 5535 etc.
2243 5473 2317 5525 et,
2336 5460 2560 5530 Sagitta:
2575 5462 2854 5531 infantium
2866 5462 3017 5533 factm
3032 5474 3148 5518 sunt
3166 5466 3546 5535 ptagceeorunt,
3566 5475 3613 5520 et
3627 5460 3711 5521 in;

2100 5530 2322 5604 firmata:
2355 5542 2477 5586 sunt
2518 5530 2674 5603 super
2698 5547 2785 5587 eos
2814 5530 3220 5602 lingnreeorum.
3240 5530 3504 5604 Denique,
3537 5545 3587 5591 et
3610 5554 3708 5590 an-

2099 5602 2556 5689 nulnt‘i’auerunt...“
2584 5602 2904 5689 ’outnesuqu;
2924 5616 3061 5689 recte
3092 5605 3185 5674 (.tl.
3206 5605 3362 5689 recti)
3387 5602 3508 5663 sunt
3525 5608 3701 5689 corde.

2172 5670 2197 5707 ¹¹
2216 5671 2546 5747 Veronensis
2562 5690 2662 5729 ms.
2692 5683 2771 5727 :rt
2800 5670 3036 5747 Ezechiel
3058 5670 3121 5729 et
3149 5670 3705 5747 populo-transmigra-

2097 5741 2251 5797 tionis
2280 5759 2394 5817 cttiit
2443 5744 2724 5816 inciperent
2744 5763 2803 5817 ru
2818 5748 2919 5809 ire,
2958 5746 3109 5814 juxta
3148 5741 3530 5817 Augustinum.
3566 5741 3702 5808 Vide

2095 5828 2217 5884 qua:
2240 5812 2305 5869 ad
2336 5812 2639 5885 oppositam
2669 5812 2975 5872 columnam
3003 5812 3347 5875 annutanius.
