3936 6180
141 231 241 288 229

143 434 465 501 impietatibus
493 434 690 487 nostris
722 443 774 486 tu
806 433 1194 504 propitiaberis.

209 524 385 579 Beatus
405 540 552 594 quem
582 525 787 596 elegisti
807 565 822 592 ,
856 537 902 579 et
930 526 1259 598 assumpsisti
1293 542 1312 581 :
1354 535 1380 564 ι
1412 525 1720 581 inhabitabit

147 632 202 672 οξ
235 618 286 670 in
316 617 336 684 1
366 617 508 670 atriis
537 618 669 675 tuis.

207 708 524 780 Replebitnur
551 712 606 764 in
638 710 785 766 bonis
817 711 1004 766 domus
1043 721 1146 767 tua:
1173 727 1191 767 :
1220 722 1454 767 sanctum
1478 722 1553 768 est
1584 721 1712 772 tent-

147 806 271 876 plum
297 813 460 872 tuum,
488 804 734 860 mirabile
759 806 810 860 in
848 806 1106 877 (equitate.

203 895 399 950 Exaudi
433 911 551 962 nos,
585 895 758 968 Deus,
788 899 1038 954 salutaris
1071 909 1245 956 noster
1269 915 1289 954 :
1330 916 1446 972 spes
1489 900 1716 956 onmium

140 991 299 1059 ﬁniunt
326 999 504 1060 terra,
539 1001 591 1046 et
622 992 680 1046 in
711 995 841 1048 mari
869 994 1038 1066 longe.

199 1081 506 1151 Prteparans
539 1093 744 1140 montes
780 1086 833 1140 in
865 1087 1055 1140 virtute
1085 1097 1174 1141 tua
1197 1127 1211 1153 ,
1244 1088 1510 1142 accinctus
1540 1097 1720 1158 poten-

137 1175 195 1229 tia
219 1177 338 1246 :qui
363 1175 655 1232 conturbas
681 1177 1212 1250 profundumaris,
1245 1195 1428 1236 sonum
1457 1181 1718 1250 ﬂuctuum

134 1269 253 1340 ejus.

193 1357 555 1416 Turbabuntur
586 1369 782 1433 gentes,
821 1371 869 1417 et
916 1363 1163 1423 timebunt
1203 1366 1296 1438 qui
1338 1366 1573 1438 habitant
1617 1377 1717 1422 ter-

134 1455 280 1510 minos
306 1472 340 1510 a
367 1457 530 1530 signis
567 1458 670 1512 tuis
698 1473 718 1521 ;
779 1457 948 1514 exitus
982 1462 1222 1521 matutini
1251 1470 1300 1516 et
1337 1459 1365 1500 h
1396 1476 1600 1532 vespere
1628 1462 1718 1516 de-

135 1548 345 1605 lectabis.

201 1642 426 1699 Visitasti
470 1654 690 1715 terram,
742 1653 790 1701 et
833 1645 1098 1702 inebriasti
1143 1662 1303 1704 eam:
1346 1645 1716 1720 multiplicasti

135 1739 420 1810 locupletare
448 1756 594 1796 eam.

195 1828 407 1888 Flumen
447 1834 547 1890 Dei
579 1835 836 1905 repletum
871 1845 946 1892 est
974 1837 1144 1906 aquis,
1176 1836 1374 1908 parasti
1403 1837 1571 1892 cibum
1596 1837 1716 1893 illo-

138 1943 237 1982 rum
265 1945 282 1981 :
308 1932 555 2000 quoniam
585 1930 661 1983 ita
700 1938 775 1984 est
814 1931 1126 2002 praeparatio
1160 1931 1270 2001 ejus
1301 1929 1378 2002 [id
1405 1939 1492 1986 est
1521 1931 1715 2002 terrcc.v|

194 2021 337 2078 Ilisos
361 2028 476 2096 ejus
499 2025 726 2091 incbria,
749 2024 1038 2096 multiplica
1055 2025 1316 2096 genimina
1346 2026 1456 2097 ejus
1483 2041 1501 2079 :
1527 2025 1580 2079 in
1602 2023 1719 2079 stil-

137 2116 302 2170 licidiis
323 2117 431 2188 ejus
453 2118 631 2172 lcetabi
639 2127 724 2172 tur
746 2119 1065 2190 germinans.

196 2209 457 2266 Benedices
489 2227 702 2267 coronae
731 2213 855 2266 anni
895 2211 1220 2284 benignitatis
1255 2220 1401 2268 tuas:
1453 2220 1502 2267 et
1549 2211 1718 2282 campi

141 2305 203 2357 tui
229 2305 559 2376 replebuntur
578 2304 834 2361 ubertate.

202 2393 542 2468 Pinguescent
570 2398 807 2470 speciosa
838 2397 1065 2454 deserti:
1090 2406 1138 2454 et
1167 2397 1518 2453 exsultatione
1549 2398 1703 2453 colles

144 2489 469 2561 accingentur.

203 2579 368 2637 luduti
394 2591 518 2640 sunt
544 2584 730 2639 arietes
753 2584 942 2650 ovium,
968 2593 1014 2640 et
1043 2583 1202 2640 calles
1232 2584 1570 2641 abundabunt
1600 2585 1717 2656 [ru-

147 2685 327 2732 mento:
355 2677 685 2746 clamabunt,
712 2677 901 2733 etenim
929 2676 1176 2749 hymnum
1204 2679 1399 2734 dicent.

1430 227 1628 284 LIBER
1671 223 2109 285 PSAUIORUSI.

214 340 366 397 Verba
392 338 692 412 iniquorum
719 339 1098 410 prteraluerunt
1131 354 1286 418 super
1318 353 1442 394 nos:
1489 354 1532 395 σε
1587 348 1636 393 et
1679 339 1701 407 1
1737 343 1782 400 Α

3307 238 3420 300 250

1883 338 2088 395 “Verba
2121 339 2430 412 iniquorum
2463 345 2860 414 prmvalucrunt
2887 363 3050 422 super
3075 350 3208 407 nos':
3238 360 3292 410 ct
3319 353 3420 409 im-

1825 433 2114 502 pietatibns
2145 436 2348 490 nostris
2381 445 2434 490 tu
2467 437 2866 508 propitinbcris.

1895 528 2092 582 ltcatus
2119 544 2279 598 quem
2311 529 2520 601 elegisti
2548 539 2604 586 et
2649 535 3037 608 assumpsisti:
3088 535 3416 596 inhabitabit

1821 616 1876 672 in
1913 619 2278 674 tabernaculis
2309 621 2434 676 tuis.

1891 707 2252 778 chlebimur
2306 710 2442 782 [Με.
2507 713 2833 786 replebitur]
2899 716 2952 771 in
3010 717 3172 774 bonis
3222 719 3418 778 domus

1821 808 1954 855 tute:
1989 810 2238 857 sanctum
2273 812 2357 858 est
2389 805 2652 876 templum
2687 814 2858 876 tuum,
2893 807 3142 867 mirabile
3165 810 3294 882 Ws.
3321 813 3420 874 ad-

1820 893 2096 965 mirabile]
2129 896 2182 951 in
2217 897 2493 968 tequitatc.

1897 986 2106 1043 Exaudi
2139 1004 2260 1057 nos,
2297 990 2463 1058 Deus,
2495 991 2750 1050 salutaris
2781 1004 2994 1052 noster:
3029 1011 3153 1069 spes
3175 998 3419 1058 omnium

1822 1081 2013 1138 tioium
2048 1093 2233 1156 terrtc,
2266 1095 2319 1140 et
2351 1085 2405 1140 in
2434 1087 2568 1141 mari
2605 1088 2786 1160 longe.

1893 1177 2218 1250 Pracparans
2247 1189 2464 1237 montes
2499 1192 2520 1220 ο
2554 1182 2606 1238 in
2632 1184 2836 1242 virtute
2867 1194 2952 1242 tua
2975 1229 2990 1258 ,
3020 1188 3299 1246 accinctus
3323 1205 3418 1263 po-

1821 1271 1991 1325 tentia
2027 1288 2040 1324 :
2086 1271 2178 1342 qui
2221 1273 2518 1331 conturbas
2575 1275 2797 1334 fundum
2850 1279 3051 1351 maris,
3095 1297 3289 1340 sonum
3327 1299 3423 1341 au-

1823 1369 1930 1421 tem
1967 1365 1983 1402 τ
2021 1363 2285 1421 ﬂuctuum
2310 1366 2430 1437 ejus
2459 1369 2578 1440 quis
2608 1371 2942 1428 sustinebit?

1891 1457 2283 1516 Turbabuntur
2305 1471 2520 1533 gentes,
2549 1473 2606 1520 ct
2633 1465 2900 1524 timebunt
2923 1484 3114 1530 omnes
3135 1473 3226 1546 qui
3256 1471 3415 1532 babi-

1821 1558 1939 1604 tant
1969 1551 2104 1606 tines
2135 1561 2290 1608 terra:
2316 1569 2345 1609 a
2378 1554 2549 1628 signis
2580 1559 2706 1614 tuis.

1856 1644 2074 1702 Exitus“
2093 1647 2336 1703 matutini
2355 1649 2634 1722 ctvespcri
2651 1651 3034 1711 delcctaberis:
3057 1655 3292 1714 visitasti
3316 1667 3424 1718 ter-

1747 1743 1796 1804 Β
1823 1747 2033 1805 ram,et
2057 1741 2492 1811 inebriasticam,
2524 1745 2892 1817 multiplicasti
2913 1749 3249 1823 locupletare
3274 1767 3417 1809 eam.

1901 1831 2128 1888 Flumen
2163 1834 2254 1890 Dei
2289 1837 2555 1907 repletum
2585 1847 2672 1893 est
2702 1853 2842 1911 aqua
2869 1882 2883 1907 ,
2915 1843 3116 1910 parasti
3149 1843 3328 1899 cibum
3355 1845 3422 1900 il-

1825 1925 2000 1980 lorum
2032 1945 2043 1980 :
2077 1928 2200 1999 quia
2234 1928 2361 2000 [.ils.
2397 1932 2676 2005 quoniam]
2721 1934 2789 1988 ita
2820 1943 2903 1990 est
2936 1939 3262 2007 praeparatio
3305 1948 3418 1994 tua.

1896 2019 2062 2076 Rivos
2111 2021 2228 2092 ejus
2285 2022 2582 2094 inebrians,
2627 2028 2990 2098 multiplicans
3034 2032 3420 2102 generationes

1825 2113 1943 2183 ejus
1974 2133 1985 2168 :
2017 2115 2070 2169 in
2099 2115 2390 2172 stillicidiis
2423 2119 2532 2172 suis
2564 2120 2858 2190 laetabitur,
2893 2122 3019 2178 dum
3046 2127 3344 2182 exorietur.

1900 2206 2197 2264 Bcucdices
2257 2224 2510 2266 coronam
2572 2214 2700 2269 anni
2754 2214 3108 2286 benignitatis
3163 2227 3307 2275 tute:
3361 2227 3419 2276 et

1829 2300 2003 2371 campi
2037 2299 2116 2355 tui
2148 2302 2501 2372 replebuntnr
2531 2305 2801 2364 ubertate.

1833 2425 1846 2456 ι
1903 2394 2263 2465 Pinguescent
2311 2397 2444 2453 lines
2477 2398 2722 2456 deserti:
2766 2410 2821 2459 et
2847 2383 3418 2463 exsultatione-com

1831 2486 2210 2558 accingcntur.

1897 2579 2077 2635 lnduti
2126 2588 2254 2636 sunt
2296 2581 2494 2638 arietes
2525 2581 2729 2653 ovium,
2776 2592 2832 2640 et
2861 2586 3140 2644 convalles
3182 2587 3424 2646 abunde-

1803 2674 1934 2730 bunt
1954 2672 2249 2742 frumento,
2285 2675 2481 2731 ctenim
2503 2675 2901 2746 clamabunt,et
2928 2677 3189 2750 hymnum
3212 2679 3417 2739 dicent.

1487 2771 1847 2836 PSALMUS
1892 2767 2084 2832 LXV.

213 2893 257 2936 111
288 2896 451 2939 “NE!
475 2891 495 2920 ε
526 2895 799 2938 CANTICUI
821 2894 1008 2937 PSALII
1043 2893 1102 2935 οἰ-
1134 2893 1580 2935 ῐιΕΞΙΣΜιΕΕΤΙΟΝΙΒ
1617 2878 1640 2946 ξ

204 2996 419 3055 lubilate
459 2997 569 3055 Deo
590 3041 606 3066 ,
642 2998 809 3054 omnis
839 3007 1008 3065 terra,
1038 2997 1296 3070 psalmum
1327 2998 1480 3052 dicite
1521 2995 1720 3052 nomini

149 3094 242 3163 ejus
269 3095 426 3148 :date
449 3095 552 3167 glor
565 3094 671 3147 iam
705 3091 852 3146 laudi
878 3095 1012 3164 ejus.

211 3188 361 3244 Dicite
391 3187 539 3243 Deo:
573 3188 745 3254 Quam
772 3184 1023 3240 terribilia
1053 3194 1170 3240 sunt
1201 3201 1356 3257 opera
1392 3193 1480 3239 tua
1524 3199 1562 3240 ἡ
1613 3180 1721 3239 Do-

152 3279 268 3335 mine
294 3280 315 3348 1
343 3282 397 3335 in
427 3278 761 3334 multitudine
787 3278 989 3333 uirtutis
1019 3285 1124 3332 tute
1151 3279 1469 3333 mentiantur
1498 3276 1590 3332 tibi
1620 3276 1720 3332 ini-

151 3370 253 3424 mici
280 3373 374 3428 tui.

215 3464 375 3522 Omnis
403 3475 540 3522 terra
572 3467 752 3522 adoret
780 3474 847 3532 te,
879 3472 926 3537 et
953 3461 1144 3536 psallat
1176 3461 1268 3519 tibi
1297 3480 1314 3519 :
1348 3465 1605 3536 psalmum
1637 3463 1719 3518 di-

155 3567 219 3611 cat
239 3560 426 3616 nomini
451 3573 562 3616 tuo.
596 3560 931 3615 ΒΙΑΡεΑωιΑ.

223 3651 413 3721 Venite,
440 3663 486 3710 et
515 3654 679 3709 ridete
710 3667 871 3722 opera
908 3648 1010 3706 Dei
1033 3665 1051 3705 :
1081 3647 1328 3706 terribilis
1365 3663 1428 3706 -ιν
1458 3648 1512 3705 in
1544 3648 1566 3718 1
1595 3664 1722 3704 con-

156 3743 268 3800 siliis
289 3764 439 3817 super
455 3746 591 3818 ﬁlios
619 3746 910 3802 hominum.

217 3855 271 3897 ὴ
305 3841 407 3910 Qui
437 3842 460 3910 1
489 3840 737 3896 convertit
764 3854 906 3895 mare
937 3837 990 3892 in
1021 3835 1251 3904 aridam,
1282 3835 1334 3890 iu
1351 3835 1572 3906 [tantine
1597 3852 1714 3907 per-

154 3935 409 3991 transibunt
440 3935 597 4007 pede:
627 3934 696 3989 ibi
726 3931 1017 3989 lattabimur
1038 3931 1092 3985 in
1120 3930 1257 4000 ipso.

221 4090 242 4119 ι
274 4080 503 4138 Priorem
549 4081 712 4146 hanc,
751 4094 818 4134 ex
853 4091 956 4149 qua
987 4072 1209 4149 verbum
1260 4070 1622 4149 componitur,
1662 4068 1719 4149 in

161 4153 588 4223 Prtepositionem,
604 4142 711 4208 non
726 4166 845 4221 quae
861 4142 1248 4224 subse_qttitu_r,_
1261 4144 1400 4198 idem
1430 4157 1531 4224 ms.
1561 4142 1717 4195 obolo

162 4215 420 4288 praiiotat.
457 4215 626 4280 Carus
662 4215 914 4294 neutrum
947 4215 1126 4294 habet.
1154 4215 1714 4294 Subsequentiautem

162 4283 301 4366 versu
319 4298 426 4366 pari
448 4310 716 4366 consensu
739 4291 986 4366 eamdem
1010 4289 1064 4341 in
1087 4303 1194 4366 prce
1205 4283 1431 4366 positam
1457 4283 1601 4366 bonis
1622 4297 1717 4366 vp-

164 4354 334 4419 cnlam'
355 4369 627 4423 innuerito
660 4365 821 4420 obelo
848 4354 1288 4416 transverberant
1320 4373 1333 4412 :
1367 4365 1426 4412 ut
1457 4363 1514 4411 et
1553 4354 1715 4424 paulo

166 4446 266 4508 post
289 4447 329 4491 et
349 4440 614 4508 copulam,
652 4451 712 4491 οξ-
740 4445 787 4508 _et
823 4435 844 4502 1
875 4431 1110 4508 inmori,
1145 4441 1252 4508 etc:

1745 2877 1792 2941 C
1826 2889 1875 2930 IN
1906 2888 2067 2928 FINEII
2105 2869 2133 2910 ιι
2162 2887 2399 2931 ΡεΑιιιυε
2441 2889 2906 2945 ωνιομςλκτιοωι
2941 2891 3413 2937 ηεευιιῐιεατιοκιεε

1895 2989 2137 3047 Jubilato
2163 2990 2296 3059 Deo,
2321 2992 2502 3048 omnis
2535 3001 2701 3060 terra,
2731 2994 2996 3065 psalmum
3021 2994 3186 3052 dicite
3209 2995 3420 3052 nomini

1827 3083 1946 3154 ejus
1980 3102 1992 3138 :
2023 3083 2149 3140 date
2180 3085 2408 3155 gloriam
2433 3085 2578 3141 laudi
2601 3086 2741 3158 ejus.

1903 3175 2075 3234 Dicite
2133 3177 2284 3233 Deo:
2334 3178 2505 3245 Quam
2557 3181 2818 3237 terribilia
2876 3192 3006 3238 sunt
3058 3198 3228 3254 opera
3285 3191 3419 3240 tua:

1829 3269 1883 3326 in
1942 3270 2291 3328 multitudine
2337 3273 2561 3330 virtutis
2614 3285 2718 3331 tum
2774 3277 3112 3336 mentientur
3160 3278 3259 3336 tibi
3314 3277 3424 3336 itii-

1829 3364 1956 3420 mici
1992 3364 2088 3423 tui.

1896 3460 2086 3517 Omnis
2110 3468 2251 3518 terra
2281 3460 2473 3518 adoret
2500 3470 2573 3530 te,
2601 3471 2658 3519 et
2688 3461 2884 3534 psallat
2906 3463 3022 3521 tibi:
3051 3463 3316 3537 psalmum
3342 3463 3429 3523 di-

1824 3563 1914 3612 cat
1941 3554 2152 3612 nomini
2181 3563 2296 3622 tuo,
2329 3555 2623 3613 altissime.
2658 3555 2992 3613 Drusum.

1878 3647 2115 3715 'Venite,
2143 3656 2200 3705 et
2227 3648 2408 3705 videte
2429 3663 2592 3720 opera
2624 3649 2837 3706 Domini
2865 3667 2878 3704 :
2923 3649 2938 3687 ί
2972 3665 3134 3723 quam
3166 3651 3426 3712 terribilis

1826 3740 1881 3798 in
1907 3740 2154 3797 consiliis
2181 3756 2350 3812 super
2381 3741 2522 3798 lilios
2553 3741 2858 3800 hominum.

1830 3895 1843 3903 ε
1905 3834 2005 3902 Qui
2033 3835 2300 3890 convertit
2331 3848 2483 3889 mare
2501 3835 2552 3888 in
2578 3833 2808 3902 aridam,
2833 3846 2886 3892 ct
2909 3834 3130 3895 ﬂumina
3154 3848 3432 3912 pertrans-

1835 3927 1992 3985 ibunt
2043 3929 2182 3999 pede
2213 3945 2223 3979 :
2260 3927 2332 3982 ibi
2357 3926 2666 3982 lxx-labimur
2697 3928 2750 3983 in
2786 3927 3042 4001 idipsum.

1828 4077 1962 4144 est;
2006 4067 2338 4144 subauditur_
2371 4067 2519 4122 enim
2547 4107 2561 4132 ,
2611 4066 2708 4144 qui
2752 4068 3048 4144 contmbas
3098 4073 3427 4144 profundum

1829 4140 2015 4211 maris.
2046 4148 2102 4193 ct
2129 4137 2424 4193 conturbas
2457 4154 2650 4193 sonum
2675 4138 2936 4195 ﬂuctuum
2970 4137 3113 4211 ejus:
3141 4145 3317 4200 Mau'r.

1901 4221 1926 4259 ε
1961 4209 2316 4266 Continentcr
2365 4225 2490 4265 cum
2540 4213 2844 4280 Augu~tino
2890 4209 3188 4270 Veronens.
3238 4219 3419 4272 liber:

1827 4281 2015 4358 [fluit-us
2063 4289 2575 4358 manejuetsespere
2605 4280 2922 4358 delectabis:
2957 4294 3032 4351 ct,
3071 4284 3429 4358 nulltiplicasti

1827 4353 1996 4427 ditare
2026 4369 2159 4408 eam.
2195 4350 2418 4427 [fluvius
2453 4351 2549 4406 Dei
2576 4352 2800 4427 repletus
2824 4363 2918 4418 est,
2952 4350 3058 4409 ctc.
3092 4350 3280 4409 Sulcos
3310 4359 3426 4427 ejus

1825 4424 2040 4489 inebria,
2074 4435 2121 4478 et
2140 4422 2432 4494 multiplica
2459 4425 2833 4494 generationes,
2861 4434 2968 4480 etc.
2995 4440 3010 4490 ;
3043 4433 3092 4479 ct
3116 4465 3130 4489 ,
3158 4441 3276 4480 cum
3303 4422 3428 4482 efro-

223 4505 247 4543 δ
272 4493 679 4564 Ιίρδοέίὴρηάιῖηι
705 4493 915 4561 γὶἀοῖιιι·
942 4502 994 4558 iu
1023 4493 1273 4571 gignendi
1305 4511 1432 4571 casu
1455 4511 1717 4571 quesperce,
1748 4495 1798 4556 D
1829 4496 2010 4571 rietur.
2037 4495 2094 4550 lu
2137 4497 2244 4550 line
2264 4493 2646 4571 ,Labuudubunt
2682 4496 2945 4567 [rmnento
2965 4539 2978 4565 ,
3009 4495 3304 4563 clamabunt
3331 4539 3348 4568 ,
3369 4509 3422 4554 et

165 4578 295 4646 cujus
320 4595 469 4635 casus
497 4590 580 4636 est
610 4592 826 4649 qunque
852 4568 1066 4650 vesperi.
1085 4568 1423 4650 iuppposita
1454 4568 1717 4650 lipmanp,

167 4638 302 4718 atque
338 4651 452 4705 aliis
482 4638 688 4706 Latinis
719 4638 1272 4718 interpretationibus.
1316 4640 1589 4718 Arnobius
1609 4638 1721 4718 ιΙιῃ

167 4708 285 4772 exitu
336 4724 566 4776 matutini
618 4730 665 4775 et
729 4708 923 4789 uesperi
981 4712 1318 4768 delectabitur
1382 4708 1545 4764 Deus.
1612 4709 1720 4766 Sed

171 4801 219 4844 cl
241 4791 366 4870 L__XX
401 4796 646 4870 ianipac-
903 4858 916 4870 ,
997 4857 1032 4870 ἢ

232 4873 249 4900 τ
271 4852 670 4938 I'alatinus'ins.
693 4870 752 4938 ut
790 4871 873 4938 est
903 4858 957 4914 in
995 4857 1236 4913 Romana
1263 4854 1533 4938 editione,
1561 4852 1627 4908 In
1658 4853 1724 4923 {i-

171 4948 263 4986 uem
290 4935 504 5003 psalmus
535 4935 706 4990 David
736 4933 990 5008 canticum
1021 4933 1430 5008 resurrectionis.
1586 5003 1596 5008 _
1636 4995 1666 5007 η

226 5005 248 5044 ἀ
277 5006 365 5061 ilic
387 5024 662 5072 sermones,
688 5021 786 5077 pro
807 5007 978 5077 verba,
1003 5003 1331 5077 obsequenti
1362 5010 1520 5077 versu
1544 5003 1714 5077 atriis,

169 5089 248 5141 pro
272 5081 602 5134 tabernaculis
631 5069 658 5132 τ’
685 5069 794 5131 lum
815 5077 875 5148 in
906 5071 1133 5148 justitia,
1166 5087 1262 5137 pro
1287 5072 1346 5148 in
1375 5069 1635 5148 (equitate,
1666 5077 1723 5122 et

169 5149 396 5221 .Satoator,
440 5167 560 5221 pro.
585 5141 1073 5213 Salutarisﬂdem
1104 5157 1226 5196 cum
1272 5141 1576 5210 Augustino
1614 5153 1717 5193 ms.

167 5217 290 5276 legit.

183 5237 415 5350 cgell[idem
436 5299 704 5350 consensu
733 5295 994 5360 perpetuo
1017 5282 1162 5348 libri,
1188 5283 1240 5336 in
1268 5279 1574 5360 fortitudine
1603 5297 1717 5344 sua,

166 5362 520 5420 circumductus
550 5365 601 5419 in
649 5354 915 5432 potentatu
945 5375 963 5414 :
991 5367 1046 5432 et
1085 5371 1211 5411 mox
1240 5367 1446 5432 souum_
1471 5354 1723 5432 [luctuum

165 5435 259 5506 ejus
284 5439 387 5506 quis
412 5435 620 5503 sulferet
643 5423 660 5500 ξ
685 5431 959 5506 mendose
983 5429 1310 5506 Nauticus.
1335 5423 1558 5506 διιῙῙενςο,
1581 5425 1723 5476 Λιιιο

168 5494 525 5579 liierony'tituiii
559 5494 861 5579 legebatur,
892 5503 1026 5579 Quis
1046 5497 1334 5579 sustinebit,
1367 5494 1514 5579 quod
1547 5494 1722 5579 ipsum

167 5563 466 5697 inperﬂiium
511 5563 642 5635 esse
673 5579 730 5631 iu
774 5563 931 5644 epist:
962 5572 1029 5629 ad
1063 5570 1326 5627 Suuniam
1361 5563 1416 5622 et
1451 5563 1723 5620 Fretelam

199 5660 342 5697 υςιιιι-

199 5660 342 5704 υςιιιῑ.

233 5718 244 5753 ί
278 5721 328 5773 In
358 5719 543 5776 Grtcco
572 5718 816 5774 additum
851 5714 1117 5780 scribitis,
1153 5708 1331 5779 inquit
1364 5707 1726 5777 Hieronymus

167 5785 225 5843 ad
245 5791 395 5849 Sunii.
417 5807 470 5850 ct
492 5791 720 5860 Frctel.,
740 5786 853 5859 quis
869 5779 1133 5846 sustinebit
1153 5787 1176 5840 ?
1203 5779 1360 5851 Quod
1391 5781 1727 5850 superﬂuum

1823 4567 1958 4620 enim
1990 4567 2234 4636 hymnum
2266 4565 2456 4620 dicent.

1899 4644 1928 4681 ιι
1971 4637 2184 4692 Titulus
2237 4651 2403 4706 penes
2454 4636 2814 4708 Augustinum
2859 4645 2912 4692 et
2969 4636 3267 4694 \‘croncns.
3317 4655 3421 4695 ms.

1827 4706 1968 4763 idem
2011 4719 2174 4779 atque
2215 4708 2268 4762 in
2311 4706 2564 4777 opposito
2602 4709 2886 4764 Gallicano
2916 4707 3185 4763 Psalterio
3225 4717 3328 4765 est.
3359 4709 3418 4768 In

1829 4788 1977 4835 textu
2005 4819 2019 4844 ,
2040 4780 2242 4850 psallite
2268 4789 2440 4833 autem
2471 4795 2570 4848 pro
2601 4782 2855 4851 psalmum
2887 4779 3060 4851 dicite,
3092 4789 3148 4834 ut
3177 4788 3232 4836 ct
3260 4798 3421 4838 versu

1828 4852 1992 4906 tertio
2014 4852 2203 4920 psallat
2227 4867 2245 4904 :
2279 4861 2388 4924 tum
2410 4851 2636 4904 timenda
2663 4865 2763 4924 pro
2788 4850 3060 4920 terribilia,
3087 4864 3151 4907 ac
3172 4854 3416 4924 potentia!

1830 4937 1926 4992 pro
1953 4925 2174 4983 virtutis.
2201 4921 2316 4992 pari
2344 4936 2613 4978 consensu
2632 4921 2942 4991 perferunt.

1906 4991 1921 5029 ί
1955 4993 2163 5050 Tacent
2202 4991 2354 5065 quam
2384 4993 2627 5065 voculam
2663 4992 2974 5065 iitlemlibri
3010 5006 3024 5044 :
3061 4999 3172 5046 tum
3212 4994 3417 5065 legunt,

1827 5063 1881 5117 in
1920 5065 2132 5134 [Iuntina
2177 5063 2558 5135 pertransibunt
2603 5064 2764 5134 pede,
2807 5063 2875 5117 ibi
2911 5063 3318 5135 jocuntlabimur
3365 5063 3419 5123 in

1830 5136 1941 5202 ipso
1971 5151 1988 5188 :
2021 5145 2077 5190 et
2119 5152 2244 5208 mpx
2270 5136 2635 5208 iuamaricant,
2673 5136 2756 5208 vel
2778 5135 3111 5208 fatuaricant,
3144 5153 3244 5208 pro
3283 5140 3417 5194 iram

1833 5216 2135 5274 provocant.
2172 5206 2402 5258 Barbara
2429 5220 2490 5258 ea
2525 5220 2647 5269 vox,
2673 5205 2984 5273 Latinispro
3011 5205 3236 5262 auribus
3261 5208 3419 5262 inau-

1832 5277 1980 5343 dita,
2012 5277 2078 5331 ad
2127 5275 2232 5329 vim
2257 5275 2410 5348 _verbi
2445 5275 2882 5348 exprimendam,
2922 5274 3226 5348 Augustino
3273 5279 3416 5335 haud

1834 5347 2146 5416 displicuit,
2179 5345 2266 5416 qui
2303 5359 2422 5416 eam
2455 5357 2616 5410 supra
2643 5346 2713 5416 ad
2761 5347 2897 5416 psal.
2932 5345 3111 5413 tv,“
3142 5387 3156 5412 ,
3200 5349 3289 5402 ubi
3321 5364 3414 5404 oc-

1831 5413 2018 5482 currit,
2046 5431 2147 5488 suo
2171 5413 2380 5488 calculo
2411 5414 2804 5488 comprobavit,
2830 5413 2942 5488 Ipsi
2967 5433 3109 5488 ergo,
3143 5420 3410 5488 inquiens,

1832 5481 2297 5541 inamaricarerunt
2327 5481 2510 5560 Deum,
2535 5483 2622 5554 qui
2640 5481 2898 5560 peccando
2928 5481 3106 5541 ineant
3147 5481 3418 5560 tegjritudii

1834 5575 1949 5613 nent
2003 5559 2350 5609 devenerunt.
2403 5557 2480 5609 Ac
2523 5571 2628 5626 suo
2688 5558 2903 5626 proprie
2952 5573 3116 5612 sensu
3175 5557 3308 5614 infra
3360 5564 3414 5621 in

1835 5628 2032 5701 psalm.
2058 5642 2253 5681 cxxstv
2283 5625 2609 5701 :_Antor_rltwi
2629 5627 3030 5701 interpretantur
3055 5632 3412 5690 amaricantes.

1833 5695 1954 5754 {lam
1981 5697 2064 5752 llic
2093 5701 2256 5752 videte
2276 5698 2320 5771 si
2343 5695 2630 5768 intelligere
2656 5695 2947 5770 possumus,
2979 5706 3231 5771 quomodo
3259 5720 3411 5757 anm-

1841 5773 2061 5830 ricautes
2079 5785 2247 5841 regem
2274 5770 2492 5828 habeant
2511 5771 2842 5830 teututiouetn
2855 5770 3153 5831 ‘oculorum.
3182 5775 3242 5830 Et
3267 5791 3413 5831 ttiox:
