3936 6180
448 141 550 197 251

529 257 633 324 Qui
673 256 971 310 dominatur
1009 254 1062 308 in
1100 253 1285 307 virtute
1329 269 1425 308 sua
1455 263 1481 290 τι
1523 267 1572 308 οξ
1617 253 1668 306 in
1712 253 1734 320 ζ

452 349 592 404 oeuli
621 349 734 420 ejus
761 365 916 420 super
939 357 1112 419 gentes
1141 348 1421 418 respiciunt
1444 362 1464 402 :
1491 347 1580 417 qui
1603 358 1913 418 exasperant
1944 363 2046 402 non

454 440 751 496 exaltentur
770 441 820 494 in
851 440 1160 510 semetipsis.
1188 439 1518 494 Duessuu.

526 533 853 600 Benedicite,
885 543 1093 603 gentes,
1119 531 1289 589 Deum
1317 545 1550 590 nastrum
1570 573 1588 603 ,
1621 543 1668 590 et
1697 536 1934 590 auditam
1963 535 2048 606 fa-

454 630 552 683 cile
572 644 738 681 vorem
761 625 938 680 laudis
967 628 1082 697 ejus
1115 643 1133 681 :

531 719 634 785 Qui
663 720 834 790 posuit
869 721 1098 774 animam
1132 738 1300 776 meam
1329 721 1399 775 ad
1430 722 1584 777 vitam
1618 739 1637 778 :
1679 731 1727 778 et
1768 739 1871 778 non
1911 721 2052 778 dedit

457 811 510 866 in
538 811 931 866 commotionem
957 813 1112 880 pedes
1143 830 1303 868 meos.

540 903 800 970 Quoniam
827 904 1194 974 probastinos,
1221 903 1359 961 Deus
1388 924 1406 962 :
1438 908 1556 979 igne
1594 925 1684 963 nos
1717 907 2051 974 examinasti,

456 995 587 1051 sicut
612 996 942 1050 examinatur
970 1005 1264 1067 argentum.

529 1087 797 1144 Indaxisti
843 1107 936 1144 nos
991 1091 1046 1144 in
1089 1091 1377 1161 laqueum,
1430 1093 1651 1162 posuisti
1699 1092 2056 1147 tribalationes

460 1181 513 1236 in
560 1185 716 1238 dorso
769 1191 992 1240 nostro:
1050 1184 1348 1256 imposuisti
1394 1185 1628 1241 homines
1677 1202 1835 1256 super
1885 1185 2057 1257 capita

465 1285 661 1332 nostra.
737 1281 752 1340 ἰ

539 1368 891 1425 Transivimus
919 1387 1009 1442 per
1031 1370 1222 1443 ignem,
1265 1379 1314 1425 et
1355 1388 1541 1445 aquam
1573 1389 1591 1428 :
1629 1381 1677 1426 et
1709 1372 1938 1428 eduxisti
1965 1387 2059 1427 nos

465 1461 516 1516 in
543 1463 888 1534 refrigerium.

531 1553 766 1609 lntroibo
803 1556 856 1609 in
901 1557 1115 1610 domum
1159 1567 1303 1611 tuam
1341 1558 1396 1611 in
1435 1557 1754 1612 holocaustis
1782 1573 1800 1610 :
1844 1557 2059 1612 reddam

466 1645 559 1700 tibi
583 1657 696 1701 rota
719 1662 854 1712 utea,
888 1663 1002 1716 qua:
1030 1649 1385 1702 distinxerunt
1414 1649 1553 1702 labia
1577 1665 1714 1706 mea.

543 1736 612 1791 Et
639 1737 874 1792 locutum
899 1749 973 1794 est
999 1758 1052 1793 os
1076 1757 1266 1808 meum,
1297 1742 1349 1796 in
1381 1743 1713 1798 tribulatione
1735 1760 1869 1799 utea.

542 1829 866 1885 IIolocausta
896 1833 1179 1887 ntedullata
1208 1832 1421 1901 olferam
1452 1835 1543 1888 tibi
1562 1853 1678 1889 cum
1706 1837 1912 1891 incenso
1938 1837 2071 1893 arie-

472 1933 622 1975 tum:
653 1922 867 1990 o/feram
908 1939 964 1978 οξ-
1001 1924 1091 1978 tibi
1126 1925 1148 1993 ζ
1192 1926 1336 1979 bores
1373 1943 1492 1982 cum
1524 1927 1702 1984 hircis.
1739 1929 2067 1986 Durssuu.

553 2013 754 2080 Venite,
793 2015 987 2082 audite,
1018 2026 1064 2070 et
1094 2017 1317 2073 narrabo
1347 2035 1518 2075 omnes
1545 2021 1632 2092 qui
1663 2021 1847 2078 timetis
1882 2021 2066 2092 Deum,

473 2116 663 2178 quanta
688 2107 813 2179 fecit
839 2107 1028 2162 anima:
1050 2124 1195 2165 mete.

544 2309 572 2351 ιι
596 2311 676 2366 Ad
707 2312 878 2384 ipsum
909 2329 998 2367 ore
1028 2328 1142 2368 meo
1166 2311 1388 2370 clamavi
1406 2331 1426 2371 :
1454 2325 1502 2372 et
1529 2317 1750 2372 exaltari
1777 2318 1871 2373 sub
1895 2318 2072 2392 lingua

475 2419 522 2457 νη
529 2422 586 2459 επ
595 2443 608 2457 .

546 2495 883 2570 Iniquitatem
911 2497 957 2553 si
996 2499 1175 2572 aspexi
1218 2500 1272 2555 in
1301 2501 1457 2557 corde
1505 2518 1661 2559 meo:
1701 2520 1802 2560 non
1831 2505 2072 2561 exaudiet

475 2592 756 2651 Dominus.

550 2688 838 2760 Propterea
864 2690 1128 2747 exaudivit
1154 2688 1296 2748 Deus
1325 2708 1342 2747 :
1368 2703 1418 2748 et
1444 2694 1660 2749 attendit
1691 2693 1802 2749 voci
1828 2693 2074 2766 depreca-

477 2783 632 2838 tionis
658 2799 804 2858 mete.

548 2914 856 2972 Benedictus
886 2915 1027 2974 Deus
1049 2933 1069 2972 :
1098 2919 1186 2991 qui
1216 2937 1319 2977 non
1348 2921 1536 2978 amovit
1569 2922 1854 2979 orationem
1883 2939 2070 2992 meam,

479 3021 526 3066 et
556 3011 960 3071 misericordiam
985 3030 1132 3068 suam
1157 3030 1189 3068 a
1217 3031 1319 3072 me.
2099 3040 2146 3105 ρ

1454 137 1513 196 S.
1561 137 1943 195 [HERONYMI
1984 136 2214 194 DIVINA
2257 135 2741 194 BIBLIOTHECA.

3646 132 3752 189 232

1776 262 2048 318 (sternunt,
2083 255 2130 313 Α
2228 250 2331 318 Qui
2368 250 2682 306 dominatur
2726 249 2779 302 in
2828 246 3030 301 virtute
3067 259 3164 302 sua
3210 245 3263 302 in
3296 254 3569 302 :eternom
3611 247 3752 303 oculi

2155 345 2275 413 ejus
2306 357 2471 413 super
2491 348 2684 413 gentes
2721 339 3051 409 respiciunt:
3075 337 3164 409 qui
3193 337 3246 393 in
3273 337 3408 393 iram
3433 348 3754 408 provocant,

2155 453 2265 492 non
2293 437 2607 492 exaltentur
2633 435 2686 489 in
2718 433 3051 504 semetipsis.
3085 432 3418 488 DIAPSALMA.

2227 529 2566 599 Benedicite,
2594 537 2808 599 gentes,
2847 526 3013 582 Deum
3042 534 3287 581 nostrum
3313 542 3328 581 :
3354 533 3412 582 et
3446 536 3466 563 ε
3499 525 3760 582 obaudite

2153 638 2343 679 vocem
2373 624 2545 678 laudis
2567 622 2707 692 ejus.

2222 719 2323 787 Qui
2349 718 2532 789 posuit
2558 715 2793 773 animam
2822 729 2998 772 meam
3026 713 3093 772 ad
3121 715 3284 771 vitam
3317 730 3334 771 :
3366 721 3422 772 et
3447 728 3562 770 non
3609 711 3767 770 dedit

2155 810 2488 866 commoveri
2520 809 2686 882 pedes
2719 823 2892 865 meos.

2225 903 2490 972 Quoniam
2519 903 2762 974 probasti
2793 917 2916 972 nos,
2937 902 3101 969 Deus,
3128 901 3251 972 igne
3276 918 3374 959 nos
3405 899 3764 959 examinastl:

2155 997 2298 1053 sicut
2329 998 2450 1067 igne
2479 995 2822 1052 examinator
2845 1005 3146 1066 argentum.

2229 1091 2495 1147 lndnxisti
2516 1107 2615 1147 nos
2632 1089 2686 1146 in
2699 1090 2952 1161 laqtnum
2969 1091 2990 1162 [ξ
3007 1090 3061 1143 Μ
3071 1108 3114 1144 s.
3151 1085 3532 1160 muscipulam]
3553 1129 3569 1152 ,
3585 1088 3767 1159 posuit

2166 1182 2543 1238 tribulationes
2591 1181 2645 1238 in
2697 1181 2864 1238 dorso
2911 1189 3099 1236 nostro
3126 1178 3255 1250 [Ms.
3292 1180 3453 1234 dorsa
3503 1175 3766 1249 nostra]:

2157 1273 2507 1345 imposuisti:
2538 1269 2561 1310 ⁴
2597 1272 2873 1330 hominem
2903 1285 3066 1342 super
3091 1272 3266 1340 capita
3294 1281 3500 1326 nostra.

2251 1366 2627 1423 Transis-imus
2674 1381 2772 1436 per
2812 1367 2991 1437 ignem
3027 1372 3081 1422 et
3126 1379 3358 1435 aquam:
3405 1373 3462 1420 et
3506 1362 3775 1420 induxisti

2163 1476 2262 1517 nos
2293 1460 2346 1514 in
2387 1459 2752 1530 refrigerium.

2243 1550 2484 1608 Introibo
2525 1552 2576 1606 in
2607 1551 2830 1607 domum
2880 1561 3026 1605 tuam
3075 1549 3128 1605 in
3161 1547 3497 1604 holocaustis
3530 1564 3546 1602 :
3585 1557 3608 1585 ο
3645 1546 3774 1604 red-

2094 1642 2138 1702 B
2169 1647 2292 1704 dam
2314 1647 2419 1708 tibi
2452 1657 2572 1701 vota
2604 1661 2745 1714 mea,
2777 1660 2899 1717 qua:
2920 1644 3294 1700 distinxerunt
3324 1643 3465 1698 labia
3499 1657 3644 1698 mea.

2249 1739 2318 1794 Et
2338 1741 2576 1796 locutum
2590 1749 2676 1795 est
2697 1753 2760 1794 os
2781 1752 2986 1802 meum,
3021 1738 3074 1791 in
3107 1735 3454 1792 tribulatione
3479 1750 3600 1791 mea
3631 1751 3646 1787 :

2178 1834 2503 1890 llolocausta
2532 1833 2825 1889 medullata
2857 1831 3081 1886 offeram
3120 1831 3215 1885 tibi
3251 1845 3377 1884 cum
3416 1827 3434 1866 ί
3469 1829 3701 1884 incenso
3727 1837 3779 1885 et

2173 1928 2456 1995 arietibus,
2491 1926 2714 1982 oll'eram
2743 1925 2836 1981 tibi
2865 1926 3033 1981 bores
3053 1940 3177 1980 cum
3207 1924 3400 1980 hircis.
3438 1922 3778 1979 DIAPSALIIA.

2248 2022 2437 2078 Venite
2461 2063 2476 2090 ,
2523 2030 2576 2076 et
2599 2020 2780 2076 audite
2809 2034 2897 2074 me
2920 2017 3045 2088 illis.
3087 2027 3216 2085 tacet
3244 2015 3353 2088 me]
3392 2059 3407 2084 ,
3445 2025 3504 2073 et
3541 2018 3778 2073 narrabo

2169 2118 2324 2175 vobis
2361 2131 2554 2172 omnes
2612 2116 2702 2186 qui
2758 2113 2964 2171 timetis
3023 2113 3192 2169 Deum
3239 2110 3369 2185 [.lls.
3418 2110 3777 2181 Dominum],

2175 2218 2380 2283 quanta
2411 2209 2549 2266 fecit
2583 2207 2778 2263 anima:
2808 2223 2964 2263 meae.

2247 2307 2328 2362 Ad
2356 2307 2534 2374 ipsum
2567 2319 2666 2359 ore
2693 2318 2818 2359 meo
2848 2300 3076 2359 clamavi
3105 2344 3119 2372 ,
3172 2307 3228 2357 et
3253 2298 3486 2357 exaltari
3522 2297 3655 2372 [ηε.
3688 2313 3782 2355 ex-

2177 2398 2399 2470 sultavi]
2429 2399 2532 2455 sub
2563 2397 2750 2468 lingua
2781 2410 2922 2452 mea.

2249 2491 2596 2562 lniquitatem
2628 2489 2674 2544 si
2725 2485 2985 2558 conspexi
3033 2485 3086 2541 in
3126 2485 3292 2542 corde
3323 2499 3491 2542 meo:
3537 2499 3650 2540 non
3689 2499 3787 2539 ex-

2175 2583 2360 2641 audiet
2387 2583 2530 2638 Deus
2556 2579 2686 2654 [31s.
2714 2578 3020 2651 Dominus].

2248 2678 2546 2748 Propterea
2575 2671 2864 2730 exaudivit
2890 2681 2914 2720 ι
2947 2687 3034 2729 me
3067 2670 3210 2728 Deus
3245 2686 3260 2726 :
3307 2679 3363 2727 et
3394 2667 3631 2726 intendit
3663 2667 3790 2724 voci

2180 2767 2582 2842 deprecationis
2607 2782 2764 2823 meze.

2255 2862 2593 2921 Benedictus
2623 2860 2881 2918 Dominus
2907 2878 2921 2916 :
2951 2860 3042 2931 qui
3076 2875 3184 2915 non
3211 2857 3418 2915 amovit
3439 2855 3799 2931 deprecatio-

2182 2973 2310 3016 nem
2341 2971 2539 3026 meam,
2570 2963 2624 3013 et
2655 2951 3091 3011 misericordiam
3123 2967 3273 3008 suam
3300 2965 3330 3006 a
3359 2965 3470 3008 me.

1833 3156 2192 3222 PSALMUS
2232 3155 2458 3222 LXVI.

490 3244 503 3258 ’
557 3263 608 3315 is
637 3261 821 3322 erasit.
857 3272 907 3312 IN
936 3271 1151 3320 ornats,
1193 3269 1425 3313 PSALMUS
1449 3271 1659 3314 CANTICI
1693 3273 1747 3314 αθ
1787 3275 1952 3316 omo
1981 3263 2002 3331 ζ

561 3352 697 3408 Deus
722 3353 1020 3407 misereatur
1042 3350 1226 3416 nostri,
1259 3359 1304 3404 et
1332 3349 1593 3406 bettedicat
1619 3352 1784 3423 nobis,
1822 3353 2074 3410 illuminet

488 3496 609 3550 Jam
655 3493 779 3563 quid
829 3492 1018 3545 mirunt
1059 3499 1166 3558 est,
1213 3491 1258 3544 si
1301 3492 1641 3563 amaricantes
1673 3492 1830 3547 talem
1870 3494 2089 3552 habeant

493 3560 698 3637 regent,
733 3565 1032 3637 mendaeem
1055 3563 1261 3634 regem?
1293 3560 1412 3617 Nisi
1431 3565 1567 3637 enim
1591 3567 1914 3637 mendacium
1944 3579 1992 3621 et
2019 3569 2091 3623 si-

494 3634 711 3690 mulatio
737 3635 990 3706 prwcedat
1014 3674 1030 3700 ,
1065 3652 1166 3688 non
1194 3643 1315 3706 sunt
1345 3636 1690 3706 amaricantes
1730 3639 1783 3690 in
1820 3636 2048 3692 Ecclesia
2071 3657 2090 3695 :

493 3709 615 3760 inde
652 3704 790 3759 enim
819 3707 1102 3758 uinaricant
1128 3746 1144 3771 ,
1173 3705 1293 3772 quia
1316 3706 1540 3776 fingunt.
1578 3704 1834 3762 Pra’cedit
1878 3711 2092 3766 tentatio

495 3779 768 3832 oculorum
791 3794 802 3829 :
827 3776 1129 3829 amaricatio
1159 3778 1416 3847 sequitur,
1443 3786 1548 3832 etc.

568 3859 594 3886 η
623 3847 747 3901 Mss.
775 3847 1029 3914 Sagcnsis
1063 3862 1127 3901 ac
1179 3847 1408 3916 Regius,
1441 3865 1561 3902 eum
1591 3847 1740 3904 edito
1765 3849 1925 3915 Cati,
1960 3851 2092 3908 ima-

495 3920 674 3989 gine...
719 3918 892 3972 suum
927 3917 1014 3970 hic
1058 3934 1154 3984 ιιι-ο
1181 3933 1310 3972 veru
1349 3930 1655 3988 reponunt,
1686 3922 1774 3988 qui
1797 3921 2097 3978 dominatur

497 3993 549 4043 in
580 3991 774 4044 virtute
813 4005 906 4040 sua
958 3992 1020 4052 ζει(
1058 3989 1111 4040 in
1160 4000 1411 4043 a'ternum
1453 3991 1475 4057 ζ
1521 3991 1881 4046 Sorbonicum
1925 3995 2096 4052 scenti

497 4076 719 4119 sumus,
759 4060 849 4128 qui
895 4058 1056 4111 obclo
1094 4058 1306 4128 jugulat
1347 4063 1519 4113 solum
1555 4063 2001 4128 pra-positionem
2033 4084 2093 4122 σξη

501 4133 552 4184 iu
585 4131 604 4198 ζ
642 4131 767 4197 quia
799 4144 904 4182 non
962 4128 1156 4195 legitur
1185 4131 1235 4184 in
1280 4132 1528 4185 llelira-o.
1574 4132 2100 4193 San-Germanensis

504 4213 694 4258 noster
721 4216 872 4255 num.
906 4199 940 4254 8
970 4201 1302 4255 notatobelo
1332 4217 1386 4256 σθ
1426 4203 1478 4255 in
1510 4212 1778 4256 a'ternnm.
1811 4203 1991 4260 MART.

567 4272 812 4343 _chit
842 4271 962 4326 sine
983 4271 1143 4326 ohelo
1177 4271 1448 4343 Palatinus
1499 4288 1628 4334 ms.,
1681 4273 1776 4343 qui
1818 4284 1873 4328 ct
1913 4279 2103 4334 subse-

503 4361 673 4418 quens
718 4341 770 4399 in
818 4343 924 4418 line.
964 4358 1154 4418 versus
1201 4341 1507 4418 Diapsalma
1549 4341 1750 4398 tacet:
1805 4359 2102 4418 prec-atquc

505 4413 688 4471 statim
717 4414 998 4482 superﬂuo
1025 4413 1187 4486 obe_lo
1211 4452 1228 4479 ,
1270 4413 1361 4470 ubi
1413 4415 1583 4480 prima
1623 4430 1787 4470 manu
1835 4413 2097 4486 praefert:

509 4486 828 4563 b’enedictte,
856 4494 1028 4557 gentes
1050 4524 1064 4547 ,
1109 4483 1221 4537 Duo
1254 4500 1300 4540 -ξ
1347 4495 1524 4541 nostro
1554 4486 1576 4553 ζ
1606 4483 1856 4542 secundis
1887 4506 2100 4563 quoque

508 4562 656 4613 curis
688 4556 867 4611 Deum
888 4571 934 4609 οξ
985 4566 1238 4610 nostrum.

573 4628 599 4701 ιξ
642 4628 1053 4701 Expunximus,
1086 4643 1246 4698 quem
1280 4629 1595 4700 prreligebat
1625 4631 2002 4701 Martianzcus,
2039 4648 2101 4689 ac

503 4698 780 4754 Palatinus
823 4699 939 4766 ipse
979 4714 1083 4752 ms.
1128 4701 1196 4751 ad
1244 4698 1620 4770 praepositioni
1661 4703 1880 4758 obclum
1919 4721 1933 4759 :
1971 4698 2104 4759 satis

507 4792 652 4846 enim
686 4791 741 4845 in
774 4790 1005 4845 Hebrteo
1038 4774 1156 4849 ubi:
1189 4805 1250 4845 ea
1279 4801 1520 4848 resonat.
1554 4794 1690 4849 Tum
1727 4795 1866 4849 idem
1901 4811 2001 4850 ms.
2035 4795 2104 4852 de

510 4876 659 4915 more
681 4862 1127 4937 praépositionem
1160 4862 1312 4937 yerbi
1347 4866 1602 4932 exaudio,
1637 4866 1994 4937 subsequenti
2025 4879 2106 4923 at-

512 4948 618 5001 que
647 4933 824 4985 altero
855 4948 1016 4986 versu
1035 4933 1261 5000 jugulat.

586 5012 608 5039 ε
639 5003 971 5081 Augustinus
1000 5013 1055 5081 e_t
1090 5002 1288 5058 Veron.
1326 5022 1454 5071 ms.,
1474 5008 1784 5081 _audite:et,
1809 5011 2107 5081 posuitani-

511 5087 649 5124 mam
696 5075 954 5153 mneancin
994 5075 1148 5153 vitam
1173 5114 1188 5137 ,
1225 5086 1271 5153 et
1312 5093 1412 5130 non
1448 5079 1588 5153 dedit
1620 5080 1671 5153 in
1714 5075 1905 5153 molunt
1952 5086 2107 5153 pedes

512 5159 667 5219 meos.
718 5145 974 5208 Quoniam
1019 5144 1250 5219 probasti
1294 5165 1405 5215 nos,
1453 5150 1615 5209 Deus.
1648 5144 2107 5219 ignistinos'sicut

507 5213 706 5292 ignitur
737 5213 1027 5292 argentum;
1065 5215 1177 5270 Iloc
1207 5234 1335 5273 usus
1360 5213 1443 5274 est
1477 5221 1646 5275 \‘Cl‘bO
1669 5213 1720 5275 ct
1753 5222 2106 5292 Prudentius,

520 5283 723 5356 hymno
756 5283 826 5342 dc
858 5287 915 5344 S.
951 5286 1196 5343 liuman
1221 5301 1456 5361 martyre
1486 5293 1588 5345 sub
1619 5293 1780 5348 linem
1810 5310 1822 5346 :

700 5384 834 5453 Acus
856 5385 1066 5453 minutas
1089 5387 1319 5448 ingerunt
1346 5387 1638 5451 fornacibus,
1664 5392 1676 5453 Ι

696 5446 788 5496 llis
809 5450 1030 5498 membra
1059 5446 1273 5512 pergunt
1297 5465 1470 5515 urere,
1492 5459 1546 5503 ut
1568 5446 1856 5518 igniverint.

590 5556 616 5632 τι
651 5559 855 5632 Vitiosa
870 5561 1180 5632 iret-horum
1217 5563 1480 5632 traiectio,
1511 5566 1718 5623 librarii
1752 5580 1928 5625 tamen
1953 5573 2113 5628 unius

521 5630 680 5694 culpa
701 5670 716 5692 ,
746 5629 800 5708 i_n
841 5631 1142 5685 Veronensi
1171 5643 1255 5685 est
1275 5629 1501 5708 codice,
1527 5653 1650 5699 qua:
1672 5640 1741 5692 ab
1770 5641 1887 5708 ejus
1907 5642 2115 5700 editore

526 5713 628 5754 nec
660 5700 830 5755 verbo
859 5709 1020 5756 tenus
1048 5707 1232 5756 notata
1255 5713 1363 5772 est,
1391 5705 1687 5777 imposuisti
1706 5700 1864 5780 super
1883 5711 2116 5771 homines

2293 3276 2347 3317 ut
2378 3273 2627 3327 ruamus
2656 3255 2683 3296 ιι
2713 3271 2928 3314 ornats.
2956 3271 3187 3314 essurus
3219 3269 3431 3313 ςλκτιει
3460 3269 3622 3312 omn
3659 3255 3683 3326 ζ

2255 3353 2404 3410 Deus
2432 3352 2760 3410 misereatur
2785 3351 2974 3420 nobis,
3004 3362 3058 3406 et
3093 3347 3382 3406 bcncdieat
3410 3363 3550 3415 nos;
3586 3347 3803 3403 illumi-

2195 3495 2366 3563 capita
2393 3501 2568 3548 nostra
2591 3535 2605 3560 ,
2638 3507 2740 3563 pro
2779 3491 3010 3546 homines
3047 3507 3233 3562 super,
3262 3487 3675 3563 ethervertit
3709 3493 3799 3538 ta-

2197 3559 2322 3622 men
2350 3565 2464 3620 lucc
2492 3559 2600 3619 una
2627 3559 2847 3619 omnem
2892 3559 3148 3632 sensum,
3197 3577 3296 3618 nec
3328 3561 3470 3616 liber
3490 3570 3574 3615 est
3621 3559 3677 3614 ul
3707 3574 3801 3622 υς,

2196 3640 2286 3708 qui
2319 3652 2443 3690 eum
2473 3652 2533 3708 ea
2557 3635 2886 3691 consentiat.

2272 3719 2294 3745 ο
2323 3710 2452 3775 Quae
2484 3707 2610 3762 hinc
2638 3710 3042 3776 subsequuntur
3066 3746 3082 3770 ,
3115 3703 3182 3758 ad
3216 3700 3406 3776 psalmi
3441 3715 3614 3770 usque
3643 3715 3804 3776 Amm

2198 3771 2506 3848 postremos
2535 3793 2747 3842 versus,
2782 3771 3070 3848 recentiori
3094 3771 3253 3848 manu
3280 3771 3657 3848 in_Veronensi
3692 3789 3802 3848 tus.

2198 3843 2540 3920 supplentur,
2566 3850 2812 3920 satisque
2840 3845 3380 3920 manifestisindieiis
3409 3853 3649 3920 Constat,
3668 3843 3806 3920 _ea_!-

2200 3914 2527 3990 lig'raphum,
2561 3921 2650 3985 qui
2685 3914 2740 3973 id
2764 3919 2864 3990 sibi
2894 3916 3094 3986 negotii
3124 3917 3291 3990 dedit,
3326 3928 3430 3990 non
3455 3914 3524 3967 ab
3550 3917 3798 3990 cxo'etis

2172 4029 2174 4031 ›
2203 3986 2469 4058 prioribus
2499 3990 2661 4052 foliis,
2693 3989 2787 4045 sed
2827 3990 2893 4044 ab
2921 3991 3064 4053 alio,
3087 3999 3143 4043 nt
3171 3987 3281 4041 fors
3305 3986 3448 4050 tulit,
3481 3986 3796 4058 exemplari

2203 4056 2580 4131 descripsisse.
2608 4061 2866 4116 Dissentit
2887 4061 3026 4116 adeo
3056 4058 3253 4128 passim
3286 4057 3711 4131 abuAugustinn,
3737 4056 3805 4108 iis

2203 4131 2338 4199 ipsis
2366 4126 2419 4187 in
2452 4132 2584 4187 locis
2613 4132 2808 4201 quibus
2834 4131 2952 4198 ipse
2982 4148 3009 4183 a
3042 4126 3255 4201 tia-teris
3293 4126 3492 4201 dill‘ert.
3520 4126 3633 4182 Nec
3659 4143 3806 4196 pra:-

2205 4208 2351 4258 terea
2387 4204 2516 4259 licet
2550 4203 2617 4258 de
2635 4199 2766 4270 ejus
2794 4211 2956 4257 a'tate
2986 4200 3244 4256 hariolari
3273 4215 3339 4254 ex
3366 4199 3636 4263 scriptura
3659 4240 3676 4262 ,
3707 4215 3808 4270 ati-

2211 4273 2411 4342 tiquam
2460 4275 2602 4329 enim
2651 4269 2951 4327 litterarum
2998 4274 3222 4342 formam
3271 4281 3321 4325 et
3355 4271 3581 4328 ductus.
3619 4286 3696 4342 ne,
3738 4269 3808 4342 ab

2209 4339 2420 4415 reliquo
2449 4346 2636 4400 codice
2666 4345 3019 4406 abhorreret,
3054 4341 3294 4415 studiose
3320 4352 3548 4415 conatus
3570 4350 3652 4395 est
3686 4339 3807 4393 imi-

2210 4411 2346 4473 tari.
2396 4430 2502 4470 nun
2548 4431 2708 4483 qttam
2756 4428 2854 4469 suo
2904 4429 3023 4468 sevo
3072 4411 3375 4480 obtinebat,
3418 4413 3806 4466 clior-acturum

2202 4487 2438 4556 speciem
2468 4486 2736 4543 exhibuit.

2281 4555 2299 4594 ί
2335 4557 2492 4612 llnnc
2532 4558 2707 4612 locum
2763 4555 3114 4622 reprehendit
3154 4554 3521 4624 Hieronymus
3560 4551 3804 4624 dicens;

2204 4625 2471 4683 Int'enisse
2502 4645 2589 4681 ros
2629 4628 2802 4682 dicitis
2832 4620 2852 4680 ﬁ:
2886 4644 2998 4682 cum
3031 4629 3239 4681 incenso
3270 4635 3315 4678 et
3346 4620 3594 4678 arietibus
3637 4638 3653 4676 :
3709 4620 3805 4674 Sed

2208 4700 2348 4754 male
2386 4715 2400 4751 :
2429 4699 2480 4752 in
2521 4698 2747 4753 llehrmo
2782 4701 2925 4753 enim
2956 4699 3216 4771 scriptum
3259 4706 3342 4752 est
3375 4713 3388 4749 :
3423 4711 3476 4749 tn
3516 4707 3806 4750 cnouont

2205 4807 2331 4847 Em!
2358 4775 2520 4861 (:95:
2549 4803 2721 4853 Γβτέτῖ
2750 4791 2854 4859 ῦῖ)
2883 4791 3017 4860 quod
3038 4791 3421 4857 interpretatur,
3452 4788 3585 4861 μετά
3611 4786 3808 4856 θυμιά-

2205 4859 2557 4938 ματοςζξειοιῷςδ,
2584 4863 2640 4916 id
2667 4874 2741 4917 est
2759 4905 2784 4938 ,.
2807 4859 2922 4938 cum
2945 4864 3156 4938 incenso
3181 4862 3423 4938 arietum.
3452 4859 3628 4912 Man.

2283 4963 2347 4972 —
2364 4931 2462 4988 Ms.
2486 4931 2838 4997 Veronensis,
2864 4935 3084 4987 incensis
3106 4931 3343 5002 plurium
3366 4943 3808 5002 inliner-aﬂuent

2214 5004 2358 5058 haud
2384 5006 2500 5060 scio
2527 5006 2698 5073 siqnis
2726 5007 2865 5058 alius
2890 5005 3031 5058 liber
3052 4999 3324 5073 praeferat.
3361 4999 3577 5073 \‘idesis
3607 4999 3810 5073 Nigru-

2212 5090 2433 5146 nymum
2459 5078 2510 5128 in
2541 5067 2705 5146 epist.
2739 5077 2938 5146 saepius
2963 5067 3176 5146 laudata
3203 5075 3266 5125 ad
3298 5070 3563 5146 Stmniam
3595 5080 3646 5122 et
3674 5067 3812 5146 Fre:

2213 5140 2396 5201 telam.
2429 5140 2598 5201 Tacet
2637 5140 2979 5217 porro-idem
3014 5160 3115 5199 ms.
3156 5144 3480 5217 lliapsttlttttt,
3515 5153 3624 5196 tum
3655 5140 3807 5217 quml

2213 5217 2339 5271 huic
2361 5212 2932 5284 versiculo-suiidilur,
2965 5232 3085 5271 cum
3111 5215 3321 5280 reliqua
3353 5212 3808 5284 subsequentium

2215 5289 2572 5360 psalmorum,
2615 5306 2845 5360 quorum
2894 5282 2948 5343 et
2993 5287 3377 5360 inscriptiones
3410 5282 3807 5360 przetermittit.

2214 5352 2419 5424 Nempe
2449 5352 2568 5416 lucc.
2594 5352 2750 5415 erant
2781 5359 3124 5430 postmodum
3153 5352 3482 5430 diipingeuda
3514 5370 3578 5409 ex
3612 5352 3811 5430 minio.

2288 5441 2312 5477 8
2354 5421 2579 5502 Respuit
2610 5431 2713 5486 hoc
2738 5421 3032 5499 pronomen
3060 5444 3165 5502 me,
3189 5421 3245 5484 S.
3279 5421 3438 5481 Fater
3464 5425 3715 5502 in_epist.
3746 5421 3811 5500 ad

2214 5496 2480 5558 Snnniani
2493 5515 2547 5558 et
2573 5496 2872 5559 Veronens.
2901 5517 3001 5554 ms.
3025 5513 3134 5572 tum
3157 5500 3279 5562 hoc,
3302 5511 3426 5572 cum
3451 5496 3812 5572 subsequendi

2216 5588 2377 5627 versu
2407 5576 2689 5628 orationem
2720 5590 2819 5645 pro
2843 5569 3270 5643 deprecationem
3311 5568 3515 5624 habet:
3546 5577 3601 5621 et
3635 5568 3812 5635 priori

2217 5645 2432 5714 quidem
2464 5645 2586 5700 loco
2608 5661 2729 5699 cum
2764 5645 3086 5714 Augustino.
3141 5711 3172 5714 η
3485 5709 3495 5714 _
3569 5706 3580 5714 .
3679 5703 3712 5714 ..

2290 5712 2318 5753 ιι
2361 5715 2661 5773 Veronens.
2686 5730 2786 5772 ms.
2822 5703 3060 5787 suquiori
3088 5711 3268 5771 adhuc
3297 5727 3457 5770 manu
3479 5709 3531 5765 in
3560 5703 3810 5762 laudibus
