3936 6180
128 268 223 325 935

1392 260 1601 318 LIBER
1641 243 1893 319 estur
1920 258 2090 317 nun.

3278 264 3385 322 254

127 385 297 441 cultum
330 398 473 437 suum
512 396 667 451 super
710 390 836 447 nos,
882 390 941 433 -ξ-
981 385 1029 433 et
1073 383 1097 415 ι
1130 373 1433 432 misereatur
1464 376 1626 430 nostri
1658 372 1679 443 ζ
1712 387 1765 444 Α
1796 385 1881 431 net
1917 374 2126 429 vultum
2157 384 2315 429 suum
2351 386 2515 443 super
2548 386 2669 441 nos,
2701 381 2755 429 et
2783 368 3104 429 misereatur
3134 376 3313 431 nobis.

131 479 422 532 Dttrssuts.

194 570 252 624 lit
295 583 641 639 cognoscamus
676 567 729 620 in
770 576 905 620 terra
946 565 1078 623 riam
1123 575 1260 619 tuam
1298 565 1397 621 :in
1445 564 1681 619 omnibus

124 659 329 733 gentibus
360 658 584 712 salutare
614 666 775 710 luunt.

182 751 515 820 (Ion/iteantur
565 749 653 803 tibi
694 749 913 821 populi,
961 748 1100 804 Deus
1138 764 1155 801 :
1207 748 1549 818 conﬁteantur
1584 748 1678 802 tibi

123 844 272 916 populi
298 860 480 898 omnes.

177 935 416 992 Littentur
440 945 491 991 et
528 934 778 990 exsultent
813 945 984 1007 gentes
1009 951 1028 990 :
1062 934 1307 1006 quoniam
1331 936 1545 1008 jndicas
1582 953 1676 1003 po-

121 1030 242 1099 pulos
262 1032 307 1082 in
326 1029 590 1098 aequitate,
613 1037 658 1082 et
679 1038 850 1102 gentes
872 1030 925 1082 in
947 1039 1082 1082 terra
1104 1029 1309 1100 dirigis.
1340 1029 1671 1083 DIAPSALMA.

174 1124 508 1192 Conﬁteantur
539 1122 629 1176 tibi
657 1124 858 1192 populi,
896 1121 1055 1186 Deus,
1088 1123 1429 1191 conﬁteantur
1455 1124 1547 1177 tibi
1578 1140 1673 1193 po-

119 1216 210 1287 ρκιὶ
234 1230 396 1270 omnes
421 1231 439 1269 :
468 1224 607 1269 terra
638 1214 779 1268 dedit
811 1217 1036 1284 fructum
1066 1230 1237 1269 suum.

170 1304 425 1359 Benedicat
470 1322 564 1359 nos
612 1303 781 1367 Deus,
832 1303 971 1358 Deus
1019 1314 1212 1369 noster,
1266 1306 1531 1360 benedicat
1580 1323 1674 1361 nos

117 1398 231 1455 Deus
259 1416 276 1454 :
302 1408 347 1455 et
373 1407 605 1454 metuant
634 1414 749 1454 eum
781 1414 955 1453 omnes
982 1398 1109 1467 ﬁnes
1138 1408 1310 1453 teme.

1864 468 2353 539 Uteognoscamus
2386 469 2438 522 in
2474 478 2614 524 terra
2646 468 2787 523 viam
2823 479 2968 523 tuam
3004 486 3017 523 :
3053 470 3106 523 in
3128 470 3383 527 omnibus

1788 562 2044 634 gentibus
2067 561 2306 617 salutare
2335 570 2506 616 tuum.

1862 654 2239 710 Conﬁteantur
2278 653 2371 709 tibi
2403 654 2619 726 populi,
2658 654 2797 711 Deus
2832 670 2844 708 :
2880 654 3240 709 conﬁteantur
3283 656 3379 713 tibi

1787 748 1975 821 pepuli
2002 763 2215 805 omnes.

1860 842 2138 898 Laeteutur
2184 850 2238 897 et
2277 841 2550 897 exsultent
2590 850 2778 911 gentes
2824 859 2837 896 :
2876 840 3129 910 quoniam
3159 842 3370 911 judicas

1785 936 2018 1006 populos
2072 935 2127 989 in
2174 934 2471 1005 mquitate,
2517 943 2573 990 et
2622 944 2813 1005 gentes
2864 933 2916 989 in
2971 943 3113 990 terra
3162 935 3372 1007 dirigis.

1787 1024 2119 1081 Bursam“.

1861 1119 2238 1176 Conﬁteantur
2271 1118 2370 1174 tibi
2418 1118 2646 1189 populi,
2681 1118 2857 1186 Deus,
2894 1120 3258 1175 conﬁteantur
3290 1120 3386 1175 tibi

1786 1214 1978 1286 populi
2006 1229 2199 1269 omnes
2228 1231 2240 1268 :
2274 1223 2416 1269 terra
2447 1213 2599 1269 dedit
2628 1212 2863 1268 fructum
2893 1229 3071 1269 suum.

1862 1311 2161 1367 Bcnedicat
2207 1324 2306 1364 nos
2339 1309 2483 1365 Deus
2506 1350 2522 1377 ,
2557 1309 2699 1363 Deus
2727 1316 2936 1375 noster,
2967 1308 3254 1366 benedicat
3287 1324 3385 1366 nos

1790 1398 1936 1457 Deus
1978 1420 1991 1457 :
2023 1410 2077 1458 et
2105 1410 2351 1458 metuant
2378 1416 2501 1458 cum
2533 1415 2724 1456 omnes
2750 1399 2885 1455 ﬁnes
2918 1409 3097 1457 terrae.

1380 1491 1745 1556 PSALMUS
1790 1493 2049 1557 LXVII.

260 1610 309 1651 IN
348 1610 533 1661 FINEH,
576 1591 604 1633 δ
644 1610 743 1651 IPSI
783 1610 945 1651 DAVID
984 1609 1220 1651 PSALIUS
1258 1610 1493 1651 CANTICI.

171 1687 405 1763 Exsurge!
433 1689 600 1757 Deus,
636 1706 693 1745 -ξ-
729 1699 776 1745 et
810 1691 832 1758 ζ
859 1691 1178 1761 dissipentur
1208 1690 1405 1745 inimici
1436 1693 1547 1763 ejus
1580 1708 1592 1743 :
1628 1701 1683 1746 et

116 1785 300 1857 fugiant,
332 1786 420 1854 qui
442 1784 665 1837 oderunt
691 1800 825 1849 eum,
860 1801 889 1835 a
922 1784 1056 1853 {acie
1076 1786 1210 1856 ejus.

173 1878 299 1933 Sicut
323 1877 492 1945 deﬁcit
521 1877 722 1946 fumus,
746 1875 991 1945 deﬁciant
1016 1892 1034 1929 :
1060 1876 1195 1929 sicut
1211 1876 1329 1945 ﬂuit
1357 1892 1471 1929 cera
1493 1893 1525 1929 a
1546 1876 1679 1946 facie

118 1970 243 2040 ignis,
271 1986 321 2023 ἦ
352 1971 422 2024 sic
449 1969 472 2037 ζ
508 1978 721 2041 pereant
752 1978 1048 2039 peccatores
1079 1985 1111 2020 a
1140 1968 1274 2039 facie
1304 1965 1425 2021 Dei.

171 2058 226 2113 Et
239 2062 363 2131 justi
388 2062 691 2129 epulentur,
722 2070 743 2097 ο
790 2075 845 2114 —:—
878 2069 927 2114 et
965 2060 985 2127 ζ
1030 2060 1286 2113 exsultent
1318 2058 1371 2113 in
1400 2067 1678 2129 conspectu

119 2152 195 2206 Dei
217 2170 231 2207 :
259 2163 302 2207 et
328 2154 649 2209 delectentur
669 2151 723 2206 in
757 2151 958 2206 lartitia.

177 2328 365 2386 Cantate
400 2331 537 2396 Deo,
570 2330 826 2398 psalmum
855 2329 1009 2385 dicite
1050 2330 1247 2383 nomini
1282 2331 1436 2401 ejus:
1470 2330 1566 2384 iter
1593 2332 1678 2413 fa;

120 2422 193 2476 cite
214 2425 273 2491 ei,
307 2425 392 2495 qui
419 2423 659 2478 ascendit
698 2438 853 2491 super
896 2436 1155 2489 occasum,
1200 2421 1467 2475 Dominus
1492 2437 1678 2476 nomen

118 2514 198 2569 illi.

179 2628 234 2683 Et
267 2631 519 2686 ersultate
549 2629 602 2683 in
639 2638 913 2700 conspectu
944 2625 970 2665 ά
998 2629 1134 2699 ejus,
1175 2642 1237 2683 σιξ-
1281 2626 1620 2682 turbabuntur
1647 2644 1681 2681 α

130 2722 234 2789 {acie
254 2727 355 2797 ejus
383 2724 406 2791 ζ
437 2723 607 2796 patris
637 2721 995 2791 orpltanorum
1022 2729 1066 2775 et
1079 2720 1279 2793 judicia
1309 2720 1605 2775 viduarum.

172 2898 289 2955 Deus
324 2901 375 2956 in
410 2901 532 2956 loco
563 2909 744 2956 sancto
781 2916 875 2955 suo
904 2915 923 2954 :
960 2898 1134 2965 Deus,
1168 2898 1255 2970 qui
1294 2898 1527 2952 habitare
1554 2898 1684 2969 facit

122 2999 139 3027 ε
160 2995 394 3050 unanimes
424 2999 481 3049 in
517 2994 699 3048 domo.

176 3100 213 3138 >2
259 3086 351 3153 Qui
382 3087 404 3157 ζ
432 3085 616 3141 educit
639 3086 920 3141 cinctos‘in
948 3085 1255 3158 fortitudine
1279 3102 1297 3141 :
1320 3085 1560 3141 similiter
1588 3100 1674 3140 eos

118 3176 522 3249 quierasperant,
554 3178 645 3247 qui
675 3176 909 3232 habitant
932 3179 985 3232 in
1013 3177 1287 3249 sepulcris.

180 3352 318 3420 L’eus,
347 3373 459 3410 cum
484 3355 808 3428 egredereris
836 3357 888 3412 in
910 3370 1183 3430 conspectu
1212 3360 1395 3430 papuli
1426 3360 1536 3413 tui:
1567 3376 1682 3413 cum

122 3450 417 3511 psrtransires
446 3451 503 3504 in
538 3450 739 3506 deserto
773 3448 893 3522 [ΔΙ.
924 3449 1224 3522 desertum].
1256 3452 1584 3508 Drusum.

177 3621 313 3679 Terra
354 3638 497 3681 mota
538 3635 637 3693 est,
680 3636 729 3682 et
763 3642 820 3681 -s~
868 3628 1055 3696 enim:
1101 3627 1215 3684 ια)ιὶ
1245 3630 1623 3685 distillaverttnt
1650 3647 1684 3684 a

120 3720 223 3784 facie
243 3720 331 3776 Dei
356 3723 512 3778 Sinni
546 3727 611 3789 βε(
632 3738 665 3775 a
695 3721 825 3792 [acie
855 3720 952 3776 Dei
982 3721 1151 3776 Israel
1178 3724 1200 3790 ζ

175 3807 393 3867 Pluriam
433 3815 791 3868 voluntariam
829 3813 1139 3885 segregabis,
1189 3814 1350 3884 Deus,
1393 3817 1687 3873 Itwreditati

126 3908 245 3957 tute:
274 3915 318 3962 et
346 3908 617 3976 inﬁrmata
647 3917 745 3977 est,
774 3917 827 3962 tu
857 3922 916 3963 αθ
943 3924 1065 3964 vero
1101 3907 1122 3975 ζ
1153 3914 1413 3980 perfecisti
1442 3929 1574 3966 eam.

177 4093 425 4153 Animalia
448 4106 534 4151 tua
562 4094 870 4149 habitabant
900 4097 950 4150 in
980 4113 1040 4149 ra
1069 4112 1087 4151 .'
1113 4099 1308 4167 parasti
1330 4100 1382 4151 in
1422 4097 1693 4154 dulcedine

126 4214 347 4334 ratlt’tieum
397 4213 496 4284 ipsi
538 4210 713 4265 Darid
748 4229 767 4268 :
815 4227 878 4269 ac
916 4214 1096 4269 statim
1143 4217 1194 4270 in
1241 4224 1390 4271 textu
1432 4216 1697 4270 benedicat

126 4298 178 4333 no
213 4302 267 4334 πε.

126 4298 267 4337 110018.

180 4363 201 4388 τι
236 4353 389 4430 Errat
436 4356 669 4411 Palatio.
708 4371 810 4430 ms.
853 4357 944 4422 qui
990 4373 1148 4411 unam
1186 4368 1234 4412 et
1256 4358 1499 4412 vocalam
1529 4359 1695 4430 ὀβελί-

126 4426 217 4498 ζειλ,
246 4436 295 4498 et
323 4426 630 4496 Diapsalma
657 4427 1007 4497 subsequeuti
1043 4431 1220 4483 versui
1255 4430 1551 4498 Filitjllttgil.

186 4494 210 4530 δ
250 4496 409 4553 Tacet
434 4494 679 4571 Palatio.
711 4494 1142 4571 mst'pruuomcn
1177 4500 1295 4571 ipsi.
1333 4494 1384 4553 lu
1419 4494 1564 4554 textu
1599 4516 1695 4552 au-

130 4571 221 4617 tem
249 4569 694 4637 prmpositiuncm
720 4569 867 4623 verbi
898 4570 1164 4640 Exsurgal
1188 4569 1348 4624 Solito
1372 4571 1531 4623 obelo
1559 4586 1696 4639 prm—

2072 1595 2091 1635 ί
2122 1613 2172 1652 IN
2202 1611 2384 1663 FINBI,
2421 1610 2654 1652 essurus
2687 1611 2898 1653 CANTICI
2928 1613 3106 1653 omn.

1860 1691 2134 1761 Essurgat
2159 1690 2324 1757 Deus,
2358 1700 2414 1745 et
2444 1689 2784 1760 dissipentur
2811 1690 3015 1745 inimici
3046 1692 3186 1761 ejus,
3219 1700 3273 1747 et
3301 1692 3385 1746 fu-

1786 1781 1937 1855 giant
1960 1801 1989 1839 a
2015 1784 2153 1839 facie
2182 1784 2321 1854 ejus,
2352 1783 2444 1854 qui
2470 1768 2704 1839 oderunt
2734 1799 2878 1839 eum.

1861 1879 2017 1935 Sicut
2055 1878 2240 1934 deﬁcit
2277 1879 2489 1945 fumus,
2524 1876 2818 1932 deﬁciant:
2864 1876 3006 1931 sicut
3047 1876 3165 1932 ﬂuit
3192 1892 3314 1933 cera
3354 1894 3385 1933 a

1707 2010 1755 2070 Β
1787 1972 1931 2028 facie
1962 1974 2143 2043 ignis:
2181 1973 2264 2029 sic
2308 1980 2535 2042 pereant
2565 1980 2880 2041 peccatores
2923 1987 2953 2026 a
2995 1971 3131 2027 facie
3155 1972 3295 2041 Dei,
3334 1981 3394 2028 et

1784 2063 1918 2138 Uis.
1950 2076 2081 2121 tacet
2110 2065 2183 2137 et]
2208 2064 2339 2133 justi
2366 2064 2674 2133 epulentur.

1861 2155 2151 2210 Exsultent
2197 2153 2323 2227 [Μσ.
2352 2162 2407 2210 et
2430 2153 2720 2228 exsultent]
2752 2154 2803 2209 in
2834 2164 3131 2225 conspectu
3161 2155 3254 2212 Dei
3284 2174 3296 2211 :
3332 2166 3388 2212 et

1786 2248 2134 2316 delectentur
2165 2248 2219 2303 in
2253 2247 2461 2303 laetitia.

1860 2339 2092 2397 Cantate
2125 2341 2275 2407 Deo,
2314 2342 2581 2409 psalmum
2622 2340 2789 2396 dicite
2829 2341 3034 2397 nomini
3067 2342 3183 2411 ejus
3222 2358 3233 2397 :
3280 2344 3385 2397 iter

1788 2435 1951 2490 facite
2004 2436 2087 2501 ei,
2142 2435 2232 2504 qui
2281 2435 2530 2489 ascendit
2577 2449 2740 2504 super
2785 2448 3077 2501 occasum,
3125 2436 3387 2490 Dominus

1788 2543 1989 2583 nomen
2022 2538 2103 2582 est
2132 2528 2181 2583 ei
2214 2526 2343 2599 [Ms.
2377 2526 2500 2595 illi].

1861 2620 2106 2676 Gaudete
2135 2616 2264 2691 [Με.
2298 2616 2587 2689 exsultate]
2620 2620 2671 2673 in
2699 2627 2997 2689 conspectu
3029 2618 3170 2689 ejus,
3198 2621 3386 2674 turba-

1788 2711 1992 2768 buntur
2034 2727 2063 2767 a
2097 2710 2235 2767 facie
2276 2711 2433 2781 ejus:
2469 2711 2639 2780 patris
2681 2710 3051 2781 orphanorum
3088 2720 3141 2766 et
3175 2709 3379 2781 judicis

1790 2806 2099 2861 viduarum.

1868 2899 2012 2954 Deus
2048 2898 2101 2953 in
2136 2898 2257 2953 loco
2285 2905 2475 2952 sancto
2499 2911 2599 2952 suo
2628 2913 2641 2950 :
2669 2896 2814 2952 Deus
2840 2896 2929 2968 qui
2962 2894 3086 2969 [Ms.
3120 2904 3252 2951 tacet
3272 2894 3387 2967 qui]

1795 2991 2044 3048 habitare
2074 2990 2202 3046 facit
2228 2991 2511 3045 unanimes
2539 2989 2592 3044 in
2621 2989 2805 3044 domo.

1862 3084 1963 3153 Qui
1990 3083 2173 3139 educit
2199 3082 2411 3137 vinctos
2440 3082 2494 3136 in
2515 3080 2833 3135 fortitudine
2858 3096 2872 3133 :
2901 3080 3154 3135 similiter
3175 3088 3229 3135 et
3254 3077 3386 3153 [.lls.
3421 3075 3424 3078 ’

1797 3184 1932 3229 tacet
1970 3174 2044 3246 et]
2075 3188 2172 3230 eos
2199 3174 2292 3245 qui
2330 3173 2384 3229 in
2426 3173 2561 3228 iram
2592 3181 2909 3243 provocant,
2940 3174 3028 3241 qui
3059 3171 3305 3229 habitant
3333 3174 3390 3227 in

1797 3266 2089 3336 sepulcris.

1869 3360 2035 3427 Deus,
2071 3356 2199 3414 dum
2233 3356 2572 3429 egredereris
2601 3366 2625 3404 Β
2648 3370 2830 3411 coram
2858 3356 3064 3427 popqu
3096 3364 3225 3413 tuo:
3260 3357 3389 3413 dum

1795 3451 2257 3524 transgredereris
2272 3466 2367 3522 per
2388 3450 2685 3507 desertum.
2704 3450 3029 3505 "IAPSALMA.
3048 3449 3215 3506 Terra
3243 3461 3390 3507 mota

1790 3554 1897 3605 est.
2956 3602 2957 3605 η

1864 3640 2081 3697 Etenim
2106 3639 2230 3695 cmli
2254 3637 2654 3695 distillaverunt
2682 3651 2712 3690 a
2737 3634 2870 3691 facie
2901 3635 2993 3690 Dei
3019 3651 3032 3689 :
3064 3650 3221 3692 mons
3250 3635 3385 3692 Sina

1793 3748 1823 3787 a
1856 3731 1991 3789 lacie
2019 3730 2117 3787 Dei
2145 3729 2334 3787 Israel.
3040 3768 3051 3775 κ

1864 3824 2104 3879 Pluviam
2144 3822 2507 3878 voluntariam
2556 3834 2845 3890 segregans
2888 3819 3018 3892 [Με.
3068 3820 3335 3893 segrego]
3365 3864 3383 3891 ,

1793 3916 1956 3983 Deus,
1981 3915 2281 3972 hmreditati
2317 3924 2453 3971 tute:
2480 3915 2683 3969 etenim
2707 3912 2836 3987 [31s.
2876 3912 2952 3983 et]
2975 3914 3243 3971 inﬁrmata
3278 3927 3385 3985 est,

1797 4016 1855 4063 tat
1878 4022 2009 4063 vero
2037 3989 2314 4076 peifecisti
2345 4020 2489 4061 eam.

1873 4100 2145 4155 Animalia
2178 4110 2265 4153 tua
2297 4097 2677 4154 inltabitabunt
2708 4098 2761 4154 in
2793 4114 2855 4155 ea
2891 4115 2903 4153 :
2936 4101 3139 4172 parasti
3176 4101 3228 4156 in
3265 4101 3391 4159 dttl-

1804 4232 1945 4271 sum.
1980 4216 2081 4270 Ms.
2114 4215 2447 4270 Sorbonicus
2494 4214 2621 4279 legit
2664 4214 2781 4270 sine
2823 4223 2903 4273 et.
2940 4214 3035 4269 sed
3066 4214 3115 4269 in
3150 4217 3390 4285 margine

1807 4288 1972 4343 habet
2010 4288 2166 4341 istam
2209 4287 2449 4341 notulam
2481 4302 2494 4339 ε
2532 4288 2617 4350 Et,
2654 4286 2866 4340 habetur
2890 4286 2940 4337 in
2980 4286 3299 4356 quibusdam.
3333 4288 3387 4356 in

1802 4358 2069 4413 Psalterio
2098 4358 2419 4412 Carnutcnsi
2449 4358 2704 4425 scriptum
2739 4367 2854 4411 erat
2887 4357 3057 4421 prima
3092 4372 3272 4414 manu.
3318 4355 3384 4409 Et

1802 4430 2054 4484 cxsultale
2075 4470 2090 4491 ,
2120 4439 2250 4493 etc.,
2282 4439 2467 4498 postea
2497 4444 2627 4483 vero
2668 4439 2980 4497 corruptum
3011 4436 3091 4480 est
3121 4427 3187 4479 ab
3214 4427 3385 4495 impc-

1804 4501 1911 4554 t‘ito
1939 4500 2308 4555 emendatore.
2352 4500 2525 4553 MART.

1879 4575 2049 4625 αι)το
2098 4572 2398 4637 unanimes,
2444 4569 2717 4623 Palatinus
2767 4584 2868 4623 ms.
2915 4579 2970 4625 et
3018 4569 3187 4637 Carus
3220 4567 3389 4637 unius

130 4645 278 4720 uolat.
320 4635 497 4720 §ubsc
519 4650 755 4706 tuentem
795 4635 1147 4720 _et__copu|:itu
1206 4657 1303 4720 nos
1351 4642 1418 4720 ad
1480 4635 1690 4720 |_le_lt_rtci
1727 4660 1776 4720 D
1802 4642 1964 4720 moris
1995 4643 2195 4720 legunt.
2226 4635 2450 4720 propius
2475 4640 2678 4720 _Gr:t‘co
2705 4640 3082 4720 μονξτρόπουςη
3202 4635 3389 4719 Augu-

132 4713 289 4762 textus
319 4710 477 4765 ﬁdem
509 4727 641 4766 veru
683 4710 1050 4777 confidimus,
1089 4727 1151 4765 ac
1181 4712 1420 4766 vicissim
1450 4713 1517 4766 ad
1551 4711 1693 4767 idem

130 4780 465 4855 archetypum
508 4796 633 4855 cum
660 4781 914 4855 Palatino
961 4798 1064 4837 ms.
1100 4791 1154 4836 et
1192 4784 1313 4837 Cari
1344 4799 1555 4853 quoque
1585 4783 1699 4855 etii-

133 4852 261 4903 tioue
285 4852 533 4916 alterum,
582 4852 674 4907 ubi
704 4852 923 4926 dicitur,
952 4864 998 4907 et
1040 4854 1266 4926 fugiant,
1295 4855 1362 4910 ab
1390 4852 1697 4910 eucxcmi-

130 4931 255 5038 ἓιιῖε,
286 4936 387 4991 quo
414 4927 691 4979 immerito
712 4938 742 4976 a
770 4923 1167 4980 Martiautco'ct
1194 4923 1395 4980 Grabio
1430 4934 1699 4994 praenota-

165 5002 189 5038 a
216 5005 292 5038 ur-

165 4999 293 5044 atur.

194 5070 212 5096 ε
253 5061 469 5118 Rectius
498 5063 779 5119 Palatinus
803 5079 907 5119 ms.
935 5080 1057 5119 cum
1084 5065 1242 5120 obelo
1270 5066 1439 5131 ipsam
1470 5077 1516 5119 et
1540 5082 1704 5135 copu-

133 5126 225 5208 lant
256 5138 635 5208 prajtertnittit.
682 5135 792 5208 Nos
824 5136 1146 5208 Diapsalma,
1192 5126 1333 5205 quod
1376 5136 1499 5191 huic
1531 5126 1700 5191 vei-si-

135 5200 312 5277 r_uloiu
344 5205 635 5259 Martiaumi
662 5206 902 5261 editione
922 5200 1274 5273 subiunctum
1298 5219 1437 5269 erat,
1466 5208 1530 5261 ad
1562 5208 1707 5277 ejus-

145 5268 258 5349 dem
288 5289 427 5349 ms.,
464 5287 573 5330 tum
613 5279 849 5332 tnaxime
881 5268 1088 5331 Hebraei
1119 5290 1317 5342 textus,
1351 5268 1521 5349 atque
1540 5268 1707 5349 ipsius

138 5337 305 5418 Grtcci
333 5337 487 5401 ﬁdem
520 5352 901 5418 expuuximus.

206 5408 558 5493 {Depravata
590 5408 766 5493 'docet
798 5419 1169 5493 _llier0uyrmus
1215 5420 1543 5490 exemplaria
1569 5462 1583 5484 ,
1616 5420 1705 5493 ubi

141 5488 431 5551 coniunctio
471 5499 517 5543 et
566 5504 674 5543 nun
707 5488 903 5549 legitur
949 5506 961 5541 :
1011 5488 1089 5544 sic
1130 5494 1271 5545 enim
1322 5488 1591 5545 Scribebat
1640 5490 1705 5545 ad

144 5547 307 5634 Sunii.
335 5570 379 5634 e_t
423 5559 621 5634 Fretel.
664 5577 676 5610 :
714 5547 985 5634 E_irsullnte
1010 5559 1378 5634 inconspectu
1412 5565 1523 5633 ejus
1563 5578 1579 5617 :
1615 5578 1708 5634 pro

144 5635 248 5688 quo
279 5628 321 5677 iu
343 5628 527 5684 Gril‘co
569 5629 841 5683 invenisse
872 5646 965 5684 vos
992 5630 1167 5685 dicitis
1192 5677 1204 5695 ,
1236 5628 1309 5685 Et
1355 5628 1624 5686 ca‘s'ttltate
1657 5633 1707 5683 in

147 5706 399 5761 conspectu
433 5702 565 5767 ejus.
602 5700 756 5767 Quod
790 5702 862 5754 ita
891 5717 1106 5757 versum
1136 5716 1221 5758 cst
1251 5713 1304 5758 ct
1331 5718 1360 5757 a
1393 5706 1548 5756 nobis
1569 5746 1582 5767 ,
1614 5704 1708 5757 sed

153 5774 180 5814 α
212 5778 308 5834 quo
330 5771 374 5825 in
396 5770 583 5826 codice
610 5779 792 5823 vestro
814 5784 1125 5843 corruptuttl
1154 5775 1247 5844 sit,
1277 5776 1418 5832 scire
1450 5789 1556 5830 non
1584 5788 1708 5847 pos-

422 5866 701 5929 PA'rnOL.
743 5864 988 5929 XXIX.

1806 4714 1999 4773 stinus,
2030 4709 2113 4765 cui
2141 4722 2193 4766 et
2218 4709 2342 4765 nota
2366 4713 2523 4767 lectio
2551 4709 2776 4776 utraque
2808 4709 2926 4777 fuit,
2954 4709 3211 4779 prrctulit,
3237 4710 3391 4761 unius

1804 4783 1993 4857 modi:
2034 4783 2137 4850 Qui
2163 4784 2331 4857 enim,
2364 4782 2553 4857 inquit
2575 4824 2587 4845 ,
2626 4783 2809 4857 τρόποι
2846 4780 3023 4834 Greece
3049 4780 3312 4847 dicuntur,
3346 4790 3392 4833 et

1808 4853 1951 4908 modi
1978 4864 2026 4907 et
2058 4871 2223 4908 mores
2258 4854 2439 4909 Latine
2465 4853 2795 4920 interpretari
2824 4861 3055 4919 possunt.

1887 4923 1906 4961 ί
1951 4924 2138 4991 Vacat,
2173 4933 2232 4980 ut
2254 4925 2510 4991 diximus,
2540 4926 2593 4977 in
2626 4922 2922 4978 Veroncusi
2954 4936 3055 4976 ms.
3086 4919 3388 4990 snpplendo

1810 4995 1967 5050 titulo
1998 4997 2249 5067 spatium.

1887 5075 1912 5113 8
1953 5063 2214 5137 Currttpte
2248 5066 2547 5137 Veronens.
2579 5077 2706 5127 ms.,
2754 5063 3179 5137 egredieris,_et
3224 5078 3389 5137 mox,

1816 5132 2207 5208 transgrediéris
2260 5139 2311 5189 in
2360 5136 2597 5208 deserto.
2633 5148 2823 5208 “neque
2872 5132 3018 5208 addit
3070 5133 3392 5208 Diapsalma.

1814 5201 2175 5278 Subséquenti
2206 5221 2391 5278 versu,
2413 5222 2445 5256 a
2469 5201 2718 5278 facie_Dei
2750 5203 2923 5278 Sinai,
2950 5218 3047 5272 pro
3070 5201 3393 5278 monsSina,

1815 5279 1959 5347 quod
2001 5272 2069 5333 ab
2100 5276 2395 5347 exemplari
2416 5289 2527 5347 suo
2571 5272 2864 5347 abborrcre
2894 5274 3008 5347 ipse
3036 5285 3185 5347 nutat
3209 5274 3394 5347 Augu-

1816 5342 2010 5413 stinus,
2045 5350 2130 5403 ubi
2158 5342 2511 5408 ait,Quidant
2538 5342 2737 5413 codices
2760 5354 2805 5397 et
2832 5343 3001 5396 Latini
3026 5356 3071 5397 et
3100 5345 3267 5400 δι’(εεὶ
3295 5342 3397 5397 non

1819 5410 2038 5472 habent:
2087 5433 2241 5470 mons
2267 5415 2431 5469 Sina:
2472 5417 2584 5473 sed,
2630 5428 2656 5461 a
2690 5410 2827 5465 facie
2860 5413 2957 5468 Dei
3002 5416 3133 5469 Sina
3156 5458 3168 5481 ,
3202 5433 3230 5468 a
3264 5415 3397 5468 faeie.

1816 5491 1909 5543 Dei
1940 5488 2125 5543 Israel.
2158 5486 2375 5546 Verum,
2419 5492 2477 5541 ut
2519 5482 2774 5553 diximus,
2812 5482 2945 5547 haec,
2980 5502 3098 5550 qua:
3132 5486 3398 5553 posterior

1815 5574 2006 5613 manus
2034 5557 2327 5625 supplevit,
2361 5553 2491 5625 folia
2514 5552 2580 5606 ab
2608 5550 2748 5605 alius
2772 5555 3105 5608 recensionis
3134 5550 3274 5611 libro
3299 5555 3398 5609 de-

1814 5627 2015 5753 sclripta
2045 5624 2200 5692 sunt,
2247 5641 2367 5697 qua:
2397 5624 2531 5681 adeo
2562 5636 2877 5694 comparare
2909 5639 3033 5679 cum
3065 5628 3398 5701 Augustino,

1814 5715 1867 5753 nt
1891 5715 1926 5753 tt
1969 5707 2211 5753 tuterest.

1812 5698 1945 5758 nihil
1969 5700 2211 5755 interest.

3144 5868 3184 5929 8
