3936 6180
586 246 695 307 259

1589 241 1649 299 S.
1692 239 2071 298 llIERONYMI
2111 236 2345 299 DIVINA
2384 232 2860 296 BlBLlOTllECA.

3752 232 3842 293 ειο

654 364 943 421 Adversum
969 378 1050 416 me
1072 360 1417 430 loquebantur
1447 355 1539 428 qui
1566 354 1810 410 sedebant
1842 355 1895 409 in
1918 365 2068 427 porta
2086 372 2105 411 :
2134 365 2182 412 et
2208 357 2264 418 Α
2359 352 2635 408 Adversus
2662 367 2750 409 me
2769 351 3176 409 exercebantur
3197 348 3290 421 qui
3320 347 3582 406 sedebant
3603 348 3657 405 in
3678 359 3839 422 porta:

591 465 617 493 ⁸
650 469 711 510 +
739 454 793 508 in
820 469 902 507 me
932 453 953 520 ζ
983 450 1291 521 psallebant,
1318 448 1406 519 qui
1434 446 1667 500 bibebant
1694 445 1888 498 vinum.

661 545 777 619 Ego
808 561 924 599 vero
946 544 1232 599 orationem
1268 556 1436 596 meam
1462 540 1529 593 ad
1580 549 1649 607 te,
1684 537 1901 595 Domine
1923 555 1943 594 :
1984 548 2182 610 tempus

596 634 899 706 beneplaciti
918 633 1080 689 Deus.

659 726 727 781 In
754 725 1089 781 multitudine
1117 724 1491 782 misericordia:
1515 732 1619 780 tute
1640 722 1832 779 exaudi
1855 738 1933 777 me
1952 739 1972 778 :
2010 722 2065 777 in
2095 737 2182 777 ve-

585 821 736 876 ritate
772 818 958 875 salutis
988 828 1113 875 tute.

664 911 823 981 Eripe
856 928 938 966 me
976 911 1038 966 de
1083 912 1216 977 luto,
1262 922 1319 967 ut
1344 930 1450 967 non
1477 912 1704 983 infigar:
1738 909 1899 964 libera
1928 924 2004 964 me
2031 907 2184 962 abiis

586 1006 675 1078 qui
700 996 918 1060 oderunt
938 1020 1041 1071 me,
1071 1013 1119 1059 et
1149 1004 1213 1059 de
1240 1005 1519 1077 profundis
1551 1020 1826 1075 aquarum.

658 1095 783 1151 Non
812 1112 891 1149 me
914 1095 1176 1167 demerget
1205 1104 1478 1168 tempestas
1500 1110 1680 1166 aqua),
1717 1111 1883 1164 neque
1911 1093 2187 1148 absorbeat

583 1207 664 1246 me
710 1187 1034 1262 profundum
1083 1205 1102 1244 :
1149 1205 1312 1259 neque
1357 1198 1538 1261 urgeat
1582 1203 1735 1260 super
1769 1201 1852 1240 me
1896 1182 2079 1258 puteu’s
2125 1201 2185 1241 os

580 1298 751 1340 suum.

652 1374 867 1431 Exaudi
893 1390 994 1442 me,
1024 1370 1283 1442 Domine,
1312 1373 1561 1445 quoniam
1605 1370 1828 1444 benigna
1868 1376 1943 1426 est
1979 1368 2186 1425 miseri-

580 1471 762 1525 cordia
816 1478 907 1524 tua
956 1485 974 1522 :
1021 1469 1306 1524 secundum
1352 1465 1739 1521 multitudinem
1791 1465 2184 1521 miserationum

582 1573 791 1620 tuarum
821 1562 1019 1635 respice
1048 1562 1101 1617 in
1126 1579 1224 1616 me.

651 1657 723 1712 Et
750 1676 814 1713 ne
840 1666 1041 1712 avertas
1072 1657 1259 1728 faciem
1288 1665 1430 1710 tuam
1466 1673 1499 1710 a
1527 1672 1686 1728 puero
1732 1665 1822 1711 tuo
1877 1671 1897 1710 :
1940 1654 2185 1726 quoniam

582 1751 822 1819 tribulo'r,
853 1748 1094 1804 velociter
1114 1748 1310 1803 exaudi
1338 1766 1436 1803 me.

653 1840 878 1897 Intende
895 1842 1085 1896 animo:
1105 1856 1253 1910 mete,
1279 1855 1340 1895 +
1364 1849 1415 1895 et
1441 1839 1465 1908 ζ
1487 1839 1651 1897 libera
1674 1855 1809 1895 eam.
1833 1837 2054 1912 Propter
2074 1838 2180 1893 ini-

581 1936 745 1991 micos
765 1951 903 1990 meos
933 1935 1075 2006 eripe
1108 1951 1210 1990 me.

647 2024 729 2083 Tu
756 2028 855 2083 scis
885 2028 1257 2100 improperium
1287 2044 1474 2097 meum,
1503 2036 1550 2085 et
1578 2029 1937 2101 confusionem
1966 2045 2136 2084 meam
2159 2067 2178 2099 ,

578 2130 627 2176 et
652 2120 992 2175 reverentiam
1009 2135 1196 2175 meam.

651 2209 719 2265 In
748 2222 1029 2281 conspectu
1051 2219 1140 2266 tuo
1167 2221 1290 2267 sunt
1312 2228 1508 2279 omnes,
1539 2212 1629 2283 qui
1650 2212 1903 2270 tribulant
1931 2230 2011 2269 me
2042 2212 2178 2268 :imo

575 2305 877 2376 properium
901 2305 1213 2376 exspectavit
1240 2320 1330 2360 cor
1351 2322 1521 2360 meum
1547 2316 1595 2361 et
1623 2307 1906 2362 miseriam.

647 2394 719 2450 Et
740 2396 967 2451 sustinui
992 2398 1078 2467 qui
1100 2395 1128 2435 δ
1162 2411 1223 2451 -εν
1253 2397 1412 2452 simul
1446 2398 1468 2466 ζ
1498 2399 1897 2454 contristaretur
1918 2440 1935 2468 ,
1977 2408 2026 2455 et
2074 2415 2176 2455 non

576 2493 717 2564 fuit:
745 2501 795 2547 et
824 2492 914 2563 qui
939 2492 1317 2560 consolaretur,
1342 2502 1391 2547 et
1422 2509 1526 2548 non
1556 2494 1749 2549 inveni.

643 2585 711 2641 Et
727 2586 985 2640 dederunt
1008 2585 1063 2639 in
1084 2602 1255 2641 escam
1291 2601 1458 2642 meam
1489 2585 1562 2658 fel
1596 2603 1615 2642 :
1654 2596 1702 2653 et
1731 2587 1787 2642 in
1822 2586 1911 2642 siti
1941 2603 2053 2642 mea
2082 2603 2178 2659 po-

574 2688 813 2736 tarerunt
832 2696 914 2734 me
933 2688 1097 2735 aceto.

642 2771 770 2827 Fiat
797 2789 975 2828 mensa
1001 2788 1180 2827 eorum
1217 2787 1391 2826 coram
1436 2770 1563 2843 ipsis
1597 2771 1654 2826 in
1683 2771 1929 2845 laqueum
1951 2813 1969 2842 ,
2019 2783 2067 2828 et
2118 2772 2175 2828 in

567 2866 950 2932 retributiones,
973 2873 1021 2919 et
1050 2865 1103 2920 in
1124 2863 1451 2920 scandalum.

645 2958 992 3016 Obscurentur
1021 2958 1161 3014 oculi
1188 2974 1370 3014 eorum
1389 2974 1453 3015 ne
1479 2958 1687 3015 videant
1715 2977 1735 3018 :
1758 2970 1807 3017 et
1836 2961 2050 3018 dorsum
2077 2977 2172 3018 eo-

571 3070 690 3109 rum
713 3068 911 3125 semper
940 3052 1175 3107 incurva.

645 3143 876 3212 Effunde
901 3159 1059 3215 super
1083 3158 1169 3198 eos
1198 3143 1332 3199 iram
1355 3153 1498 3199 tuam
1551 3158 1571 3199 :

570 3232 973 3307 comprehendat
1001 3250 1112 3289 eos.

645 3324 772 3381 Fiat
801 3324 1052 3380 habitatio
1080 3340 1258 3380 eorum
1277 3326 1485 3382 deserta
1507 3342 1527 3381 :
1557 3341 1615 3383 αε-
1653 3337 1702 3383 et
1728 3328 1753 3399 ζ
1782 3330 1836 3385 in
1861 3332 2170 3388 tabernacu-

572 3421 640 3477 lis
668 3435 846 3476 eorum
873 3433 979 3472 non
998 3417 1065 3472 sit
1096 3433 1116 3473 :
1146 3429 1167 3458 ε
1201 3433 1263 3473 -ξκ
1294 3420 1386 3489 qui
1410 3417 1434 3487 ζ
1465 3420 1734 3476 inhabitet.

646 3515 909 3584 Quoniam
932 3528 1084 3584 quem
1107 3521 1162 3567 tu
1188 3513 1510 3584 percussisti,
1541 3515 1795 3585 persecuti
1819 3525 1941 3571 sunt
1971 3534 1991 3573 :
2016 3530 2064 3574 et
2084 3536 2173 3575 su-

571 3628 664 3684 per
685 3609 918 3665 dolorem
941 3606 1210 3662 vulnerum
1242 3621 1471 3661 meorum
1499 3606 1840 3662 addiderunt.

646 3703 865 3772 Appone
914 3698 1239 3770 iniquitatem
1286 3713 1444 3767 super
1491 3696 1817 3769 iniquitatem
1854 3716 2038 3757 eorum
2066 3719 2087 3759 :
2124 3712 2174 3760 et

573 3811 679 3850 non
698 3796 888 3848 intrent
912 3791 967 3845 in
984 3789 1252 3861 justitiam
1284 3796 1450 3843 luant.

645 3883 930 3938 Deleautur
964 3879 1029 3935 de
1066 3880 1197 3935 libro
1237 3880 1511 3936 viventium
1557 3894 1578 3936 .°

574 3979 892 4037 scribantur.

651 4068 768 4143 Ego
789 4083 901 4124 sum
932 4083 1133 4140 pauper
1160 4076 1208 4123 et
1237 4065 1419 4124 dolens
1440 4083 1459 4124 :
1482 4068 1627 4126 salus
1655 4079 1767 4139 tua,
1799 4070 1941 4127 Deus
1959 4113 1976 4142 ,
1998 4091 2177 4131 susce-

572 4164 650 4236 pit
683 4178 783 4217 me.

650 4253 901 4311 Laudabo
931 4267 1115 4308 nomen
1141 4248 1241 4307 Dei
1266 4267 1382 4306 cum
1410 4253 1612 4308 cantico
1636 4270 1655 4309 :
1686 4254 1714 4293 ά
1746 4266 1794 4312 et
1828 4261 2173 4333 magniﬁcabo

574 4364 692 4405 eum
716 4348 772 4403 in
801 4346 978 4401 laude.

1625 3891 1672 3937 et
1714 3898 1829 3939 cum
1859 3883 2019 3955 iustis
2068 3902 2174 3941 non

2287 455 2341 503 et
2365 447 2417 500 in
2446 461 2532 501 me
2560 444 2895 517 psallebant,
2919 444 3010 515 qui
3039 442 3301 498 bibebant
3326 440 3533 496 vinum.

2358 540 2474 611 Ego
2498 555 2628 595 vero
2646 540 2951 595 orationem
2979 551 3154 593 meam
3178 535 3242 590 ad
3269 542 3346 603 te,
3373 534 3631 602 Domine;
3662 544 3840 609 tempus

2292 633 2621 704 beneplaciti
2648 633 2828 689 Deus:
2855 633 2909 687 in
2938 630 3288 701 multitudine
3319 627 3700 686 miscricordize
3728 639 3840 697 tum,

2289 725 2493 782 exaudi
2518 741 2627 792 me,
2653 726 2707 779 in
2736 724 2972 781 veritate
2998 721 3191 779 salutis
3220 730 3346 776 tusc.

2369 818 2535 889 Eripe
2562 831 2648 874 me
2673 817 2741 873 de
2768 816 2906 884 luto,
2936 824 2998 871 ut
3020 831 3126 870 non
3155 814 3476 879 inhzeream;
3502 812 3664 869 libera
3688 829 3765 871 me
3787 830 3843 870 ex

2288 912 2603 969 odientibus
2643 927 2756 979 tne,
2800 910 2953 968 etde
2993 907 3265 982 profundo
3294 922 3589 979 aquarum:
3632 923 3732 964 non
3774 923 3845 965 me

2286 1005 2571 1075 demet-gat
2600 1012 2899 1074 tempestas
2929 1016 3108 1072 aqum.

2358 1097 2543 1169 Neque
2583 1096 2879 1153 absm-hcat
2922 1110 3011 1150 me
3059 1091 3433 1165 profundum:
3470 1106 3643 1164 neque
3686 1100 3849 1164 urgeat

2286 1206 2452 1262 super
2472 1205 2559 1246 me
2588 1198 2789 1261 puteus
2815 1204 2876 1246 os
2907 1202 3088 1244 suum.

2364 1281 2584 1338 Exaudi
2605 1297 2714 1349 me,
2747 1280 3000 1349 Domine,
3032 1277 3290 1350 quoniam
3314 1275 3545 1351 benigna
3567 1284 3646 1332 est
3664 1275 3848 1333 miseri-

2287 1374 2473 1432 cordia
2508 1382 2628 1440 tna;
2673 1370 2978 1430 secundum
3022 1366 3426 1427 multitudinem
3472 1365 3846 1424 miserationem

2287 1476 2502 1524 tuarum
2533 1465 2747 1537 respice
2767 1464 2821 1519 in
2848 1479 2957 1520 me.

2358 1560 2436 1616 Ne
2460 1567 2675 1616 avertas
2695 1557 2883 1614 faciem
2915 1567 3059 1612 tuam
3086 1571 3116 1611 a
3137 1570 3310 1627 puero
3334 1563 3429 1611 tuo
3454 1573 3467 1608 :
3499 1553 3737 1627 quoniam
3762 1555 3847 1611 tri-

2288 1650 2471 1719 bulor,
2506 1660 2530 1689 ε
2559 1649 2823 1707 velociter
2844 1647 3044 1707 exaudi
3073 1664 3180 1704 me.

2363 1742 2591 1800 Intende
2627 1742 2822 1798 anima:
2854 1756 3013 1809 mete,
3043 1748 3100 1797 et
3124 1739 3296 1797 libera
3325 1753 3447 1797 eam
3480 1756 3494 1795 :
3523 1747 3737 1811 prepter
3759 1736 3846 1794 ini-

2286 1836 2459 1894 micos
2488 1850 2641 1892 meos
2662 1835 2813 1906 eripe
2843 1850 2951 1890 me.

2356 1927 2437 1984 Tu
2462 1926 2607 1985 enim
2637 1927 2747 1982 scis
2777 1925 3176 1997 improperium
3199 1939 3403 1995 meum,
3427 1922 3783 1981 confusionem
3801 1933 3848 1980 et

2282 2021 2669 2079 verecundiam
2704 2035 2881 2077 meam
2916 2037 2931 2076 :
2961 2019 3017 2076 in
3044 2028 3343 2091 conspectu
3381 2028 3476 2074 tuo
3517 2028 3643 2075 sunt
3683 2033 3847 2075 omnes

2283 2118 2613 2175 tribulantes
2650 2131 2759 2171 me.
3416 2182 3425 2187 _

2358 2210 2748 2283 hnproperium
2776 2208 3124 2280 exspectavit
3147 2224 3244 2265 cor
3267 2223 3445 2266 meum
3478 2217 3533 2264 et
3558 2206 3843 2265 miseriam:

2281 2318 2338 2365 et
2367 2304 2599 2361 sustinui
2624 2304 2715 2375 qui
2742 2302 2903 2360 simul
2933 2318 3145 2359 mecum
3174 2301 3597 2359 contristaretur
3616 2343 3632 2367 ,
3670 2308 3722 2356 et
3755 2314 3845 2354 non

2279 2398 2405 2468 fuit,
2428 2399 2807 2455 consolantem
2838 2412 2925 2452 me
2953 2395 3213 2469 quaesivi,
3244 2405 3296 2454 et
3325 2411 3436 2452 non
3459 2395 3659 2451 inveni.

2355 2488 2422 2546 Et
2449 2488 2720 2546 dederunt
2747 2486 2801 2543 in
2830 2502 3010 2545 eseam
3051 2502 3230 2545 meam
3270 2487 3343 2545 fel
3387 2505 3402 2543 :
3449 2485 3581 2544 etin
3609 2485 3696 2541 siti
3746 2499 3844 2540 mea

2277 2592 2613 2660 putaverunt
2639 2600 2725 2642 me
2749 2592 2928 2641 aceto.

2352 2679 2473 2735 Fiat
2505 2692 2691 2734 mensa
2728 2692 2918 2734 eorum
2949 2690 3134 2733 coram
3166 2675 3299 2746 ipsis
3326 2674 3381 2731 in
3419 2674 3701 2748 laqueum,
3726 2683 3776 2731 et
3799 2671 3843 2727 in

2276 2772 2698 2830 retributionem
2729 2779 2784 2826 et
2804 2770 2857 2826 in
2887 2768 3230 2826 scandalum.
3602 2830 3611 2841 ,

2348 2868 2725 2925 Obscurentur
2749 2865 2891 2925 oculi
2919 2874 3109 2923 eorum
3132 2904 3148 2932 ,
3179 2878 3251 2921 ne
3272 2862 3493 2921 videant
3520 2880 3535 2921 :
3568 2871 3625 2922 et
3651 2861 3844 2920 dorsum

2276 2962 2493 3020 illorum
2524 2978 2744 3033 semper
2768 2962 3010 3019 incurva.

2347 3053 2580 3111 Ell‘unde
2606 3068 2775 3126 super
2793 3069 2892 3111 eos
2911 3054 3049 3109 iram
3081 3061 3231 3108 tuam
3262 3067 3277 3107 :
3323 3058 3381 3107 et
3425 3047 3724 3122 indignatio
3763 3047 3845 3104 ira:

1623 3155 1674 3200 et
1727 3148 1878 3217 furor
1925 3146 2021 3203 ira:
2067 3156 2173 3203 tua:
2198 3157 2245 3223 ο
2274 3154 2385 3206 tua:
2411 3145 2789 3219 apprehendat
2818 3144 2949 3219 [Μσ.
2982 3141 3433 3215 comprehendat]
3467 3157 3584 3199 eos.

2346 3242 2465 3299 Fiat
2491 3240 2755 3299 habitatio
2779 3255 2969 3295 eorum
2997 3238 3218 3296 deserta
3257 3254 3274 3294 :
3306 3247 3365 3294 et
3404 3238 3460 3292 in
3509 3231 3847 3293 tabernaculis

2275 3348 2467 3391 eorum
2496 3348 2603 3388 non
2636 3332 2707 3388 sit
2731 3331 2822 3403 qtti
2847 3331 3133 3387 inhabitet.

2351 3425 2618 3494 Quoniam
2657 3426 2677 3463 ῐ
2742 3434 2989 3495 quequ
3038 3420 3401 3495 percussisti,
3453 3420 3557 3492 ipsi
3604 3418 3846 3492 persecuti

2277 3529 2407 3577 sunt
2440 3535 2528 3576 me
2554 3517 2684 3592 [Με.
2719 3528 2822 3573 tae.
2851 3516 2959 3591 me]
2989 3534 3005 3573 :
3045 3527 3098 3574 et
3125 3504 3291 3589 super
3312 3514 3558 3573 dolorem
3588 3514 3847 3571 vulnerum

2279 3627 2524 3669 meorum
2554 3610 2901 3668 addiderunt.
3256 3672 3259 3675 η

2353 3708 2584 3776 Appone
2614 3702 2960 3774 iniquitatem
2988 3717 3154 3772 super
3175 3700 3490 3775 iniquitates
3516 3698 3786 3772 ipsorum:
3807 3703 3854 3754 et

2281 3813 2388 3854 non
2422 3796 2622 3853 intrent
2642 3795 2695 3851 in
2721 3805 2866 3851 tuam
2903 3794 3197 3866 justitiam.

2348 3890 2648 3946 Deleantur
2668 3888 2738 3946 de
2771 3889 2914 3945 libro
2938 3888 3240 3945 viventium
3274 3904 3288 3943 :
3324 3897 3379 3945 et
3408 3903 3535 3944 cum
3567 3886 3729 3959 iustis
3756 3899 3849 3944 non

2278 3984 2615 4043 scribantur.

2353 4076 2568 4147 Pauper
2606 4082 2665 4131 et
2691 4073 2883 4132 dolens
2908 4089 3011 4149 ego
3033 4090 3153 4133 sum
3189 4092 3203 4130 :
3246 4083 3303 4132 et
3346 4075 3497 4132 salus
3525 4074 3705 4133 vultus
3748 4073 3849 4140 tui,

2280 4170 2448 4240 Deus,
2481 4173 2723 4243 suscepit
2748 4187 2857 4229 me.

2350 4265 2610 4323 Laudabo
2625 4280 2821 4323 nomen
2848 4264 2940 4324 Dei
2969 4265 3076 4324 mei
3101 4274 3125 4314 ε
3147 4281 3270 4323 cum
3301 4268 3516 4324 cantico
3539 4310 3555 4337 ,
3587 4276 3642 4324 et
3670 4262 3852 4337 magni—

2281 4360 2455 4419 ﬁcabo
2483 4376 2608 4418 eum
2641 4362 2693 4417 in
2717 4360 2897 4418 laude.

650 4493 677 4521 κ
705 4482 882 4567 hiinus
908 4478 999 4536 hic
1020 4486 1169 4567 recte
1193 4476 1417 4567 Palatia.
1450 4481 1799 4567 ms.nvoculas
1827 4492 1873 4538 et
1898 4486 1975 4567 in,
2000 4501 2099 4558 pro
2119 4491 2168 4545 in

2316 4504 2402 4549 ata
2431 4495 2759 4550 adamuSsim
2793 4495 3079 4567 Augustini
3103 4495 3373 4553 editiones
3416 4496 3730 4565 prml'ertmt.
3758 4493 3848 4552 Sed

577 4572 657 4626 me
677 4554 839 4608 ohelo
869 4560 1153 4626 prmnotat,
1188 4549 1443 4626 additque
1466 4552 1517 4626 in
1550 4551 1658 4608 line
1687 4549 2017 4626 Diapsalmal

650 4625 677 4663 ιι
698 4619 879 4699 Atque
895 4621 983 4676 bic
1007 4624 1124 4676 sine
1147 4619 1314 4699 ψει.»
1343 4620 1625 4699 Palatinus
1646 4640 1749 4679 ms.
1784 4619 1934 4699 legit.
1957 4631 2158 4687 Subseo

574 4696 760 4769 quenti
786 4693 943 4769 versu
976 4693 1396 4769 repositum-est
1424 4694 1661 4749 secunda
1686 4693 1985 4755 manu'escu
2007 4718 2122 4758 mea
2143 4720 2162 4759 :

573 4763 628 4824 et
651 4769 701 4822 in
733 4767 839 4820 ﬁne
868 4764 1172 4833 Diapsalma
1197 4763 1431 4818 additur.

651 4848 674 4876 ο
699 4838 881 4906 Neque
910 4836 996 4889 hic
1017 4835 1157 4889 bene
1186 4833 1416 4906 Palatio.
1441 4852 1544 4894 ms.
1575 4847 1632 4895 et
1658 4839 1784 4896 Cari
1822 4841 1989 4898 editio
2028 4845 2164 4902 obe-

574 4908 685 4963 lum
715 4903 1159 4983 praetermittunt.
1183 4903 1371 4983 Altero
1393 4908 1462 4983 ab
1484 4908 1589 4964 hoc
1608 4925 1769 4965 versu
1782 4913 1995 4983 justitia
2038 4920 2166 4983 tua,

578 4993 681 5047 pro
697 4978 955 5055 justitiam
987 4985 1132 5055 tuom
1157 5017 1171 5040 .
1202 4977 1439 5055 sequiori
1489 4994 1651 5055 manu
1704 4977 2027 5055 rescriptum
2060 4977 2164 5055 est,

580 5047 910 5121 acsequenti
942 5047 1182 5121 additum
1214 5047 1360 5102 ineo
1391 5062 1494 5103 ms.
1515 5050 1855 5121 _Diapsalma.

644 5118 672 5156 ά
694 5119 931 5198 Tacetjn
960 5119 1157 5198 eodem
1189 5133 1291 5172 ms.
1319 5126 1379 5173 ut
1418 5129 1475 5175 et
1501 5118 1709 5178 Gmcis
1736 5124 2010 5198 plerisque
2040 5143 2163 5185 om-

567 5189 728 5246 nibus
758 5188 909 5243 lihris
930 5199 976 5258 et
1002 5189 1213 5258 cnpula.

646 5271 670 5299 ο
706 5259 857 5317 Unus
897 5256 1199 5340 Veronens.
1256 5274 1359 5315 ms.
1409 5262 1523 5340 gito
1542 5279 1640 5333 pro
1683 5263 1955 5340 uelociter,
2012 5272 2158 5340 quod

569 5341 781 5396 tamen,
814 5341 876 5386 ut
904 5329 1012 5412 alia
1040 5330 1320 5412 pleraque,
1356 5329 1650 5412 aHVulgata
1690 5329 1953 5397 lectione'
1975 5329 2161 5399 diver-

563 5418 683 5458 sum
715 5416 836 5458 esse
859 5443 875 5465 ,
914 5400 1031 5470 ejus
1071 5400 1317 5470 Psalterii
1350 5400 1555 5459 editor'
1575 5422 1679 5462 non
1737 5411 2143 5470 animadvertit.

562 5473 770 5550 uetera
796 5485 916 5526 cum
946 5469 1269 5539 Augustino,
1302 5474 1498 5550 redime
1524 5493 1622 5542 me,
1639 5493 1737 5548 pro
1761 5480 1947 5550 libera,
1965 5492 2073 5538 tum
2095 5494 2148 5539 et

561 5546 911 5613 confusionem
936 5556 1137 5621 meam,.
1153 5550 1200 5593 et
1216 5546 1582 5621 rereeundiam
1601 5592 1615 5614 ,
1639 5546 1771 5603 'etc.
1814 5546 1942 5605 Non
1962 5563 2141 5609 autem

557 5610 681 5694 qua:
710 5624 1029 5679 sequuntur,
1052 5610 1137 5677 qui
1159 5610 1425 5682 tribulam,
1462 5631 1558 5684 pro
1582 5610 1914 5694 tribulantes,
1944 5634 1996 5678 et
2018 5640 2141 5680 mox

552 5688 735 5757 anima
759 5696 893 5757 mea,
928 5695 1022 5745 pro
1052 5695 1138 5732 cor
1165 5697 1352 5757 meum,
1384 5694 1435 5737 et
1454 5688 1621 5757 quod,
1653 5701 1958 5757 οχεριιηειυ
1985 5696 2147 5749 simu;

549 5750 844 5819 adverbio,
880 5764 1078 5805 mecum
1104 5749 1340 5806 retinet:
1376 5749 1570 5825 quibus
1609 5749 1668 5815 in
1702 5749 1836 5820 locis
1867 5778 1987 5822 cum
2015 5765 2143 5824 Vul-

2279 4569 2479 4622 iterum
2508 4569 2623 4636 pari
2649 4583 2941 4634 consensu,
2972 4570 3117 4639 quod
3140 4568 3515 4639 subsequitur,
3537 4568 3849 4623 etconsolan-

2270 4643 2365 4703 tes,
2385 4647 2432 4692 et
2462 4655 2565 4693 non
2594 4639 2785 4694 inveni.

2347 4708 2366 4747 τ
2391 4708 2523 4776 Qua)
2551 4709 2747 4765 iterum
2770 4710 2950 4767 excisa
2983 4724 3013 4765 a
3049 4709 3351 4767 Veronensi
3400 4710 3593 4767 codice
3623 4710 3745 4766 folia
3774 4723 3851 4763 re-

2268 4784 2484 4835 centior
2507 4796 2703 4837 manus
2732 4797 2831 4852 per
2852 4791 3064 4851 septem
3098 4784 3269 4838 let-me
3307 4798 3498 4838 versus
3534 4800 3563 4835 a
3600 4779 3847 4852 superiori

2272 4852 2519 4919 proxime
2550 4852 2853 4920 supplevit,
2886 4854 3019 4907 satis
3049 4853 3137 4909 hic
3162 4854 3462 4910 oscitanter
3491 4855 3678 4912 verba.
3711 4865 3846 4922 quem

2278 4930 2337 4976 tu
2359 4923 2682 4996 percussisti,
2699 4924 2820 4996 ipsi.
2845 4933 2978 4989 etc.,
3001 4925 3347 4996 printer-misit
3365 4940 3378 4976 :
3399 4934 3510 4977 tum
3533 4925 3584 4977 ei
3611 4926 3714 4977 alio
3739 4936 3848 4975 sen-

2278 4995 2367 5057 sn,
2398 5004 2454 5049 et
2480 5005 2665 5049 contra
2697 4995 2958 5049 librorum
2994 4995 3237 5050 omnium
3283 4995 3442 5050 tidem
3491 5010 3589 5065 pro
3633 5006 3846 5065 ineorum

2278 5064 2411 5134 legit
2445 5082 2457 5119 :
2488 5080 2609 5134 qua:
2658 5077 2838 5120 tamen
2892 5067 3054 5121 lectio
3110 5065 3336 5134 perinde
3381 5066 3451 5121 ab
3499 5064 3619 5133 ejus
3653 5064 3845 5118 editors

2273 5134 2527 5191 Psalterii
2562 5135 2816 5201 habetur,
2848 5150 2912 5191 ac
2930 5136 2977 5191 si
3003 5151 3127 5192 cum
3157 5136 3383 5206 Vulgata
3414 5135 3674 5199 editione,
3697 5144 3844 5189 caete-

2272 5207 2461 5274 risque
2491 5207 2645 5263 libris
2674 5206 2929 5263 omnibus
2954 5217 3305 5263 consonaret.
3367 5206 3625 5276 Sequitur
3667 5206 3717 5260 in
3763 5217 3843 5258 eo-

2270 5276 2394 5332 dicc
2423 5294 2437 5330 :
2466 5277 2680 5349 Appone
2699 5278 2994 5349 iniquitates
3024 5295 3177 5347 super
3197 5278 3520 5348 iniquitatem
3546 5292 3724 5333 eorum
3746 5317 3760 5339 ,
3780 5280 3841 5349 Δει

2270 5364 2376 5445 no'n
2400 5345 2589 5432 intrent
2606 5351 2658 5403 in
2670 5345 2919 5419 iustitia:
2954 5345 3115 5419 tum,
3161 5345 3304 5404 salus
3341 5360 3431 5403 tua
3455 5389 3472 5417 ,
3517 5364 3616 5420 pro
3645 5356 3692 5402 et
3715 5345 3840 5402 salus

2257 5421 2430 5472 vultus
2460 5421 2558 5474 tui.

2340 5499 2363 5536 ε
2395 5489 2604 5545 Nedum
2638 5490 2738 5545 mei
2764 5506 3082 5559 pronomen,
3116 5491 3258 5559 quod
3317 5492 3553 5557 ipsemet
3595 5490 3838 5559 Hierony-

2261 5574 2390 5613 mus
2419 5560 2698 5616 abundare
2721 5558 2906 5617 dncuit
2929 5565 2981 5616 in
3006 5558 3234 5628 epistola
3258 5562 3325 5616 ad
3351 5561 3615 5617 Sunniam
3644 5572 3694 5613 et
3722 5558 3836 5612 Fre-

2260 5631 2455 5703 telam,
2488 5631 2581 5686 sed
2614 5643 2670 5687 et
2698 5633 3083 5703 subsequentia
3111 5633 3291 5703 verba,
3319 5648 3438 5686 cum
3458 5633 3742 5703 cauticert,
3761 5642 3835 5703 sc-

2259 5701 2474 5768 qnioris
2503 5703 2711 5761 librarii
2735 5700 3021 5760 oscitantis
3068 5702 3126 5760 in
3161 5701 3468 5761 Veronensi
3505 5719 3607 5761 ms.
3635 5700 3837 5758 deside-
