3936 6180
104 166 191 227 241

1366 171 1567 228 LIBER
1609 174 2053 235 PSALMORUM.

3271 189 3380 248 Ξ·ίὲ

171 287 236 341 Et
260 287 475 357 placebit
511 286 613 341 Deo
643 303 794 358 super
851 285 1064 340 vitulum
1116 285 1373 341 novellum
1409 332 1424 356 ,
1479 305 1674 342 cornua
1699 297 1751 352 Α
1850 289 1916 345 Et
1941 291 2173 360 placebit
2203 293 2316 348 Deo
2346 308 2509 364 super
2544 294 2768 350 vitulum
2806 296 3080 353 novellum
3106 340 3120 364 ,
3161 313 3371 357 cornua

100 384 454 454 producentem
481 393 526 436 ct
547 384 785 452 ungulas.

168 475 387 529 Videant
411 492 679 544 pauperes,
710 486 755 528 et
774 474 1015 530 [celentur
1053 491 1072 528 :

99 568 211 622 citet
233 570 405 620 anima
430 577 622 620 restra.

159 659 406 722 Quoniam
435 660 701 713 exaudivit
725 676 978 731 pauperes
1003 659 1257 714 Dominus

93 770 196 807 suos
219 769 314 806 non
345 753 605 824 despexit.

151 845 374 900 Laudent
404 847 561 900 illum
585 847 695 902 cali
720 857 768 902 et
795 855 955 914 terra,
990 862 1132 901 mare
1162 855 1209 901 et
1251 847 1423 901 omnia
1452 848 1663 919 rept.'lia

91 943 135 995 in
161 943 244 995 eis.

149 1033 390 1102 Quoniam
411 1033 561 1090 Deus
593 1037 785 1091 salvam
817 1037 972 1108 faciet
995 1035 1126 1092 Sion
1171 1053 1189 1091 :

88 1139 158 1183 tur
179 1129 394 1184 ciritates
422 1129 460 1184 J
466 1131 599 1185 uda.

143 1219 204 1272 Et
231 1221 594 1277 inhabitabant
625 1224 717 1278 tibi
750 1240 769 1278 :
794 1233 841 1278 et
863 1225 1163 1278 Ita‘reditate
1206 1226 1474 1295 nequirent
1521 1241 1656 1279 eam.

143 1311 200 1366 Et
221 1330 386 1368 semen
418 1331 689 1369 servorum
717 1317 832 1382 eius
855 1316 1135 1386 pos:idebit
1167 1333 1280 1372 eam
1305 1333 1322 1371 :
1351 1327 1397 1371 et
1425 1319 1514 1388 qui
1537 1319 1662 1372 dili-

87 1414 189 1475 gunt
214 1423 395 1460 nomen
419 1411 562 1480 ejus,
592 1407 899 1461 habitabant
925 1409 978 1461 in
1011 1423 1091 1462 ea.

1233 1045 1282 1092 et
1321 1037 1663 1107 cedi/imbuu-

1118 476 1330 546 qua'rite
1373 474 1576 545 Deum,
1621 487 1668 534 et

1316 676 1336 714 :
1387 671 1434 715 ct
1475 662 1667 718 uinctos

1779 383 2164 453 producentem
2188 395 2238 440 et
2269 387 2516 452 ungulas.

1852 476 2080 532 Videant
2107 493 2392 549 pauperes,
2422 489 2474 534 et
2497 481 2748 536 ltetentur
2781 501 2791 535 :
2825 483 3052 553 quaerite
3079 484 3367 542 Dominum

1776 571 1904 645 [Με.
1936 572 2151 645 Deum],
2183 582 2238 628 et
2261 575 2600 629 vivetanima
2633 586 2836 633 vestra.

1846 667 2115 734 Quoniam
2139 667 2417 723 exaudivit
2442 683 2712 740 pauperes
2741 668 3002 727 Dominus
3037 689 3048 724 :
3077 682 3132 728 et
3157 672 3368 729 vinctos

1772 778 1903 820 suos
1929 780 2037 820 non
2065 765 2289 836 sprevit.

1848 857 2094 913 Laudent
2117 872 2242 913 eum
2270 856 2396 913 cmli
2427 865 2482 915 et
2505 867 2671 924 terra.
2706 873 2858 917 mare
2888 869 2943 916 et
2973 861 3156 916 omnia
3185 905 3200 931 ,
3247 877 3367 932 qua:

1771 945 1799 985 δ
1827 947 1880 1004 in
1906 950 1988 1004 eis
2018 958 2165 1004 sunt.

1842 1039 2108 1108 Quoniam
2135 1041 2278 1096 Deus
2308 1041 2515 1096 salvam
2542 1042 2704 1098 faciet
2731 1043 2863 1100 Sion
2897 1063 2908 1099 :
2935 1054 2988 1100 et
3019 1045 3366 1102 :edilicabun-

1767 1141 1854 1188 tur
1875 1133 2122 1189 civitates
2143 1132 2318 1202 Iuda),
2363 1144 2418 1190 et
2443 1134 2822 1191 iuliabitabunt
2850 1137 2945 1192 ibi.

1847 1226 1915 1281 Et
1941 1226 2263 1282 barreditate
2285 1227 2571 1299 acquirent
2595 1244 2714 1283 eam
2740 1270 2754 1293 ,
2788 1239 2841 1283 et
2864 1245 3051 1285 semen
3081 1245 3366 1286 servorum

1769 1317 1886 1385 ejus
1914 1317 2216 1388 possidebit
2237 1332 2376 1385 eam,
2407 1328 2463 1373 et
2492 1318 2582 1389 qui
2608 1318 2840 1390 diligunt
2867 1335 3066 1376 nomen
3095 1321 3213 1392 ejus
3238 1361 3254 1388 ,
3286 1323 3370 1377 in-

1770 1407 2095 1464 liabitabunt
2115 1409 2170 1464 in
2189 1423 2278 1465 ea.

1382 1499 1744 1563 PSALMUS
1787 1499 2021 1560 LXIX.

115 1615 156 1654 is
187 1616 338 1657 rtus:
377 1615 577 1664 mnu.
623 1616 675 1656 tu
714 1615 1205 1657 liElEIORATIO-NEI
1231 1606 1296 1669 34,4
1320 1611 1345 1640 ι
1385 1618 1453 1658 eo
1489 1618 1629 1667 quon

1806 1616 1858 1656 IN
1899 1615 2094 1668 “Nl-II,
2137 1616 2330 1664 DAVID,
2375 1616 2426 1654 IN
2475 1615 2974 1657 BEIEIORATIONEM
3017 1611 3041 1641 θ
3081 1618 3149 1660 εο
3186 1619 3326 1670 QUOD

405 1688 626 1728 SALVU!
667 1689 739 1728 Ill-2
779 1689 935 1728 recrr
980 1687 1231 1729 oculatus.
1281 1676 1302 1742 ζ

144 1785 286 1852 Deus,
316 1787 368 1839 in
399 1787 734 1860 adjutorium
757 1801 927 1840 meum
955 1801 1014 1841 σθ
1042 1786 1249 1841 intende
1277 1786 1297 1854 ζ
1326 1785 1562 1855 Domine,
1597 1786 1666 1840 ad

90 1876 409 1948 adjuvandum
440 1879 524 1932 me
553 1879 771 1948 festina.

145 1969 548 2043 Confundantur,
572 1980 624 2026 et
655 1980 981 2027 ret'ereantur
999 2013 1015 2038 ,
1036 1972 1125 2044 qui
1159 1981 1396 2044 quaerunt
1439 1971 1664 2028 animum

95 2080 250 2119 meum.

147 2158 427 2211 Arertantur
449 2165 748 2212 retrorsum
771 2165 816 2212 et
845 2156 1181 2226 erubescant,
1209 2157 1299 2228 qui
1332 2157 1508 2212 volunt
1536 2157 1665 2212 mihi

98 2248 227 2303 mala.

150 2343 430 2396 Arertantur
455 2341 646 2396 statim
660 2341 1036 2408 erubescentes,
1064 2342 1154 2414 qui
1182 2343 1361 2397 dicunt
1401 2358 1454 2398 ἦ·
1484 2339 1512 2381 ι)
1539 2342 1664 2396 mihi

102 2434 120 2500 ζ
146 2433 286 2506 Euge,
314 2453 460 2508 euge.

153 2525 421 2593 Exsultent,
453 2537 504 2582 et
533 2526 789 2582 laetentur
810 2528 864 2583 in
892 2539 939 2583 te
966 2545 1159 2595 omnes,
1194 2529 1282 2598 qui
1308 2538 1546 2600 quterunt
1577 2539 1658 2598 te,

100 2626 133 2668 et
155 2619 304 2672 dicant
327 2636 530 2692 semper
562 2637 584 2676 :
622 2618 987 2692 Magni/icetur
1008 2619 1288 2690 Dominus,
1321 2622 1410 2694 qui
1432 2621 1662 2695 diligunt

101 2710 283 2766 salutare
308 2722 472 2766 tuum.

153 2801 246 2876 Ego
263 2820 371 2860 vero
391 2823 592 2880 egenus
614 2816 666 2862 et
695 2823 890 2880 pauper
941 2823 1000 2864 οε-
1033 2823 1148 2864 sum
1197 2807 1221 2876 ζ
1256 2807 1418 2875 Deus,
1467 2807 1662 2882 adjuva

101 2911 173 2948 me.

2152 1688 2366 1728 εΑω·ωι
2408 1688 2480 1728 ΙΕ
2520 1689 2677 1727 FECIT
2717 1689 2968 1729 υοιιικυε.

1844 1787 2074 1843 Domine
2100 1787 2268 1854 Deus,
2293 1788 2346 1843 in
2374 1789 2709 1857 adjutorium
2741 1804 2922 1844 meum
2951 1789 3176 1848 intende
3211 1809 3224 1845 :
3258 1791 3368 1847 Do-

1769 1880 1940 1946 mine,
1973 1879 2040 1934 ad
2066 1878 2432 1950 adiuvandum
2468 1896 2553 1936 me
2578 1881 2794 1936 festina.

1840 1968 2255 2027 Coniundantur
2275 1981 2332 2027 et
2361 1972 2928 2029 revereanturinimici
2953 1975 3080 2043 mei,
3107 1977 3195 2048 qui
3217 1992 3365 2048 qna:-

1769 2073 1902 2121 ruut
1929 2064 2170 2120 animam
2199 2080 2397 2120 meam.

1842 2156 2171 2211 Avertantur
2194 2165 2522 2225 retrorsum,
2550 2166 2604 2212 et
2625 2157 2957 2215 erubescant
2981 2202 2995 2228 ,
3017 2159 3105 2232 qui
3123 2161 3367 2233 cogitant

1768 2248 1898 2304 mihi
1929 2249 2090 2304 mala.

1840 2343 2171 2396 Avertantur
2192 2341 2375 2397 statim
2394 2341 2815 2410 erubescentes,
2842 2345 2933 2416 qui
2967 2345 3156 2402 dicunt
3185 2347 3315 2404 mihi
3346 2366 3359 2402 :

1767 2432 1936 2503 Euge,
1956 2446 2112 2503 euge.

1841 2523 2148 2591 Exsultent,
2179 2532 2236 2580 et
2255 2523 2508 2580 laetentur
2527 2523 2620 2595 qui
2649 2536 2894 2596 quaerent
2940 2537 2995 2585 te
3021 2573 3035 2599 ,
3083 2529 3312 2588 Domine
3342 2549 3356 2585 :

1768 2627 1827 2676 et
1850 2618 2032 2676 dicant
2057 2634 2274 2692 semper
2303 2637 2318 2676 :
2349 2619 2722 2692 Magniﬁcetur
2756 2621 3050 2691 Dominus,
3095 2625 3187 2696 qui
3234 2625 3360 2682 dili-

1763 2721 1900 2785 gunt
1925 2712 2164 2770 salutare
2188 2723 2358 2769 tuum.

1838 2804 1951 2876 Ego
1979 2819 2110 2861 vero
2145 2819 2350 2878 egenus
2380 2813 2434 2862 et
2473 2820 2680 2878 pauper
2731 2822 2850 2864 sum
2883 2825 2896 2863 :
2941 2807 3084 2867 Deus
3107 2855 3120 2880 ,
3165 2811 3359 2882 adjnva

1765 2913 1876 2954 me.
3259 2921 3262 2924 ’

146 2988 347 3061 Adjutor
370 3009 518 3047 meus
537 3035 554 3059 ,
580 3001 629 3047 et
654 2991 904 3047 liberator
933 3009 1076 3049 meus
1099 3008 1159 3050 +
1203 3009 1258 3047 es
1288 2993 1311 3062 ζ
1337 3001 1393 3048 tu
1412 3036 1426 3061 ,
1469 2991 1659 3047 Domi-
1684 2999 1732 3066 α
1836 2989 2068 3061 Adjutor
2094 3005 2250 3048 meus
2272 2999 2328 3048 et
2365 2990 2628 3048 liberator
2667 3005 2822 3050 meus
2865 3009 2926 3052 es
2965 3003 3023 3050 tu
3048 3036 3062 3065 ,
3100 2996 3322 3054 Domine
3343 3039 3358 3068 ,

97 3097 156 3148 ne,
177 3100 228 3137 ne
253 3086 477 3140 moreris.

1769 3099 1840 3140 ne
1869 3084 2192 3141 tardaveris.

1408 3193 1772 3260 PSALMUS
1814 3194 2017 3257 LXX.

120 3311 158 3351 ἦ
181 3313 388 3358 ρελιισε
423 3316 640 3366 ΒΑὝΙΙ),
681 3315 934 3358 ῖιιιοιιωι
972 3315 1235 3369 ιοιυωω,
1287 3313 1357 3357 ET
1396 3313 1628 3354 PBIOBU!

668 3387 1027 3430 CAPTIVORUII.

150 3460 203 3517 In
227 3473 288 3531 te,
310 3465 560 3532 Domine,
581 3466 811 3538 speravi,
833 3484 936 3521 non
968 3466 1265 3537 confundor
1288 3467 1339 3520 in
1367 3473 1615 3522 teternum
1637 3479 1657 3519 :

100 3553 136 3605 in
151 3559 330 3626 justitia
352 3569 438 3614 tua
468 3559 650 3615 libera
677 3573 779 3624 nte,
810 3569 859 3614 et
883 3560 1024 3632 eripe
1053 3576 1150 3614 me.

149 3646 329 3706 luclina
347 3654 415 3707 ad
437 3669 535 3708 me
559 3669 740 3708 aurem
759 3661 920 3720 tuam,
945 3662 995 3709 et
1015 3653 1161 3710 salva
1189 3670 1288 3711 me.

151 3740 254 3796 Esto
281 3746 398 3800 mihi
426 3749 482 3802 in
525 3744 695 3801 Deum
718 3754 1078 3818 protectorem,
1111 3755 1159 3800 et
1191 3747 1245 3802 in
1274 3746 1444 3801 locum
1483 3745 1654 3800 muni-

99 3840 177 3884 tum
201 3851 216 3889 :
239 3846 286 3888 ut
307 3838 512 3893 salvum
542 3854 622 3892 me
651 3839 836 3910 facias.

153 3925 374 3989 Quoniam
387 3931 778 4000 ﬁrmamentum
801 3947 985 3995 meum,
1000 3939 1050 3984 et
1060 3930 1557 4002 refugiunt'mcumes
1574 3941 1650 3987 tu.

153 4019 263 4074 Deus
282 4040 434 4093 meus,
473 4027 626 4095 eripe
655 4025 817 4078 mede
857 4041 1016 4078 manu
1039 4026 1343 4095 peccatoris,
1389 4035 1410 4063 ο
1488 4034 1535 4080 et
1591 4026 1654 4078 de

101 4125 218 4166 manu
237 4130 403 4173 contra
432 4120 607 4190 legem
639 4119 836 4188 agentis
865 4127 912 4173 et
934 4117 1120 4189 iniqui.

152 4205 374 4268 Quoniam
427 4223 489 4265 tu
544 4227 598 4265 es
645 4210 893 4282 patientia
924 4226 1056 4278 mea,
1111 4208 1331 4265 Domine
1363 4225 1380 4263 :
1411 4209 1648 4277 Domine,

99 4312 184 4359 tres
206 4317 302 4354 mea
329 4321 359 4356 a
376 4307 658 4376 juventute
696 4319 830 4356 mea.

155 4387 205 4442 lu
239 4402 280 4446 te
321 4398 665 4467 confirmatus
699 4413 812 4449 sum
841 4412 903 4450 ea:
944 4403 1112 4466 utero,
1148 4399 1210 4451 de
1257 4405 1430 4451 ventre
1469 4397 1649 4452 matris

101 4493 195 4531 ιξπειιξ
218 4493 264 4536 tu
294 4503 340 4540 es
363 4496 625 4558 protector
651 4503 816 4541 meus.

154 4570 206 4626 In
246 4586 286 4631 te
333 4581 562 4634 cantatio
610 4595 722 4634 mea
768 4595 966 4651 semper
1003 4595 1022 4634 :
1050 4587 1310 4649 tamquam
1357 4580 1651 4652 prodigium

102 4667 231 4730 [olus
253 4687 353 4724 sum
383 4673 580 4740 multis,
617 4682 667 4728 et
700 4683 754 4726 tu
785 4677 998 4747 adjutor
1025 4674 1194 4745 fortis.

156 4840 174 4865 ⁸
201 4833 434 4890 Voculam
465 4853 524 4890 eo
551 4835 729 4890 Palat.
764 4852 862 4889 ms.
896 4845 948 4888 ιιι
975 4835 1142 4890 Carus
1167 4835 1450 4889 omittunt:
1478 4845 1637 4905 atque

101 4901 139 4953 in
180 4912 304 4958 ie'stu
332 4923 523 4965 nomen
551 4909 838 4962 dumtaxat
893 4907 1114 4960 Domin»
1140 4949 1152 4973 ,
1199 4907 1460 4962 asterisco
1517 4901 1639 4961 illu—

102 4984 255 5028 stram.

157 5044 175 5079 δ
199 5047 410 5105 Rursum
436 5052 572 5107 male
603 5051 750 5120 idem
783 5065 885 5103 ms.
928 5049 1143 5104 obelum
1186 5048 1360 5115 hunc,
1395 5049 1638 5120 duosque

100 5114 206 5170 alios
226 5120 371 5186 inira,
399 5124 590 5191 quibus
631 5117 864 5174 verbum
909 5121 1309 5174 substantivum
1348 5114 1635 5188 praenota-

103 5191 185 5262 tur,
211 5191 377 5262 obeios
400 5191 810 5258 praetermittit:
839 5191 1192 5262 subsequenti
1234 5199 1416 5246 autem
1463 5192 1634 5246 versi-

103 5259 349 5332 culnjddit
371 5262 694 5332 Diapsalma.

160 5339 175 5407 ξ
204 5328 289 5407 llic
316 5328 476 5390 ferme
502 5336 713 5390 rectius
747 5347 868 5388 cum
909 5333 1069 5389 obelo
1102 5334 1272 5404 ipsam
1306 5345 1352 5389 et
1389 5335 1637 5407 copulam

105 5392 333 5456 Palatinus
360 5420 452 5460 ms.
481 5415 650 5461 tacet.

161 5467 179 5504 ιλ
208 5471 474 5531 Veronens.
503 5492 620 5550 ms:
641 5491 759 5547 qua:
787 5484 1034 5550 repetunt?
1053 5477 1172 5548 (pro
1202 5480 1407 5550 repunt)
1433 5481 1486 5533 in
1518 5479 1587 5532 eis
1621 5494 1636 5531 :

109 5539 287 5600 λιιξιιει.
313 5550 552 5616 repentia.
577 5547 621 5600 Τ
631 5539 745 5613 unt,
773 5556 820 5601 et
845 5539 1219 5602 itwreditaburtt
1248 5539 1455 5610 terrain.
1493 5560 1539 5603 et
1564 5565 1643 5604 se-

108 5625 443 5701 un-nservorum
464 5621 577 5701 eju‘s
617 5617 954 5701 possidebunt
991 5620 1257 5690 (August.
1323 5620 1642 5688 obtinebunt)

107 5693 214 5772 eam,
236 5695 353 5756 etc.,
382 5699 446 5758 et,
481 5689 845 5745 inhabitabant
877 5705 1004 5747 eam.

1831 3312 2064 3354 PSALIUS
2101 3314 2301 3368 DAVID,
2354 3313 2608 3356 ιιιιοιιωι
2664 3317 2936 3374 «ΙΟΝΛΒΔΒ,
3002 3323 3072 3364 ΕΤ
3126 3324 3355 3370 PRIORUI

2351 3386 2732 3430 CAP'I'IVORUII.
2780 3374 2800 3414 ί

1831 3465 1996 3533 Deus,
2031 3465 2160 3522 inte
2189 3467 2437 3536 speravi,
2469 3467 2695 3525 Domine
2725 3512 2738 3537 ,
2797 3486 2904 3528 non
2955 3473 3259 3532 confundar
3299 3479 3352 3536 in

1758 3565 2020 3613 internum
2053 3575 2064 3610 :
2100 3555 2154 3613 in
2179 3566 2269 3613 tua
2288 3558 2502 3628 Iustitia
2523 3559 2696 3617 libera
2727 3576 2814 3618 me
2834 3575 2886 3619 et
2909 3564 3058 3636 eripe
3086 3581 3193 3624 me.

1830 3648 2033 3706 luclina
2055 3649 2123 3706 ad
2153 3665 2240 3707 me
2261 3665 2448 3707 aurem
2473 3661 2640 3722 tuam,
2674 3663 2730 3710 et
2755 3654 2923 3712 libera
2955 3673 3062 3716 me.

1831 3741 1962 3797 Esto
2009 3743 2140 3798 mihi
2195 3743 2248 3799 in
2304 3741 2472 3798 Deum
2524 3754 2919 3819 protectorem,
2963 3761 3017 3807 et
3066 3751 3119 3809 in
3174 3753 3351 3814 locum

1757 3835 2041 3901 munitum,
2069 3845 2126 3890 ut
2157 3834 2368 3889 salvum
2397 3850 2485 3891 me
2507 3834 2694 3894 iacias.

1829 3928 2094 3996 Quoniam
2119 3928 2519 3985 firmamentum
2549 3946 2757 3999 meum,
2779 3939 2845 3990 'et
2875 3935 3142 4010 refugium
3167 3957 3346 4000 meum

1756 4035 1816 4076 es
1849 4029 1902 4074 tu
1929 4037 1942 4074 :
1970 4020 2112 4074 Deus
2144 4035 2322 4086 meus,
2357 4022 2506 4092 eripe
2530 4039 2617 4080 me
2647 4024 2714 4079 de
2746 4042 2904 4081 manu
2936 4035 3262 4103 peccatoris,
3291 4045 3347 4092 ct

1756 4113 1824 4169 de
1854 4129 2013 4167 manu
2040 4121 2228 4168 contra
2256 4113 2428 4183 legem
2452 4116 2659 4185 agentis
2691 4127 2743 4172 et
2774 4118 2967 4189 iniqui.

1823 4207 2089 4275 Quoniam
2121 4216 2175 4261 tu
2207 4221 2266 4262 cs
2294 4208 2550 4276 patientia
2589 4225 2738 4278 mea,
2777 4212 3004 4270 Domine
3034 4217 3050 4286 [
3075 4215 3175 4271 διδ.
3210 4221 3337 4273 add.

1756 4288 2036 4372 Dentiuc]:
2074 4316 2200 4372 spes
2241 4318 2357 4356 mea
2386 4317 2416 4357 a
2442 4303 2729 4372 juventute
2756 4322 2896 4361 mea.

1813 4393 1871 4447 ιιι
1890 4401 1938 4447 te
1953 4393 2307 4448 cOnﬁrmatus
2320 4409 2437 4449 sum
2453 4410 2515 4449 ex
2534 4397 2784 4461 utero,de
2802 4408 2990 4454 ventre
3007 4401 3192 4454 matris
3208 4418 3340 4456 meae

1755 4495 1809 4540 tu
1842 4501 1897 4540 es
1930 4501 2084 4541 meus
2121 4495 2429 4556 protector:
2466 4487 2517 4541 in
2543 4497 2593 4543 te
2617 4489 2926 4546 decantatio
2955 4508 3068 4546 mea
3101 4509 3336 4560 SCtilpcl‘.

1831 4579 2127 4650 Tamquam
2181 4580 2482 4650 prodigium
2541 4581 2720 4636 factus
2749 4597 2866 4637 sum
2901 4583 3113 4648 multis,
3147 4596 3201 4638 et
3240 4596 3263 4628 κ
3294 4597 3347 4639 ιιι

1682 4669 1732 4728 D
1756 4674 1973 4746 adjutor
2003 4676 2180 4730 fortis.

1817 4849 1839 4876 ε
1867 4839 1918 4891 In
1953 4839 2109 4911 titulo
2140 4841 2277 4896 idem
2304 4854 2431 4904 tns.,
2478 4839 2541 4892 In
2574 4839 2926 4893 recordatione
2968 4843 3016 4893 in
3061 4859 3193 4911 quo,
3232 4852 3337 4896 etv.

1744 4912 1798 4966 In
1827 4921 1970 4966 textu
1991 4908 2232 4975 Domine,
2259 4911 2399 4981 ιιιιιιιΙ
2435 4912 2663 4979 primum
2699 4921 2779 4962 est
2831 4908 3100 4968 verbum.
3149 4924 3285 4967 tacet.
3323 4934 3332 4964 :

1742 4981 2092 5052 snb~equenti
2123 5000 2280 5036 versu
2311 4986 2462 5033 simul
2494 4982 2652 5032 habet
2690 4997 2782 5046 pro
2814 4982 3011 5032 inimici
3045 4987 3161 5035 mei.
3199 4986 3332 5038 Tum

1737 5056 2048 5108 ΛινιὶιΊιιιιιηι·
2069 5064 2223 5119 retro,
2250 5065 2294 5108 et
2319 5052 2724 5116 confum'lrmtnt',
2756 5053 2992 5119 qui,'C‘.c.
3021 5055 3102 5115 Ει,
3136 5053 3334 5110 Exsul—

1739 5134 1870 5190 tent,
1904 5132 1948 5176 et
1985 5124 2220 5178 (tutentur
2245 5125 2406 5192 (Aug.
2438 5121 2818 5191 jucumlentur)
2862 5123 2910 5174 in
2959 5135 3004 5176 te
3046 5141 3217 5179 omnes
3249 5127 3339 5197 qui

1739 5205 1976 5267 queerunt
1989 5203 2061 5267 te.

1820 5265 1839 5304 τ
1873 5263 2157 5332 Suhjungit
2191 5263 2491 5316 Veronens.
2529 5259 2698 5312 codex
2741 5277 2753 5312 :
2798 5261 2921 5315 Non
2953 5267 3338 5333 suprascriptus

1744 5350 1881 5407 aputt
1907 5335 2173 5407 Hebreum.
2198 5334 2332 5407 Turn
2366 5333 2598 5407 primum
2623 5340 2794 5407 textus
2823 5334 3045 5387 verbum
3093 5335 3232 5388 Deus-
3255 5347 3337 5389 ta-

1746 5399 1853 5470 cet,
1900 5420 2019 5458 eum
2076 5404 2414 5470 Augustino,
2453 5412 2506 5453 ut
2553 5399 2812 5457 videtur:
2866 5418 3098 5470 quocum
3131 5416 3178 5458 et
3221 5422 3342 5460 erue

1748 5497 1846 5545 me,
1880 5484 1927 5529 ct
1951 5474 2114 5548 exime
2144 5489 2219 5522 me
2254 5473 2401 5538 legit,
2437 5481 2488 5526 et
2521 5486 2640 5523 mox
2665 5472 2826 5537 salva,
2857 5474 2997 5542 Aug.
3032 5477 3227 5529 salvum
3253 5482 3340 5548 {ac

1749 5542 1846 5610 me,
1881 5559 1976 5610 pro
1998 5542 2177 5606 libera,
2209 5550 2313 5594 etc.

1825 5630 1846 5663 ρ
1881 5616 2175 5668 Veronens.
2231 5628 2357 5688 ms.,
2406 5611 2470 5688 Et
2505 5622 2576 5672 ιιι,
2615 5610 2845 5688 Domine,
2903 5617 3114 5685 adjutor
3167 5620 3338 5688 fortis.

1751 5689 2031 5761 Replentur
2064 5700 2118 5740 os
2147 5700 2312 5741 meum
2342 5684 2514 5751 laude,
2541 5691 2593 5738 ut
2617 5682 2861 5754 hymnum
2904 5682 3344 5758 decantenttAu-
