3936 6180
502 197 612 255 267

1476 185 1535 244 S.
1577 181 1964 242 HIERONYMI
2004 179 2247 241 DIVINA
2287 183 2783 244 BIBLIOTHECA.

3724 191 3811 251 248

582 311 688 380 Qui
717 306 952 365 liberabit
977 317 1253 378 pauperem
1280 314 1313 357 a
1341 305 1566 373 potente,
1603 308 1652 357 et
1680 313 1993 371 pauperem,
2018 296 2103 357 cui
2130 297 2212 364 Α,
2285 297 2427 366 Quia
2454 298 2707 355 liberavit
2747 311 3042 371 pauperem
3070 297 3097 338 ἀ
3129 313 3160 356 a
3187 309 3411 373 potente
3433 341 3453 369 ,
3486 311 3547 363 et
3588 301 3810 375 inopem,

506 422 610 461 non
640 411 752 458 erat
780 401 1011 473 adjutor.

580 495 773 552 Parcet
801 490 1015 565 pauperi
1051 498 1099 545 et
1139 489 1283 561 inopi
1313 504 1333 546 .'
1362 494 1410 543 et
1439 486 1640 543 animas
1682 498 1970 557 pauperum
1997 480 2109 538 sal-

510 608 600 647 vas
625 590 798 662 faciet.

581 682 669 739 Ea:
720 680 895 736 usuris
936 687 984 735 et
1010 679 1280 751 iniquitate
1321 676 1538 733 redimet
1566 674 1769 731 animas
1798 688 1976 729 eorum
2008 687 2027 727 :
2056 678 2108 728 et

513 772 811 830 honorabile
834 787 1022 827 nomen
1050 786 1230 825 eorunt
1260 785 1436 824 coram
1466 768 1560 825 illo
1591 772 1639 822 ⁸.
1984 836 1988 839 γ

581 865 653 920 Et
675 866 823 932 vivet,
858 873 905 919 et
927 862 1137 918 dabitur
1163 863 1210 917 ei
1231 862 1296 918 de
1320 877 1448 916 auro
1478 859 1710 928 Arabiae,
1742 866 1788 915 et
1815 855 2109 915 adorabunt

509 961 576 1017 de
602 960 717 1031 ipso
743 973 944 1032 semper
974 973 994 1015 :
1024 966 1131 1014 tota
1157 957 1242 1013 die
1269 954 1567 1013 benedicent
1595 954 1664 1011 ei.

581 1138 612 1178 ι)
632 1138 704 1196 Et
728 1139 826 1195 erit
850 1140 1237 1210 firmamentum
1262 1137 1320 1193 in
1345 1145 1483 1194 terra
1506 1137 1560 1191 in
1585 1135 1802 1191 summis
1833 1134 2109 1199 montium,

512 1233 945 1307 supereaztolletur
973 1250 1129 1307 super
1152 1231 1412 1288 Libanum
1440 1234 1642 1304 fructus
1682 1231 1797 1302 ejus
1825 1244 1846 1286 :
1876 1237 1924 1284 et
1948 1231 2111 1300 ﬂore-

513 1326 640 1381 bunt
666 1326 731 1381 de
757 1325 961 1391 ciuitate
984 1326 1118 1380 sicut
1146 1327 1323 1396 fenum
1348 1334 1521 1380 terrm.

591 1417 678 1473 Sit
724 1432 910 1472 nomen
951 1420 1066 1491 ejus
1107 1431 1166 1472 ot-
1206 1415 1529 1472 benedictum
1563 1414 1587 1483 1
1619 1414 1675 1471 iu
1708 1412 1949 1471 saecula:
1993 1420 2115 1470 ante

516 1510 677 1568 solem
712 1516 977 1582 permanet
1007 1525 1193 1565 nomen
1223 1512 1360 1582 ejus.

589 1698 660 1752 Et
702 1695 1067 1751 benedicentur
1111 1693 1171 1748 in
1216 1692 1331 1763 ipso
1373 1706 1435 1747 -t—
1482 1704 1656 1746 omnes
1699 1687 1863 1745 tribus
1906 1695 2057 1744 terra:
2090 1689 2113 1758 ζ

523 1805 699 1846 omnes
726 1794 900 1859 gentes
922 1782 1329 1856 magniﬁcabunt
1356 1796 1497 1837 eum.

594 1876 908 1933 Benedictus
928 1873 1185 1930 Dominus
1204 1873 1347 1929 Deus
1369 1871 1538 1929 Israel
1564 1889 1585 1931 .'
1604 1872 1693 1945 qui
1712 1871 1838 1943 facit
1863 1869 2122 1927 mirabilia

524 1970 692 2028 solus.

528 2152 535 2159 '
602 2145 674 2205 Et
701 2145 1024 2202 benedictum
1062 2157 1249 2197 nomen
1287 2142 1581 2214 majestatis
1608 2143 1723 2214 ejus
1751 2139 1804 2194 in
1835 2146 2083 2195 wternum
2106 2154 2125 2192 :

537 2253 585 2300 et
610 2239 890 2314 replebitur
915 2237 1182 2308 majestate
1210 2234 1324 2305 ejus
1349 2233 1517 2290 omnis
1547 2241 1707 2299 terra,
1738 2232 1854 2304 ﬁat,
1886 2234 1999 2303 fiat.

2217 392 2312 448 cui
2346 408 2453 448 non
2491 402 2612 449 erat
2638 393 2880 465 adjutor.

2293 486 2488 544 Parcet
2515 487 2743 560 pauperi
2775 496 2829 544 et
2858 486 3007 560 inopi
3035 505 3048 543 :
3076 496 3133 545 et
3160 488 3369 547 animas
3397 504 3703 563 pauperum
3730 493 3815 549 sal-

2220 593 2319 635 vas
2347 579 2530 637 faciet.
3313 594 3317 598 ’

2292 671 2375 726 Ex
2401 672 2585 728 usuris
2619 679 2677 729 et
2723 670 3014 743 iniquitate
3058 671 3311 730 liberabit
3354 677 3570 733 animas
3598 690 3812 734 eorum:

2217 771 2278 820 et
2305 764 2628 834 praeclarum
2661 779 2859 821 nomen
2890 781 3081 821 eorum
3112 782 3301 824 coram
3331 769 3473 840 ipso.

2294 856 2366 912 Et
2390 856 2521 933 [51s.
2557 866 2661 913 tae.
2691 857 2769 930 et]
2796 858 2986 922 vivet,
3019 868 3071 915 et
3099 858 3324 916 dabitur
3351 862 3402 917 ei
3430 864 3500 918 de
3531 877 3668 919 auro
3696 862 3819 920 Ara-

2218 948 2326 1005 bia:
2346 993 2363 1019 ,
2393 958 2450 1003 et
2478 948 2782 1006 adorabunt
2811 949 2881 1007 de
2908 950 3028 1021 ipso
3066 965 3309 1023 semper,
3351 961 3464 1009 tota
3491 955 3583 1011 die
3612 955 3819 1013 benedi-

2218 1051 2353 1097 cent
2382 1055 2530 1097 eum.
3466 1110 3473 1113 _

2298 1134 2361 1189 Et
2393 1131 2503 1205 [Ms
2530 1141 2635 1189 tac.
2672 1132 2750 1207 et]
2781 1134 2889 1191 erit
2911 1133 3316 1193 ﬁrmamentum
3342 1138 3396 1193 in
3423 1147 3573 1196 terra
3604 1139 3659 1197 in
3686 1155 3818 1199 sum-

2221 1226 2331 1282 mis
2358 1226 2648 1294 montium,
2680 1228 3154 1299 superextolletur
3179 1244 3345 1303 super
3373 1230 3643 1289 Libanum
3674 1233 3810 1292 l'ruc-

2223 1328 2315 1375 tus
2337 1319 2459 1389 ejus
2488 1335 2505 1374 :
2532 1326 2589 1373 et
2617 1317 2895 1375 ﬂorebunt
2914 1320 2985 1377 de
3013 1320 3235 1378 civitate
3259 1323 3404 1380 sicut
3430 1322 3621 1381 fenum
3655 1336 3815 1383 terra.

2295 1412 2368 1470 Et
2394 1412 2503 1470 erit
2531 1427 2735 1470 nomen
2760 1413 2883 1484 ejus
2921 1413 3272 1472 benedictum
3321 1418 3378 1473 in
3418 1419 3624 1476 saecula
3656 1438 3672 1475 :
3703 1433 3821 1478 ante

2223 1505 2401 1565 solem
2433 1506 2777 1578 permanebit
2805 1521 3008 1563 nomen
3038 1506 3158 1580 ejus
3181 1549 3197 1576 ,
3231 1517 3256 1548 ο
3286 1520 3345 1567 et
3373 1520 3505 1567 ante
3533 1511 3715 1568 lunam
3746 1527 3823 1568 se-

2225 1598 2326 1656 des
2355 1598 2498 1670 ejus.

2301 1691 2370 1747 Et
2396 1689 2792 1748 benedicentur
2814 1690 2873 1747 in
2899 1706 2967 1748 eo
2994 1705 3187 1749 omnes
3218 1692 3394 1750 tribus
3421 1700 3586 1753 terrae
3609 1714 3623 1752 :
3646 1711 3824 1755 omnes

2150 1814 2203 1877 Β
2228 1791 2422 1877 gentes
2449 1784 2881 1877 magniﬁcabunt
2905 1800 3057 1877 eum.

2305 1875 2637 1933 Benedictus
2665 1877 2929 1933 Dominus
2957 1875 3102 1934 Deus
3131 1876 3305 1935 Israel
3329 1919 3346 1945 ,
3380 1880 3474 1951 qui
3508 1880 3640 1937 facit
3680 1882 3825 1939 mira-

2232 1970 2361 2027 bilia
2392 1985 2587 2042 magna
2616 1969 2772 2027 solus
2798 1986 2812 2025 :
2841 1979 2898 2027 et
2922 1969 3277 2028 benedictum
3310 1987 3513 2030 nomen
3544 1975 3826 2047 majestatis

2236 2061 2358 2133 ejus
2393 2061 2411 2100 ί
2448 2064 2500 2117 in
2531 2070 2822 2131 mternum,
2854 2069 2914 2120 et
2943 2062 2999 2118 in
3029 2064 3294 2122 steculum
3325 2066 3541 2123 saeculi.

2309 2153 2381 2212 Et
2409 2154 2718 2226 replebitur
2745 2154 3034 2227 majestate
3080 2155 3198 2229 ejus
3243 2156 3424 2214 omnis
3475 2166 3622 2216 terra
3655 2177 3671 2217 :
3704 2161 3826 2229 ﬁat,

2241 2247 2359 2302 ﬁat.

1842 2326 2208 2399 PSALMUS
2249 2338 2524 2402 LXXII.

727 2421 1078 2471 DEFBCERUN'I'
1116 2419 1323 2464 LAUDES
1360 2419 1524 2461 DAVID
1546 2447 1560 2471 ,
1604 2417 1736 2459 FILII
1771 2418 1946 2462 JESSE.

934 2514 939 2519 τ
1099 2491 1333 2533 ΡεΑωιυε
1370 2491 1561 2532 ASAPH.

601 2598 777 2668 Quam
808 2596 969 2652 bonus
996 2588 1169 2649 Israel
1195 2589 1338 2646 Deus
1368 2588 1451 2646 his
1471 2591 1560 2662 qui
1588 2599 1727 2646 recto
1753 2602 1874 2650 sunt
1904 2596 2101 2652 corde!

602 2692 713 2751 Mei
738 2699 912 2746 autem
940 2703 1068 2760 pene
1091 2686 1217 2742 moti
1260 2691 1381 2741 sunt
1424 2685 1580 2756 pedes
1609 2701 1626 2739 :
1655 2703 1781 2757 pene
1812 2687 1967 2758 e/j'usi
2011 2702 2131 2747 sunt

531 2800 742 2861 gressus
766 2782 891 2839 mei.

612 2878 753 2948 Quia
771 2875 934 2933 zelavi
952 2890 1108 2950 super
1126 2874 1333 2946 iniquos
1351 2886 1560 2946 :pacem
1579 2883 1907 2945 peccatorum
1926 2877 2131 2934 videns.

611 2972 750 3040 Quia
792 2988 899 3026 non
927 2979 1001 3026 est
1038 2977 1299 3041 respectus
1331 2968 1484 3022 morti
1510 2983 1689 3024 eorum
1716 2984 1736 3023 :
1760 2978 1808 3023 et
1831 2970 2135 3041 ﬁrmamen-

538 3075 650 3120 tum
676 3064 731 3116 in
756 3062 913 3134 plaga
939 3075 1139 3116 eorum.

613 3153 684 3209 In
712 3152 891 3207 labore
931 3152 1201 3207 hominum
1238 3166 1344 3206 non
1375 3160 1495 3207 sunt
1537 3169 1556 3211 :
1596 3160 1647 3209 et
1686 3169 1804 3209 cum
1843 3156 2134 3215 hominibus

541 3262 647 3303 non
675 3244 1098 3319 ﬂagellabantur.
1620 3316 1624 3321 .

614 3336 747 3393 Ideo
777 3336 938 3392 tenuit
966 3351 1054 3392 eos
1090 3334 1335 3405 superbia
1362 3351 1384 3391 :
1413 3337 1581 3408 operti
1617 3348 1737 3395 sunt
1779 3341 2052 3415 iniquitate
2088 3355 2137 3403 et

541 3430 807 3503 impietate
834 3442 949 3481 sua.

618 3519 828 3576 Prodiit
861 3534 924 3574 ὴ
949 3519 1099 3589 quasi
1120 3518 1144 3587 ζ
1169 3533 1234 3574 ea:
1258 3518 1413 3592 adipe
1439 3519 1690 3591 iniquitas
1708 3538 1888 3581 eorum
1916 3543 1935 3581 :
1963 3534 2135 3585 trans-

356 3623 379 3643 λ
458 3662 473 3671 ρ
542 3616 717 3672 ierunt
744 3613 800 3667 in
828 3609 1076 3680 allectum
1104 3612 1297 3667 cordis.

620 3702 984 3775 Cogitauerunt
1006 3744 1022 3771 ,
1050 3709 1099 3757 et
1124 3702 1287 3757 locuti
1322 3711 1444 3759 sunt
1473 3706 1755 3777 nequitiam
1779 3722 1797 3762 :
1820 3707 2140 3781 iniquitatem

548 3796 606 3851 in
639 3794 840 3850 excelso
873 3793 1031 3848 locuti
1063 3801 1203 3850 sunt.
1237 3793 1536 3852 Posuerunt
1570 3797 1626 3854 in
1650 3797 1835 3856 calum
1861 3817 1917 3857 os
1943 3819 2093 3859 suum
2121 3820 2142 3860 :

551 3892 601 3939 et
630 3886 816 3957 lingua
845 3899 1023 3939 eorum
1051 3884 1289 3940 transivit
1316 3889 1371 3941 in
1402 3896 1541 3943 terra
1574 3900 1619 3945 ο.

629 4090 657 4121 ο
684 4080 997 4151 Diepsalma
1023 4081 1115 4139 hic
1138 4082 1287 4140 addit
1313 4084 1543 4144 Palatin.
1572 4104 1679 4146 ms.

618 4151 650 4192 ι»
681 4154 904 4234 Rectius
928 4152 1279 4234 E_t_copulam
1308 4157 1376 4234 ad
1406 4159 1655 4234 graecum
1689 4165 1967 4234 exemplar
1998 4167 2143 4225 idem

548 4240 657 4283 ms.
681 4233 850 4309 uacet
878 4242 889 4276 :
919 4224 1089 4309 addit.
1103 4239 1265 4307 porro
1310 4228 1365 4309 i_n
1389 4228 1546 4309 _linen
1562 4246 1761 4309 versus
1792 4224 2105 4309 Diapsatma
2128 4280 2143 4309 ,

548 4295 1010 4374 quod_iterum_in
1040 4296 1267 4374 alterius
1293 4298 1494 4374 ab_hoc
1519 4301 1623 4374 tiae
1649 4301 1898 4374 replicat.

623 4378 647 4407 c
685 4365 875 4448 Atque
892 4365 981 4448 hic
1020 4367 1140 4437 plus
1169 4367 1335 4448 ιιρῢᾳι
1360 4369 1637 4448 Palatinus
1662 4365 1766 4431 ms.
1793 4376 2127 4448 Diapsalma,

547 4437 626 4518 ad.
646 4440 803 4509 cujus
845 4437 1007 4518 [idem
1022 4436 1305 4518 compari
1327 4441 1565 4518 editione
1584 4460 1592 4467 υ
1609 4453 1665 4500 et
1687 4436 2042 4518 originaiibus
2067 4436 2132 4509 li:

542 4509 697 4592 bris,
718 4508 774 4564 et
804 4508 1446 4592 copulamsubsequenti
1475 4528 1632 4572 versu
1658 4508 1999 4592 suil'Ecimus,
2042 4508 2129 4581 ubi

545 4580 746 4652 dicitur
767 4622 784 4649 ,
816 4589 865 4633 et
888 4580 998 4634 dies
1026 4580 1186 4652 pleni,
1217 4590 1323 4636 etc.

618 4648 647 4734 ᾖ
682 4648 1142 4734 Υβτοιιειιδίδψε.
1175 4654 1363 4734 primis
1385 4657 1556 4734 curis,
1587 4677 1862 4734 pauperem
1886 4664 1951 4719 de
1972 4682 2130 4723 manu

541 4723 801 4792 potentis,
835 4721 1292 4844 quemadmodum
1340 4739 1393 4781 et
1441 4730 1494 4781 in
1543 4721 1774 4788 adveisa
1815 4734 2006 4791 Graeca
2032 4721 2131 4793 eo;

546 4799 728 4844 tumna
753 4808 836 4844 ecc
876 4794 979 4844 iras
1001 4794 1245 4844 dunastu.
1274 4800 1485 4844 tametsi
1516 4799 1715 4844 iamdiu
1742 4806 1869 4844 η’ῖηι
1901 4815 2129 4844 nlo-Anno

546 4799 728 4878 tumba
753 4794 979 4848 ecchiros
1001 4794 1245 4878 dgnastu,
1274 4800 1488 4853 tametsi
1508 4799 1718 4878 jamdiu
1742 4806 1871 4878 olim
1901 4815 2130 4878 utroque

545 4865 600 4919 in
631 4865 755 4919 loco
778 4879 974 4919 nomen
1004 4881 1162 4920 manu
1187 4865 1722 4929 transversa'lineola
1750 4877 1989 4932 deletum
2020 4865 2126 4934 est.

540 4934 710 5019 i’aulo
737 4945 860 5019 post
883 4935 1118 5003 redimet,
1152 4952 1248 5005 pro
1278 4936 1537 5019 liberabit,
1564 4953 1620 5019 et
1651 4960 1773 5000 cum
1801 4946 2124 5019 Augustino,

544 5006 843 5061 Itonorabile
870 5023 1053 5063 nomen
1087 5023 1265 5082 eorum
1292 5026 1471 5082 coram
1496 5006 1622 5082 ipsis
1645 5031 1664 5069 :
1688 5028 1798 5071 tum
1832 5006 2128 5075 etvorabunl

544 5092 639 5160 pro
676 5093 738 5160 eo
779 5092 1004 5160 semper,
1048 5080 1702 5160 etc.,deuiqueiul’crius
1747 5089 1955 5157 ﬂorieut
1982 5133 1996 5154 ,
2032 5108 2129 5160 pro

541 5149 820 5226 ﬂorebunt,
849 5150 916 5226 de
943 5165 1055 5226 quo
1081 5154 1279 5226 verba,
1310 5153 1401 5207 ubi
1430 5153 1633 5226 Psalm.
1657 5149 1844 5226 cxixt,
1866 5177 1915 5216 v.
1950 5149 2129 5218 ilibu-

540 5224 723 5287 betur,
748 5220 808 5280 S.
834 5221 1165 5292 Augustinus
1180 5222 1326 5292 libro
1347 5238 1385 5277 tt
1410 5224 1481 5280 de
1506 5229 1758 5286 Doctrina
1782 5220 2087 5288 Christiana
2111 5252 2122 5288 :

446 5338 453 5347 ρ
540 5292 721 5373 _Super
748 5291 939 5373 ipsqu
955 5303 1139 5347 autem
1167 5291 1348 5373 ﬂoriet
1389 5300 1751 5373 sanctiﬁcatio
1777 5318 1897 5373 mea
1924 5320 1937 5357 :
1964 5305 2123 5373 nihil,

537 5362 714 5433 inquit
745 5404 761 5430 ,
808 5364 1037 5433 profecto
1084 5365 1342 5420 sententia
1381 5368 1607 5425 detrahit
1641 5388 1658 5424 :
1689 5372 1905 5428 auditor
1952 5362 2127 5430 tamen

538 5436 753 5511 peritior
776 5435 955 5489 mallet
981 5434 1078 5511 hoc
1098 5437 1327 5511 corrigi,
1342 5448 1397 5491 ut
1420 5456 1524 5495 non
1545 5443 1745 5511 lloriet,
1770 5448 1861 5499 sed
1885 5446 2124 5508 ﬂorebit.

539 5505 822 5587 diceretur,_
858 5521 951 5561 nec
987 5505 1271 5586 quidquam
1311 5509 1524 5578 impedit
1564 5505 1935 5571 correctionem
1959 5558 1976 5587 ,
2024 5505 2125 5573 nisi

536 5578 856 5631 consuetudo
884 5580 1222 5631 cantantium.

615 5654 639 5679 ε
673 5644 848 5722 Verba
869 5655 1058 5722 etaute
1080 5648 1258 5722 lunam
1283 5650 1426 5704 sedes
1451 5657 1586 5722 ejus,
1605 5656 1657 5711 in
1674 5656 1969 5717 Veronensi
1993 5676 2090 5718 ms.

538 5713 841 5788 AuguStino
862 5716 1091 5784 aliisque
1106 5715 1252 5771 libris
1271 5733 1376 5773 non
1394 5705 2122 5804 subtili-ero.

2240 2427 2626 2478 ευεηοειιυκτ
2644 2433 2808 2476 mut
2832 2434 3015 2484 DAVID,
3037 2434 3163 2478 FILII
3190 2434 3367 2488 JESSE,
3396 2436 3637 2481 PSALIUS
3660 2440 3827 2482 Μνιυ.

2310 2513 2485 2582 Quam
2509 2514 2685 2570 bonus
2708 2513 2852 2570 Deus
2877 2512 3048 2569 Israel
3070 2512 3156 2568 his
3182 2513 3277 2581 qui
3302 2524 3456 2570 recto
3478 2524 3603 2570 sunt
3628 2517 3790 2573 corde
3813 2519 3826 2572 ε

2240 2605 2349 2661 mei
2395 2614 2578 2661 autem
2611 2620 2754 2677 pene
2797 2604 2928 2661 moti
2958 2614 3089 2661 sunt
3118 2603 3327 2676 pedes;
3363 2621 3504 2677 pene
3533 2606 3684 2664 εσυεί
3715 2617 3832 2663 sunt

2241 2712 2464 2770 gressus
2495 2699 2625 2757 mei.

2314 2794 2451 2863 Quia
2490 2794 2664 2852 zelavi
2695 2796 2750 2853 in
2785 2795 3164 2869 peccatoribus
3193 2794 3321 2871 [Ηε.
3362 2810 3533 2867 super
3562 2794 3793 2870 iniquos]
3820 2814 3831 2851 :

2240 2904 2426 2961 pacem
2453 2900 2803 2962 peccatorum
2834 2890 3050 2947 videns.

2313 2983 2449 3054 Quia
2477 3000 2589 3040 non
2613 2993 2698 3040 est
2716 2984 3012 3042 declinatio
3033 2983 3198 3040 morti
3225 2997 3416 3044 eorum
3447 2998 3462 3039 :
3488 2997 3588 3041 nec
3612 2982 3740 3056 [λιι.
3767 2983 3835 3056 et]

2246 3076 2646 3135 ﬁrmamentum
2678 3078 2733 3136 in
2763 3076 2790 3115 ιι
2823 3077 2984 3150 plaga
3012 3091 3231 3134 eorum.

2316 3172 2373 3228 In
2401 3172 2682 3229 laboribus
2696 3170 2976 3228 hominum
2996 3185 3107 3227 non
3128 3177 3258 3227 sunt
3279 3188 3292 3226 :
3311 3178 3367 3226 et
3388 3183 3513 3227 eum
3537 3168 3836 3228 hominibus

2242 3279 2353 3321 non
2384 3263 2827 3338 ﬂagellabuntur.

2311 3357 2441 3415 Ideo
2475 3357 2649 3415 tenuit
2675 3371 2773 3414 eos
2800 3356 3062 3429 superbia
3090 3369 3281 3412 eorum
3318 3370 3334 3409 :
3363 3354 3545 3427 operti
3574 3362 3699 3411 sunt
3733 3353 3833 3411 iui-

2242 3448 2451 3520 quitate
2480 3457 2537 3504 et
2566 3448 2851 3519 impietate
2877 3462 3001 3504 sua.

2316 3540 2525 3598 Prodiit
2551 3542 2705 3611 quasi
2744 3556 2812 3598 ex
2853 3541 3015 3612 adipe
3051 3537 3311 3611 iniquitas
3346 3553 3539 3598 eorum
3570 3557 3585 3595 :
3615 3540 3834 3597 transie-

2252 3644 2381 3691 runt
2410 3634 2463 3689 in
2493 3633 2908 3705 dispositionem
2950 3632 3153 3691 cordis.

2315 3728 2704 3800 Cogitaverunt
2745 3738 2801 3785 et
2836 3725 3007 3784 locuti
3049 3735 3176 3784 sunt
3211 3725 3230 3767 ι
3267 3725 3544 3799 nequitias
3582 3741 3598 3782 ε
3642 3722 3832 3797 iniqui-

2240 3830 2409 3879 tatem
2439 3821 2494 3876 in
2524 3820 2744 3878 excelso
2771 3819 2941 3876 locuti
2970 3827 3119 3875 sunt.

2318 3912 2625 3968 Posuerunt
2667 3911 2721 3966 in
2767 3911 2966 3969 ct'elum
3009 3925 3073 3967 os
3120 3924 3276 3966 suum
3310 3927 3325 3966 :
3354 3918 3409 3967 et
3440 3908 3624 3981 lingua
3649 3921 3833 3964 eorum

2249 4005 2464 4060 transiit
2490 4003 2621 4079 [Με.
2655 4002 2924 4075 transivit]
2954 4018 3119 4075 super
3153 4011 3377 4058 terram.

2255 4119 2342 4187 qui
2372 4119 2493 4189 fecit
2523 4117 2781 4172 mirabilia
2812 4116 2955 4189 solus
2975 4125 3069 4189 ,7et
3084 4116 3420 4189 benedictum
3449 4133 3632 4189 nomen
3660 4114 3835 4188 gloria

2255 4187 2392 4261 ejus,
2409 4187 3127 4261 denique,replgbiturgloria
3143 4187 3399 4261 ejus,pari
3417 4187 3833 4261 etiinAttgustiuo

2254 4257 2521 4315 consensu
2545 4257 2756 4329 legitur.
2775 4257 2977 4313 Recole
2988 4265 3170 4314 autem
3190 4258 3477 4327 epistolam
3491 4258 3558 4313 ad
3577 4258 3828 4314 Sunuiani

2160 4357 2212 4419 υ
2238 4338 2295 4386 et
2337 4330 2637 4395 Fretelam,
2671 4330 2957 4453 ipsumque
2981 4329 3338 4398 Augustinum
3381 4330 3434 4384 in
3467 4330 3611 4384 hunc
3638 4329 3829 4411 locum.

2314 4400 2333 4440 ί
2364 4401 2477 4454 lloc
2521 4402 2854 4454 suocrluum
2904 4412 3055 4454 esse.
3095 4410 3151 4454 et
3180 4416 3206 4450 a
3248 4399 3458 4454 Grtecis
3506 4408 3829 4454 annosnum.

2314 4400 2477 4456 illoc
2521 4399 2854 4469 superlluum
2904 4412 3055 4467 esse,
3095 4410 3151 4454 et
3180 4416 3206 4450 a
3248 4399 3458 4455 Grtecis
3506 4401 3830 4470 appositum.

2225 4481 2423 4544 manet
2454 4468 2838 4544 Hieronymus,
2858 4468 3002 4541 quod
3030 4485 3132 4526 nec
3161 4470 3333 4527 llebr.
3360 4468 3555 4538 habet,
3579 4468 3676 4527 nec
3695 4468 3834 4525 LXX

2239 4542 2593 4612 luterprmes.
2628 4542 2809 4597 ΜΑιιτ.

2308 4623 2334 4659 κ
2367 4610 2423 4667 lu
2457 4612 2755 4669 Veronensi
2787 4627 2889 4667 ms.
2919 4622 2980 4684 ut
3023 4623 3080 4667 et
3108 4627 3278 4684 penes
3317 4611 3679 4684 Augustinum
3719 4610 3835 4684 hmc

2234 4700 2336 4755 pro
2374 4684 2571 4739 Psalmi
2633 4683 2793 4753 hujus
2822 4683 2987 4755 titulo
3016 4681 3179 4739 verba
3225 4681 3593 4754 accipiuntur,
3623 4681 3828 4755 quzegiu

2236 4752 2357 4810 aliis
2381 4754 2537 4810 libris
2561 4754 2862 4822 superioris
2884 4764 3176 4809 contextus
3201 4752 3407 4822 partem
3430 4756 3673 4826 explent.
3705 4752 3836 4805 \‘ide

2236 4826 2294 4881 S.
2326 4826 2499 4880 Patris
2526 4826 2810 4893 epistolam
2841 4826 2915 4880 ‘25
2942 4826 3010 4879 ad
3053 4826 3387 4895 Marcellam.
3420 4826 3645 4895 Legitur
3666 4836 3833 4895 porro

2235 4897 2288 4951 in
2312 4911 2378 4951 eo
2402 4910 2503 4950 ms.
2535 4896 2726 4967 llymui
2753 4895 2925 4950 laudis
2951 4895 3143 4963 David,
3167 4906 3222 4952 ct
3246 4894 3706 4967 Psalmuslltsaplt,
3735 4909 3834 4958 pro

2232 4968 2424 5022 David.
2456 4967 2508 5020 In
2542 4976 2690 5022 textu
2720 4967 2903 5028 rectis.
2933 4982 3029 5035 pro
3058 4967 3140 5020 Itis
3165 4968 3250 5034 qui
3278 4968 3403 5021 recti
3432 4981 3554 5023 sunt
3581 5010 3596 5033 ,
3635 4976 3685 5021 et
3708 4980 3831 5019 tuor

2232 5038 2469 5092 commoti
2499 5083 2509 5103 ,
2547 5055 2643 5106 pro
2684 5039 2806 5091 moti
2829 5082 2842 5105 ,
2869 5038 3020 5106 juxta
3052 5039 3437 5108 AuguSIinum.

2304 5107 2331 5146 ιι
2375 5110 2546 5164 liabet
2587 5110 2743 5164 unice
2788 5124 2911 5162 cum
2944 5106 3245 5177 Augustino
3295 5109 3604 5165 Veronens.
3639 5120 3731 5161 ms.
3778 5106 3830 5159 iu

2230 5179 2439 5251 ﬂagello
2470 5196 2642 5234 eorum
2673 5196 2690 5233 .·
2720 5180 2863 5248 quod
2895 5192 3077 5251 autem
3111 5179 3356 5249 sequitur
3384 5221 3396 5243 ,
3445 5197 3548 5234 non
3578 5177 3833 5251 inveniam

2231 5249 2344 5315 tur,
2377 5266 2472 5319 pro
2503 5267 2606 5304 non
2635 5260 2783 5318 sunt,
2821 5250 2986 5304 habet
3011 5250 3130 5320 ipse
3154 5254 3311 5305 unice
3338 5292 3353 5314 ,
3386 5265 3489 5305 nec
3520 5249 3646 5314 ulli,
3673 5262 3831 5320 quem

2231 5318 2433 5387 sciam,
2465 5320 2603 5375 libro
2629 5329 2933 5385 consonat,
2976 5318 3299 5390 quamquam
3351 5321 3420 5374 ab
3456 5321 3577 5390 ejus
3625 5318 3832 5373 cduoro

2237 5400 2481 5446 notatum
2507 5391 2646 5447 haud
2688 5392 2776 5446 sit.
2805 5391 2973 5446 Porro
3002 5394 3198 5446 iterum
3231 5406 3353 5445 cum
3387 5391 3686 5460 Augustino
3717 5402 3827 5440 ms.

2232 5462 2366 5516 Ideo
2404 5464 2621 5517 obtinuit
2658 5479 2742 5516 eos
2778 5462 3043 5530 superbia,
3076 5477 3175 5517 nec
3223 5461 3443 5517 additur
3472 5478 3645 5530 eorum
3669 5502 3681 5520 .
3723 5472 3830 5530 pro

2228 5548 2336 5604 quo
2365 5534 2585 5600 sequior
2629 5547 2819 5587 manus
2846 5529 3116 5602 'adjunxit
3156 5533 3211 5585 in
3243 5532 3423 5600 ﬁnem.
3463 5534 3529 5588 Et
3556 5574 3570 5599 ,
3621 5529 3830 5582 Prodite

2229 5607 2383 5676 quasi
2405 5621 2466 5663 ex
2490 5605 2642 5676 adipe
2667 5646 2679 5671 ,
2713 5611 2822 5676 etc.

2310 5675 2323 5710 ί
2370 5674 2514 5730 Idem
2550 5670 2676 5743 mag
2732 5675 2785 5728 in
2815 5675 3076 5741 nequitia,
3120 5674 3441 5743 iniquitatem
3490 5678 3543 5731 in
3573 5670 3826 5730 euelsutu

2237 5747 2391 5805 locuti
2414 5757 2549 5803 sunt.
2586 5747 2672 5815 Et,
2707 5754 3025 5801 ronvertetur
3054 5746 3273 5820 populus
3300 5760 3448 5805 meus
3478 5748 3593 5803 huc.
