3936 6180
163 178 260 236 249

157 386 455 439 inrenientur
483 384 535 436 in
565 384 658 437 eis.

223 477 286 530 E:
311 479 541 532 dixerunt
571 493 590 531 :
624 475 883 542 Quomodo
915 475 1007 529 scit
1043 475 1181 530 Deus
1207 478 1229 530 ἶ)
1255 486 1308 530 et
1338 475 1382 530 si
1407 485 1483 531 est
1510 476 1727 531 scien'ia

158 571 205 624 in
235 571 423 624 excelso
441 571 466 623 ?

216 662 341 717 Ecce
367 665 468 730 ipsi
495 672 784 734 peccatores
809 672 859 718 et
883 664 1208 718 abundantes
1240 665 1293 719 in
1322 664 1515 720 uacula
1541 706 1556 731 ,
1594 666 1726 719 obti-

151 762 348 810 nuerunt
377 755 606 809 divitias.

213 865 254 903 ἡ
299 848 364 901 Et
397 849 511 902 diri
546 849 568 917 1
599 865 719 921 ergo
749 849 860 904 sine
887 865 1046 904 causa
1068 849 1358 921 justiﬁcari
1385 866 1476 903 cor
1507 865 1671 904 meum
1702 865 1721 904 :

147 951 187 995 et
207 940 304 995 lari
334 941 469 994 inter
495 941 787 996 innocentes
815 957 1002 996 atauus
1034 959 1193 997 meas.

207 1032 265 1086 Et
293 1033 369 1101 [ui
397 1032 694 1104 ﬂagellatus
728 1042 836 1087 tota
863 1036 945 1088 die
975 1045 1062 1089 :tt
1091 1036 1360 1107 castigatio
1386 1052 1496 1090 mea
1527 1036 1580 1090 in
1609 1053 1719 1090 nta-

144 1126 319 1181 latinis.

205 1217 260 1272 Si
284 1216 519 1272 dicebam
551 1235 569 1271 :
596 1217 842 1272 Narrabo
880 1219 955 1274 sic
991 1234 1008 1271 :
1046 1235 1160 1274 ecce
1199 1219 1457 1276 nationem
1484 1220 1717 1292 ﬁliorum

140 1319 322 1365 tuorum
349 1313 640 1383 reprobari.

197 1402 220 1431 ⁸
246 1400 312 1454 Et
347 1402 705 1457 existimabam
751 1411 806 1457 ut
853 1420 1214 1477 cognoscerem
1257 1405 1354 1462 hoc
1379 1449 1395 1474 ,
1448 1406 1595 1460 labor
1641 1416 1714 1462 est

136 1505 238 1550 ante
255 1512 333 1551 me
347 1537 363 1563 ,

195 1589 358 1644 Donec
385 1591 572 1644 intrent
602 1591 654 1645 in
691 1593 1047 1646 sanctuarium
1079 1591 1175 1646 Dei
1215 1607 1272 1648 σι-
1307 1590 1335 1632 δ
1366 1602 1414 1646 et
1449 1593 1471 1660 1
1507 1592 1707 1647 intelli-

138 1699 234 1754 gam
259 1683 309 1736 in
338 1682 634 1739 novissimis
665 1700 867 1739 eorum.

200 1773 550 1829 Verumtamen
567 1784 782 1847 propter
797 1774 946 1832 dolos
964 1777 1188 1845 posuisti
1208 1777 1279 1832 eis
1302 1794 1321 1832 :
1337 1778 1577 1853 dejecisti
1597 1795 1704 1846 eos,

136 1867 237 1919 dum
260 1867 627 1922 allec-urentur.

195 1960 446 2024 Quomodo
485 1961 618 2031 [acti
650 1962 852 2016 suntin
888 1962 1300 2018 desolationem?
1338 1964 1508 2018 subito
1559 1964 1706 2036 defe-

134 2062 281 2106 cerunt
307 2067 324 2105 :
346 2053 619 2122 perierunt
645 2064 860 2123 propter
892 2055 1218 2125 iniquitatem
1248 2073 1420 2110 suam.

196 2186 329 2242 Velut
351 2189 618 2244 somnium
653 2189 1022 2261 surgentium,
1068 2188 1331 2254 Domine,
1392 2190 1445 2244 in
1500 2191 1706 2246 civitate

138 2293 154 2321 ε
178 2298 224 2337 +
257 2291 339 2336 tua
369 2283 392 2352 1
418 2283 712 2354 imaginem
745 2283 980 2353 ipsorum
1010 2283 1076 2336 ad
1108 2283 1326 2337 nihilum
1353 2283 1574 2356 rediges.

191 2377 311 2442 Quia
333 2377 733 2447 inﬂammatum
755 2387 829 2431 est
859 2393 948 2431 cor
969 2394 1138 2431 meum
1157 2421 1171 2445 ,
1203 2388 1248 2431 et
1273 2394 1418 2431 renes
1449 2380 1546 2432 mei
1569 2395 1708 2432 com-

136 2471 287 2524 mutati
310 2481 428 2526 sunt
474 2487 496 2526 :
525 2480 572 2525 et
598 2487 694 2543 ego
728 2470 798 2524 ad
829 2471 1052 2525 nihilum
1075 2471 1317 2525 redactus
1355 2487 1492 2539 sum,
1524 2479 1570 2524 et
1613 2487 1704 2525 ue-

133 2563 251 2618 sciri.

192 2654 248 2711 Ut
279 2657 576 2729 jumentum
629 2656 802 2728 [actus
840 2672 954 2711 sum
1006 2658 1148 2730 apud
1176 2666 1266 2713 te:
1300 2673 1345 2714 et
1369 2675 1460 2732 ego
1507 2675 1708 2730 semper

138 2758 290 2804 tecum.

190 2839 401 2896 Tenuiin
427 2858 651 2896 manum
682 2842 951 2896 dexteram
978 2857 1170 2910 meam,
1204 2857 1263 2897 -:—
1309 2851 1354 2896 et
1383 2841 1405 2910 1
1433 2844 1487 2897 in
1521 2843 1705 2898 volun-

134 2941 216 2986 tate
239 2943 317 2990 tua
339 2936 613 2990 deduxisti
637 2952 722 2988 me
753 2951 772 2990 :
798 2945 845 2990 et
875 2952 990 2989 cum
1031 2934 1202 3006 gloria
1227 2937 1498 3008 suscepisti
1532 2954 1630 2992 me.

191 3025 310 3093 Quid
339 3043 393 3083 ’ξ-
437 3029 588 3082 enim
614 3027 637 3096 1
673 3027 799 3081 mihi
820 3038 893 3081 est
923 3029 974 3081 in
1009 3027 1177 3082 caelo?
1203 3039 1250 3082 et
1280 3046 1310 3081 a
1343 3038 1389 3082 te
1408 3030 1536 3100 quid
1561 3030 1701 3084 volui

131 3132 254 3186 super
287 3129 471 3174 terram
490 3119 520 3173 ?

185 3209 363 3285 Defecit
390 3231 525 3268 caro
556 3230 673 3269 mea
698 3223 744 3267 et
773 3229 860 3268 cor
890 3229 1104 3268 meum:
1141 3212 1278 3270 Deus
1311 3215 1484 3269 cordis
1508 3218 1630 3285 mei,
1656 3225 1704 3272 et

131 3321 226 3373 pars
251 3324 349 3362 mea
380 3308 529 3362 Deus
552 3309 609 3361 iu
633 3317 903 3362 teternum.

188 3401 303 3466 Quia
324 3419 457 3466 ecce,
494 3403 589 3472 qui
621 3401 866 3472 elongant
905 3418 959 3455 se
987 3419 1018 3454 a
1068 3411 1116 3456 te
1142 3401 1382 3473 peribunt
1414 3417 1433 3456 :
1462 3403 1698 3472 perdidi-

131 3488 218 3542 sti“
257 3509 416 3547 omnes
449 3493 546 3565 qui
577 3491 905 3561 fornicamur
934 3492 1025 3546 abs
1057 3502 1125 3545 te.

187 3581 299 3637 Mihi
320 3595 499 3640 autent
521 3583 792 3639 adhaerere
808 3583 918 3640 Deo
941 3585 1128 3639 bonum
1149 3593 1221 3638 est
1250 3600 1268 3639 :
1290 3600 1482 3657 ponere
1509 3586 1565 3640 in
1592 3586 1701 3641 Da-

133 3675 240 3730 mino
259 3675 359 3732 Deo
387 3693 542 3748 spem
571 3693 760 3732 meam.

187 3878 207 3904 ι
243 3868 327 3924 llic
352 3885 580 3941 quoque
624 3877 670 3923 et
713 3869 960 3939 copulam
1013 3885 1077 3925 ex
1126 3869 1350 3924 Palatini
1403 3884 1530 3935 ms.,
1573 3869 1697 3941 Cari

132 3938 343 3994 editionis
367 3938 422 3996 et
459 3944 727 3995 librorum
768 3938 1108 4011 urigiualium
1142 3957 1409 3994 consvnsu
1463 3940 1696 4006 prmﬁxi-

133 4025 244 4064 mus.
289 4012 509 4068 Rectius
546 4028 709 4080 porro
759 4013 970 4066 videtur
994 4012 1285 4066 Caruscum
1317 4011 1564 4065 Palatino
1594 4027 1694 4066 ms.

134 4080 224 4136 lucc
271 4082 334 4138 ita
372 4084 753 4154 distinguere,
796 4091 849 4135 ut
901 4099 1312 4155 cognosceeerem
1343 4097 1362 4136 :
1393 4085 1490 4135 hoc
1548 4082 1699 4138 labor

133 4162 208 4214 est,
233 4164 325 4209 etc.

185 4241 1191 4318 bConjunctionerm,‘et,‘supetl'luam
1245 4245 1375 4318 dicit
1426 4245 1693 4318 Hierony-

133 4328 226 4368 mus
260 4333 272 4368 :
302 4314 466 4387 quare
505 4317 667 4387 obclo
703 4314 985 4385 jugulatur
1015 4327 1120 4370 tam
1161 4320 1212 4370 in
1251 4317 1397 4371 edito
1444 4332 1602 4386 quam
1627 4314 1694 4372 'in

133 4397 212 4458 illi.
253 4386 542 4445 codicibus.
601 4386 820 4458 Absque
863 4388 967 4440 ulla
999 4387 1379 4452 conjunctione
1407 4388 1538 4458 legit
1581 4389 1696 4455 ipse

134 4455 327 4525 iuepiSt.
354 4462 418 4515 ad
447 4460 627 4516 Sunn.
650 4467 706 4514 et
734 4457 962 4524 Frctel,
993 4458 1290 4528 Intelligam
1314 4460 1366 4513 in
1393 4455 1685 4514 nouissimis

133 4540 296 4582 eorum.
324 4531 502 4586 MART.

192 4627 210 4656 ε
239 4620 531 4678 Pronomcn
568 4633 654 4676 tua
694 4622 854 4678 obelo
887 4623 1314 4692 prunotavimns
1363 4623 1430 4676 ad
1466 4623 1691 4678 Palatini

135 4691 300 4749 codicis
329 4696 523 4758 ﬁdem,
555 4694 820 4749 llebraico
844 4691 964 4764 ipso
996 4704 1167 4761 testu,
1216 4695 1307 4748 ubi
1357 4702 1566 4749 tantum
1609 4705 1694 4750 est

134 4767 260 4824 an.
285 4767 626 4836 astipulante.

191 4855 210 4891 "
235 4858 412 4933 Minari
436 4875 667 4915 numero
690 4858 833 4912 idem
861 4872 986 4933 ms._.
1014 4873 1212 4912 onmem
1237 4859 1326 4928 qui
1354 4858 1641 4933 [criticatur
1673 4875 1693 4915 :

138 4931 336 5005 prcssius
354 4933 448 4987 Gr.
480 4935 654 4988 πάντα
680 4933 764 4986 τὸν
791 4929 1128 5005 πορνεύονται.

197 5008 224 5071 “7
248 5000 543 5071 Legendnni
571 5004 784 5055 videtur
807 5000 985 5065 inibis,
1010 5000 1465 5071 quemadmodum
1489 5011 1541 5054 et
1567 5000 1692 5054 (Ias-

140 5067 350 5125 sioaloru's
373 5117 386 5136 ,
414 5084 466 5128 ct
508 5081 715 5130 Auctor
743 5071 1002 5126 Breviarii
1030 5067 1084 5124 in
1120 5069 1363 5123 Psalmos
1384 5113 1399 5134 ,
1429 5072 1692 5142 Hierony-

141 5157 208 5212 inu
235 5143 471 5212 ascripti,
527 5143 819 5209 prurit-run:
854 5183 867 5203 ,
899 5143 1057 5194 imlea:
1081 5182 1094 5202 .
1126 5156 1222 5206 pro
1252 5142 1443 5212 judex.
1474 5144 1692 5196 Scikevt

141 5208 182 5260 in
210 5208 380 5269 Crit-eo
404 5227 484 5290 cst
508 5216 732 5288 ἔλεγχός
778 5235 895 5284 μου,
927 5230 1031 5290 non
1063 5208 1276 5290 aspir-lic,
1309 5221 1363 5266 et
1407 5212 1690 5290 liebrmum

141 5294 319 5352 qnoquc
348 5288 562 5342 verbum
591 5283 826 5346 iii-121m
857 5283 1334 5352 reprehensionem
1365 5283 1581 5351 quidem
1613 5299 1695 5338 sn-

142 5361 243 5424 tiat,
288 5373 383 5410 non
411 5359 671 5424 judicent.
706 5355 901 5409 Facdis
935 5369 1100 5422 porro
1145 5355 1434 5424 estiLatini
1488 5354 1691 5408 librarii

143 5421 290 5487 lapsus
319 5427 366 5479 in
411 5421 490 5484 his
519 5427 748 5482 vocibus
783 5421 1198 5494 per-miscendis.
1235 5423 1562 5478 Veronensis
1594 5441 1690 5477 an-

145 5499 228 5568 teu
258 5511 346 5550 tIlS.
381 5499 535 5555 habet
563 5492 928 5568 argutialpro
958 5492 1184 5566 argutia)
1225 5511 1333 5548 mea
1383 5496 1434 5547 in
1479 5497 1690 5568 mututig

147 5563 208 5634 itis
233 5583 244 5617 :
271 5576 366 5619 tum
393 5611 406 5634 ,
439 5587 551 5625 erce
581 5563 819 5622 notiones
850 5563 1079 5634 filiorum
1121 5576 1326 5617 tuorum
1355 5567 1436 5617 cui
1464 5567 1688 5618 conticui

146 5629 258 5698 (leg-9
284 5629 524 5701 concinui.
561 5641 616 5696 ἱιι
654 5648 739 5693 est
777 5629 1030 5704 congrui,
1057 5636 1198 5704 quod
1231 5653 1296 5690 ex
1340 5637 1482 5690 \'.tl'l.|
1517 5636 1689 5691 GI‘ALCl

148 5712 290 5759 leuius
320 5709 533 5769 lectione
563 5756 574 5778 ,
662 5710 955 5766 συντέθεικα
986 5748 998 5775 ,
1033 5723 1128 5781 pro
1179 5723 1287 5765 uno
1329 5709 1492 5763 verbo
1535 5713 1692 5770 ήσνν-

1432 171 1632 231 ῐιΙΒΕΒ
1673 173 2125 235 PSALMORUM.

226 292 344 346 ldeo
381 298 699 346 caueerletur
734 290 954 362 populus
996 306 1138 343 mens
1180 290 1259 344 hic
1301 306 1319 344 :
1357 299 1403 345 et
1431 291 1537 345 dies
1581 289 1722 361 pleni
1752 297 1804 357 Α

3321 187 3430 248 230

1903 289 2029 346 Ideo
2060 302 2370 351 revertetur
2400 294 2504 353 huc
2545 297 2776 370 populus
2808 312 2970 357 meus
3005 317 3017 354 :
3050 308 3105 357 et
3135 300 3252 358 dies
3283 303 3429 374 pleni

1827 383 2181 443 invenientur
2211 388 2263 444 in
2292 391 2392 444 eis.

1904 478 1968 533 Et
2003 479 2262 536 dixerunt
2297 499 2311 536 :
2348 483 2634 551 Quomodo
2691 488 2855 545 scivit
2907 489 3102 546 Deus?
3145 497 3200 545 et
3249 489 3294 544 si
3345 497 3431 546 est

1825 571 2051 626 scientia
2086 572 2141 626 in
2172 573 2392 629 excelso
2425 592 2440 630 :
2869 573 2883 582 “

1900 665 2041 721 Ecce
2097 665 2196 736 ipsi
2240 678 2562 736 peccatores
2597 682 2649 728 et
2691 675 3038 733 abundantes
3083 675 3138 732 in
3177 676 3383 732 saeculo
3408 715 3426 744 ,

1823 759 2178 818 obtinuerunt
2207 763 2430 820 divitias
2461 765 2590 837 [Μς.
2622 767 2869 843 divites].

1895 853 1956 907 Et
1985 853 2094 908 dixi
2119 872 2134 913 :
2163 854 2309 925 Ergo
2339 858 2462 912 sine
2493 873 2656 913 causa
2683 859 2976 928 iustiﬁcavi
3007 877 3104 918 cor
3133 877 3334 928 meum,
3368 872 3424 919 et

1818 942 1925 1000 lavi
1957 946 2101 1002 inter
2126 947 2450 1005 innocentes
2475 965 2667 1007 manus
2697 967 2847 1008 meas
2877 971 2893 1010 :
2921 966 2975 1010 et
3007 956 3082 1011 lui
3115 955 3423 1027 ﬂagellatus

1820 1046 1930 1093 tota
1964 1037 2087 1106 die,
2121 1048 2178 1095 et
2206 1049 2229 1078 θ
2252 1040 2426 1110 judex
2460 1057 2612 1097 meus
2643 1043 2696 1099 in
2728 1045 3044 1102 matutino?

1892 1197 1949 1253 Si
1996 1198 2246 1255 dicebam
2294 1217 2309 1255 :
2347 1200 2593 1258 Narrabo
2641 1203 2722 1259 sic
2753 1219 2769 1262 :
2801 1219 2931 1262 ecce
2983 1205 3131 1262 natio
3181 1205 3420 1264 filiorum

1821 1299 2063 1358 tuorum,
2094 1293 2296 1364 quibus
2323 1293 2590 1366 disposui.

1891 1385 2285 1443 Existimabam
2311 1398 2372 1444 ut
2401 1403 2790 1462 cognoscerem
2819 1392 2945 1464 hoc,
2981 1394 3138 1451 labor
3169 1405 3256 1454 est
3285 1405 3418 1454 ante

1817 1493 1928 1545 me,
1959 1477 2136 1534 donec
2165 1479 2366 1537 intrem
2395 1481 2446 1536 in
2477 1485 2849 1541 sanctuarium
2880 1485 3002 1557 Dei,
3037 1497 3093 1543 et
3119 1487 3417 1560 intelligam

1816 1568 1872 1623 in
1907 1568 2206 1625 novissima
2238 1585 2452 1626 eorum.
2483 1573 2816 1630 DMPSALIA.

1737 1696 1788 1756 Β
1888 1724 2286 1782 Verumtamen
2331 1738 2558 1800 propter
2585 1729 2742 1786 dolos
2773 1730 3089 1802 disposuisti
3119 1733 3200 1790 eis
3227 1733 3367 1791 mala
3402 1754 3418 1794 :

1811 1804 2059 1887 dejecisti
2092 1833 2187 1874 eos
2208 1863 2224 1887 ,
2257 1817 2386 1874 dum
2414 1819 2807 1879 adlevarentur.

1881 1910 2167 1978 Quomodo
2200 1911 2324 1968 laeti
2359 1922 2488 1969 sunt
2521 1914 2574 1969 in
2615 1913 3053 1973 desolationem?
3087 1918 3271 1974 subito
3322 1919 3418 1976 dc-

1811 2005 2056 2061 fecerunt
2083 2025 2095 2060 :
2126 2003 2145 2044 ι
2175 2015 2231 2062 et
2252 2007 2532 2078 perierunt
2557 2020 2782 2082 prepter
2810 2011 3128 2084 iniquitates
3153 2030 3281 2072 suas
3302 2017 3417 2074 vel-

1811 2109 1869 2154 ut
1895 2099 2166 2155 somnium
2196 2102 2566 2172 cxsurgentis.

1883 2191 2130 2260 Domine,
2157 2193 2210 2247 in
2230 2193 2451 2250 civitate
2473 2206 2559 2250 tua
2583 2195 2847 2267 imagines
2868 2212 3058 2253 eorum
3079 2197 3148 2254 ad
3183 2198 3414 2258 nihilum

1809 2285 2045 2357 rcdiges.
3252 2341 3253 2344 η

1879 2377 2013 2443 Quia
2038 2377 2369 2434 delectatum
2384 2378 2514 2452 [Ms.
2541 2381 2968 2456 inﬂammatum]
2987 2394 3071 2440 est
3091 2400 3189 2440 eor
3207 2401 3410 2456 meum,

1807 2481 1861 2528 ct
1885 2486 2046 2527 renes
2075 2472 2178 2526 mei
2208 2473 2434 2527 resoluti
2467 2472 2594 2546 [Με.
2627 2475 2921 2547 immutati]
2954 2488 3083 2534 sunt
3141 2493 3156 2532 :
3218 2487 3276 2533 et
3311 2494 3412 2550 ego

1806 2565 1873 2620 ad
1905 2565 2134 2621 nihilum
2167 2565 2422 2623 redactus
2449 2583 2596 2635 sum,
2619 2576 2676 2624 et
2713 2569 2944 2625 nescivi.

1883 2657 1953 2714 Ut
1979 2658 2286 2729 jumentum
2316 2659 2497 2716 iactus
2528 2675 2649 2717 sum
2680 2661 2824 2733 apud
2857 2669 2931 2732 te,
2963 2669 3022 2718 et
3056 2675 3158 2733 ego
3194 2675 3413 2734 semper

1808 2761 2015 2808 tecum.
2859 2801 2861 2803 .

1877 2845 2120 2900 Tenuisli
2141 2861 2358 2902 manum
2393 2845 2712 2903 adexteram
2743 2862 2944 2914 meam,
2971 2857 3026 2904 et
3055 2849 3109 2905 in
3137 2849 3414 2906 voluntate

1809 2946 1897 2992 tua
1921 2938 2194 2993 deduxisti
2224 2955 2309 2992 me
2346 2957 2359 2994 :
2395 2949 2597 2994 etcum
2627 2941 2800 3010 gloria
2844 2941 3191 3013 assumpsisti
3225 2958 3332 2998 mc.

1878 3029 2018 3096 Quid
2050 3029 2196 3084 enim
2225 3030 2356 3085 inibi
2391 3040 2563 3088 restat
2595 3032 2648 3086 in
2672 3031 2853 3089 caelo?
2891 3042 2946 3088 ct
2977 3049 3007 3087 a
3036 3043 3090 3090 te
3113 3033 3241 3105 quid
3267 3034 3412 3090 volui

1727 3106 1774 3170 (ἶ
1807 3139 1973 3194 super
2008 3133 2212 3181 terram
2235 3125 2259 3178 ἲ

1880 3217 2237 3274 Βυῖοοίιιιοοτ
2261 3235 2443 3276 meum
2475 3231 2530 3277 et
2551 3237 2682 3278 caro
2716 3239 2832 3280 mea
2857 3223 3038 3281 :Deus
3071 3225 3255 3282 cordis
3278 3225 3406 3296 mei,

1805 3317 1861 3365 et
1892 3325 2020 3378 pars
2049 3326 2168 3367 mea
2199 3311 2344 3367 Deus
2373 3311 2426 3368 in
2449 3314 2669 3368 saecula.

1884 3401 2016 3470 Quia
2047 3419 2196 3469 ecce,
2231 3406 2321 3476 qui
2346 3406 2604 3477 elongant
2626 3423 2685 3464 se
2717 3423 2747 3462 a
2779 3416 2833 3463 te
2867 3407 3118 3480 peribunt
3147 3427 3159 3465 :
3211 3409 3409 3481 perdes

1807 3508 1999 3550 omnes
2023 3497 2112 3565 qui
2153 3497 2496 3552 loruieautur
2522 3498 2619 3554 abs
2643 3510 2715 3554 te.

1881 3588 2008 3643 Mihi
2029 3597 2210 3645 autem
2241 3590 2525 3646 adhaerere
2553 3593 2665 3648 Deo
2699 3593 2899 3650 bonum
2923 3603 3004 3650 est
3047 3611 3061 3649 :
3112 3609 3313 3667 ponere
3346 3594 3398 3650 in

1812 3681 2043 3738 Domino
2076 3684 2188 3740 Deo
2215 3699 2367 3754 spem
2398 3699 2597 3740 meam.

1806 3873 1985 3933 θέτγικα
2011 3873 2311 3928 derivatum
2341 3869 2446 3940 est)
2471 3881 2520 3926 et
2543 3871 2828 3936 reprobabo
2856 3916 2870 3939 ,
2922 3887 3043 3943 qua:
3073 3881 3122 3927 ct
3154 3873 3407 3931 secundis

1807 3948 1954 4014 curis
2011 3945 2063 3997 in
2112 3960 2178 3997 eo
2227 3958 2329 3996 ms.
2376 3943 2755 4013 subiungitur,
2801 3956 2854 3998 et
2895 3947 2963 3998 ab
3009 3944 3112 3998 alia
3157 3944 3403 4014 ejusdem

1807 4013 1983 4069 Grani
2017 4015 2165 4069 verbi
2199 4014 2433 4070 lectione
2460 4016 2672 4085 gemina
2704 4015 3082 4084 interpretatio
3111 4013 3198 4069 est
3223 4019 3273 4070 in
3306 4016 3404 4070 La-

1808 4088 1924 4156 tino
1949 4128 1963 4148 .
2015 4103 2112 4154 pro
2159 4086 2429 4155 rept‘obat'i
2457 4128 2473 4152 ,
2524 4085 2664 4156 quod
2714 4089 2912 4141 rectius
2941 4087 3068 4140 olim
3100 4088 3402 4142 obtinebat.

1808 4155 2068 4224 qunitnr
2096 4173 2218 4212 eum
2245 4155 2576 4222 Augustino,
2603 4155 2670 4210 Et
2704 4158 2902 4226 suscepi
2931 4174 3239 4228 cognoscere
3265 4175 3283 4212 :
3305 4158 3406 4213 hoc

1807 4229 1976 4294 labor,
2007 4239 2149 4293 clc.;
2186 4238 2294 4282 tum
2328 4227 2688 4296 Diapsalmate
2737 4227 3129 4296 praetermisso,
3185 4228 3400 4282 Verum-

1727 4289 1774 4347 1)
1802 4289 1974 4352 tamen
2001 4289 2213 4368 propter
2244 4289 2571 4352 dolosit'atem
2599 4289 2820 4369 posuisti
2848 4301 2901 4352 in
2925 4300 2999 4352 eis
3031 4289 3188 4363 mala,
3215 4301 3406 4369 tlejeci-

1800 4370 1864 4422 sti
1890 4386 1998 4436 cos,
2025 4387 2142 4423 cum
2166 4371 2555 4424 extollerentur.
3276 4375 3295 4438 Ι

1876 4457 1896 4498 τ
1925 4458 1993 4514 Ει
2024 4461 2218 4531 copula
2263 4461 2662 4530 prmlermissa,
2716 4457 3048 4515 Veronensis
3091 4457 3244 4527 juxta
3269 4460 3404 4531 AAu-

1801 4540 1943 4597 pust.
1969 4526 2302 4609 mss-minori
2333 4547 2561 4587 numero
2591 4532 2921 4609 iniquitatem
2949 4526 3100 4609 suam
3147 4526 3362 4597 praefert
3381 4574 3398 4597 ,

1798 4614 1852 4656 et
1895 4619 2018 4656 niux
2071 4603 2348 4673 imaginem
2391 4620 2590 4665 eorum.
2633 4617 2686 4658 et
2733 4603 3086 4671 subsequenti
3138 4615 3316 4669 \erru,
3351 4613 3400 4655 et

1799 4689 1904 4727 non
1931 4675 2163 4744 cognovi,
2201 4690 2296 4744 pro
2347 4683 2394 4728 et
2433 4674 2643 4729 nescivi.

1871 4764 2094 4840 elidens
2127 4765 2250 4840 libri
2285 4783 2494 4840 manuni
2515 4767 2740 4820 dextera:
2761 4779 2918 4840 utere.
2965 4761 3030 4816 Et
3052 4800 3066 4824 ,
3096 4759 3400 4840 enim

1798 4835 1924 4912 mihi
1951 4847 2022 4890 est
2053 4838 2105 4890 in
2131 4838 2276 4892 c0210.
2317 4838 2390 4891 De
2419 4835 2772 4902 subsequenti
2801 4850 2959 4888 Versu
2983 4875 2998 4896 ,
3047 4831 3144 4912 ubi
3171 4833 3399 4912 .dit'ilttl‘

1799 4907 2016 4961 inverso
2049 4911 2260 4971 ordine,
2293 4925 2380 4960 car
2406 4901 2662 4972 meum,et
2694 4921 2816 4956 coro
2851 4921 2986 4964 mea,
3013 4901 3211 4956 videsis
3236 4910 3393 4970 eioi-t.

1793 4980 1861 5030 ad
1897 4980 2156 5031 Suuuiam
2187 4991 2238 5034 et
2292 4980 2584 5032 ΙθτιιιιιΙςιιιι.
2648 4978 2942 5041 Sequitur:
2981 4973 3236 5038 Quoniam
3287 4991 3398 5030 ecce

1795 5053 1882 5118 qui
1913 5053 2150 5119 clangunt
2181 5068 2230 5101 se
2269 5069 2300 5101 α
2332 5060 2378 5102 te
2411 5049 2655 5119 (August.
2712 5048 2864 5119 longe
2904 5063 2957 5099 se
2989 5043 3210 5116 faciunt)
3235 5118 3239 5119 ν
3260 5049 3398 5119 peri-

1797 5116 1919 5172 lmnt
1951 5137 1966 5172 :
1993 5116 2266 5191 pcrtlidisti
2290 5116 2600 5191 comesqui,
2633 5124 2740 5168 etc.
2769 5116 2900 5167 Mihi
2953 5125 3153 5191 τιιιζεηι⁸
3174 5116 3392 5185 adiungi.

1797 5187 2294 5259 (.-\ug.,‘adhwrcre)
2332 5189 2437 5241 Deo
2460 5189 2648 5239 bonum
2679 5196 2751 5238 est
2777 5202 2793 5238 :
2815 5203 3005 5256 pJncre
3030 5187 3081 5239 in
3114 5187 3223 5246 Deo
3256 5205 3398 5255 span

1799 5277 1982 5314 meum.

1870 5352 1894 5390 ¹ι
1925 5354 2242 5408 l’erversnm
2279 5350 2420 5405 hunc
2451 5345 2698 5403 Ordinem
2730 5364 2799 5417 qu
2826 5347 2992 5401 'sdam
3028 5351 3264 5404 tenuisse
3294 5366 3392 5402 suo

1799 5433 2040 5490 tempore
2074 5431 2304 5475 testatur
2336 5422 2474 5474 idem
2507 5419 2865 5489 Hieronymus
2901 5436 2912 5470 :
2947 5430 3068 5472 cum
3103 5423 3388 5485 legendum

1797 5497 1864 5547 sit
1901 5503 1956 5546 ut
1995 5495 2045 5546 in
2087 5491 2313 5543 adversa
2356 5491 2602 5542 columna
2635 5528 2648 5546 .
2695 5490 2888 5555 Deiecit
2916 5505 3039 5540 curo
3089 5506 3199 5541 mea
3232 5501 3276 5543 et
3307 5511 3342 5541 ci
3370 5509 3394 5540 r

1798 5579 1984 5617 meum.
2039 5560 2298 5615 Similiter
2344 5577 2498 5615 versu
2553 5559 2724 5621 primo
2768 5560 3154 5625 subsequentis
3197 5564 3385 5627 szI'ni

1798 5635 1935 5688 male
1994 5632 2129 5700 apud
2165 5633 2382 5685 Graecus
2441 5628 2631 5697 legitur
2679 5629 2866 5684 ordine
2898 5642 3269 5696 cntt'tn'tutato,
3323 5631 3386 5689 (ft

1800 5706 1920 5778 quid
1949 5702 2214 5775 raptt/hii,
2251 5701 2405 5760 Dius.
2453 5703 2631 5757 MART.
