3936 6180
189 255 281 315 257
1434 256 1636 315 LIBER
1679 258 1800 318 PSA
1810 258 2122 319 LXIORUM.
3305 265 3413 327 22:8

256 370 461 443 Cogitavi
478 371 572 425 dies
591 371 843 441 antiquos.
873 384 929 427 οὲ
956 382 1007 427 et
1039 371 1060 441 ζ
1090 389 1254 429 annos
1274 382 1495 430 celeritas
1521 391 1563 431 οξ
1610 384 1636 412 ἰ
1659 376 1709 431 in
1741 378 1789 437 Α
1888 378 2128 450 Cugitavi
2161 377 2277 434 dies
2305 378 2581 451 antiques:
2615 389 2669 437 et
2696 394 2869 437 annos
2894 388 3130 436 αξιοι-ηοξ
3153 379 3205 435 in
3232 390 3414 437 mento

200 466 219 532 ζ
247 476 391 518 mente
414 465 565 518 habui.
1821 472 2005 529 habui.

258 571 307 610 οξ
337 555 394 609 Et
424 556 439 622 ξ
471 557 731 611 meditatus
759 575 871 611 sum
900 568 1049 613 nocte
1077 577 1193 614 cum
1240 561 1397 615 corde
1450 580 1559 617 meo
1590 561 1616 601 δ
1650 578 1711 619 -ι-
1894 566 1959 620 Ει
1992 566 2290 620 meditatus
2318 581 2435 620 sum
2466 575 2622 622 nocte
2653 582 2775 621 cum
2809 566 2974 622 corde
3004 581 3127 621 meo
3153 585 3165 621 :
3206 564 3223 604 ί
3254 581 3416 623 exer-

188 648 269 714 εις
298 650 580 703 erercitabar
607 660 652 704 et
672 652 936 721 scapebam
965 653 1199 724 spiritum
1225 671 1409 709 nteant.
1820 657 2047 725 citabar,
2076 668 2129 712 et
2156 658 2483 713 ventilabam
2510 658 2562 713 in
2598 674 2693 713 me.
2711 658 2961 729 spiritum
2992 674 3193 713 meum.

247 740 481 811 Numquid
506 742 555 794 in
582 752 821 797 (sternunt
852 745 1087 815 projiciet
1122 745 1301 801 Deus?
1328 759 1349 785 ι·
1379 757 1468 800 attt
1491 764 1592 801 nou
1624 766 1715 819 ap-
1894 752 1959 805 Et
1987 750 2121 815 dixi,
2150 750 2417 819 Numquid
2443 752 2494 806 in
2523 761 2791 808 :eternum
2826 752 3077 822 projiciet
3108 753 3295 807 Deus?
3322 762 3415 807 aut

188 843 376 901 ponetut
400 835 734 907 complacitior
760 838 823 891 sit
845 837 1060 891 adhuc?
1822 859 1929 899 non
1962 852 2220 914 apponet,
2251 852 2308 897 ut
2332 844 2733 916 beueplacitum
2764 846 2836 901 sit
2867 846 2915 900 ei
2951 844 3163 899 adhuc?
3211 853 3307 900 aut
3361 848 3413 901 in

243 928 330 982 Aut
352 930 396 982 in
421 930 564 999 ﬁnem
592 932 987 987 misericordiam
1039 950 1186 988 suam
1227 934 1475 1003 abscidat,
1508 951 1540 987 a
1567 950 1720 1006 gene-
1822 943 1982 997 tinem
2008 942 2434 999 misericordiam
2466 959 2621 999 suam
2653 943 2900 999 abscidet
2928 957 2958 997 a
2998 940 3204 997 sarculo
3236 950 3290 997 et
3323 957 3416 1013 ge-

187 1022 349 1075 ratioue
370 1023 415 1075 in
439 1026 807 1095 generationem
826 1028 851 1080 .9

240 1114 326 1167 Aut
344 1114 649 1170 obliviscetur
691 1118 917 1172 misereri
961 1116 1143 1173 Deus?
1192 1128 1285 1173 aut
1338 1118 1613 1173 continebit
1664 1118 1718 1172 in

189 1210 249 1261 ira
270 1224 317 1262 αξ
344 1226 427 1263 sua
450 1210 469 1278 ζ
500 1212 873 1266 misericordias
902 1212 1062 1267 suas.’
1088 1213 1414 1268 DI.\PS.\LIIA.

240 1298 297 1353 Et
318 1300 434 1368 dixi,
462 1318 515 1357 —:—
556 1303 711 1358 Nune
739 1306 761 1373 ζ
787 1305 915 1376 ειερί
937 1324 954 1359 :
982 1303 1092 1358 Ittec
1124 1308 1337 1360 mutatio
1368 1305 1596 1360 dextere:
1634 1319 1723 1357 ea:-

187 1391 301 1445 celsi.

240 1483 414 1539 Mentor
436 1486 511 1556 [ui
532 1504 739 1558 operum
767 1486 977 1545 Domini
999 1506 1017 1546 .·
1041 1490 1163 1561 quia
1190 1507 1385 1545 memor
1412 1507 1498 1546 ero
1532 1490 1594 1545 ab
1621 1490 1723 1545 ini-

185 1578 239 1633 tio
259 1579 536 1634 mirabilium
564 1591 789 1636 tuorum.

240 1668 292 1723 Et
311 1671 567 1726 meditabor
584 1674 636 1728 in
658 1674 892 1730 omnibus
914 1675 1150 1749 operibus
1176 1678 1275 1731 tuis
1300 1693 1317 1731 :
1336 1687 1385 1730 et
1402 1677 1454 1731 iu
1478 1677 1723 1731 adiuven-

185 1762 361 1816 tionibus
386 1764 477 1818 tuis
500 1766 795 1821 exercebar.

240 1852 373 1920 Deus,
408 1858 458 1912 in
502 1872 682 1915 saneto
724 1862 806 1916 ria
847 1872 956 1928 tua,
988 1863 1102 1934 quis
1148 1861 1286 1917 Deus
1317 1880 1532 1934 magnus
1588 1864 1719 1917 sicut

184 1948 293 2005 Deus
321 1967 371 2007 ἦ
402 1958 607 2011 noster?
642 1957 663 2026 ζ
697 1966 750 2010 tu
782 1974 835 2011 es
866 1956 1027 2025 Deus,
1051 1960 1136 2027 qui
1166 1960 1295 2029 facis
1316 1958 1594 2013 mirabilia.

236 2042 395 2099 Notam
419 2048 582 2118 fecisti
614 2051 665 2102 in
692 2050 895 2121 populis
938 2050 1177 2106 virtutem
1222 2062 1363 2105 tuam
1405 2068 1422 2105 :
1463 2052 1724 2106 redemisti

182 2134 220 2187 in
241 2136 420 2193 brachio
453 2156 510 2195 σθ
538 2151 630 2195 tuo
664 2143 685 2213 ζ
720 2142 973 2215 papulum
1001 2152 1145 2197 tuum
1184 2145 1323 2213 filios
1370 2142 1532 2199 Iacob
1562 2153 1607 2199 et
1628 2142 1726 2199 Jo-

182 2233 295 2301 εψνι.
325 2234 643 2292 Drusum.

244 2323 457 2384 Viderunt
477 2341 524 2385 te
545 2348 720 2402 aqum,
754 2330 908 2397 Dens,
927 2332 1163 2387 viderunt
1184 2341 1232 2387 te
1252 2348 1398 2404 aqutc
1422 2349 1440 2388 :
1464 2342 1511 2389 et
1534 2333 1723 2387 timue-

181 2427 289 2486 runt,
315 2431 356 2475 et
381 2426 597 2478 turbatae
621 2433 741 2477 sunt
769 2425 961 2494 abyssi.

234 2511 480 2573 Multitudo
510 2518 715 2573 sonitus
738 2535 989 2589 aquarum
1016 2534 1222 2573 :rocem
1254 2518 1509 2573 dederunt
1539 2519 1719 2573 nubes.

236 2602 409 2663 Etenim
445 2612 653 2685 sagitta
678 2620 782 2667 tua:
826 2620 1093 2666 transeunt
1120 2627 1137 2664 :
1168 2627 1263 2665 rex
1295 2610 1510 2665 tonitrui
1551 2612 1628 2665 tui
1676 2611 1729 2663 in

180 2707 283 2754 tota.

248 2789 516 2851 llluxerunt
542 2797 921 2852 coruscationrs
950 2806 1053 2852 tute
1083 2794 1191 2851 orbi
1220 2797 1245 2834 ά
1280 2811 1339 2851 +
1376 2805 1524 2851 terra:
1550 2797 1570 2866 ζ
1594 2811 1733 2851 eom-

181 2894 289 2940 ntota
306 2886 441 2945 estet
470 2891 782 2945 contremuit
806 2900 960 2945 terra.

236 2978 289 3035 In
312 2986 432 3039 mari
458 2986 547 3040 aia
574 2993 684 3053 tua,
712 2993 758 3038 et
784 2984 977 3039 semita:
1007 2994 1109 3039 tua:
1154 2985 1210 3039 in
1235 2984 1381 3056 aquis
1424 2983 1600 3038 multis
1629 3000 1646 3037 :
1685 2992 1733 3037 et

180 3076 353 3145 restigia
380 3088 461 3131 tua
485 3093 592 3131 non
623 3087 1016 3150 cognoscentur.

232 3166 484 3226 Deduxisti
516 3170 647 3226 sicut
677 3186 795 3225 oves
816 3169 1069 3242 populant
1094 3180 1258 3241 tuum,
1292 3170 1343 3226 in
1376 3186 1537 3226 manu
1556 3168 1728 3242 Moysi
1757 3165 1803 3231 C

176 3266 214 3312 et
234 3258 405 3318 Aaron.

1824 1037 2105 1091 neratione
2126 1036 2150 1089 ι

1894 1127 2161 1199 Numquid
2188 1128 2545 1184 obliviscetur
2575 1129 2819 1186 misereri
2846 1129 3020 1185 Deus?
3052 1136 3144 1184 aut
3169 1128 3415 1185 contine-

1825 1219 1900 1275 bit
1925 1219 1977 1274 in
2007 1220 2085 1273 ira
2112 1220 2544 1275 misericordiam
2570 1222 2759 1275 suam?
2783 1222 3109 1277 Diarsauta.

1899 1312 1964 1367 Et
1984 1311 2092 1367 dixi
2120 1330 2132 1363 :
2158 1311 2307 1367 Nunc
2334 1314 2497 1384 carpi,
2532 1312 2645 1368 ltzec
2675 1322 2759 1369 est
2799 1316 3027 1369 latitatio
3056 1315 3299 1370 dexterae
3326 1328 3422 1369 ex-

1824 1407 1985 1473 celsi;
2018 1422 2232 1463 memor
2265 1408 2336 1462 lui
2366 1423 2593 1477 operum
2634 1408 2869 1478 Domini,
2919 1409 3045 1479 quia
3098 1424 3306 1465 memor
3326 1423 3422 1465 ero

1825 1502 1894 1557 ab
1926 1500 2079 1556 initio
2103 1498 2434 1555 mirabilium
2468 1510 2704 1554 tuorum.

1900 1677 1965 1733 Et
1994 1674 2284 1733 meditatus
2312 1690 2433 1731 sum
2458 1675 2509 1731 iu
2544 1675 2797 1731 omnibus
2832 1678 3093 1748 operibus
3115 1680 3218 1734 luis
3246 1697 3255 1732 :
3284 1690 3339 1736 et
3363 1679 3415 1735 in

1750 1774 1795 1835 Β
1825 1772 2292 1829 observationibus
2321 1770 2426 1826 tuis
2454 1787 2542 1826 me
2567 1772 2864 1828 exercebo.

1899 1866 2040 1921 Deus
2063 1867 2115 1919 in
2158 1874 2349 1920 sancto
2371 1866 2457 1920 via
2492 1874 2605 1931 tua,
2634 1866 2756 1934 quis
2811 1865 2949 1919 Deus
3006 1882 3230 1935 magnus
3282 1867 3421 1921 sicut

1828 1958 1974 2013 Deus
2007 1957 2230 2013 uoster?
2260 1966 2312 2011 tu
2345 1972 2404 2012 es
2430 1957 2593 2021 Deus,
2618 1956 2709 2027 qui
2738 1956 2871 2012 lacis
2899 1956 3165 2013 mirabilia
3191 1958 3358 2015 Solus.

1898 2051 2089 2107 Notam
2121 2050 2293 2105 iecisti
2326 2049 2377 2105 in
2413 2048 2625 2119 pupulis
2666 2051 2917 2105 virtutem
2946 2060 3088 2104 tuam
3124 2069 3135 2103 :
3187 2051 3427 2105 Iiberasti

1830 2146 1881 2200 iu
1911 2146 2133 2200 brachio
2164 2152 2256 2197 tuo
2298 2144 2553 2214 pepulum
2589 2152 2738 2198 tuum
2764 2142 2903 2199 lilios
2929 2143 3094 2199 Israel
3117 2152 3171 2199 et
3194 2143 3420 2213 Josepb.

1830 2236 1965 2292 [ΜΡ
1998 2252 2138 2291 Αιιιιι
2173 2235 2301 2307 illis.
2329 2246 2428 2289 tae.
2464 2236 2813 2306 DtAPSALus].

1907 2329 2170 2383 Viderunt
2196 2336 2247 2382 te
2272 2342 2448 2397 aqum,
2482 2326 2646 2391 Deus,
2674 2328 2923 2381 viderunt
2955 2336 3005 2381 te
3034 2341 3189 2397 aqua:
3215 2344 3229 2381 :
3261 2336 3313 2403 et
3363 2327 3427 2381 ti-

1832 2428 2108 2485 muerunt,
2146 2419 2374 2473 turbata:
2401 2428 2527 2472 sunt
2571 2420 2777 2489 abyssi,
2832 2418 3125 2473 multitudo
3156 2427 3181 2465 8
3214 2418 3425 2474 sonitus

1833 2527 2119 2584 aquarum,
2146 2525 2335 2565 vocem
2360 2510 2631 2566 dederunt
2660 2509 2859 2566 nubes.

1906 2607 2115 2662 Etenim
2144 2607 2357 2675 sagitt-.e
2383 2613 2487 2658 tua:
2519 2604 2956 2674 pertransicrunt
2988 2619 3001 2656 :
3036 2618 3142 2657 vox
3196 2603 3418 2659 tonitrui

1837 2701 1909 2757 tui
1936 2701 1988 2755 in
2020 2709 2160 2755 rota.

1908 2793 2206 2848 llluxerunt
2243 2789 2656 2848 coruscationes
2688 2800 2791 2847 tua:
2823 2791 2938 2847 orbi
2983 2800 3179 2849 terras:
3210 2793 3343 2849 vidit
3374 2805 3428 2850 et

1834 2895 2103 2944 commota
2124 2893 2209 2941 cst
2241 2893 2409 2940 terra.

1910 2982 1967 3035 ln
1994 2977 2130 3035 mari
2159 2979 2243 3032 via
2269 2986 2385 3044 tua,
2413 2985 2468 3033 et
2496 2978 2707 3032 semita:
2732 2985 2837 3033 tute
2860 2977 2913 3033 in
2938 2978 3094 3049 aquis
3121 2978 3344 3035 multis:
3380 2990 3433 3036 et

1839 3072 2068 3142 vestigia
2094 3079 2183 3126 tua
2206 3084 2313 3126 non
2340 3078 2759 3140 cognoscentur.

1909 3162 2185 3220 lleduxisti
2232 3163 2373 3217 sicut
2414 3175 2550 3217 oves
2630 3159 2889 3234 populum
2934 3170 3121 3231 tuum,
3176 3164 3228 3220 in
3271 3180 3429 3221 manu

1839 3258 2007 3330 Moysi
2043 3265 2097 3313 et
2122 3257 2324 3312 Aaron.

1440 3415 1577 3478 PSA
1590 3415 1797 3478 LMUS
1842 3411 2160 3475 LXXVII.

634 3531 1001 3573 ικτειι.εοτυς
1040 3529 1226 3572 ASAPII.

233 3606 486 3674 Attendite,
513 3610 705 3681 popnle
730 3609 852 3682 1M5.
879 3608 1124 3678 populus]
1156 3624 1313 3674 meus,
1340 3608 1499 3680 legent
1525 3624 1687 3661 meam
1714 3622 1731 3662 :

177 3696 382 3757 inclinate
400 3718 581 3757 aurem
600 3715 823 3756 vestram
844 3702 897 3755 in
925 3703 1071 3756 verba
1093 3701 1194 3753 oris
1219 3702 1332 3753 ntei.

234 3790 457 3863 Aperiunt
496 3796 547 3849 in
577 3792 842 3867 parabolis
873 3810 929 3849 os
958 3809 1127 3848 meum
1155 3808 1174 3847 :
1200 3792 1383 3863 loquar
1425 3793 1735 3864 propositio-

176 3900 245 3941 nes
260 3888 315 3941 ab
336 3890 503 3944 initio.

235 3978 426 4043 Quanta
467 3981 759 4036 audivimus
804 3990 851 4035 et
894 3980 1225 4052 cognovimus
1271 3988 1294 4018 θ
1349 3996 1429 4047 ea,
1478 3988 1524 4034 et
1562 3987 1735 4049 patres

177 4075 314 4128 nostri
340 4086 679 4131 narraverunt
708 4075 871 4130 nobis.

238 4166 343 4222 Non
368 4181 489 4224 sunt
510 4170 772 4225 occultata
792 4185 823 4221 a
852 4166 977 4239 ﬁliis
1004 4184 1207 4234 eorum,
1234 4168 1285 4221 iu
1306 4167 1637 4238 generatione
1657 4165 1737 4219 al-

177 4262 284 4312 ητα.

239 4348 507 4409 Narrantes
533 4354 714 4409 laudes
747 4352 950 4409 Domini
993 4360 1039 4408 et
1080 4353 1291 4409 virtutes
1332 4354 1467 4426 ejus,
1499 4360 1547 4405 et
1574 4351 1735 4406 mira-

180 4433 280 4494 bilia
305 4445 408 4514 ejus
437 4462 547 4516 qua:
568 4430 710 4517 fecit.

2332 3526 2698 3570 INTELLECTUS
2761 3528 2949 3571 ASAPH.

1914 3606 2211 3675 Attendite,
2237 3604 2262 3643 ιι
2292 3607 2488 3678 populo
2515 3622 2689 3675 meus,
2725 3606 2897 3678 legem
2929 3624 3101 3665 meam
3135 3628 3147 3665 :
3178 3613 3437 3671 inclinate

1842 3714 2030 3756 aurem
2061 3709 2297 3755 vestram
2327 3702 2380 3754 in
2410 3700 2575 3755 verba
2606 3701 2720 3755 oris
2750 3702 2877 3755 mei.

1916 3795 2167 3863 Aperiam
2202 3793 2254 3847 in
2292 3792 2564 3861 parabolis
2586 3806 2648 3848 os
2680 3808 2858 3847 meum
2889 3808 2902 3846 :
2943 3793 3135 3867 loquar
3183 3799 3425 3870 proposi-

1847 3888 2022 3945 tiones
2050 3888 2117 3942 ab
2147 3886 2303 3942 initio
2334 3885 2543 3956 saeculi,

1914 3973 2125 4047 Quanta
2181 3979 2483 4034 audivimus
2522 3988 2576 4035 et
2628 3984 2985 4053 cognovimus
3015 4003 3077 4043 ea
3111 4008 3121 4042 :
3174 3999 3226 4044 et
3261 3999 3440 4061 patres

1844 4075 2013 4133 nostri
2058 4083 2413 4131 narraverunt
2436 4074 2611 4130 nobis.

1916 4168 2029 4225 Non
2054 4178 2180 4224 sunt
2209 4169 2472 4225 occultata
2497 4183 2526 4222 a
2560 4168 2683 4225 liliis
2714 4186 2925 4243 eorum,
2977 4175 3028 4230 iu
3083 4179 3441 4246 generatione

1843 4263 2016 4318 altera
2040 4261 2165 4335 [Μς.
2200 4263 2612 4333 generationem
2642 4264 2913 4338 alteram].

1914 4357 2214 4412 Nat-rantes
2244 4357 2430 4413 laudes
2459 4360 2666 4416 Domini
2699 4370 2751 4417 et
2775 4366 3003 4417 virtutes
3032 4360 3171 4429 ejus,
3196 4368 3250 4414 et
3275 4359 3442 4414 mira-

1846 4450 1976 4507 bilia
2007 4450 2127 4522 ejus
2153 4466 2273 4522 (ιιιιυ
2301 4450 2451 4508 fecit.

244 4644 367 4724 '_Ad_
400 4646 623 4704 Palatini
670 4661 772 4703 ms.
816 4646 976 4724 lttlem
1016 4647 1177 4724 unice
1226 4648 1281 4702 in
1307 4647 1565 4724 voculam
1602 4665 1748 4724 seru
1780 4651 1831 4713 D
1857 4649 2270 4705 misericordiam
2300 4669 2448 4705 suam
2467 4652 2695 4724 abscide!
2722 4671 2751 4706 a
2774 4652 3013 4724 progenie
3034 4652 3085 4704 in
3112 4654 3449 4723 progeniem?

182 4719 504 4792 contudimus,
528 4737 652 4792 eum
679 4730 839 4773 antea
866 4720 980 4786 ipsa
1006 4721 1170 4792 etiam
1193 4720 1371 4792 verba
1399 4732 1565 4773 tuente
1592 4720 1749 4774 Itubui

180 4789 538 4868 iugularentur.
578 4791 752 4845 Etest
788 4799 967 4846 tamen
1012 4792 1066 4845 itt
1107 4790 1337 4847 Hebraeo
1366 4802 1569 4858 mam,
1602 4802 1656 4847 et
1696 4796 1746 4848 iu

182 4858 353 4933 (ξτζιίιέιι
376 4863 631 4933 ἐμνήσθην.

244 4926 271 5004 ‘j
308 4926 405 4985 lloe
433 4932 789 5003 Symmachus
827 4932 967 5002 apud
1016 4932 1403 5004 Hieronymum
1436 4933 1598 4989 vertit
1630 4938 1751 4995 ἀνη-

183 5000 372 5075 ρεὺνῳν,
397 5004 444 5057 id
469 5000 573 5071 est,
603 5000 986 5072 perscrutabor,
1011 5006 1127 5058 sive
1155 5000 1465 5075 quierebam.
1495 5006 1671 5061 Mst.

254 5082 271 5103 ε
306 5072 512 5129 Palatia.
549 5090 632 5129 ms
654 5085 699 5129 et
731 5091 828 5145 pro
877 5086 991 5139 aut,
1043 5072 1225 5130 verius
1255 5092 1269 5131 :
1326 5076 1504 5130 minus
1560 5089 1745 5132 autent

187 5150 325 5260 Eecte
345 5146 471 5266 qrtmd
502 5150 726 5202 verbum
753 5159 978 5217 apponet
1019 5146 1177 5201 obelo
1204 5157 1497 5217 prtenutat,
1524 5148 1667 5218 quod
1691 5159 1746 5203 et

229 5226 347 5264 arlIS
386 5229 498 5266 CCII.

229 5226 347 5264 artis
371 5226 498 5272 tectt.

254 5279 279 5315 *³
307 5271 546 5358 Diximus,
570 5304 706 5343 voce
733 5271 848 5347 ς73⁸1
875 5302 995 5358 qum
1025 5287 1078 5342 iu
1115 5287 1346 5344 Hebraeo
1372 5298 1478 5353 est,
1526 5307 1631 5345 nun
1660 5307 1748 5344 or-

190 5348 294 5401 δευι
330 5355 505 5425 ἁπλῶς,
531 5348 649 5414 ’8ρά
676 5360 853 5413 orbem
895 5348 1055 5411 terra:
1082 5360 1352 5425 denotari,
1405 5348 1568 5431 atque
1615 5362 1752 5417 adeo

192 5432 336 5499 P0559
355 5431 550 5485 ubelum
576 5432 703 5485 buie
736 5431 852 5483 mei
884 5430 1164 5499 pra-ﬁxum
1190 5434 1475 5487 cemittntle
1507 5434 1709 5486 «intuiti.

224 5560 234 5569 .
264 5503 286 5524 θ
314 5494 594 5556 l'ruunmen
624 5520 684 5556 ea
716 5494 956 5557 Palatiu.
984 5516 1084 5554 ms.
1110 5511 1165 5556 et
1183 5504 1350 5558 Carus
1378 5505 1535 5559 obelo
1566 5506 1758 5559 imme-

195 5570 295 5636 l‘tlQ
312 5570 552 5636 jugulat".

272 5630 290 5667 ί
311 5630 656 5698 Ιιῖνριοιιρηεῑ
685 5659 817 5705 ms.,
847 5642 1119 5695 exercebar
1160 5657 1208 5698 et
1238 5646 1548 5699 rentilabam
1599 5646 1755 5711 spiri-

202 5710 299 5785 lmtt
321 5714 555 5765 meusz‘t
573 5715 702 5779 dixi,
727 5712 999 5785 Numquid
1025 5713 1336 5769 inateruum
1362 5717 1570 5785 repellet
1590 5710 1757 5771 Deus?

206 5782 288 5825 aut
312 5793 396 5835 non
416 5798 646 5857 apponet,
695 5795 752 5840 ut
805 5784 1087 5841 delectetur
1133 5782 1457 5843 adttnc?aut
1501 5789 1555 5843 in
1598 5789 1754 5858 ﬁnem

1859 4724 1959 4775 Aut
1990 4724 2319 4778 obliviscetur
2343 4726 2573 4778 misertri
2624 4722 2806 4779 Deus?
2834 4722 2922 4776 aut
2974 4725 3246 4776 continebit
3277 4727 3329 4779 in
3372 4730 3450 4781 ira

1858 4810 1950 4848 sua
1976 4796 2359 4849 miserationem
2384 4813 2533 4850 suam
2548 4798 2571 4849 1’
2591 4795 2746 4858 Tum,
2772 4795 2880 4848 lttve
2905 4794 3196 4847 immutatio
3222 4798 3448 4851 dextera:

1858 4866 2067 4931 excelsi,
2095 4876 2410 4919 memoratus
2452 4870 2571 4919 sum
2599 4882 2811 4933 operum
2843 4865 2957 4927 Dei,
2989 4875 3094 4918 etc.
3134 4865 3193 4918 Et
3230 4869 3449 4918 mellita-

1857 4938 1950 4989 bor
1974 4937 2022 4989 in
2044 4938 2283 4991 omnibus
2325 4954 2437 5003 ape:
2453 4940 2567 4991 ibus
2610 4938 2736 4997 tuis,
2766 4944 2813 4988 et
2851 4936 2902 4987 in
2940 4934 3299 4999 u/Iectiouibus
3344 4944 3447 4993 tuis

1856 5008 2107 5077 garriant.
2145 5009 2339 5063 Omnia
2376 5010 2543 5062 l'erute
2571 5021 2634 5077 ex
2664 5005 2985 5077 Augustino.

1931 5088 1955 5125 8
1981 5079 2123 5133 Idem
2151 5094 2283 5143 ms.,
2301 5088 2346 5132 et
2376 5076 2693 5132 conturbata:
2713 5086 2832 5129 sunt
2856 5074 3048 5142 abyssi.
3074 5077 3351 5133 multitudo
3372 5097 3458 5132 so—

1858 5166 1958 5203 nus
1983 5166 2258 5218 aquarum.
2286 5148 2658 5222 Ttttu_sagitta:
2686 5156 2791 5199 tute
2821 5148 3221 5222 pertransibunt.
3252 5152 3334 5215 lit,
3352 5152 3459 5222 Ap-

1858 5230 2145 5290 parueruut
2188 5218 2568 5273 coruscationes
2625 5226 2729 5269 tua:
2778 5218 2887 5290 orbi
2934 5218 3459 5290 terrm-commotaet

1824 5346 1825 5349 η
1859 5285 2296 5344 ὶ·οηινίη›ιρὺιιηάα
2318 5290 2460 5358 facta
2487 5295 2559 5338 est
2582 5295 2741 5359 terra.
2766 5285 2831 5339 In
2850 5288 2980 5340 mari
3003 5297 3076 5340 est
3096 5290 3176 5341 via
3191 5300 3302 5355 tua,
3322 5303 3456 5359 etc.,

1860 5372 2022 5429 atque
2056 5360 2172 5413 lucc
2200 5356 2459 5427 pleraque
2489 5356 2668 5429 omnia
2694 5373 2814 5429 cum
2849 5359 3165 5422 Augustino.

1937 5427 1964 5466 λι
1998 5435 2187 5483 Denuo
2216 5444 2335 5481 cum
2364 5428 2665 5498 Angustum
2707 5427 2845 5481 idem
2893 5444 2997 5481 ms.
3053 5429 3301 5498 papa/us,
3350 5439 3460 5485 lum

1866 5502 2078 5569 eloquar
2104 5513 2201 5564 pro
2231 5500 2440 5567 loquar,
2469 5499 2531 5569 iu
2550 5496 2706 5563 Cujus
2738 5499 2989 5569 versiculi
3013 5496 3336 5553 liuet-nmen
3368 5519 3464 5556 ειυ-

1867 5567 1971 5625 cult
2005 5569 2289 5623 reticetur.
2324 5569 2384 5621 Et
2412 5567 2571 5633 paulo
2605 5577 2757 5631 ιιο›ι;
2794 5567 2914 5621 Non
2934 5578 3053 5621 sunt
3076 5571 3382 5625 abscondita
3433 5590 3464 5625 et

1863 5641 2153 5714 ﬁliis,_etc.
2186 5639 2273 5705 Et,
2308 5637 2685 5693 Aunnutiantes
2732 5637 2910 5693 laudes
2951 5637 3159 5694 Domini
3205 5654 3251 5696 et
3280 5652 3462 5714 poteuo

1865 5714 1964 5768 tias
1987 5712 2098 5785 ejus
2114 5751 2128 5777 ,
2153 5719 2259 5767 etc.
