3936 6180
506 192 617 251 239

1515 189 1573 247 S.
1617 187 2003 247 lllEllONYMl
2044 187 2275 247 DIVINA
2315 187 2800 259 BIBLIOTIIECA.

3688 191 3801 271 3‘30

581 309 655 365 Et
704 309 974 365 suscitavit
1021 304 1372 363 testimonium
1402 305 1456 360 in
1484 302 1648 359 Jacob
1688 321 1707 363 :
1754 311 1800 360 et
1828 302 1992 378 legem
2022 320 2114 377 ρο·
2142 308 2192 368 Α
2293 305 2359 361 Ει
2384 305 2673 361 suscitavit
2703 303 3071 365 testimonium
3095 305 3148 363 in
3165 303 3331 363 Jacob
3366 323 3380 362 :
3414 315 3471 364 ct
3511 289 3691 385 legent
3716 320 3810 379 po-

510 404 613 460 suit
636 404 696 458 in
724 402 915 458 Israel.

585 499 795 563 Quanta
822 492 1081 549 mandavit
1109 490 1339 559 patribus
1370 490 1560 546 nostris
1601 499 1724 545 nota
1756 490 1924 563 facere
1951 505 2012 545 ca
2043 488 2108 560 ﬁ-

510 589 595 643 liis
623 588 728 642 suis
757 602 777 640 :
809 594 863 640 ut
889 593 1163 657 cognoscat
1193 585 1455 654 generatio
1486 585 1672 638 altera.

582 678 709 733 Filii
732 678 821 748 qui
845 687 1141 748 nascentur,
1170 686 1196 714 α
1231 691 1291 732 —:~-
1325 688 1371 732 et
1419 679 1442 747 ζ
1482 688 1777 749 exsurgent,
1828 684 1873 733 et
1920 691 2106 731 narra-

510 771 635 826 bunt
658 768 785 839 ﬁliis
815 768 947 823 suis.

584 861 653 917 Ut
681 868 879 931 ponant
921 862 977 915 in
1024 860 1132 916 Deo
1159 876 1301 933 spent
1332 876 1500 928 suout,
1525 869 1572 917 et
1602 876 1707 915 non
1736 858 2111 916 obliviscantur

510 968 726 1026 operum
753 950 850 1008 Dei
879 967 898 1006 :
920 960 966 1007 et
996 955 1250 1008 mandatu
1277 954 1393 1026 ejus
1420 953 1713 1024 exquirant.

588 1045 674 1101 Ne
723 1046 853 1118 ﬁant
909 1047 1042 1102 sicut
1096 1058 1265 1119 patres
1313 1063 1490 1103 eorum
1534 1046 1799 1120 generatio
1846 1062 2007 1119 prora
2065 1054 2111 1101 et

511 1155 847 1210 exasperatis.

578 1232 858 1291 Generatio
883 1248 1000 1304 qute
1022 1248 1125 1287 non
1153 1232 1343 1286 direxit
1366 1248 1455 1287 cor
1483 1250 1637 1288 suum
1663 1249 1683 1288 :
1721 1230 1750 1272 δ
1800 1242 1849 1287 et
1890 1249 1992 1287 non
2045 1246 2105 1287 -ξ-

512 1338 586 1386 est
611 1332 634 1401 ζ
660 1330 885 1385 creditus
917 1345 1033 1383 cum
1057 1326 1164 1382 Deo
1190 1328 1405 1397 spiritus
1443 1330 1580 1399 ejus.

586 1422 717 1477 Filii
750 1421 976 1494 Ephrem
1001 1421 1330 1476 intendentcs
1356 1429 1404 1475 et
1445 1423 1704 1477 mittentes
1730 1437 1910 1477 arcum
1939 1436 1959 1477 :
1986 1435 2113 1475 cou-

515 1516 647 1571 uersi
672 1524 788 1569 sunt
815 1515 869 1567 in
893 1513 977 1567 die
1003 1511 1147 1567 belli.

590 1605 715 1661 Non
742 1604 1098 1660 custodierunt
1124 1612 1486 1658 testamentum
1517 1601 1613 1658 Dei
1643 1618 1663 1659 :
1687 1602 1812 1658 etin
1843 1601 1954 1675 lege
2004 1604 2116 1675 ejus

515 1701 795 1754 notuerunt
825 1696 1121 1751 ambulare.

593 1788 661 1843 Et
692 1788 837 1844 olliti
854 1797 973 1842 sunt
1006 1787 1392 1858 benefactorum
1414 1790 1549 1863 ejus,
1576 1795 1627 1842 et
1642 1785 1955 1842 mirabilium
1976 1786 2112 1859 ejus,

518 1896 638 1952 qua:
668 1882 887 1935 ostendit
913 1879 1006 1934 eis.

615 1972 803 2030 Coram
860 1976 1094 2046 patribus
1163 1991 1337 2030 eorum
1388 1974 1511 2046 {erit
1557 1972 1817 2030 ntirabilia
1873 1975 1927 2029 in
1980 1984 2116 2029 terra

524 2066 766 2140 Jngpti,
800 2068 851 2120 in
880 2082 1065 2137 campo
1094 2066 1314 2122 Taneas.
1345 2076 1368 2105 ε

596 2159 881 2231 Interrupit
927 2176 1091 2227 mare,
1147 2167 1193 2215 et
1225 2157 1468 2231 perduxit
1503 2173 1592 2214 eos
1618 2175 1640 2215 :
1661 2166 1708 2215 et
1739 2157 1915 2214 statuit
1957 2173 2116 2228 aquas

517 2252 667 2324 quasi
688 2254 740 2306 in
769 2260 903 2306 utre.

506 2410 511 2417 δ
596 2343 664 2397 Et
690 2345 903 2400 deduxit
929 2360 1014 2399 eos
1034 2344 1089 2399 in
1120 2343 1253 2399 nube
1277 2344 1382 2399 diei
1407 2360 1426 2401 :
1452 2351 1501 2400 et
1529 2354 1636 2399 tota
1657 2352 1807 2400 nocte
1841 2344 1896 2399 in
1918 2344 2117 2399 illumi-

520 2441 733 2497 natione
753 2442 909 2513 ignis.

595 2529 881 2606 Interrupit
903 2542 1100 2604 petram
1121 2533 1176 2588 in
1196 2549 1366 2591 eremo
1390 2548 1410 2589 :
1448 2543 1495 2589 et
1521 2534 1798 2606 adaquavit
1846 2552 1931 2591 eos
1981 2535 2119 2590 velut

519 2626 575 2683 in
596 2626 781 2699 abysso
809 2628 997 2685 multa.

596 2717 665 2773 Et
693 2718 721 2757 (ί
752 2720 972 2775 deduxit
1001 2737 1189 2793 aquam
1216 2725 1279 2777 de
1303 2731 1451 2795 petra
1494 2738 1514 2777 :

521 2814 743 2886 ﬂumina
761 2829 944 2885 aquas.

595 2907 663 2962 Et
685 2916 1038 2981 opposuerunt
1067 2906 1241 2963 adhuc
1266 2924 1477 2981 peccare
1503 2908 1553 2963 ei
1579 2924 1597 2964 :
1626 2908 1837 2977 iniram
1861 2906 1984 2982 [Με.
2009 2909 2116 2964 sic-

520 2998 600 3069 ut'l
628 3002 973 3056 excitaverunt
994 3001 1254 3055 excelsum
1282 3002 1335 3055 in
1365 3002 1635 3072 inaquoso.

596 3090 665 3145 Et
686 3102 1005 3148 tentaverunt
1032 3093 1196 3147 Deum
1226 3094 1279 3148 in
1301 3093 1542 3149 cordibus
1565 3095 1673 3150 suis
1719 3111 1739 3151 :

520 3199 662 3240 escas
682 3183 952 3238 animabus
977 3184 1105 3238 suis.

602 3274 668 3329 Et
701 3287 724 3312 υ
753 3290 808 3331 -ε-
841 3276 978 3330 male
1008 3275 1031 3344 ζ
1058 3275 1218 3331 locuti
1240 3278 1358 3331 situt
1384 3277 1447 3333 de
1475 3276 1584 3333 Deo
1609 3293 1626 3333 :
1648 3276 1912 3346 dixerunt,
1945 3278 2118 3334 Num-

524 3367 649 3441 quid
670 3369 858 3437 poterit
890 3364 1035 3421 Deus
1058 3383 1243 3436 parare
1274 3385 1503 3423 mensam
1532 3372 1585 3424 in
1607 3371 1845 3427 deserto?

601 3459 859 3527 Quoniam
883 3459 1133 3529 percussit
1161 3468 1381 3529 petram,
1413 3469 1462 3514 et
1480 3463 1747 3531 ﬂuxerunt
1772 3478 1925 3535 aqua:
1945 3480 1964 3519 .'
1999 3461 2019 3503 ί
2069 3472 2115 3520 et

530 3560 779 3608 torrentes
806 3550 1213 3606 inundaverant.

1554 2732 1600 2778 et
1640 2722 1818 2779 eduxit
1857 2732 2119 2796 tamquam

601 3645 875 3719 Numquid
895 3656 944 3704 et
973 3663 1160 3719 panem
1181 3646 1370 3722 poterit
1394 3645 1559 3703 dare?
1574 3657 1666 3703 aut
1682 3665 1869 3722 parare
1893 3666 2121 3706 mensam

522 3739 717 3817 popqu
736 3756 826 3794 suo
838 3740 866 3795 i

598 3832 730 3890 Ideo
748 3835 947 3890 audiuit
974 3833 1234 3891 Dominus
1250 3877 1265 3904 ,
1288 3835 1336 3891 ei
1357 3836 1604 3893 distulit:
1634 3845 1680 3894 et
1702 3836 1843 3915 ignis
1872 3855 2117 3896 accensus

524 3939 598 3987 est
623 3926 808 4002 Iacob,
839 3939 885 3986 et
911 3928 991 3985 ira
1017 3929 1249 3985 ascendit
1289 3929 1344 3986 in
1362 3920 1560 3987 'Israel.

600 4234 625 4263 α
650 4223 825 4283 Minus
848 4236 996 4284 recte
1016 4224 1298 4283 Palatinus
1325 4240 1429 4282 ms.
1460 4233 1513 4281 ct
1562 4221 1735 4280 Carus
1790 4221 1910 4278 sine
1957 4220 2118 4279 obclo

524 4295 611 4352 ltic
644 4300 845 4368 legunt.

597 4368 624 4407 ι’
648 4362 947 4441 Pcrperam
972 4369 1317 4426 Martianmus
1346 4367 1493 4440 ipsas
1516 4376 1693 4441 etnon
1705 4362 2117 4441 voculasobelo

528 4436 866 4512 confuderat,
896 4459 1020 4512 qua:
1045 4450 1172 4498 sunt
1192 4436 1383 4495 tamen
1402 4441 1454 4494 in
1489 4438 1715 4512 llchrazo
1757 4436 2013 4512 mutuus
2042 4449 2111 4512 ex

526 4510 752 4567 Palatini
786 4506 889 4568 ms.
917 4506 1031 4568 title
1055 4514 1121 4567 ad
1178 4513 1517 4579 sulsequens
1546 4510 1769 4563 \‘crhum
1818 4506 2113 4579 substanti-

525 4598 650 4638 vum
674 4600 805 4639 veru
831 4584 1231 4647 trauswlimuc,
1255 4578 1425 4637 Carus
1460 4593 1656 4635 neutro
1682 4580 1802 4635 loco
1827 4578 2037 4633 habuit.

600 4665 622 4693 ο
658 4656 812 4710 Addit
842 4656 912 4712 de
936 4670 1034 4711 suo
1056 4656 1288 4710 Palatiu.
1325 4668 1427 4707 ms.
1460 4649 1791 4720 Diapsaima.

592 4722 618 4761 ά
649 4726 875 4782 licetius
904 4727 1072 4782 ferme
1103 4726 1155 4779 in
1186 4722 1376 4779 cudi-tn
1402 4736 1501 4776 ms.
1538 4732 1595 4775 ut
1620 4731 1674 4775 et
1698 4721 1938 4774 llnmana
1988 4719 2108 4774 edi-

526 4796 671 4851 tione
689 4799 955 4867 apposita,
994 4796 1061 4851 Et
1092 4796 1272 4867 eduxit
1299 4809 1483 4867 aquam
1511 4793 1578 4847 de
1602 4802 1767 4867 petra,
1815 4800 1861 4867 et
1896 4792 2111 4867 deduxit

524 4862 806 4939 tarnqua'nt,
830 4862 1157 4942 elc.’Grtu(_te
1183 4887 1195 4921 :
1227 4866 1327 4922 Καὶ
1355 4862 1611 4940 ἐξήγαγεν
1634 4862 1772 4942 ὕδωρ
1818 4864 1871 4917 ἐκ
1912 4864 2111 4940 πέτρας

522 4943 606 4994 καὶ
632 4944 1003 5014 ζᾳτὴγαγεν,κ.
1035 4962 1085 4997 τ.
1108 4940 1154 5014 λ.
1360 5010 1371 5014 _
1429 5009 1439 5014 _
1514 5007 1545 5014 _
1742 4940 1751 4942 ἡ
1830 5005 1867 5014 _
1910 5005 1922 5014 _
1970 5005 1999 5014 ν,

599 5019 622 5047 ι’
647 5005 849 5067 Verius
871 5005 1066 5067 iterum
1097 5012 1301 5078 absque
1321 5009 1481 5065 ohclo
1506 5007 1699 5071 Carus,
1729 5015 1785 5060 et
1830 5005 2109 5060 Palatinus

522 5094 626 5135 ms.
656 5082 861 5151 legunt,
892 5077 1416 5154 quemadmodumet
1440 5083 1491 5154 in
1515 5080 1707 5154 Gratim
1735 5077 2106 5154 κατεὶάὶηοςᾳη

522 5146 735 5223 causai
767 5146 961 5223 tit-rupe
993 5170 1056 5209 ex
1085 5153 1348 5209 orationi~
1378 5152 1523 5206 serie
1558 5152 1670 5222 ipsa
1702 5165 1765 5204 ac
1794 5162 1955 5223 sensu
2000 5146 2108 5223 lle-

523 5222 726 5279 hra'um
752 5218 977 5281 vet-hum
1001 5235 1111 5286 121
1140 5226 1210 5279 ibi
1244 5224 1467 5294 perinde
1496 5218 1641 5289 esse,
1670 5231 1831 5292 atque
1856 5218 2104 5289 obloqui,

519 5309 615 5368 Seu
646 5297 787 5368 male
817 5297 887 5368 de
914 5297 1097 5368 aliqua
1124 5298 1289 5368 loqui.

596 5365 615 5403 ί
648 5365 799 5423 llaud
851 5367 991 5425 bene
1010 5358 1129 5422 'hic
1176 5358 1457 5423 Palatinus
1484 5379 1566 5421 ms
1593 5374 1641 5419 et
1670 5362 1919 5432 copulam
1948 5358 2109 5416 obelo

513 5434 726 5509 jugulat
760 5457 774 5494 :
805 5446 863 5494 et
888 5438 1239 5509 suliscquetrti
1271 5441 1449 5493 versui
1481 5436 1628 5509 addit
1659 5434 1996 5509 Diapsulma.

589 5501 614 5554 ἒ
645 5506 878 5563 Librarii
912 5501 1190 5573 mendum,
1220 5520 1277 5563 ut
1298 5510 1499 5580 passim
1542 5507 1671 5562 alibi
1714 5501 2104 5580 iu'Veroneusi

518 5587 601 5631 est
634 5590 946 5650 ms._rtotam
974 5588 1143 5650 facere
1171 5598 1199 5631 a
1228 5574 1324 5649 pro
1352 5592 1623 5650 eam,uon
1643 5593 1726 5650 ea,
1756 5584 1817 5650 ut
1844 5575 1963 5644 ejus
1989 5574 2107 5628 edi-

519 5652 607 5716 tur
633 5647 759 5702 libri
787 5657 938 5716 putat
959 5647 1091 5702 {aut
1120 5647 1269 5704 certe
1288 5650 1459 5703 uoluit
1478 5649 1571 5703 ille
1592 5647 1875 5715 scripsisse
1902 5654 2101 5710 notam,

514 5714 611 5771 sed
635 5714 956 5787 nota,‘quod
986 5719 1172 5774 verius
1196 5726 1326 5788 puto
1362 5735 1377 5771 :
1410 5717 1654 5787 sequitur
1674 5719 1816 5774 enim
1844 5725 1894 5771 et
1923 5730 2107 5771 exsur-

2212 398 2321 455 8uit
2362 400 2416 455 in
2448 398 2633 456 Israel.

2283 491 2455 561 Quam
2484 494 2755 549 mznulavit
2783 494 3027 565 patribus
3056 494 3280 559 neStris,
3330 503 3357 543 Β
3390 503 3448 569 ut
3500 502 3687 550 mitam
3735 496 3813 547 ia-

2211 591 2398 639 cerent
2421 599 2538 639 eam
2570 584 2693 638 ﬁliis
2724 586 2839 641 suis
2860 626 2875 651 ,
2899 595 2959 640 ut
2987 597 3279 658 cognoscat
3300 587 3585 657 generatio
3616 588 3810 659 altera.

2287 677 2407 732 Fllll
2433 678 2522 749 qui
2554 690 2863 750 nascentur,
2895 689 3188 751 cxsurgent
3223 696 3238 734 :
3279 691 3333 737 et
3364 682 3670 737 narrabant
3690 695 3812 735 eam

2214 768 2342 825 ﬁliis
2371 770 2505 825 suis.
3220 756 3223 759 I

2288 864 2355 920 Ut
2377 874 2580 934 ponant
2611 863 2716 936 [AL
2748 862 2971 937 ponam]
2991 865 3044 919 in
3069 865 3179 919 Deo
3207 880 3357 937 spem
3388 880 3540 920 suam
3578 882 3591 920 :
3620 873 3682 929 et
3703 879 3812 919 non

2212 953 2611 1012 obliviseantur
2639 970 2870 1028 operum
2892 956 2988 1013 Dei
3031 956 3115 1013 sui
3142 974 3156 1011 :
3181 967 3239 1013 et
3263 957 3515 1021 mandata
3556 946 3679 1028 ejus
3718 971 3814 1015 ex-

2213 1048 2449 1121 quirant.

2226 1128 2233 1143 ³
2293 1142 2372 1198 Nc
2397 1141 2529 1197 ﬁant
2556 1142 2695 1197 sicut
2719 1151 2901 1212 patres
2930 1157 3142 1211 eorum,
3165 1156 3337 1221 genus
3360 1156 3587 1212 pravum
3613 1149 3671 1197 et
3689 1158 3813 1214 per-

2216 1250 2481 1300 amarum,
2529 1250 2698 1305 genus
2729 1234 2871 1302 quod
2901 1249 3007 1289 non
3045 1233 3249 1290 direxit
3277 1249 3372 1293 eor
3400 1250 3585 1309 suum,
3616 1244 3673 1302 et
3704 1250 3813 1290 non

2216 1335 2303 1384 est
2324 1312 2568 1381 creditus
2590 1341 2713 1381 cum
2749 1325 2857 1381 Deo
2889 1325 3133 1396 Spiritus.

2289 1419 2410 1477 Filii
2444 1419 2676 1491 Ephrem
2709 1418 3056 1474 iulendentes
3082 1433 3290 1487 arcum,
3323 1427 3378 1473 et
3406 1417 3702 1485 mittentes
3724 1433 3815 1475 sa-

2217 1514 2381 1585 gittas
2411 1511 2437 1550 ιι
2468 1529 2594 1569 suas
2619 1531 2632 1567 ε
2661 1510 2914 1569 conversi
2943 1520 3072 1567 sunt
3095 1512 3147 1567 in
3169 1509 3255 1567 die
3284 1510 3436 1577 belli.

2290 1606 2406 1662 Nult
2429 1605 2803 1662 custodierunt
2832 1612 3216 1662 testamentum
3249 1603 3342 1660 Dei
3372 1604 3494 1661 sui:
3528 1612 3584 1662 et
3611 1604 3667 1661 in
3694 1604 3814 1676 lege

2144 1700 2192 1761 B
2220 1699 2341 1772 ejus
2372 1698 2656 1754 noluerunt
2682 1697 2982 1752 ambulare.

2292 1791 2357 1847 Et
2385 1790 2536 1846 obliti
2566 1801 2694 1845 sunt
2741 1790 3145 1846 benefactorum
3192 1788 3332 1860 ejus,
3374 1798 3430 1846 et
3476 1788 3812 1847 mirabilium

2218 1886 2357 1954 ejus.
2382 1899 2501 1954 qute
2524 1880 2761 1937 Ostendit
2794 1882 2872 1938 eis
2898 1897 3081 1937 coram
3107 1881 3352 1953 patribus
3373 1896 3584 1949 eorum.

2290 1974 2441 2031 Fecit
2461 1974 2727 2030 mirabilia
2752 1974 2804 2030 in
2836 1982 2975 2031 terra
2999 1970 3243 2046 Egypti,
3270 1974 3324 2029 in
3355 1988 3548 2047 campo
3574 1973 3813 2029 Taneos.

2290 2068 2587 2139 interrupit
2616 2082 2788 2134 mare,
2818 2077 2870 2123 et
2901 2066 3154 2138 perduxit
3187 2081 3320 2127 eos:
3349 2075 3405 2123 et
3434 2066 3621 2121 statuit
3649 2081 3817 2139 aquas

2219 2162 2374 2234 quasi
2403 2161 2456 2216 in
2480 2173 2677 2216 utrem.

2295 2255 2357 2309 Et
2387 2253 2573 2308 eduxit
2594 2267 2689 2308 eos
2715 2252 2767 2308 iu
2799 2251 2942 2308 nube
2964 2252 3068 2308 dici
3096 2267 3110 2306 :
3138 2261 3195 2309 et
3226 2260 3340 2307 tuta
3383 2261 3544 2308 nocte
3584 2251 3640 2308 iu
3692 2251 3815 2308 illu-

2219 2347 2520 2403 minationc
2551 2345 2713 2416 ignis.

2297 2439 2592 2508 Interrupit
2620 2436 2674 2492 in
2704 2452 2890 2492 eremo
2919 2448 3163 2508 petram:
3190 2445 3247 2494 ct
3272 2437 3682 2517 adaquavitcos
3707 2438 3817 2494 vel-

2219 2541 2273 2588 ut
2305 2532 2534 2603 ubyseus
2559 2530 2747 2585 multa.

2292 2624 2357 2679 Et
2380 2622 2566 2679 eduxit
2585 2636 2776 2693 aquam
2798 2621 2867 2679 de
2890 2630 3038 2693 petra
3070 2639 3086 2680 :
3108 2631 3161 2678 et
3181 2620 3371 2680 eduxit
3387 2631 3661 2695 tamquam
3686 2620 3813 2696 [ιιι.

2219 2715 2381 2790 sicut]
2404 2716 2625 2772 ﬂumina
2649 2730 2838 2787 aquas.

2293 2809 2355 2865 Et
2380 2818 2755 2880 apposuerunt
2781 2810 2959 2865 adhuc
2991 2807 3004 2847 ί
3042 2825 3268 2881 peccare
3297 2810 3347 2867 ei
3383 2828 3397 2866 :
3441 2811 3492 2865 iu
3519 2810 3659 2865 iram
3687 2824 3820 2865 cou-

2220 2905 2532 2959 cituvcrunt
2562 2902 2839 2958 excelsum
2867 2902 2918 2957 in
2946 2902 3215 2960 siccitate.
3516 2890 3517 2893 “

2294 2997 2362 3052 Et
2383 2995 2909 3051 tcntavcruutDcum
2941 2995 2994 3049 in
3027 2996 3284 3051 cordibus
3325 2996 3460 3058 suis,
3487 3008 3539 3048 ut
3569 3004 3820 3067 peterent

1781 3104 1837 3150 ut
1887 3103 2115 3168 peterent
2144 3093 2191 3158 C
2221 3107 2375 3163 escas
2402 3091 2689 3146 animabus
2715 3090 2827 3145 suis
2853 3106 2866 3143 :
2895 3101 2945 3146 et
2975 3089 3118 3145 male
3144 3091 3304 3146 loculi
3336 3101 3461 3146 sunt
3482 3090 3554 3146 de
3598 3090 3736 3157 Deo,
3766 3100 3821 3145 et

2219 3188 2495 3256 dixerunt,
2529 3184 2793 3255 Numquid
2830 3184 3026 3255 poterit
3067 3185 3210 3241 Deus
3243 3200 3437 3256 parare
3473 3199 3728 3240 mensam
3760 3183 3815 3257 in

2221 3278 2477 3337 deserto?
2776 3325 2781 3330 .

2295 3373 2565 3442 Quoniam
2594 3372 2857 3443 percussit
2891 3379 3099 3442 petram
3120 3412 3135 3439 ,
3160 3379 3215 3427 et
3236 3371 3513 3427 ﬂuxerunt
3542 3384 3701 3442 aqua:
3724 3386 3738 3424 :
3765 3376 3819 3424 et

2226 3475 2503 3523 terrentes
2531 3463 2953 3527 inundaverunt.

2297 3557 2566 3628 Numquid
2597 3567 2651 3613 et
2680 3572 2873 3628 panem
2904 3554 3111 3628 poterit
3137 3554 3300 3613 dare?
3324 3562 3423 3627 aut
3446 3568 3646 3639 parare
3670 3570 3825 3613 meu-

2224 3666 2341 3709 sam
2369 3650 2573 3722 populo
2599 3652 2741 3707 suo?

2293 3743 2421 3799 Ideo
2450 3743 2655 3799 audivit
2688 3743 2967 3807 Dominus,
2999 3752 3054 3801 et
3083 3741 3328 3798 distulit:
3351 3750 3407 3799 et
3435 3741 3817 3813 superposuit,

2218 3848 2276 3894 et
2319 3838 2456 3909 ignis
2507 3852 2768 3894 accensus
2821 3848 2903 3893 est
2948 3837 3002 3893 iu
3045 3835 3306 3903 λάροι»,οι
3353 3835 3432 3891 ira
3469 3834 3715 3893 ascendit
3769 3834 3822 3889 in

2218 3930 2380 3989 Israel
2392 3970 2406 3985 .

2228 4229 2368 4295 gent,
2399 4228 2446 4276 et
2469 4219 2754 4295 narrabant
2784 4236 2864 4295 ea,
2896 4227 3002 4295 etc.
3022 4217 3224 4295 Porro,
3257 4216 3333 4295 [lt
3359 4225 3559 4295 ponant
3598 4216 3651 4269 in
3680 4211 3816 4280 Deo,

2225 4289 2279 4348 et
2308 4307 2430 4347 mox
2469 4291 2680 4346 Domini
2705 4308 2802 4364 pro
2826 4289 2924 4349 Di
2954 4291 3054 4345 sui.
3083 4292 3243 4358 Tum,
3280 4290 3363 4344 Ne
3381 4291 3512 4364 [iant
3552 4298 3817 4364 tamquam

2226 4373 2398 4435 patres
2430 4380 2628 4435 eorum,
2672 4358 2932 4432 generatio
2980 4378 3160 4429 prava,
3196 4358 3510 4435 exacerbans
3555 4362 3815 4429 (August.

2224 4434 2542 4505 amaricans)
2570 4450 2584 4497 ;
2609 4436 2873 4506 generatio
2898 4450 3014 4505 qua:
3054 4450 3157 4487 non
3199 4434 3423 4487 correxit
3450 4446 3538 4485 cor
3561 4446 3738 4497 suum,
3768 4439 3817 4482 et

2223 4522 2327 4575 nan
2355 4505 2580 4559 creditus
2604 4504 2717 4558 cum
2743 4504 2847 4559 Deo
2874 4504 3086 4575 spiritus
3107 4520 3304 4559 eorum.
3476 4574 3497 4575 η
3542 4572 3549 4575 Δ
3664 4507 3669 4575 ί

2295 4574 2320 4613 ¹¹
2351 4577 2512 4631 Tacet
2541 4577 2680 4630 idem
2716 4592 2796 4631 ms
2845 4570 2989 4642 διιίιε,
3021 4584 3132 4630 tum
3189 4576 3331 4645 legit,
3361 4575 3414 4627 in
3446 4572 3623 4645 diebus
3660 4570 3816 4645 belli.

2137 4638 2193 4700 Ι)
2219 4649 2395 4718 Atque
2424 4647 2617 4701 iterum
2648 4647 2720 4699 tui
2752 4657 2892 4701 tacet
2920 4638 3043 4714 pust
3080 4638 3278 4701 nomen
3307 4644 3426 4718 Dei,
3458 4644 3693 4718 legitque
3724 4642 3818 4695 al-

2218 4713 2336 4773 tern
2391 4735 2548 4772 versu
2583 4760 2597 4780 ,
2669 4718 2892 4787 l'enrﬁci-
2918 4713 3032 4771 rum
3080 4720 3190 4787 ejus
3234 4725 3280 4772 et
3333 4713 3645 4787 mirabdium
3696 4730 3821 4787 quia

2214 4791 2436 4844 ostendit
2463 4790 2536 4843 eis
2557 4803 2735 4844 coram
2776 4786 3008 4860 putribus
3033 4786 3229 4843 eorum.
3272 4788 3404 4851 Quae
3443 4786 3562 4859 fecit
3594 4786 3819 4860 rrtirabi-

2214 4863 2306 4919 tia,
2331 4875 2437 4914 t'lC.
2471 4861 2536 4914 Ι⁴2ι
2569 4878 2716 4924 mox.
2742 4856 2973 4915 traduxi:
3006 4870 3117 4926 eos,
3142 4861 3322 4915 statuit
3367 4856 3533 4928 aquas
3559 4856 3716 4924 quasi
3758 4856 3817 4909 in

2213 4946 2342 4987 utre.
2380 4933 2659 4999 Denique;
2695 4933 2901 4999 Dirupit
2938 4943 3134 4995 petram
3177 4936 3229 4984 in
3269 4931 3493 4990 deserto,
3535 4938 3580 4980 rt
3608 4928 3818 4997 putavit

2213 5019 2299 5058 eos
2322 5006 2455 5076 sicut
2477 5004 2691 5076 abyssus
2725 5002 2907 5056 multa.
2944 5002 3043 5057 Ubi
3084 5003 3245 5076 etiam
3280 5018 3376 5076 pro
3419 5000 3649 5071 Dirupit,
3676 5013 3811 5067 ejus

2213 5078 2395 5129 editor
2426 5071 2560 5129 libri
2577 5076 2653 5129 ait
2679 5090 2737 5130 se
2768 5079 3089 5128 emendas-0
3120 5071 3373 5151 Disrttpt‘l.

2370 5206 2581 5258 Pulchre
2599 5205 2852 5258 mehercle
2879 5204 3085 5263 factum,
3115 5210 3164 5254 et
3191 5202 3466 5267 sapienter.

2291 5353 2303 5393 ί
2339 5354 2486 5409 hlem
2509 5367 2612 5408 ms.
2640 5366 2704 5407 ex
2726 5350 3015 5420 antiquarii
3049 5360 3463 5420 tamenerrurc,
3487 5351 3809 5418 peccatores,

2210 5438 2256 5480 et
2281 5429 2329 5481 in
2355 5425 2526 5481 iram?
2551 5440 2646 5491 pro
2676 5419 2889 5491 peccare
2925 5423 2991 5482 ei.
3024 5431 3130 5491 etc.
3169 5419 3420 5491 Inferius,
3468 5421 3812 5491 detraxerunt

2211 5500 2342 5560 Deo.
2378 5512 2475 5565 pru
2503 5484 2640 5550 mule
2663 5484 2820 5547 locuti
2845 5504 2962 5565 sunt
2987 5493 3051 5545 de
3080 5490 3208 5565 Deo.
3234 5504 3298 5544 ac
3317 5488 3548 5565 deinde.
3580 5484 3815 5539 induxe—

2211 5579 2331 5624 runt
2357 5560 2453 5634 pro
2483 5566 2879 5621 inundaverant.
2902 5563 3039 5634 Tum
3071 5564 3244 5617 altero
3279 5560 3363 5634 alr
3383 5560 3484 5634 huc
3515 5570 3669 5634 versu
3707 5566 3816 5634 ja-

2213 5650 2303 5695 cet
2324 5624 2377 5694 ei
2398 5636 2722 5711 supcrposuit
2742 5650 2762 5689 :
2789 5633 3025 5711 denique
3048 5634 3198 5711 legit,
3221 5629 3549 5687 crediderunt
3583 5627 3634 5680 in
3692 5624 3819 5682 Do-

2212 5712 2374 5781 mino,
2397 5704 2493 5765 nec
2515 5704 2848 5779 speraverant
2876 5706 2929 5760 in
2948 5704 3163 5762 salutari
3188 5718 3302 5759 sua.
