3936 6180
185 224 278 281 281
1477 226 1680 286 LIBER
1723 231 2168 293 PS.\l..\lOliUM.
3359 249 3467 310 963

255 341 377 406 Quia
408 357 513 396 non
534 339 858 400 crediderunt
890 348 916 378 ι
947 341 998 396 in
1031 339 1143 396 Deo
1162 355 1190 424 :1
1217 355 1310 396 nec
1337 355 1672 415 speravi-runt
1710 347 1762 401 in
1791 351 1842 409 Α
1939 349 2076 416 Quia
2111 367 2218 406 non
2255 350 2607 412 crediderunt
2635 355 2688 413 in
2721 356 2889 416 Deum
2919 375 3076 418 suum
3103 375 3117 416 :
3151 375 3252 418 nec
3279 375 3468 435 spera-

187 434 392 487 salutari
431 438 568 506 ejus.

251 525 311 579 Et
357 528 627 580 mandavit
682 527 901 582 nubibus
952 527 1174 599 desuper

190 620 400 688 aperuit.

246 707 306 763 Et
333 712 469 782 pluit
501 713 610 766 illis
646 731 835 767 manna
862 714 934 768 ad
976 715 1399 770 manducandum
1427 733 1447 772 :
1495 728 1541 772 et
1583 733 1768 788 panem

183 803 287 859 caeli
308 806 446 858 dedit
480 807 577 860 eis.

248 897 433 952 Panem
463 899 773 970 angelorum
816 901 1145 955 manducavit
1183 902 1335 956 homo
1360 919 1378 956 :
1405 903 1600 958 cibaria
1630 905 1767 958 ntisit

179 989 244 1043 eis
271 990 314 1041 in
338 989 687 1042 abundantia.

243 1082 523 1139 Transtulit
570 1095 810 1139 austrum
841 1085 904 1140 de
953 1083 1082 1139 ccelo
1109 1101 1128 1140 :
1155 1095 1204 1140 et
1249 1087 1453 1142 induxit
1498 1091 1552 1142 in
1584 1091 1769 1144 virtute

176 1193 267 1230 sua
282 1177 533 1246 Africum.

245 1266 305 1320 Et
333 1270 464 1336 pluit
494 1286 653 1343 super
681 1285 768 1324 eos
812 1271 944 1324 sicut
976 1272 1236 1342 pulverem
1278 1289 1460 1328 carnes
1496 1290 1515 1329 :
1548 1285 1598 1331 et
1635 1277 1769 1332 sicut

173 1360 199 1400 δ
226 1381 427 1419 arenam
458 1366 620 1420 maris
646 1366 881 1419 volatilia
906 1377 1148 1434 pennata.

243 1455 303 1510 Et
343 1457 635 1510 cccii‘lcrimt
662 1457 906 1512 inmedio
936 1467 1226 1513 castrorttnt
1257 1477 1458 1527 eorum,
1506 1461 1643 1516 circa
1689 1474 1768 1516 ta-

177 1549 443 1606 bernacula
469 1568 669 1606 eorum.

243 1642 306 1696 Et
349 1645 810 1711 manducaverunt,
860 1654 909 1699 et
937 1645 1160 1700 saturati
1186 1657 1306 1700 sunt
1349 1647 1524 1716 nimis,
1559 1657 1606 1701 et
1633 1648 1769 1702 desi-

1227 547 1246 585 :
1295 539 1340 586 et
1393 531 1590 600 januas
1652 531 1768 586 coeli

1877 452 2071 498 verunt
2101 443 2152 500 in
2185 445 2422 502 salutare
2458 447 2597 517 ejus.

1943 535 2011 590 Et
2042 536 2320 592 mandavit
2351 539 2584 595 nubibus
2613 540 2850 614 desuper
2874 584 2890 610 ,
2941 554 2995 601 et
3030 541 3055 582 δ
3096 544 3290 616 ianuas
3338 547 3462 604 coeli

1869 629 2124 698 aperuit:
2159 631 2293 699 pluit
2341 633 2448 686 illis
2475 650 2671 690 manna
2713 637 3070 695 manducare.

1943 721 2142 777 Panem
2173 724 2298 780 εωιὶ
2329 724 2478 780 dedit
2515 727 2595 782 eis
2618 770 2632 793 ,
2664 744 2858 798 panem
2888 731 3206 800 angelorum
3237 732 3456 790 mandu-

1869 815 2012 869 cavit
2053 816 2214 871 liomo
2258 833 2273 872 :
2336 818 2814 879 frumentationem
2860 824 3010 880 misit
3057 826 3137 882 eis
3195 828 3248 882 in
3293 827 3466 886 abun-

1869 908 2094 965 danda:

1946 1001 2012 1056 Et
2040 1002 2295 1058 excitavit
2326 1012 2568 1062 austrum
2603 1006 2670 1063 de
2716 1008 2896 1066 ccelo:
2929 1018 2986 1066 ct
3033 1011 3245 1069 induxit
3271 1013 3324 1070 in
3357 1015 3458 1072 vir

1873 1102 1987 1152 tute
2008 1111 2104 1152 sua
2133 1095 2394 1153 Africum.

1946 1272 2009 1326 Ιίι
2040 1271 2175 1342 pluit
2202 1288 2365 1343 super
2389 1288 2484 1330 eos
2514 1274 2662 1330 sicut
2691 1274 2970 1346 pulverem
3001 1291 3196 1336 carnes
3226 1297 3240 1334 :
3271 1290 3326 1340 et
3358 1279 3463 1337 sic-

1870 1372 1931 1420 ut
1961 1379 2181 1419 arenam
2210 1369 2374 1421 maris
2400 1367 2644 1422 volatilia
2678 1381 2934 1440 pennata.

1947 1455 2012 1510 Et
2041 1458 2370 1532 ceciderunt_
2402 1459 2455 1513 in
2492 1460 2671 1516 medio
2702 1474 3007 1520 castrorum
3038 1479 3228 1528 eorum
3252 1507 3266 1533 ,
3321 1465 3464 1522 circa

1872 1547 2224 1603 tabernacula
2251 1565 2296 1604 θα
2319 1566 2460 1605 rum.

1946 1639 2015 1693 Et
2040 1639 2524 1706 mandat-atterunt,
2556 1651 2609 1697 et
2638 1645 2864 1699 saturati
2898 1655 3023 1700 sunt
3064 1646 3249 1714 nimis,
3277 1657 3331 1702 et
3369 1646 3465 1703 de-

181 1736 366 1789 derium
389 1753 563 1791 eorum
590 1737 772 1793 attulit
789 1738 862 1793 eis
893 1756 906 1791 :
937 1755 1038 1792 non
1064 1748 1183 1792 sunt
1212 1739 1442 1810 fraudati
1463 1758 1492 1794 a
1515 1739 1770 1796 desiderio
1800 1742 1847 1803 Β
1874 1729 2130 1786 εῖάυτίυιη
2154 1747 2343 1786 θοιίιιιὶ
2377 1735 2557 1790 auum
2598 1735 2679 1791 tis
2712 1755 2725 1791 ε
2759 1747 2812 1792 ει
2841 1754 2948 1792 ηυη
2986 1749 3112 1794 sum
3147 1739 3381 1808 [ι’ἱηιάειιί
3433 1757 3463 1796 ³

181 1846 287 1885 8110.

248 1921 420 1977 Adhuc
441 1939 570 1978 esca:
609 1935 630 1962 ε
682 1940 858 1978 eorum
895 1935 1041 1981 erant
1072 1925 1125 1980 in
1168 1942 1253 1981 ore
1285 1926 1516 1998 ipsorum
1549 1943 1568 1982 :
1598 1939 1644 1984 et
1688 1929 1767 1982 ira

189 2010 280 2068 Dei
303 2016 523 2070 ascendit
550 2033 706 2087 super
731 2033 837 2071 eos.

254 2103 314 2158 Et
341 2108 516 2160 occidit
566 2108 787 2180 pingues
819 2125 1040 2180 eorum,
1081 2119 1128 2165 ct
1171 2109 1358 2166 electos
1400 2108 1568 2166 Israel
1606 2113 1768 2183 impe-

193 2195 326 2252 dIuIt.

256 2289 314 2344 In
340 2293 561 2346 omnibus
585 2292 668 2347 Itis
711 2305 1050 2357 peccaverunt
1083 2298 1256 2352 adhuc
1283 2313 1300 2350 :
1327 2309 1371 2352 et
1400 2315 1501 2352 non
1531 2297 1766 2354 credide-

195 2392 299 2435 runt
329 2398 384 2438 σξ-
413 2379 438 2419 ἀ
465 2386 514 2437 in
544 2385 565 2452 1
599 2386 923 2440 mirabilibus
955 2391 1093 2461 ejus.

262 2475 316 2528 Et
345 2478 630 2548 defecerunt
661 2480 715 2532 in
739 2482 965 2535 vanitate
993 2482 1104 2536 dies
1134 2499 1307 2537 eorum
1329 2499 1346 2537 :
1369 2492 1415 2537 et
1439 2484 1565 2537 anni
1589 2499 1768 2538 eorum

197 2583 300 2620 cum
323 2571 656 2640 festinatione.

251 2659 369 2714 Cum
413 2662 658 2718 occideret
713 2681 829 2730 cos,
881 2666 1174 2736 quaerebant
1215 2684 1333 2721 eum

187 2752 378 2819 bantur,
406 2765 448 2810 et
475 2757 703 2813 diluculo
727 2758 989 2813 veniebant
1023 2760 1093 2813 ad
1128 2770 1150 2798 ε
1188 2761 1375 2818 Deum.

253 2846 313 2901 Et
353 2853 608 2905 memorati
638 2864 791 2919 sunt,
843 2853 965 2924 quia
1005 2851 1146 2909 Deus
1193 2856 1407 2927 adjutor
1439 2870 1486 2910 ἡ
1525 2865 1598 2909 est
1629 2855 1652 2924 1
1687 2871 1770 2911 eo-

181 2955 289 2992 rum
317 2958 333 2994 :
365 2952 408 2995 et
438 2942 570 2998 Deus
598 2947 831 3000 excelsus
867 2948 1162 3018 redemptor
1192 2965 1372 3002 eorum
1405 2963 1450 3002 ἦ
1495 2959 1567 3003 est
1598 2949 1620 3018 1

253 3030 317 3085 Et
345 3033 632 3092 dilexerunt
654 3055 768 3092 eum
790 3039 844 3092 in
875 3056 963 3094 ore
987 3057 1080 3094 suo
1111 3056 1127 3094 :
1157 3050 1203 3096 et
1228 3040 1405 3112 lingua
1439 3058 1534 3098 sua
1577 3044 1770 3098 mentiti

178 3135 302 3179 sunt
327 3129 392 3181 ei.

246 3217 348 3273 Cor
372 3233 536 3279 autem
571 3240 753 3279 eorum
782 3241 882 3278 non
913 3234 1024 3280 erat
1047 3234 1244 3280 rectum
1274 3242 1388 3281 cum
1410 3242 1502 3282 eo:
1524 3244 1618 3282 nec
1637 3228 1769 3300 ﬁde-

175 3308 248 3365 les
277 3313 437 3368 habiti
464 3326 576 3370 sunt
601 3317 654 3371 in
695 3327 996 3372 testamento
1026 3321 1157 3390 ejus.

247 3403 369 3474 Ipse
423 3417 588 3463 autem
639 3424 699 3464 σξ-
759 3420 832 3463 est
866 3409 887 3478 1
922 3411 1248 3478 misericors,
1286 3426 1326 3465 ἡ
1378 3421 1425 3466 et
1460 3411 1482 3480 1
1515 3412 1769 3484 prapitius

169 3493 260 3561 [iet
283 3501 496 3567 peccatis
521 3499 542 3536 τ
589 3514 646 3554 +
681 3516 860 3554 eorum
895 3500 915 3568 1
960 3511 1004 3554 et
1044 3518 1146 3555 non
1188 3503 1446 3573 tlispcrdct
1471 3516 1529 3556 ὴ
1555 3520 1639 3557 eos
1673 3503 1694 3571 1

245 3585 312 3640 Et
340 3589 618 3646 abundavit
652 3602 707 3645 ut
736 3609 846 3647 aret
861 3601 984 3648 teret
1013 3594 1146 3648 iram
1171 3611 1317 3648 suam
1350 3611 1369 3648 :
1398 3604 1444 3650 et
1468 3613 1570 3650 non
1591 3612 1772 3651 accen-

172 3676 249 3727 dit
279 3696 474 3736 omnem
501 3685 634 3737 irant
658 3700 828 3738 suam.

244 3768 310 3824 Et
338 3775 633 3830 recordatus
659 3785 756 3843 est,
792 3775 913 3847 quia
941 3792 1064 3832 caro
1091 3786 1209 3832 sunt
1234 3791 1253 3831 :
1275 3779 1490 3850 spiritus
1537 3779 1727 3835 radens
1753 3822 1768 3848 ,

171 3868 199 3906 ε
236 3873 282 3915 et
310 3881 413 3920 non
435 3868 658 3924 rediens.

251 3955 464 4023 Quoties
505 3961 941 4016 exacerbarerunt
993 3977 1109 4016 eum
1147 3961 1200 4016 in
1243 3961 1448 4017 deserto
1463 3963 1486 4018 .'
1529 3964 1583 4018 in
1635 3963 1770 4018 iram

179 4047 308 4119 ius.
339 4052 436 4125 ira]
461 4057 847 4111 concitaverunt
872 4072 985 4112 eum
1005 4056 1059 4111 in
1077 4058 1373 4130 inaquoso!

1386 2683 1406 2723 ἔ
1452 2678 1500 2722 et
1545 2677 1766 2723 reverte-

244 4310 269 4338 ³
300 4303 363 4359 In
405 4305 628 4362 llcbrato
673 4321 796 4362 cum
842 4307 1231 4376 prmpositiiine
1281 4317 1364 4363 est
1400 4291 1660 4375 D’35N2.
1718 4312 1772 4365 in

175 4368 286 4451 lico
308 4391 326 4426 :
353 4389 506 4448 atque
535 4380 674 4434 adeo
705 4368 994 4448 perperam
1021 4379 1374 4434 lilartianazus
1400 4396 1521 4434 eam
1557 4368 1770 4451 priapo-

177 4444 435 4522 sitioueni
457 4465 583 4522 veru
617 4444 1049 4522 priiruotaverat,
1085 4451 1230 4518 quod
1269 4465 1368 4505 nos
1401 4452 1467 4505 ad
1501 4444 1604 4506 ms.
1639 4444 1775 4522 quo-

178 4527 280 4584 qu:
313 4518 526 4574 Palatini
560 4520 720 4575 liilein
756 4521 1105 4575 sustulimus.

253 4586 276 4622 ιι
313 4588 601 4660 Rescripsit
637 4594 865 4662 sequior
909 4591 1118 4647 codicis
1164 4591 1398 4647 Palatini
1453 4594 1775 4649 emendator

183 4672 338 4710 arena
378 4678 424 4716 ιη
455 4675 626 4716 τροιο.

1871 1822 2149 1879 desiderio
2178 1839 2298 1879 suo.

1941 1913 2132 1968 Adhuc
2175 1929 2298 1970 esca
2331 1930 2521 1971 eorum
2554 1930 2671 1972 erat
2729 1919 2783 1974 iu
2829 1933 2923 1976 ore
2955 1921 3198 1993 ipsorum
3232 1941 3244 1977 :
3279 1933 3334 1981 et
3380 1925 3462 1982 ira

1867 2005 1968 2062 Dei
1998 2008 2245 2062 ascendit
2275 2023 2440 2080 super
2469 2024 2586 2065 eos.

1943 2101 2006 2156 Et
2036 2100 2238 2156 occidit
2267 2103 2528 2172 plurimos
2558 2117 2746 2160 eorum
2778 2120 2793 2162 :
2826 2115 2879 2161 et
2904 2105 3109 2165 electos
3139 2107 3307 2168 Israel
3353 2111 3452 2166 im-

1867 2194 2091 2266 pedivit.

1942 2283 1999 2339 In
2033 2284 2286 2340 omnibus
2332 2284 2416 2340 his
2446 2297 2810 2357 peccaverunt
2856 2289 3034 2346 adlmc
3068 2307 3082 2346 :
3114 2304 3170 2347 et
3201 2309 3307 2349 non
3343 2310 3464 2350 cre-

1869 2375 2131 2431 diderunt
2160 2378 2212 2430 in
2238 2376 2365 2450 [Με.
2408 2389 2510 2432 tac.
2545 2378 2619 2450 in]
2653 2381 2992 2436 mirabilibus
3031 2383 3173 2451 ejus.

1943 2468 2357 2524 Etdelecerunt
2405 2471 2457 2525 in
2507 2472 2742 2527 vanitate
2781 2473 2896 2527 dies
2947 2489 3185 2530 eorum:
3241 2485 3298 2534 et
3338 2478 3465 2533 anni

1870 2578 2060 2619 eorum
2097 2578 2220 2617 cum
2263 2562 2572 2618 festinantia
2605 2563 2732 2634 illis.
2782 2563 3178 2638 festiuainnc].

1941 2656 2075 2710 Cum
2118 2653 2444 2710 ioccideret
2493 2671 2618 2719 eos,
2673 2665 2800 2712 tunc
2850 2660 3195 2730 inquirebant
3241 2678 3362 2717 cum
3416 2672 3472 2717 et

1871 2752 2358 2820 converti-bantur,
2392 2763 2444 2806 et
2473 2760 2599 2807 ante
2653 2753 2828 2808 lucem
2857 2755 3150 2811 veniebant
3178 2757 3242 2812 ad
3277 2759 3466 2813 Deum.

1947 2847 2013 2901 Et
2046 2846 2328 2901 memorati
2360 2855 2509 2910 sunt,
2542 2850 2669 2916 quia
2698 2847 2838 2901 Deus
2867 2849 3086 2919 adjutor
3114 2864 3301 2906 eorum
3336 2860 3464 2907 cst:

1874 2945 1928 2994 et
1965 2938 2103 2993 Deus
2133 2938 2386 2993 excelsus
2417 2936 2684 2993 liberator
2713 2954 2900 2994 eorum
2933 2951 3036 2995 est.

1947 3030 2013 3085 Et
2032 3030 2343 3106 dilexerunt
2371 3045 2495 3086 eum
2523 3031 2575 3086 in
2603 3047 2698 3087 ore
2726 3046 2872 3088 suo:
2904 3041 2960 3090 et
2990 3033 3169 3106 lingua
3196 3048 3292 3090 sua
3313 3049 3468 3092 mcu-

1795 3136 1844 3204 ο
1877 3121 1956 3177 ιίιί
1987 3133 2112 3177 sunt
2134 3103 2207 3177 iri.

1949 3213 2058 3270 Cor
2084 3223 2268 3270 autem
2295 3229 2484 3270 eorum
2529 3230 2635 3270 non
2670 3224 2789 3271 erat
2827 3226 3039 3274 rectum
3073 3233 3196 3274 cum
3226 3233 3294 3276 co
3323 3235 3336 3276 :
3367 3235 3468 3277 nec

1879 3305 2013 3363 ﬁdes
2042 3307 2216 3363 habita
2242 3316 2327 3362 est
2352 3308 2462 3362 illis
2496 3307 2546 3362 in
2581 3317 2905 3364 testamento
2935 3310 3071 3382 ejus.

1950 3399 2072 3471 Ipse
2097 3409 2277 3454 autem
2301 3409 2386 3456 est
2412 3399 2743 3467 misericors,
2773 3411 2829 3457 et
2856 3403 3126 3473 propitius
3158 3402 3252 3459 lict
3278 3418 3473 3474 pecca—

1881 3494 1947 3548 tis
1978 3508 2189 3560 eorum,
2223 3501 2277 3548 et
2307 3507 2412 3547 non
2445 3491 2722 3565 disperdet
2751 3510 2866 3550 cos.

1953 3586 2020 3641 Et
2049 3586 2432 3656 multiplicavit
2474 3597 2531 3642 ut
2563 3598 2832 3643 averteret
2872 3591 3004 3643 iram
3037 3605 3188 3646 suam
3232 3589 3299 3648 ab
3343 3591 3468 3649 eis:

1881 3691 1937 3738 et
1969 3697 2076 3737 non
2111 3681 2361 3736 accendit
2395 3696 2613 3738 onmem
2646 3681 2780 3736 iram
2814 3697 2991 3738 suam.

1957 3778 2024 3832 l-Zt
2050 3785 2392 3832 memoratus
2418 3785 2520 3843 est,
2550 3775 2676 3845 quia
2707 3775 2835 3848 [Μδ.
2861 3775 3142 3847 quoniam]
3172 3793 3299 3833 caro
3325 3790 3475 3838 sunt:

1882 3869 2112 3939 spiritus
2135 3867 2359 3935 vadens,
2389 3880 2438 3924 et
2470 3882 2575 3926 neu
2602 3867 2821 3922 rediens
2849 3867 2980 3941 [31s.
3004 3871 3328 3944 revertens].

1952 3959 2177 4029 Quoties
2203 3959 2663 4015 exacerbavetuut
2704 3975 2827 4016 eum
2861 3962 2912 4016 iu
2943 3961 3204 4037 deserto}
3251 3967 3301 4022 iu
3331 3967 3468 4024 iram

1878 4054 2289 4112 cencitaverunt
2315 4069 2437 4110 cum
2472 4053 2522 4108 in
2557 4063 2700 4110 terra
2723 4055 2840 4113 sine
2869 4070 3006 4129 aqua
3033 4057 3048 4114 l
3311 4063 3314 4066 ’

1955 4317 1980 4357 e
2013 4307 2211 4364 lterum
2238 4308 2378 4363 male
2411 4307 2534 4363 cod.
2562 4307 2791 4364 Palatio.
2822 4308 2892 4364 Et
2917 4312 3166 4368 voculam
3215 4313 3428 4377 ὁϐελίζει
3456 4330 3468 4367 :

1878 4380 2143 4451 additque
2174 4381 2226 4435 in
2255 4381 2360 4434 line
2391 4394 2590 4434 versus
2621 4379 2949 4451 D.apsalma.

1953 4450 1979 4488 ¹¹
2006 4453 2064 4505 lu
2099 4451 2394 4506 Veroueusi
2423 4465 2506 4504 tus
2540 4492 2554 4508 .
2596 4450 2772 4516 portas
2817 4455 2930 4506 coeli
2959 4453 3178 4520 aperuit,
3211 4462 3258 4507 et
3286 4471 3474 4506 manna

1879 4524 1947 4576 ad
1978 4522 2390 4576 manducandum
2419 4524 2569 4587 pluit.
2605 4522 2671 4575 Et
2695 4541 2874 4589 panem
2899 4525 3031 4586 (celi,
3059 4535 3188 4587 etc.;
3227 4536 3334 4576 tum
3359 4527 3473 4590 [ru-

1879 4595 2193 4648 mentatione
2215 4595 2351 4647 misit
2379 4595 2449 4647 eis
2483 4593 2874 4648 abundantiam.
2913 4594 3167 4647 Excitavit
3199 4609 3430 4648 austrum
3457 4637 3471 4660 ,

1883 4676 1987 4720 etc.
2024 4666 2201 4732 Atque
2229 4666 2385 4728 iul'ra,
2412 4667 2460 4717 in
2493 4666 2660 4718 medio
2683 4677 2973 4720 castrorum
3002 4666 3252 4732 ipsorum,
3286 4666 3339 4717 in
3371 4670 3473 4719 cir-

258 4740 280 4766 ε
316 4731 496 4800 injuria
530 4749 837 4799 pronomen
867 4748 1068 4798 corum,
1109 4733 1250 4802 quod
1274 4744 1360 4788 est
1384 4744 1433 4788 ct
1465 4735 1516 4790 in
1548 4735 1776 4791 llcbrteo
1807 4724 1858 4786 D
1883 4743 2022 4792 cuitu
2055 4724 2500 4789 tabernaculorum
2527 4753 2738 4788 suorum
2771 4753 2790 4790 :
2811 4748 2859 4788 et
2891 4724 3250 4802 .«uliS'equcnti'
3271 4751 3428 4788 \'('l‘.\ll
3457 4779 3470 4800 ,

189 4781 885 4874 εῆλέζ¹ιῖςὶῑειιίέὶιῖξἶιὶξῗὲῐ
901 4781 1080 4857 ζεῖιῖήᾷ
1106 4781 1626 4874 ὄὺέέίὸᾞὲειῖἱιόἷαῖὶιῖ

258 4871 281 4907 ιι
311 4872 467 4928 Immo
518 4891 652 4930 vero
697 4877 966 4930 asterisco
997 4871 1380 4943 prieuutauda,
1417 4894 1524 4931 non
1575 4878 1772 4941 oltelo,

198 4950 273 4995 est
299 4945 346 4997 in
373 4947 681 5014 priepiisitio
706 4988 721 5011 ,
752 4962 874 5017 qua:
904 4956 960 5000 et
998 4947 1049 4999 iu
1083 4946 1348 5001 llebraico
1380 4950 1646 5004 vocabulo
1688 4966 1776 5005 ie-

201 5043 338 5086 sonnt
363 5023 621 5098 11.135533
665 5055 682 5102 ;
708 5038 866 5092 abest
896 5045 1077 5091 autem
1101 5051 1130 5089 a
1160 5038 1351 5092 Grmco
1376 5046 1549 5092 textu.

270 5113 288 5140 ε
322 5105 900 5175 RcseripsuuusDeum,
933 5124 1030 5174 pro
1076 5124 1190 5161 eum
1225 5109 1293 5162 ad
1317 5109 1522 5163 codicis
1545 5110 1772 5165 Palatini

213 5170 367 5256 ﬁdem,
401 5170 581 5256 Graieo
610 5182 730 5250 ipso
752 5170 912 5256 textu
934 5170 1186 5256 cogente,
1209 5183 1343 5256 apo:
1372 5183 1464 5256 rint
1494 5182 1636 5237 Θεὸν.
1670 5183 1772 5249 Qui

216 5245 524 5322 subsequenti
549 5245 708 5305 versu
733 5249 842 5304 duo
864 5245 1540 5322 obeliverbosubstantivo
1569 5245 1771 5322 pra-{ixi

220 5326 334 5379 sunt,
369 5321 413 5374 in
445 5325 631 5377 eodem
667 5337 772 5375 ms.
807 5330 860 5373 et
896 5317 1017 5372 Cari
1050 5320 1290 5377 editioiie
1330 5317 1725 5378 desiderantur
1757 5343 1770 5378 :

220 5390 455 5462 subjungit
483 5404 663 5447 autem
697 5407 801 5446 ms.
823 5389 938 5462 ille
975 5389 1296 5461 Diapsalma.

279 5459 292 5497 ί
319 5459 475 5531 Atque
512 5466 601 5520 hic
629 5464 753 5518 siue
781 5461 944 5534 obelo
975 5459 1248 5517 Palatinus
1279 5480 1382 5517 ius.
1416 5463 1570 5534 legit,
1595 5465 1776 5518 minus

231 5545 360 5590 reme.
391 5536 633 5591 Alterum
668 5534 814 5601 quod
850 5531 1200 5600 subsequitur
1225 5552 1310 5588 eos
1341 5531 1662 5602 pronomen,
1702 5548 1782 5590 Ia-

227 5607 344 5660 metsi
373 5622 539 5676 neque
573 5611 625 5661 in
651 5607 846 5676 (ira-co
874 5604 966 5667 sit,
981 5603 1229 5676 additum
1261 5622 1290 5659 a
1325 5621 1385 5660 se
1417 5608 1615 5661 latetur
1650 5607 1782 5662 llic-

229 5672 539 5749 ronymus,'ne
567 5675 828 5733 sententia
856 5672 1096 5749 pendeat,
1120 5687 1175 5730 et
1205 5686 1262 5732 ut
1286 5677 1538 5734 Latinum
1566 5693 1781 5736 sermo-

231 5747 315 5804 netu
335 5766 417 5806 sua
447 5751 790 5821 proprietate
811 5747 1136 5814 compleret.

1883 4824 1986 4861 non
2030 4817 2101 4860 cst
2150 4812 2458 4877 denegatum
2510 4808 2581 4860 eis
2634 4807 2950 4861 desiderium
2997 4807 3246 4877 ipsorum.
3289 4807 3476 4860 Adhuc

1883 4895 2000 4932 cum
2052 4894 2167 4930 esca
2216 4875 2345 4933 esset
2395 4881 2448 4932 in
2489 4895 2576 4931 ore
2631 4894 2837 4941 eorum,
2893 4885 2940 4929 et
2993 4877 3071 4930 ira
3103 4875 3199 4930 Dei
3244 4879 3475 4933 ascendit

1880 4967 1934 5003 tu
1962 4966 2068 5002 €08.

1960 5039 1973 5077 ί
2012 5039 2195 5095 Codex
2233 5039 2583 5102 Veronensis,
2617 5037 2746 5092 Cum
2769 5039 3055 5091 occiderent
3087 5055 3172 5093 eos
3199 5083 3212 5103 ,
3245 5043 3474 5106 require-

1881 5111 2003 5165 bant
2023 5129 2163 5171 eum,
2191 5122 2235 5164 ct
2266 5113 2710 5172 conrertebantur,
2742 5119 2791 5162 et
2819 5109 3098 5176 vigilabant
3127 5109 3358 5166 diluculo
3402 5114 3470 5166 ad

1883 5183 2047 5237 Deum
2075 5185 2200 5254 (ms.
2253 5181 2597 5254 diluculo_ad
2627 5180 2786 5254 eum).
2846 5178 2914 5232 Et
2968 5184 3290 5254 rememorati
3322 5195 3472 5248 sinit,

1883 5249 2128 5324 quoniam
2165 5253 2323 5317 Deus,
2360 5263 2464 5324 etc.
2499 5249 2633 5303 Tum
2662 5251 3332 5324 subsequentis_\'crsicu|i
3380 5269 3471 5323 po-

1883 5322 2083 5379 Slrema
2131 5325 2176 5375 ei
2226 5322 2415 5374 Vocula
2471 5323 2872 5384 prtl'termissa,
2925 5322 3095 5390 pergit
3126 5340 3138 5374 ε
3169 5323 3268 5377 σοι.
3306 5322 3474 5376 mpm,

1885 5409 2057 5446 eorum
2086 5409 2189 5444 non
2217 5400 2290 5442 est
2335 5402 2530 5443 rectum
2575 5406 2690 5443 cum
2737 5408 2795 5444 eo
2823 5435 2836 5458 ,
2882 5409 2971 5445 nec
3018 5393 3265 5448 creditum
3299 5407 3369 5448 est
3401 5400 3472 5446 cis

1888 5472 2239 5519 testamcntum
2265 5461 2396 5528 ejus.
2435 5460 2558 5529 Ipse
2595 5472 2666 5513 est
2695 5462 2831 5513 enim
2859 5465 3150 5515 misericors
3169 5507 3184 5530 ,
3217 5475 3261 5517 et
3293 5468 3471 5531 propi-

1890 5539 1991 5590 tius
2018 5533 2110 5585 crit
2133 5533 2352 5606 peccatis
2384 5546 2592 5606 eorum,
2644 5543 2690 5584 et
2722 5547 2824 5584 non
2858 5534 3118 5600 disptrtlel
3149 5551 3248 5588 cos.
3287 5535 3348 5588 lit
3380 5554 3472 5606 np-

1887 5615 2038 5676 pouet
2069 5615 2291 5676 ov._rtcre
2320 5601 2726 5676 indignationem
2773 5618 2959 5669 suam,
3006 5615 3050 5676 et
3078 5622 3177 5659 non
3229 5601 3470 5660 accendit

1888 5672 2108 5745 oni-nent
2139 5672 2270 5723 iram
2319 5687 2486 5722 suant.
2521 5672 2562 5727 Ε
2613 5673 2808 5745 quibus
2861 5673 3110 5745 quuzdam
3143 5677 3302 5734 ttttitfc
3351 5693 3471 5732 cum

1887 5743 2186 5818 Augustino
2201 5751 2523 5800 consonant.
