3936 6180
190 212 285 272 265

1426 207 1629 264 LIBER
1668 202 2113 265 PSALMORUM.

3311 211 3419 271 266

192 328 432 387 admodum
470 333 630 399 patres
669 324 845 381 eorum
882 323 1109 380 conversi
1140 330 1258 379 sunt
1305 324 1360 379 in
1395 339 1572 378 arcum
1600 340 1721 396 pra-
1748 324 1801 384 Λ
1824 318 2279 393 quemadmodum
2306 326 2488 389 patres
2509 333 2699 377 eorum
2720 320 2968 378 conversi
2992 330 3118 377 sunt
3148 319 3201 377 in
3232 336 3418 379 arcum

191 437 313 476 cum.

249 510 308 564 In
336 519 357 546 ἰ
383 511 499 563 iram
526 509 893 563 concitaverunt
934 524 1045 563 eum
1080 508 1133 562 in
1167 508 1384 563 collibus
1411 508 1517 561 suis
1550 523 1569 561 :
1594 516 1640 562 et
1665 508 1721 562 in

184 602 462 674 sculptilibus
506 602 608 655 suis
651 601 715 655 ad
750 600 1124 655 cumulationem
1154 617 1266 654 eum
1298 610 1717 672 prouocauerunt.

239 696 425 750 Audiuit
454 694 602 766 Deus,
625 706 669 750 et
691 696 898 766 sprevit,
930 704 977 751 et
1006 695 1075 749 ad
1104 695 1323 751 nihilum
1352 697 1547 768 redegit
1576 696 1721 751 t°alde

184 785 342 841 Israel.

236 879 295 933 Et
334 880 507 949 repulit
560 879 929 935 tabernaculum
984 880 1136 949 Silo,
1199 882 1583 937 tabernaculum
1652 899 1713 939 οξ-

180 990 301 1026 suum
327 975 346 1043 ζ
374 971 400 1009 ι)
428 973 510 1026 ubi
536 972 772 1027 habitavit
809 973 862 1026 in
890 971 1201 1027 hminibus.

234 1063 292 1117 Et
315 1064 514 1118 tradidit
540 1067 592 1119 in
616 1066 952 1134 captivitatem
978 1066 1217 1119 uirtutem
1260 1080 1439 1119 eorum
1469 1072 1558 1119 :et
1602 1062 1723 1137 pul-

177 1156 475 1211 chritudinem
503 1173 674 1211 eorum
703 1158 754 1211 in
778 1174 961 1212 manus
1002 1156 1217 1211 inimici.

230 1248 287 1303 Et
306 1250 537 1304 conclusit
561 1250 614 1304 in
638 1250 815 1322 gladio
852 1249 1107 1322 populum
1145 1265 1298 1304 suum
1328 1265 1347 1304 :
1374 1258 1423 1304 et
1451 1248 1722 1304 hceredita-

176 1349 255 1394 tem
290 1358 424 1395 suam
448 1343 652 1413 sprevit.

226 1433 421 1490 Jutenes
448 1453 617 1491 eorum
638 1438 857 1493 comedit
884 1438 1021 1509 ignis
1052 1452 1069 1491 :
1094 1445 1140 1492 et
1168 1436 1389 1508 virgines
1408 1451 1591 1492 eorum
1618 1451 1723 1491 non

171 1536 264 1582 sunt
295 1528 589 1603 lametttatw.

226 1620 495 1678 Sacerdotes
524 1639 701 1678 eorum
740 1625 793 1677 in
852 1622 1033 1696 gladio
1084 1622 1380 1678 ceciderunt
1412 1637 1433 1677 :
1462 1629 1508 1678 et
1553 1620 1724 1677 vidua:

170 1728 313 1766 eorum
339 1730 433 1769 uon
456 1714 818 1785 plorabantur.

222 1802 283 1858 Et
301 1807 529 1861 excitatus
559 1817 635 1863 est
672 1820 933 1879 tamquam
966 1809 1225 1864 dormiens
1259 1805 1517 1864 Dominus
1542 1825 1563 1875 ;
1591 1816 1725 1861 taut-

167 1913 290 1966 quam
312 1910 477 1969 potens
508 1902 815 1973 crapulatus
842 1920 873 1955 a
903 1903 1045 1957 uino.

221 1988 277 2044 Et
298 1995 529 2061 percussit
550 1994 790 2049 inimicos
810 2012 931 2051 suos
953 1995 1007 2051 in
1033 1996 1318 2067 posteriora
1348 2012 1367 2052 :
1392 1994 1727 2069 opprobrium

168 2084 484 2154 senipiternum
513 2087 663 2142 dedit
698 2086 828 2143 illis.

219 2178 276 2231 Et
298 2184 469 2251 repulit
498 2184 896 2239 tabernaculum
914 2182 1112 2255 Ioseph
1140 2191 1227 2240 :et
1255 2182 1444 2238 tribum
1473 2180 1729 2253 Ephraim

168 2274 261 2345 llis.
290 2274 497 2350 E/i'rem]
530 2296 641 2333 non
671 2280 847 2349 elegit.

216 2370 305 2424 Sed
328 2372 472 2443 elegit
503 2373 701 2427 tribum
726 2370 759 2426 J
768 2373 891 2438 uda,
920 2380 1142 2425 montem
1170 2368 1301 2424 Sion
1336 2384 1487 2439 quem
1522 2366 1725 2421 dilexit.

215 2460 270 2516 Et
294 2465 552 2534 aediﬁcavit
577 2466 714 2520 sicut
746 2464 1075 2518 unicornium
1108 2461 1451 2531 sanctiﬁcium
1496 2466 1644 2513 suum
1674 2457 1729 2511 in

163 2564 292 2625 terra,
317 2576 459 2629 quam
486 2560 738 2631 {undavit
769 2560 821 2613 in
846 2556 1062 2613 saecula.

212 2650 267 2704 Et
287 2653 423 2725 elegit
450 2652 637 2707 David
664 2667 867 2706 servum
898 2666 1077 2717 suum,
1109 2658 1156 2703 et
1189 2663 1249 2704 σε»
1290 2664 1375 2701 sus
1410 2646 1431 2714 ζ
1466 2644 1584 2700 tulit
1610 2660 1729 2700 eum

160 2742 205 2794 de
227 2746 434 2817 gregibus
454 2746 639 2801 ovium
663 2760 682 2800 :
717 2743 781 2797 de
810 2752 923 2815 post
955 2746 1172 2815 {etantes
1198 2740 1393 2810 accepit
1420 2755 1558 2794 eum.

212 2926 403 2988 Poscere
419 2931 597 2988 Jacob
634 2944 833 2986 servum
856 2943 1043 2996 suum,
1074 2934 1121 2982 et
1147 2923 1346 2995 Israel,
1382 2922 1732 2979 [nereditatem

159 3040 290 3081 suam.

1825 426 2166 485 perversum.

1893 507 1953 563 In
1982 506 2109 579 [illa
2139 504 2209 560 Et
2240 502 2317 573 in]
2350 504 2484 559 iram
2508 503 2920 560 concitaverunt
2954 519 3077 559 eum
3110 506 3162 560 in
3188 506 3421 562 collibus

1823 600 1937 658 suis
1964 617 1978 653 :
2002 598 2133 655 etin
2162 595 2505 665 sculptilibus
2541 597 2654 651 suis
2688 605 2711 633 ο
2743 596 2979 651 aemulati
3010 606 3138 651 sunt
3162 613 3306 655 eum.

1896 693 2115 750 Audivit
2140 690 2427 774 Dominus,
2460 699 2515 747 et
2543 691 2777 760 sprevit,
2810 700 2864 747 et
2892 690 2959 746 ad
2989 690 3218 748 nihilum
3258 694 3418 751 rede-

1822 788 1900 859 git
1920 785 2083 841 nimis
2105 783 2291 839 Israel.

1896 880 1961 933 Et
1984 876 2178 947 repulit
2204 873 2616 930 tabernaculum
2638 871 2756 929 Silo
2784 871 2923 943 [Ms.
2958 872 3140 930 Selom
3162 876 3178 945 gl
3198 918 3212 943 ,
3244 878 3422 935 taber—

1824 970 2076 1028 naculum
2107 982 2297 1034 suum,
2328 966 2382 1020 in
2414 980 2522 1036 quo
2549 964 2981 1033 babitavitinter
3008 966 3273 1023 homines.

1898 1064 1967 1119 Et
1987 1060 2205 1118 tradidit
2232 1060 2285 1115 in
2315 1058 2681 1129 captivitatem
2710 1058 2938 1114 virtutes
2959 1073 3148 1115 eorum
3179 1076 3193 1115 :
3220 1070 3273 1116 et
3301 1063 3426 1132 pul-

1825 1157 2169 1217 chritudines
2189 1171 2379 1213 eorum
2410 1156 2464 1211 in
2490 1170 2685 1213 manus
2715 1156 2939 1213 inimici.

1899 1254 1967 1308 Et
1993 1251 2263 1309 conclusit
2284 1250 2338 1306 in
2367 1250 2551 1321 gladio
2579 1250 2837 1321 populum
2875 1266 3032 1307 suum
3068 1271 3083 1308 :
3109 1261 3166 1310 et
3196 1254 3425 1312 Incredi-

1827 1357 1992 1405 tatem
2021 1361 2173 1402 suam
2202 1345 2429 1415 sprevit.

1896 1440 2135 1497 Iuvenes
2174 1453 2364 1495 eorum
2393 1438 2633 1494 comedit
2661 1438 2805 1510 ignis
2834 1455 2847 1494 :
2872 1448 2927 1496 et
2955 1440 3193 1511 virgines
3234 1456 3426 1500 eorum

1827 1549 1935 1591 non
1960 1542 2088 1589 sunt
2116 1532 2447 1588 lamentata.

1898 1624 2225 1683 Sacerdotes
2247 1639 2437 1681 eorum
2465 1624 2643 1696 gladio
2666 1625 3013 1685 ceciderunt:
3032 1629 3206 1685 viduae
3235 1645 3427 1687 eorum

1751 1730 1801 1792 Β
1828 1736 1937 1776 non
1965 1719 2321 1789 ploraverunt
2352 1717 2480 1789 ldis.
2514 1716 2919 1789 plorabuntur].

1904 1813 1970 1867 Et
2014 1811 2286 1868 excitatus
2335 1818 2422 1866 est
2463 1820 2737 1881 tamquam
2802 1810 3081 1867 dormiens
3126 1812 3428 1873 Dominus:

1829 1906 1983 1979 quasi
2011 1904 2137 1977 [Ms.
2170 1904 2465 1976 tamquam]
2498 1912 2695 1973 potens
2722 1906 3035 1975 crapulatus
3061 1923 3093 1961 a
3120 1908 3267 1963 vino.

1902 2000 1969 2055 Et
2001 1999 2267 2070 percussit
2297 1998 2547 2053 inimicos
2594 2014 2723 2054 suos
2764 1999 2819 2055 in
2851 2000 3159 2072 posteriora
3194 2020 3207 2055 :
3234 2016 3433 2075 oppro-

1829 2091 2008 2147 brium
2036 2090 2432 2160 sempiternum
2463 2088 2613 2143 dedit
2653 2088 2736 2145 eis
2766 2107 2779 2143 :

1902 2187 1968 2241 Et
1996 2185 2201 2256 repulit
2231 2184 2639 2239 tabernaculum
2684 2184 2885 2255 Josepb
2912 2228 2928 2252 ,
2983 2187 3182 2243 tribum
3216 2189 3343 2259 [Με.
3377 2199 3433 2245 et

1832 2277 2057 2347 tribum]
2087 2275 2330 2347 Ephrem
2365 2290 2471 2330 non
2499 2276 2663 2345 elegit
2693 2294 2705 2328 :
2739 2275 2833 2331 sed
2866 2277 3004 2347 His.
3033 2278 3117 2347 et]
3150 2281 3312 2349 elegit
3340 2281 3434 2335 tri—

1831 2370 1959 2427 hum
1984 2369 2144 2435 Juda,
2178 2376 2419 2423 montem
2452 2367 2581 2423 Sion
2614 2381 2773 2436 quem
2805 2366 3015 2425 dilexit.

1908 2462 1976 2517 Et
2028 2459 2320 2516 aediﬁcavit
2355 2460 2494 2514 sicut
2538 2460 2961 2515 unicornuorum
2997 2458 3017 2499 ί
3047 2462 3430 2520 sanctiﬁcatio-

1832 2570 1958 2613 ncm
1980 2570 2136 2610 suam
2172 2572 2186 2609 :
2218 2555 2271 2609 in
2298 2562 2446 2609 terra
2466 2552 2716 2608 fundavit
2746 2568 2865 2609 eam
2898 2554 2951 2610 in
2976 2557 3197 2613 saecula.

1906 2648 1975 2704 Et
1995 2648 2160 2718 elegit
2188 2656 2211 2695 ε
2241 2646 2407 2701 David
2430 2661 2648 2702 servum
2678 2661 2835 2701 suum
2864 2688 2880 2715 ,
2926 2656 2981 2703 et
3032 2650 3255 2705 sustulit
3305 2667 3432 2708 eum

1834 2739 1902 2796 de
1929 2739 2184 2810 gregibus
2220 2737 2400 2799 ovium
2443 2753 2457 2791 :
2495 2747 2549 2795 et
2572 2736 2699 2810 [Μδ.
2730 2747 2830 2793 tac.
2860 2737 2935 2809 et]
2962 2739 3029 2795 de
3052 2748 3175 2811 post
3199 2740 3432 2802 fetantes

1834 2830 2046 2902 accepit
2066 2846 2211 2886 eum.
3429 2899 3448 2913 .

1908 2923 2139 2978 Pascere
2168 2920 2338 2977 Jacob
2357 2919 2617 2992 populum
2648 2935 2828 2993 suum,
2854 2930 2910 3007 et
2939 2921 3105 2981 Israel
3138 2965 3156 2995 ,
3200 2926 3431 2985 [neredi-

1838 3024 2002 3072 tatem
2032 3030 2185 3071 suam
2198 3054 2212 3071 .

210 3118 266 3173 Et
290 3123 416 3189 pauit
444 3139 537 3179 eos
558 3122 616 3177 in
645 3120 937 3175 innocentia
957 3118 1131 3173 cordis
1159 3116 1240 3170 sui
1269 3130 1288 3169 :
1315 3122 1361 3169 et
1386 3114 1442 3168 in
1469 3112 1592 3185 [ΜΒ.
1624 3119 1729 3175 tac,
1758 3121 1805 3185 ρ
1912 3111 1977 3165 Ει
2007 3110 2151 3179 pavit
2180 3122 2277 3165 eos
2307 3108 2425 3164 sine
2454 3108 2664 3165 malitia
2694 3110 2876 3169 cordis
2898 3113 2981 3168 sui
3020 3130 3035 3173 :
3070 3124 3125 3171 et
3164 3115 3221 3171 in
3265 3131 3431 3175 sensu

157 3210 214 3282 in]
236 3213 561 3272 intellectibus
592 3230 846 3269 manuum
884 3226 1100 3267 suarum
1128 3207 1365 3264 deduxit.

1840 3217 2101 3258 manuum
2134 3215 2357 3257 suarum
2385 3200 2611 3257 deduxit
2633 3217 2749 3260 eos.

1390 3319 1754 3385 PSALMUS
1798 3317 2153 3382 LXXVIII.

667 3443 693 3473 θ
724 3444 957 3490 ΡεΑωιυε
986 3443 1177 3486 ASAPII.

167 3504 186 3522 Γ
209 3507 630 3595 Βεαξυεηεηιηι
660 3535 834 3598 gentes
858 3526 914 3579 in
936 3522 1286 3579 hcereditatem
1313 3526 1455 3573 tuam
1484 3533 1502 3572 :
1530 3515 1729 3588 pollue-

152 3630 249 3674 runt
274 3624 512 3692 templum
551 3629 788 3674 sanctum
824 3626 1004 3685 tuum,
1039 3621 1321 3686 posuerunt
1349 3610 1639 3666 Jerusalem
1674 3607 1728 3660 in

154 3728 376 3779 pomorum
406 3714 732 3771 custodiam.

206 3804 475 3865 Posuerunt
506 3804 807 3864 morticinia
830 3818 1090 3859 servorum
1119 3810 1325 3855 tuorum
1366 3812 1510 3853 escas
1538 3793 1726 3849 volati-

152 3897 257 3953 libus
276 3901 379 3956 cceli
403 3920 422 3958 :
444 3916 637 3956 carnes
666 3905 969 3954 sanctorum
1008 3904 1212 3952 tuorum
1246 3892 1418 3947 bestiis
1446 3898 1614 3943 teme.

206 4080 497 4151 Elfuderunt
542 4080 850 4154 sanguinem
896 4092 1076 4133 earum
1128 4083 1384 4143 tamquam
1435 4083 1624 4140 aquam
1667 4066 1724 4120 in

151 4172 329 4231 circuitu
345 4176 682 4233 Jerusalem:
712 4182 761 4228 et
784 4187 889 4228 non
931 4179 1040 4225 erat
1062 4168 1150 4239 qui
1180 4164 1434 4237 sepeliret.

207 4356 336 4415 Facti
354 4377 534 4417 sumus
564 4356 902 4431 approbrium
930 4352 1110 4409 uicinis
1136 4350 1324 4405 nostris
1348 4364 1365 4401 :
1388 4343 1719 4403 subsannatio

148 4459 185 4501 et
207 4452 363 4511 illusio
394 4457 473 4513 his
500 4456 588 4527 qui
618 4455 673 4508 in
704 4449 923 4507 circuitu
950 4456 1124 4502 nostro
1154 4452 1290 4499 sunt.
1326 4440 1354 4480 ἀ

2408 3436 2641 3481 PSALMUS
2665 3438 2851 3483 essen.
2914 3430 2915 3433 “
2936 3433 2950 3447 ”

1910 3512 2051 3568 Deus
2080 3555 2096 3581 ,
2141 3522 2411 3570 venerunt
2446 3525 2637 3585 gentes
2690 3518 2742 3573 in
2802 3520 3176 3582 haereditatem
3232 3536 3427 3593 tuam:

1835 3605 2328 3676 coinquinaverunt
2361 3608 2623 3678 templum
2650 3620 2899 3667 sanctum
2930 3622 3099 3672 tuum.

1908 3697 2220 3753 I’osuerunt
2278 3699 2578 3754 Jerusalem
2628 3701 2776 3756 velut
2822 3718 3104 3772 pomorum
3153 3716 3427 3773 custodia-

1836 3790 1975 3847 rium
2006 3789 2135 3862 [51s.
2159 3789 2485 3859 custodiam]
2504 3807 2516 3843 :
2534 3801 2834 3860 posuerunt
2858 3798 3111 3855 mortalia
3133 3816 3423 3866 servorum

1835 3894 2050 3939 tuorum
2077 3897 2234 3938 escas
2268 3881 2579 3938 volatilibus
2611 3886 2627 3955 [7
2646 3883 2749 3940 Ms.
2783 3888 2994 3960 escam]
3039 3895 3160 3950 coeli
3186 3915 3200 3953 ;
3223 3912 3423 3959 carnes

1831 3984 2143 4031 sanctorum
2172 3984 2382 4030 tuorum
2412 3974 2599 4031 bestiis
2632 3986 2811 4033 terrm.

1905 4066 2229 4122 Elluderunt
2280 4066 2599 4138 sanguinem
2648 4084 2837 4126 eorum
2893 4074 3033 4133 sicut
3089 4080 3424 4158 [invehit]

1828 4176 2024 4233 aquam
2057 4161 2110 4216 in
2140 4160 2366 4218 circuitu
2388 4162 2691 4220 Jerusalem
2721 4208 2735 4233 ,
2768 4175 2825 4223 et
2862 4183 2969 4224 non
3001 4181 3116 4226 erat
3144 4176 3233 4242 qui
3264 4190 3422 4247 sepe—

1830 4253 1975 4309 licet.

1900 4345 2051 4402 Facti
2091 4360 2278 4403 sumus
2310 4346 2363 4402 in
2392 4350 2744 4419 opprobrium
2772 4352 2967 4410 vicinis
2996 4356 3196 4412 nostris
3231 4376 3242 4411 :
3271 4356 3297 4395 ιι
3322 4360 3418 4419 de-

1829 4438 2000 4495 risum
2054 4447 2109 4496 et
2160 4450 2531 4513 contemptum
2582 4443 2668 4499 his
2718 4447 2808 4517 qui
2860 4446 2915 4502 in
2958 4449 3187 4504 circuitu
3229 4463 3418 4512 nostro

1832 4541 1978 4588 sunt.

210 4694 233 4721 ι
266 4686 533 4744 Palatinus
558 4700 665 4743 ms.
694 4683 765 4738 In
793 4683 892 4751 ira,
926 4678 1019 4750 qui
1047 4685 1102 4734 et
1130 4673 1278 4732 addit
1304 4673 1359 4729 in
1404 4669 1513 4726 ﬁne
1540 4682 1726 4727 versus
1752 4670 1807 4733 D
1832 4670 1945 4751 ipse
1966 4670 2123 4726 Pater
2139 4669 2367 4751 epistola
2390 4671 2455 4751 ad
2477 4670 2735 4751 Stinniam
2766 4688 2833 4751 es
2861 4648 3419 4751 recensione‘nostra:

152 4749 451 4899 “spism'
464 4831 549 4884 ubi
576 4825 903 4884 adverbium
929 4819 1120 4877 eodem
1150 4816 1361 4873 videtur
1382 4813 1539 4870 obelo
1564 4810 1723 4899 jugu-

146 4888 343 4975 landuin
374 4921 672 4994 :siquidem
722 4917 779 4973 in
826 4915 1056 4971 Hebraeo
1094 4918 1299 4966 tantum
1347 4917 1433 4965 est
1468 4915 1575 4994 per
1609 4888 1722 4965 5m:

145 5032 505 5090 tabernaculum
534 5032 809 5089 habitavit.
844 5029 1021 5083 Minus
1047 5034 1227 5081 autem
1259 5023 1399 5078 bene
1445 5020 1720 5075 Palatinus

148 5115 238 5177 tus.
263 5117 315 5158 et
341 5105 508 5162 Carus
528 5108 760 5177 primam
802 5098 1184 5170 subsequentis
1204 5092 1460 5151 versiculi
1488 5100 1534 5143 et
1555 5106 1723 5162 c0pu-

145 5168 242 5228 lam
270 5191 400 5249 veru
423 5168 751 5249 praenotant.

210 5257 230 5313 ς
273 5246 328 5300 In
358 5237 576 5304 Palatin.
611 5262 719 5302 ms.
756 5244 823 5299 In
848 5244 1003 5313 linem
1033 5238 1277 5295 Psalmus
1307 5237 1505 5305 Asaph.

206 5312 232 5351 ἀ
268 5317 541 5390 §ubjungit
568 5319 716 5374 idem
749 5312 855 5390 ms.
880 5313 1208 5390 Diapsalma.

210 5394 234 5422 ε
272 5385 750 5454 bis—Veronensis,
779 5388 835 5440 in
882 5385 1051 5439 zelum
1098 5387 1497 5454 prouocauerunt
1536 5396 1675 5454 eum
1706 5421 1722 5445 ,

148 5460 249 5530 lunt
271 5460 417 5513 valde
442 5478 534 5530 pro
558 5450 747 5530 nimis,
771 5468 936 5530 atque
960 5450 1220 5530 inferius,
1248 5453 1318 5530 _in
1344 5466 1444 5521 quo
1470 5450 1729 5530 inhabita-

147 5525 207 5576 rit
230 5528 281 5580 in
304 5522 598 5586 hominibus.
631 5529 702 5583 Et
726 5522 953 5582 tradidit
985 5528 1037 5579 in
1074 5523 1421 5595 captivitatem
1466 5522 1730 5592 fortitudi-

146 5610 253 5671 nem
280 5600 500 5671 ipsorum
529 5613 575 5656 et
603 5600 1049 5671 pulchritudinem
1075 5612 1271 5652 eorum.
1342 5666 1354 5671 _
1684 5662 1696 5671 _

216 5665 233 5704 ί
280 5665 417 5722 Idem
445 5688 571 5739 ms.,
593 5665 723 5727 sicut
751 5674 1056 5724 unicornum
1090 5666 1443 5721 sanctuarium
1463 5678 1641 5739 suum,
1672 5665 1733 5739 in

155 5749 267 5792 ma
309 5740 531 5811 [undavit
558 5731 704 5799 'eum
742 5743 797 5796 in
837 5751 1107 5794 wtcrnum.
1160 5740 1214 5794 In
1259 5751 1423 5809 quem
1463 5734 1642 5793 locum
1670 5731 1731 5790 S.

425 5836 692 5899 PA'ruon.
741 5830 996 5897 XXIX.

1831 4740 1889 4819 In
1944 4751 2107 4819 terra,
2133 4757 2296 4819 quam
2309 4742 2563 4819 luudavit
2592 4745 2642 4797 iu
2673 4744 3025 4819 ἥκοιμι-1ἰό
3046 4763 3146 4811 quo
3172 4752 3420 4819 scriptum

1831 4814 2083 4866 invenisse
2109 4829 2195 4866 vos
2217 4815 2410 4874 dicitis.
2442 4812 2497 4867 In
2526 4822 2667 4869 terra
2695 4814 2935 4868 fundavit
2963 4830 3081 4869 eam
3118 4820 3168 4871 in
3197 4812 3419 4880 smbula.

1833 4882 1901 4965 In
1930 4883 2150 4965 Hebraeo
2190 4884 2264 4965 illa
2291 4884 2561 4965 _sct'iptztnt
2598 4893 2709 4965 est,
2771 4895 2825 4965 ut
2861 4887 3009 4965 vertit
3046 4887 3419 4965 Symmachus,

1833 4957 1903 5015 ὥς
1938 4962 2029 5015 τήν
2063 4964 2153 5028 γῆν
2192 4956 2250 5013 ἣν
2283 4955 2603 5028 ἐθεμελίωσεν
2634 4956 2745 5028 ΔεἰςΔ
2775 4956 2859 5009 τὸν
2904 4955 3108 5012 αἰῶνα.⁷
3134 4962 3195 5015 Si
3242 4955 3418 5023 auten;

1833 5043 1937 5081 non
1963 5027 2025 5079 de
2055 5024 2189 5102 terra
2212 5024 2426 5102 dicitur,
2457 5025 2595 5102 quod
2620 5024 2831 5093 fundata
2862 5027 2926 5080 sit
2950 5070 2965 5095 ,
2997 5030 3087 5081 sed
3115 5032 3178 5084 de
3200 5034 3306 5088 alia
3330 5057 3419 5102 re,

1831 5114 1946 5168 qua:
1976 5096 2191 5172 fundata
2211 5096 2445 5172 uideatur
2466 5095 2516 5146 in
2549 5105 2706 5172 terra,
2728 5102 2938 5172 probent
2966 5115 3029 5151 ea:
3070 5103 3327 5172 prioribus
3372 5095 3425 5163 εὶ

1830 5166 2173 5245 sequentibus,
2196 5171 2313 5245 quis
2337 5166 2639 5245 sensussit,
2668 5176 2722 5219 ut
2750 5169 2934 5245 nescio_
2948 5166 3093 5245 quid
3135 5178 3273 5245 quod
3318 5196 3423 5233 ηοη

1834 5234 2042 5301 (libum,
2077 5234 2349 5307 fundatum
2369 5234 2603 5307 rideatur
2623 5238 2676 5287 in
2704 5246 2857 5293 terra.
2894 5234 2993 5295 sui
3018 5234 3187 5298 autem
3212 5247 3420 5304 Sancti-

1835 5311 2011 5377 ﬁcium
2032 5306 2085 5361 in
2113 5315 2251 5378 terra
2272 5306 2544 5378 {mutatum
2573 5314 2774 5375 putant,
2800 5311 2967 5364 debuit
2984 5315 3138 5368 scribi
3162 5332 3179 5370 :
3199 5317 3253 5371 In
3277 5327 3425 5378 terra

1834 5375 2085 5434 fundavit
2114 5376 2244 5428 illud
2272 5377 2323 5428 in
2357 5375 2579 5432 saecula.
3260 5399 3301 5441 ι,

1910 5459 1933 5495 ες
1973 5446 2254 5535 Interserit
2283 5444 2421 5500 idem
2445 5459 2547 5535 ms.
2580 5447 2666 5535 hic
2689 5448 2806 5503 sibi.
2825 5449 2977 5533 .Tum
3008 5453 3168 5535 habet
3187 5502 3201 5524 ,
3230 5460 3426 5535 liegere

1836 5520 1997 5602 Iacob
2024 5522 2221 5602 seruum
2244 5522 2561 5602 suutit,”et‘c.
2600 5516 2666 5569 Et
2693 5522 2855 5574 erexit
2886 5540 2972 5577 eos
3018 5528 3069 5578 in
3100 5516 3427 5602 simplicitate

1839 5590 2139 5661 cordisisui,
2172 5586 2289 5661 etin
2312 5583 2569 5661 intellectu
2602 5607 2865 5661 manuum,
2897 5606 3004 5653 etc,

1914 5660 1941 5697 ιι
1982 5657 2315 5730 Veronensis
2345 5656 2553 5730 librarii
2597 5661 2808 5718 mendis
2850 5656 3056 5724 obsitus
3109 5686 3209 5727 ms.
3240 5677 3428 5730 derisio

1846 5742 1892 5790 et
1923 5729 2207 5789 substantia
2228 5728 2347 5802 (pro
2376 5727 2735 5811 subsannatio)
2772 5736 2851 5792 his
2877 5741 2968 5809 qui
2991 5784 3005 5805 ,
3049 5752 3187 5810 etc.;
3244 5727 3434 5802 subsc-

2964 5828 3002 5891 9
