3936 6180
224 202 309 260 209
1513 195 1713 255 Lmen
1758 195 1823 253 PS

1964 193 2119 252 IORL‘
2130 193 2199 249 Μ.

3404 192 3511 246 9.70

284 313 417 379 Deus
446 316 706 369 virtutum
729 320 960 370 converte
988 320 1171 368 uos:et
1200 310 1411 365 ostende
1433 312 1614 382 facient
1642 319 1802 377 tuam,
1835 314 1886 373 Α
1984 308 2213 363 Domine
2256 307 2397 362 Deus
2425 306 2707 371 virtutum,
2738 312 2995 359 converte
3021 318 3120 359 nos
3146 321 3158 358 :
3189 314 3243 361 et
3271 309 3504 364 ostende

235 418 269 462 et
288 410 403 462 salui
432 410 646 463 erimus.

299 499 497 554 Vineam
530 500 595 553 de
623 498 867 572 zEgypto
896 514 953 554 -:~
990 508 1134 553 trans
1164 497 1185 569 ζ
1220 498 1406 567 tulisti,
1454 496 1652 570 ejecisti
1684 514 1808 569 gen-

240 604 314 657 tes,
340 602 383 647 et
414 594 672 665 plantnsti
696 610 829 647 eam.

287 682 399 738 Dux
424 687 629 739 itineris
664 687 814 755 fuisti
841 687 893 739 in
926 696 1203 759 conspectu
1234 688 1348 758 ejus
1384 702 1401 739 :
1430 694 1453 722 ⁸
1482 695 1528 739 ct
1558 684 1812 757 plantasti

232 778 408 829 radices
438 779 574 847 ejus,
606 786 654 830 et
686 777 913 844 implerit
953 788 1195 833 terram.-

291 868 494 942 Uperuit
527 879 727 925 montes
759 869 939 925 umbra
968 870 1081 941 ejus
1108 886 1124 924 :
1148 880 1196 925 et
1233 870 1450 925 arbusta
1492 872 1602 942 ejus
1631 869 1813 924 cedros

238 957 333 1013 Dei.

289 1049 528 1104 Extendit
561 1051 798 1119 palmites
827 1068 945 1107 suos
977 1069 1134 1123 usque
1158 1052 1226 1105 ad
1256 1068 1397 1106 mare
1421 1068 1439 1105 :
1465 1062 1512 1107 et
1540 1068 1705 1125 usque
1744 1051 1814 1104 ad

231 1142 400 1210 ﬂntnen
428 1144 749 1213 prapagines
772 1145 907 1213 ejus.

292 1231 354 1287 Ut
381 1233 503 1303 quid
532 1234 836 1288 destruxisti
874 1235 1149 1289 maceriam
1188 1239 1304 1301 eius
1348 1251 1367 1289 :
1408 1244 1456 1289 et
1498 1234 1814 1291 vindemiant

230 1341 325 1378 eant
356 1342 550 1391 omnes,
575 1328 663 1394 qui
692 1328 1197 1399 prtetergretlinntur
1226 1329 1399 1381 riam?

299 1416 667 1472 Erterminacit
698 1436 815 1474 eam
842 1437 967 1492 aper
993 1422 1055 1474 de
1082 1422 1212 1475 silva
1240 1437 1258 1475 :
1292 1432 1336 1476 et
1363 1418 1648 1493 singularis
1678 1422 1815 1490 [crus

237 1511 463 1581 depastus
496 1523 566 1566 est
596 1529 733 1566 eam.
870 1572 885 1583 υ

296 1604 427 1659 Deus
458 1607 705 1659 virtutum
734 1616 1021 1661 convertere
1058 1622 1076 1661 :
1120 1608 1314 1677 respice
1342 1608 1406 1661 de
1434 1607 1580 1672 (σξιο,
1622 1616 1666 1660 et
1706 1606 1817 1659 vide

240 1705 278 1750 et
302 1696 439 1749 visita
471 1698 670 1750 tineam
696 1700 868 1751 istam.

304 1788 359 1842 Et
383 1790 570 1861 perﬁce
594 1807 708 1844 eam
736 1808 893 1861 quam
921 1792 1174 1862 plantavit
1203 1794 1411 1847 dea-trra
1436 1804 1523 1846 tua
1550 1810 1568 1847 :
1592 1800 1637 1847 et
1662 1807 1819 1862 super

245 1880 386 1950 ﬁlium
415 1880 440 1919 δ
463 1883 705 1945 hominis,
737 1900 887 1952 quem
912 1887 1233 1953 conﬁrmasti
1266 1886 1377 1938 tibi.

308 1975 518 2032 Incensa
546 1978 657 2049 igni
701 1989 752 2033 et
786 1978 1036 2047 suﬂ'ussa,
1080 1980 1142 2033 ab
1170 1981 1521 2051 increpatione
1549 1980 1718 2033 vultus
1749 1976 1823 2031 tui

248 2070 481 2137 peribunt.
1418 2068 1429 2079 ’

309 2162 350 2215 F
356 2168 419 2218 int
446 2183 625 2221 manus
672 2175 763 2221 tua
793 2184 947 2240 super
978 2168 1150 2221 virum
1182 2166 1414 2222 dextera:
1438 2178 1539 2221 tua:
1564 2175 1651 2222 :et
1674 2184 1827 2239 super

251 2259 397 2327 ﬁlium
416 2258 654 2329 hominis,
686 2278 840 2332 quem
868 2261 1195 2331 confirmasti
1225 2263 1335 2315 tibi.

312 2351 375 2407 Et
415 2371 510 2408 non
552 2355 861 2410 discedimus
902 2374 931 2409 a
962 2367 1008 2410 te
1042 2372 1059 2410 :
1102 2358 1385 2425 viviﬁcabis
1413 2374 1526 2425 nos,
1560 2366 1605 2427 et
1635 2374 1817 2413 nomen

255 2456 383 2501 tuum
411 2450 778 2505 inrocabimus.

313 2538 517 2595 Domine
556 2538 700 2596 Deus
742 2541 1012 2607 virtutum,
1053 2550 1291 2598 converte
1337 2558 1431 2597 nos
1473 2557 1491 2596 :

252 2631 416 2702 faciem
445 2641 599 2699 tuam,
630 2643 678 2689 et
706 2632 837 2689 salvi
866 2636 1077 2691 erimus.

1533 2552 1582 2598 et
1613 2543 1823 2599 ostende

1913 400 2108 457 faciem
2144 410 2310 466 tuam,
2340 409 2390 455 et
2416 398 2549 454 salvi
2580 397 2805 453 erimus.
2835 396 3165 453 DIAPSALIA.

1986 494 2210 548 Vineam
2253 509 2323 547 ex
2352 492 2587 564 Aigypto
2636 489 2955 546 transtulisti
2996 507 3009 544 :
3054 489 3265 562 ejeeisti
3292 501 3500 562 gentes,

1914 597 1968 643 et
2000 588 2253 657 plantasti
2285 604 2427 642 eam.

1988 680 2142 735 Viam
2176 680 2350 735 fecisti
2380 680 2430 734 in
2464 691 2759 751 conspectu
2789 680 2905 748 ejus
2940 697 2952 733 :
2994 689 3048 735 et
3073 679 3322 750 plantasti
3357 681 3502 737 radi-

1915 788 2007 831 ces
2034 773 2175 845 ejus,
2207 784 2260 828 et
2294 774 2497 844 repleta
2527 773 2653 846 [Με.
2686 773 2929 843 impletai
2954 784 3034 828 est
3065 784 3228 829 terra.

1987 869 2210 939 Opernit
2247 878 2456 923 IlltllthS
2489 868 2679 923 umbra
2709 868 2828 937 ejus
2874 885 2889 924 :
2931 878 2983 923 et
3012 868 3235 924 arbusta
3266 868 3384 940 ejus
3413 883 3506 925 ce-

1914 963 2044 1020 dros
2075 964 2188 1018 Dei.

1990 1055 2295 1113 Extendisti
2330 1053 2582 1125 palmites
2618 1054 2735 1124 ejus
2784 1069 2953 1133 usque
2998 1056 3065 1112 ad
3099 1071 3285 1114 mare:
3313 1066 3369 1114 et
3418 1073 3510 1113 us-

1916 1165 2023 1227 que
2050 1148 2115 1203 ad
2150 1148 2347 1203 ﬂumen
2378 1146 2703 1219 propagines
2732 1148 2871 1216 ejus.

1993 1241 2012 1280 ί
2051 1241 2117 1297 Ut
2163 1240 2286 1311 quid
2334 1238 2636 1309 deposuisti
2682 1238 2971 1293 maceriam
3022 1238 3139 1309 ejus
3182 1249 3197 1294 :
3241 1250 3295 1296 et
3325 1241 3513 1297 vinde.

1918 1334 2088 1391 miant
2118 1348 2237 1387 eam
2272 1344 2485 1396 omnes,
2514 1329 2603 1400 qui
2636 1337 2915 1384 transeunt
2946 1328 3122 1385 viam?

2007 1423 2402 1480 Exterminavit
2435 1438 2554 1477 eam
2603 1438 2733 1491 aper
2774 1423 2842 1477 de
2882 1424 3013 1477 silva
3059 1442 3071 1477 ;
3115 1433 3169 1479 et
3222 1424 3511 1496 singularis

1921 1517 2068 1574 ferus
2094 1517 2351 1586 depastus
2378 1524 2461 1570 est
2479 1531 2619 1569 eam.

1996 1611 2221 1663 Dmnine
2255 1609 2393 1663 Deus
2440 1608 2719 1674 virtutum,
2751 1617 3009 1663 converte
3055 1624 3198 1664 nunc
3240 1627 3255 1664 :
3303 1612 3515 1680 resilire

1847 1710 1894 1770 Β
1922 1703 1989 1759 de
2028 1704 2192 1768 emlo,
2236 1712 2290 1757 ct
2333 1701 2458 1755 vide
2504 1712 2557 1756 et
2600 1702 2754 1756 visita
2800 1701 3009 1757 vineam
3054 1703 3233 1771 istam,
3263 1714 3317 1759 et
3347 1705 3518 1775 dirige

1924 1813 2041 1854 eam
2073 1812 2231 1867 quam
2279 1796 2541 1865 plantavit
2587 1795 2807 1850 dextera
2859 1805 2947 1849 tua
2992 1813 3005 1850 :

1926 1891 2186 1959 hominis,
2226 1905 2386 1961 quem
2409 1888 2739 1945 conﬁrmasti
2763 1888 2884 1945 tibi.

1998 1984 2218 2039 incensa
2272 1981 2383 2052 igni
2437 1990 2492 2037 et
2538 1982 2736 2037 effossa
2789 1998 2984 2050 manu,
3038 1983 3106 2038 ab
3148 1983 3520 2057 increpatione

1926 2077 2105 2133 vultus
2134 2078 2210 2133 tui
2245 2075 2511 2145 peribunt.

2003 2168 2119 2223 Fiat
2151 2166 2279 2239 [Με.
2308 2166 2489 2238 faciat]
2537 2182 2727 2223 manus
2762 2176 2847 2221 tua
2879 2182 3043 2241 snper
3079 2169 3252 2223 virum
3283 2168 3523 2225 dextera:

1926 2271 2053 2329 tua},
2084 2271 2138 2316 et
2165 2275 2329 2333 super
2363 2260 2531 2314 lilium
2558 2261 2815 2325 hominis,
2841 2276 3002 2331 quem
3030 2260 3366 2316 conﬁrmasti
3400 2262 3519 2333 tibi,

1926 2365 1980 2412 et
2008 2370 2115 2409 non
2150 2351 2479 2408 discedimus
2511 2368 2539 2406 a
2568 2351 2697 2423 [51s.
2732 2350 2849 2421 abs]
2881 2362 2955 2407 te.

1999 2446 2293 2502 Viviﬁcasti
2326 2461 2445 2511 nos,
2478 2453 2533 2500 et
2561 2459 2760 2501 nomen
2791 2455 2939 2499 tuum
2967 2443 3359 2501 invocabimus.

1998 2539 2228 2595 Domine
2255 2537 2398 2593 Deus
2425 2536 2714 2605 virtutum,
2745 2545 3004 2593 converte
3035 2551 3172 2593 nos:
3214 2543 3270 2594 et
3297 2536 3524 2595 ostende

1926 2632 2118 2688 faciem
2152 2639 2322 2702 tuam,
2353 2641 2407 2689 et
2439 2630 2571 2686 salvi
2602 2630 2830 2687 erimus.

3048 1806 3103 1852 et
3147 1814 3315 1870 super
3349 1800 3517 1867 lilium

1540 2791 1900 2857 PSALMUS
1942 2790 2184 2853 LXXX
2198 2835 2211 2849 .

478 2952 527 2992 ιι(
553 2951 711 2992 FINEI
740 2951 840 2991 PRO
868 2950 1294 3006 TORCULABIBUS,
1323 2949 1510 2992 ASAPII.
1542 2946 1563 2974 θ

1930 2950 1981 2991 ΙΝ
2020 2949 2204 3003 ΡΙΝΕΜ,
2236 2946 2335 2989 PRO
2364 2946 2792 3000 TOBCULARIBUS,
2833 2948 3066 2992 PSALIUS
3103 2950 3299 3007 ΑεΑΡιι,
3329 2952 3526 3004 ουΙΝτΑ

2599 3020 2849 3061 ΒΔΒΒΔττ.

326 3110 571 3170 Exsulta“
596 3115 709 3172 Deo
735 3117 969 3186 adi-"lor,-
1000 3127 1209 3181 mmw;
1241 3114 1471 3189 iubila“,
1497 3113 1607 3169 οεο
1634 3112 1818 3171 Ῑαεοὺ,
1847 3085 1894 3149 C
2001 3097 2284 3154 Exsultatc
2308 3097 2419 3153 Deo
2448 3096 2679 3168 adjutori
2710 3107 2923 3154 nostro:
2948 3098 3177 3170 jubilate
3203 3099 3313 3155 Deo
3333 3101 3523 3159 laetib.

330 3210 507 3265 Sumite
553 3212 830 3286 psalmum,
878 3221 926 3265 et
953 3211 1075 3265 date
1128 3221 1465 3282 tympanum,
1518 3210 1825 3282 psalterium

260 3298 518 3367 jucundum
540 3322 649 3359 cum
680 3303 911 3358 cithara.

333 3392 581 3451 Buccinate
601 3398 651 3451 in
685 3398 955 3451 neomenia
986 3396 1129 3464 tuba,
1159 3397 1212 3451 in
1242 3396 1433 3469 insigni
1472 3396 1556 3450 die
1584 3394 1828 3453 solemni-

270 3488 376 3539 talis
398 3502 571 3546 vestiat.

334 3579 451 3644 Quia
492 3594 807 3656 prwceptum
840 3584 897 3638 in
946 3581 1115 3641 Israel
1162 3594 1278 3655 est,
1339 3593 1386 3639 et
1424 3583 1685 3655 judicium
1716 3582 1825 3638 Deo

269 3666 431 3727 Jacob.

335 3763 663 3823 Testimonium
694 3770 749 3823 in
781 3766 983 3841 Jaseplt
1019 3768 1188 3842 posuit
1213 3766 1239 3804 ἀ
1265 3768 1401 3822 illud
1430 3786 1547 3824 cum
1574 3769 1732 3825 exiret
1762 3767 1827 3822 de

268 3862 387 3913 terra
410 3861 607 3936 .Egypti
630 3882 647 3918 :
676 3866 909 3937 linguam
940 3882 1097 3937 quant
1124 3882 1229 3920 non
1260 3874 1493 3931 noverat,
1519 3865 1733 3919 audivit.

326 3947 518 4011 Diuertit
556 3959 620 4011 ab
659 3957 899 4013 oneribus
948 3959 1162 4014 dorsum
1208 3959 1321 4030 ejus
1359 3973 1378 4013 :
1417 3974 1600 4013 manus
1631 3958 1742 4029 ejus
1772 3956 1826 4011 in

254 4046 455 4117 cap/tino
480 4052 783 4107 servierunt.

312 4224 378 4281 In
416 4229 749 4283 tribulatione
794 4227 1043 4283 invocasti
1074 4236 1098 4265 ο
1132 4241 1192 4283 +
1222 4243 1307 4281 me
1348 4226 1369 4295 ζ
1411 4234 1459 4281 et
1500 4225 1710 4281 liberavi
1738 4236 1825 4281 te:

246 4320 471 4374 exaudiri
499 4333 545 4377 te
572 4324 624 4377 in
658 4321 962 4379 abscondito
995 4322 1335 4394 tempestatis,
1372 4320 1580 4393 probaui
1606 4329 1653 4375 te
1682 4320 1826 4392 apud

250 4426 427 4480 nquam
444 4418 885 4473 contradictionis.
912 4417 1241 4481 ῺιΑρεΑυιΑ.

317 4640 341 4671 ⁸
365 4633 431 4689 Ex
458 4634 683 4691 Palatia.
714 4650 819 4691 ms.
850 4637 1077 4708 aliisque
1098 4636 1453 4707 originalibus
1472 4635 1624 4693 libris
1654 4636 1819 4692 suile.
1848 4636 1898 4697 D

247 4703 404 4779 cimus
425 4724 538 4775 quae
566 4709 777 4770 deerat,
810 4719 856 4761 et
883 4703 1148 4779 Copulatn.

315 4775 517 4851 b'faect
564 4781 618 4834 in
674 4779 920 4834 Palatino
952 4775 1072 4835 'ms.
1130 4781 1385 4837 hominis.
1433 4779 1575 4851 (ιω)ίί
1621 4795 1816 4833 nomen

246 4860 406 4916 neque
450 4849 703 4904 llebtaztts
762 4850 877 4919 ipse
929 4860 1117 4907 textus
1164 4854 1251 4907 hic
1295 4849 1477 4915 habet,
1514 4862 1565 4904 et
1595 4868 1715 4905 cum
1748 4852 1820 4904 sit

247 4925 414 4999 tamen
466 4921 514 4999 in
569 4920 765 4999 graneo
819 4924 924 4976 υἱὸν
966 4924 1256 4999 ἀνθρώπου,
1302 4938 1397 4990 par
1436 4932 1516 4977 est
1569 4925 1816 4999 credere,

250 4989 413 5065 fuisse,
444 4994 534 5045 abs
584 4992 921 5063 Hieronymo
971 4989 1130 5065 nbélo
1185 4989 1565 5065 pricttotatum.
1615 4992 1820 5065 Subse-

250 5062 445 5134 quentis
493 5079 687 5119 versus
744 5062 923 5134 priora
972 5064 1079 5118 duo
1124 5062 1290 5120 verba
1337 5063 1560 5119 Incensa
1604 5064 1732 5134 igni,
1765 5065 1816 5115 in

248 5132 423 5185 eodem
446 5149 545 5190 ms.
572 5146 625 5189 ct
648 5134 793 5201 apud
818 5133 1014 5190 Carum
1039 5136 1305 5192 asterisco
1333 5154 1438 5191 non
1462 5132 1822 5202 illustrantur,

252 5216 348 5285 quo
370 5215 419 5258 et
443 5207 608 5286 satius
643 5205 832 5260 luisset
865 5208 1095 5262 alterum
1129 5208 1434 5275 dumtaxat,
1468 5205 1521 5261 id
1554 5215 1662 5273 est,
1690 5206 1823 5276 igni,

256 5286 539 5340 pruznntat‘t.

324 5354 342 5415 ξ
374 5346 595 5400 Additur
625 5348 677 5400 in
704 5347 937 5402 Palatin.
971 5366 1073 5403 ins.
1109 5351 1302 5415 Quinta
1335 5349 1571 5405 Sabbati.

320 5410 551 5491 {’lnjuria
590 5418 937 5491 Martianteus
978 5410 1275 5491 pronuntient
1323 5420 1459 5477 illud
1490 5419 1648 5475 obelo
1692 5433 1828 5473 cnn-

258 5484 467 5557 iuderat,
494 5494 637 5557 quod
680 5490 731 5542 in
765 5484 1187 5546 Hebraci'tamen
1218 5493 1366 5547 verbi
1386 5501 1580 5551 texant
1609 5498 1827 5555 meam.

262 5556 403 5635 aliis»
444 5556 792 5635 pei'Spicuum
819 5572 924 5614 est.
957 5561 1066 5618 Nos
1105 5563 1171 5618 de
1201 5563 1292 5619 illo
1318 5562 1624 5618 atnovendo
1652 5560 1827 5616 Pala—

266 5632 349 5682 tin.
379 5643 474 5682 ms.
502 5632 731 5687 monttit.

331 5707 353 5751 .0
378 5697 524 5757 lluuc
547 5716 680 5759 vero
710 5701 857 5771 inalc
879 5700 1021 5760 idem
1051 5719 1156 5763 ms.
1188 5705 1407 5765 obelum
1436 5704 1827 5777 prmtermittit.

2003 3203 2027 3242 ε
2058 3193 2267 3249 Sumite
2297 3192 2591 3267 psalmum,
2615 3199 2669 3247 et
2692 3195 2815 3248 date
2846 3200 3181 3264 tympanum,
3207 3194 3527 3265 psalterium

1925 3287 2224 3358 jucundum
2252 3302 2372 3342 cum
2407 3286 2636 3341 cithara.

2002 3380 2195 3435 Canite
2229 3380 2280 3433 in
2332 3378 2485 3434 initio
2532 3377 2759 3445 mensis,
2794 3376 2941 3448 tuba,
2973 3375 3027 3433 in
3058 3376 3146 3433 die
3192 3377 3391 3451 insigni
3436 3396 3525 3436 so-

1931 3471 2227 3527 lemnitatis
2249 3482 2466 3526 vestrm.

2001 3564 2132 3632 Quia
2166 3572 2493 3635 pru‘cepttnn
2542 3560 2597 3617 in
2643 3560 2813 3618 Israel
2840 3569 2924 3619 est
2964 3578 2979 3620 :
3026 3571 3081 3621 et
3116 3562 3376 3636 judicium
3411 3565 3523 3621 Deo

1928 3654 2114 3714 Iacob.

2002 3745 2394 3804 Testimonium
2446 3746 2498 3801 in
2550 3744 2752 3817 Joseplt
2820 3738 3001 3818 posuit
3046 3763 3169 3802 eum
3218 3748 3362 3820 [Ms.
3417 3762 3520 3811 tac.

1929 3842 2105 3912 eum]:
2131 3842 2257 3896 dum
2302 3841 2475 3895 exiret
2507 3838 2636 3911 [Μδ.
2667 3840 2901 3912 exirent]
2932 3841 2997 3895 de
3031 3850 3171 3897 terra
3203 3842 3444 3917 Egypti.

2002 3935 2262 4004 Linguam
2289 3948 2451 4004 quam
2483 3948 2588 3987 non
2620 3942 2847 3988 noverat
2879 3932 3009 4005 [Μδ.
3038 3935 3343 4010 noverant],
3370 3940 3522 3995 audi-

1930 4030 2044 4085 vit:
2077 4028 2296 4083 divertit
2323 4029 2391 4087 ab
2421 4027 2679 4083 oneribus
2703 4028 2923 4084 dorsum
2956 4031 3074 4100 ejus
3118 4048 3131 4086 :
3175 4046 3370 4088 manus
3401 4035 3519 4105 ejus

1930 4125 1984 4179 in
2012 4122 2247 4194 cophino
2273 4122 2600 4180 servierunt.

2001 4217 2057 4273 in
2088 4218 2434 4273 tribulatione
2465 4216 2727 4272 invocasti
2760 4234 2869 4290 me,
2898 4230 2951 4275 et
2980 4221 3205 4279 liberavi
3238 4234 3325 4280 te:
3352 4243 3520 4282 exau-

1931 4316 2038 4385 divi
2088 4324 2139 4371 te
2185 4314 2237 4370 in
2287 4313 2604 4370 abscondito
2663 4316 3039 4387 tempestatis,
3088 4319 3309 4389 probavi
3354 4329 3404 4375 te
3453 4323 3517 4376 ad

1932 4426 2101 4483 aquas
2122 4408 2586 4467 contradictionis.
2611 4408 2939 4465 DMPSAUIA.

2003 4631 2021 4673 τ
2056 4634 2240 4688 Denuo
2266 4632 2412 4701 juxta
2437 4629 2721 4702 Augustin.
2750 4630 2889 4685 idem
2920 4646 3044 4686 ms.:
3068 4632 3135 4687 Ut
3160 4638 3282 4704 quid
3311 4639 3511 4695 destrn.

1924 4705 2045 4760 xisti
2078 4708 2376 4766 maceriam,
2408 4712 2482 4764 et,
2516 4719 2687 4755 attines
2718 4710 3045 4757 transeuntes
3084 4706 3235 4775 vium,
3269 4718 3509 4769 erasnm};

1927 4794 2039 4831 eam
2085 4792 2230 4847 aper,
2281 4784 2385 4827 etc.
2434 4775 2598 4847 Tacet
2647 4785 2906 4842 praeterea
2951 4775 3298 4846 subsequenti
3351 4798 3506 4839 versu

1926 4845 2177 4923 Domine,
2215 4856 2266 4899 et
2291 4862 2403 4898 tero
2436 4845 2563 4923 legit
2590 4860 2686 4913 pro
2711 4862 2870 4923 nunc,
2901 4845 3342 4923 etnmoxperﬁce
3369 4871 3502 4923 eam,

1926 4935 2026 4988 pro
2074 4917 2260 4985 dirige,
2311 4924 2417 4991 etc.
2466 4918 2559 4971 Sic
2603 4915 2918 4991 paulu-past
2957 4915 3255 4991 succensa,
3283 4938 3379 4991 pro
3410 4915 3505 4978 In;

1926 4984 2099 5050 censa,
2130 4984 2701 5058 et’pennltitnoversu
2732 4984 3044 5054 ViviﬁCabis,
3071 5005 3168 5057 pro
3199 4984 3506 5058 Vieiﬁcasti.

2001 5070 2025 5107 α
2057 5060 2136 5114 Ex
2167 5058 2467 5131 Augustino
2498 5056 2791 5131 Veronam.
2820 5072 2945 5131 tns.,
2975 5056 3206 5131 Accipite
3230 5056 3509 5131 psalmum,

1932 5140 1987 5205 et
2012 5123 2365 5205 stilisttqttettti
2395 5143 2576 5205 versu,
2608 5123 2750 5205 :I'uba
2794 5128 2959 5180 canite
2991 5123 3135 5183 initio
3163 5123 3350 5189 mensis
3389 5123 3511 5197 tuba

1929 5204 1988 5258 in
2016 5196 2212 5271 insigni
2241 5200 2341 5261 die,
2368 5204 2497 5276 (τιςἐ
2528 5196 2720 5276 vitiose
2751 5205 2927 5250 autem
2957 5217 3061 5276 ins.
3097 5205 3334 5276 insignis,
3370 5212 3513 5276 quod

1935 5289 2076 5328 novo
2102 5264 2291 5345 errore
2321 5264 2700 5345 cumulandum
2744 5276 2895 5334 putat
2922 5270 3035 5345 ejus
3064 5264 3259 5340 edito'r,
3290 5264 3515 5345 insignes

1935 5346 2045 5398 dies
2086 5340 2424 5411 rescribcns,
2474 5336 2719 5411 fallitque
2760 5350 2881 5411 cum
2922 5336 3027 5393 dies
3061 5359 3156 5411 pro
3204 5336 3285 5398 die
3329 5336 3512 5403 haberi

1937 5417 1992 5469 in
2026 5422 2216 5468 nostro
2252 5408 2444 5461 codice
2486 5406 2744 5461 afﬁrmat.
2778 5405 3035 5476 Sequitur
3062 5405 3216 5467 'idetn
3251 5432 3369 5469 cum
3404 5421 3516 5472 Au-

1935 5486 2155 5555 gnstino
2180 5493 2285 5557 ius.
2314 5494 2326 5528 ε
2362 5478 2494 5540 Quin
2526 5486 2844 5557 pt'ceeeptunt_
2882 5481 2979 5547 ipsi
3006 5479 3172 5557 lsrael
3203 5496 3314 5539 est:
3356 5497 3515 5557 atque

1941 5547 2114 5610 ἷ¹¹¹⁰τ⁰
2144 5551 2210 5603 3"
2238 5548 2341 5625 "9°
2363 5562 2547 5625 Ῡθτδυν
2576 5548 2755 5625 αυ.ε¹’¹ίι
2792 5547 2854 5600 αδ
2887 5553 3148 5625 oneribus.
3198 5571 3297 5625 Pro
3347 5547 3515 5610 diver-

1944 5628 2031 5698 tit,
2072 5630 2211 5683 etc.;
2253 5616 2486 5698 denique
2529 5617 2641 5698 erui
2684 5626 2750 5681 te.
2806 5634 2905 5687 pro
2935 5616 3167 5696 liberari,
3198 5616 3269 5683 'et
3308 5627 3523 5698 probari

1945 5706 1995 5754 te
2014 5696 2068 5751 in
2096 5706 2255 5764 aqua,
2280 5687 2412 5759 etc.,
2442 5703 2542 5761 pro
2566 5687 2636 5744 ad
2655 5703 2836 5761 aquas.
