3936 6180
277 245 371 302 275

1519 232 1724 289 LIBER
1763 233 2214 294 PSALMORUM.

3422 241 3532 297 2.75

341 359 563 430 Quoniam
589 369 695 412 ecce
722 354 925 410 inimici
953 355 1027 410 tui
1066 362 1368 419 sonuerunt,
1411 360 1460 406 et
1485 353 1572 422 qui
1598 351 1818 407 oderunt
1844 354 1901 418 Α
1994 354 2261 422 Quoniam
2290 367 2417 411 ecce
2451 351 2658 408 inimici
2693 351 2765 407 tui
2792 359 3161 408 sonaverunt:
3195 358 3248 408 et
3277 353 3368 423 qui
3399 353 3532 411 ode-

279 468 338 524 te,
364 456 613 510 extulerunt
642 458 820 521 caput.

337 548 487 613 Super
512 543 748 615 populum
791 551 938 596 tuum
980 541 1391 611 malignaverunt
1420 537 1692 592 consilium
1724 551 1742 590 :
1773 545 1820 591 et

270 642 584 714 cogitaverunt
611 637 851 691 adversus
878 645 1085 690 sanctos
1113 644 1250 690 tuos.

330 734 562 786 Dixerunt
589 746 608 785 :
646 728 848 794 Venite,
878 738 925 783 et
951 729 1314 798 disperdamus
1341 743 1425 782 eos
1455 727 1522 781 de
1551 737 1700 798 gente
1728 736 1820 783 :et

269 843 357 882 non
377 831 661 877 memoretur
683 838 866 876 nomen
895 818 1068 875 Israel
1100 820 1264 874 ultra.

319 915 550 984 Quoniam
575 915 918 984 cogitaverunt
948 910 1283 974 unanimiter,
1312 917 1339 945 ι
1359 909 1517 962 simul
1545 909 1818 962 aduersum

264 1017 304 1061 te
319 1015 648 1061 testamentum
664 1003 1031 1072 disposuerunt
1053 1042 1068 1069 ,
1109 1000 1442 1054 tabernacula
1465 997 1819 1054 Nummorum

263 1107 302 1151 ct
327 1095 641 1151 lsmaltelita'.

318 1189 459 1244 lloab
499 1198 542 1243 et
584 1189 837 1261 Agareni,
880 1185 1043 1243 Gebal
1083 1195 1132 1241 et
1173 1186 1416 1253 Ammon,
1459 1194 1508 1240 et
1544 1185 1814 1254 Amalech,

258 1281 527 1351 alienigena:
559 1296 674 1335 cum
712 1279 1066 1333 habitantibus
1094 1275 1315 1349 Tyrum.

319 1371 506 1428 Etenim
531 1373 689 1428 Assur
712 1373 847 1426 venit
873 1388 989 1426 cum
1021 1371 1126 1424 illis
1160 1386 1178 1424 :
1205 1370 1328 1441 facti
1354 1379 1472 1424 sunt
1506 1384 1567 1424 -ξ-
1597 1367 1625 1408 δ
1663 1369 1719 1424 in
1750 1383 1811 1426 -ε-

256 1464 544 1536 adjutorium
563 1465 686 1534 [iliis
711 1463 829 1518 Lot.
863 1463 1192 1519 DIAPSALIA.

315 1555 418 1610 Fac
443 1557 542 1611 illis
566 1559 694 1611 sicut
717 1555 934 1610 Madian
959 1565 1007 1610 et
1037 1555 1236 1611 δίων-ω
1255 1569 1274 1608 :
1296 1553 1428 1608 sicut
1451 1553 1612 1608 Jabin
1637 1553 1688 1608 in
1710 1561 1817 1609 tor-

256 1659 376 1706 rente
393 1650 584 1706 Cisson.

1924 456 2051 502 runt
2085 456 2160 515 te,
2195 449 2508 502 extulerunt
2539 457 2724 516 caput.

1996 542 2051 595 In
2079 540 2291 611 plebem
2321 549 2466 594 tuam
2498 548 2674 595 astute
2704 540 3081 611 cogitaverunt
3109 537 3394 595 consilium
3421 553 3437 594 :
3469 548 3526 595 et

1920 633 2297 702 cogitaverunt
2324 631 2592 687 adversus
2621 644 2842 688 sanctos
2868 641 3008 687 tuos.

1995 725 2277 790 Dixerunt,
2323 725 2539 790 Venite,
2572 725 2950 795 disperdamus
2995 741 3091 780 eos
3123 740 3188 780 ex
3229 734 3390 795 gente
3419 741 3434 779 :
3469 733 3525 783 et

1921 833 2028 873 non
2061 819 2451 873 memorabitur
2483 833 2680 872 nomen
2714 818 2877 872 Israel
2909 819 3164 887 amplius.

1991 910 2260 978 Quoniam
2285 911 2661 981 cogitaverunt
2684 908 2813 979 [Ms.
2845 910 2970 963 add.
3002 910 3080 981 in]
3107 924 3438 964 consensum
3469 909 3526 965 in

1921 1017 2087 1057 unum
2119 1020 2132 1057 :
2164 1002 2431 1057 adversus
2460 1012 2514 1057 te
2539 1010 2924 1057 testamentum
2963 1000 3372 1072 diSposuerunt.

1991 1098 2360 1155 Tabernaeula
2405 1097 2766 1154 ldummorum
2813 1108 2868 1154 et
2911 1099 3349 1154 lsmabelitarum
3395 1099 3524 1170 [51s.

1920 1189 2296 1262 lsmaelitum],
2326 1189 2483 1245 Moab
2513 1199 2570 1244 et
2599 1191 2858 1261 Agareni,
2891 1189 3067 1246 Gebal
3096 1201 3150 1245 et
3181 1193 3438 1256 Ammon,
3469 1199 3526 1246 et

1918 1287 2198 1354 Amalech,
2233 1298 2288 1343 et
2315 1287 2639 1359 alienigena:
2661 1303 2784 1343 cum
2813 1289 3186 1344 habitantibus
3207 1289 3440 1361 Tyrum.

1993 1381 2206 1435 Etenim
2255 1381 2426 1436 Assur
2469 1381 2629 1436 simul
2660 1380 2810 1436 venit
2859 1381 2986 1452 Ws.
3043 1380 3164 1453 fuit]
3214 1396 3337 1436 cum
3370 1381 3476 1436 illis
3505 1420 3525 1448 ,

1917 1469 2042 1527 lacti
2075 1481 2200 1527 sunt
2223 1471 2277 1528 in
2300 1473 2709 1542 susceptionem
2738 1473 2862 1528 ﬁliis
2892 1472 3016 1528 Lot.
3049 1473 3358 1529 DIAPSALIA
3391 1471 3523 1546 [Με.

1920 1565 2096 1638 tacet].

1990 1657 2099 1713 Fac
2130 1657 2238 1713 illis
2259 1656 2400 1712 sicut
2421 1658 2632 1714 Madian
2665 1659 2794 1732 [Ms.
2824 1659 3015 1732 Mazia]
3044 1669 3099 1715 et
3126 1660 3346 1724 Sisaraz,
3377 1667 3431 1715 et
3451 1660 3526 1715 si-

313 1741 652 1814 Disperierunt
684 1744 738 1798 in
767 1742 951 1798 Endor
979 1761 1000 1799 :
1027 1743 1150 1815 facti
1187 1751 1309 1797 sunt
1336 1750 1391 1796 ut
1419 1750 1614 1797 stercus
1637 1751 1808 1797 terrte.
1841 1750 1890 1813 B
1915 1757 2007 1805 cut
2034 1749 2192 1806 Jabin
2218 1750 2273 1804 in
2311 1758 2550 1805 torrente
2581 1749 2742 1805 Cison
2770 1768 2787 1806 τ
2822 1751 3192 1822 disperierunt
3219 1752 3274 1806 in
3302 1751 3524 1818 Endor,

313 1833 443 1889 Pone
465 1837 722 1908 principes
750 1853 931 1892 eorum
959 1842 1090 1892 sicut
1123 1834 1282 1903 Ureb,
1311 1844 1357 1890 et
1381 1833 1486 1890 Zeb
1513 1844 1560 1889 et
1583 1833 1745 1890 Zebee
1763 1843 1812 1889 et

254 1925 500 1982 Salmaua.

313 2019 480 2078 Omnes
519 2022 778 2093 principes
803 2039 980 2076 eorum
1021 2033 1042 2061 ο
1076 2022 1166 2092 qui
1205 2021 1448 2076 dixerunt
1479 2035 1499 2075 :
1530 2033 1591 2074 ψ
1626 2017 1814 2074 Haereo

253 2113 391 2170 ditate
417 2115 436 2183 ζ
459 2117 810 2186 possideamus
839 2115 1194 2169 sanctuarinm
1229 2111 1350 2169 Dei.

307 2206 432 2262 Deus
471 2225 607 2264 meus
633 2253 649 2278 ,
685 2225 816 2277 pone
846 2207 965 2263 illos
995 2215 1051 2260 ut
1080 2217 1250 2260 rotant
1282 2221 1302 2260 :
1331 2213 1380 2260 et
1408 2204 1541 2260 sicut
1567 2201 1816 2275 stipulam

250 2310 354 2356 ante
377 2303 554 2372 [aciem
583 2303 721 2357 venti
744 2318 764 2357 :

307 2392 441 2448 Sicut
480 2395 613 2467 ignis
663 2409 724 2449 -ε-
771 2389 798 2429 ά
846 2392 937 2465 qui
966 2390 1265 2464 :comburit
1309 2390 1493 2468 silvam
1537 2405 1559 2446 :

246 2487 432 2555 ﬂamma
449 2486 750 2542 comburens
772 2496 994 2540 montes.

305 2577 382 2632 Ita
403 2579 716 2652 persequeris
743 2579 862 2632 illos
887 2579 940 2632 in
967 2584 1267 2650 tempestate
1295 2584 1385 2630 tua
1413 2589 1434 2631 :
1462 2583 1511 2630 et
1538 2573 1593 2630 in
1622 2573 1702 2628 ira
1730 2581 1816 2627 tua

245 2670 450 2726 turbabis
489 2689 593 2728 eos.

307 2761 461 2834 Imple
499 2764 656 2835 facies
689 2778 864 2819 eorum
897 2761 1187 2834 ignominia
1227 2776 1247 2817 :
1287 2769 1333 2816 et
1361 2767 1592 2830 quaerent
1632 2772 1818 2812 nomen

251 2867 396 2925 tuum,
430 2860 668 2916 Domine.

307 2951 603 3008 Erubescant
625 2961 672 3010 et
695 2953 1065 3028 conturbantur
1085 2953 1140 3008 in
1160 2951 1408 3008 steculum
1431 2965 1491 3007 -ε-
1518 2950 1697 3006 steculi
1723 2949 1744 3019 ζ
1769 2958 1818 3005 et

249 3043 628 3116 confundantur,
658 3055 706 3100 et
731 3054 962 3119 pereant.

1600 2397 1648 2444 et
1685 2388 1816 2442 sicut

1916 1843 2044 1900 lacti
2067 1854 2193 1898 sunt
2220 1842 2356 1898 sicut
2382 1843 2509 1915 [Μες.
2545 1843 2623 1913 ut]
2651 1853 2867 1899 stercus
2893 1853 3077 1898 terrae.

1989 1939 2137 1995 Pone
2161 1939 2437 2009 principes
2464 1955 2654 1995 eorum
2678 1939 2821 1994 sicut
2848 1939 3030 1995 lloreb
3051 1950 3105 1995 et
3128 1938 3242 1995 Zcb
3267 1946 3324 1994 et
3347 1938 3526 1995 Zebee

1917 2033 2045 2107 [.ils.
2073 2033 2235 2104 Zebe]
2266 2041 2322 2088 et
2343 2033 2623 2099 Salmana,
2654 2047 2844 2088 omnes
2876 2031 3153 2103 principes
3184 2047 3396 2096 eorum,
3428 2030 3525 2100 qui

1916 2126 2168 2182 dixerunt
2201 2145 2214 2181 :
2248 2125 2577 2184 llzrreditate
2605 2127 2982 2198 possideamus
3015 2125 3036 2163 τ
3066 2125 3226 2182 nobis
3264 2134 3525 2181 sanctua-

1917 2220 2057 2275 rium
2089 2219 2205 2277 Dei.

1996 2311 2139 2366 Deus
2184 2326 2356 2375 meus,
2392 2325 2534 2380 pone
2579 2311 2702 2366 illos
2730 2319 2790 2366 ut
2835 2318 3033 2376 rotam,
3065 2318 3122 2365 et
3159 2308 3288 2381 [Ms.
3317 2318 3419 2363 tac.
3447 2307 3524 2380 et]

1918 2400 2061 2456 sicut
2087 2401 2342 2472 stipulam
2371 2409 2497 2456 ante
2527 2400 2718 2455 faciem
2751 2401 2896 2455 venti
2925 2419 2937 2454 :
2967 2409 3024 2456 et
3050 2400 3194 2455 sicut
3218 2399 3398 2469 ignem
3429 2400 3524 2469 qui

1919 2493 2193 2549 comburit
2219 2494 2434 2561 silvam,
2469 2492 2617 2547 velut
2643 2494 2688 2545 si
2719 2491 2935 2546 ﬂamma
2966 2492 3221 2546 incendat
3253 2501 3487 2546 montes.

1991 2587 2064 2642 lta
2091 2587 2433 2657 persequeris
2457 2599 2552 2642 eos
2575 2585 2629 2640 in
2657 2593 2981 2655 tempestate
3007 2593 3096 2639 tua
3123 2601 3136 2639 :
3165 2592 3220 2639 et
3241 2584 3296 2638 in
3319 2585 3399 2639 ira
3433 2591 3524 2640 tua

1920 2677 2271 2735 conturbabis
2301 2691 2418 2733 eos.

1991 2771 2159 2842 Imple
2190 2769 2360 2826 facies
2385 2785 2577 2828 eorum
2608 2769 2903 2841 ignominia
2929 2788 2942 2825 :
2969 2779 3022 2826 et
3046 2777 3295 2841 quzerent
3321 2785 3522 2827 nomen

1923 2875 2102 2932 tuum,
2135 2865 2380 2919 Domine.

1992 2953 2410 3010 Coniundantur
2442 2961 2498 3010 ct
2519 2953 2917 3010 conturbentur
2940 2951 2996 3007 in
3023 2951 3284 3008 saeculum
3311 2952 3521 3020 saeculi,

1924 3057 1978 3103 et
2006 3056 2377 3114 revereantur,
2406 3055 2461 3102 et
2491 3053 2718 3116 pereant
2762 3063 2776 3100 :
2821 3053 2876 3102 et
2905 3053 3235 3116 cognoscant
3263 3044 3522 3117 quoniam

306 3133 368 3189 Et
396 3147 693 3210 cognoscant
729 3138 855 3208 quia
895 3154 1083 3193 nomen
1127 3137 1218 3194 tibi
1243 3133 1499 3192 Dominus
1533 3151 1550 3190 :
1592 3143 1646 3190 tu
1676 3135 1816 3190 solus
1842 3138 1889 3202 C
1921 3152 2118 3195 nomen
2151 3137 2246 3192 tibi
2278 3137 2561 3193 Dominus.

249 3224 496 3283 altissimus
520 3229 570 3284 in
588 3230 730 3285 omni
754 3240 913 3286 terra.

1987 3229 2071 3284 Tu
2096 3229 2242 3286 solus
2272 3227 2574 3284 altissimus
2601 3243 2766 3300 super
2792 3243 3015 3286 omnem
3042 3236 3270 3285 terram.

1496 3366 1862 3430 PSALMUS
1903 3367 2254 3431 LXXXIII.

276 3497 322 3538 IN
344 3499 512 3556 "Nl-SI,
541 3502 640 3546 ι»ιο
665 3502 1087 3554 τοιιςυιλιιιευε,
1120 3502 1277 3544 ῖιιιιε
1299 3502 1438 3544 CORB
1461 3529 1476 3555 ,
1509 3502 1766 3542 PSALIUS.

307 3576 462 3643 Quam
480 3581 662 3636 dilecta
683 3581 1012 3636 tabernacula
1036 3579 1374 3646 tua,Dominc
1395 3583 1642 3634 virtutum
1656 3597 1673 3634 :
1686 3595 1810 3634 con-

245 3670 439 3738 cupiscit
461 3683 503 3726 et
526 3675 698 3745 deﬁcit
723 3675 902 3728 anima
931 3690 1044 3728 mea
1073 3675 1126 3728 in
1165 3674 1302 3728 atria
1333 3672 1564 3726 Domini.

310 3849 405 3905 Cor
425 3869 574 3911 meum
598 3866 650 3910 et
679 3871 802 3911 caro
844 3871 958 3909 mea
991 3863 1015 3892 ο
1043 3852 1314 3908 exsultavit
1343 3853 1397 3906 in
1425 3851 1590 3906 Deum
1616 3852 1810 3907 uiuum.

310 3941 493 4000 Etenim
517 3964 691 4018 passer
710 3949 904 4003 invenit
929 3963 988 4004 σθ
1025 3948 1121 4001 sibi
1149 3946 1171 4015 ζ
1207 3946 1419 3999 domum
1453 3953 1498 3999 et
1527 3955 1696 3999 turtur
1738 3947 1820 4000 ni-

259 4033 364 4087 dum
383 4038 487 4105 sibi,
515 4043 598 4096 ubi
625 4051 785 4112 ponat
808 4040 980 4112 pullos
1002 4057 1147 4095 suos.

313 4127 493 4185 Altaria
529 4144 648 4202 tua,
683 4133 908 4188 Domine
949 4133 1229 4200 uirtutum,
1282 4148 1374 4188 rea:
1409 4147 1551 4187 meus
1588 4141 1637 4188 et
1679 4130 1819 4188 Deus

267 4235 407 4277 meus.

1968 3504 2021 3544 IN
2048 3504 2235 3557 FINBI,
2262 3503 2362 3546 ι’ηο
2382 3503 2801 3557 τοκουιιλιιωυε,
2830 3503 2987 3546 ινιιιιε
3016 3503 3154 3546 εοιιε
3181 3505 3437 3547 ΡεΑωιυε.

1980 3580 2154 3648 Quam
2191 3590 2216 3628 ε
2249 3582 2505 3638 amabilia
2555 3592 2687 3638 sunt
2731 3582 3076 3638 tabernacula
3124 3594 3248 3649 tua,
3294 3584 3526 3642 Domine

1915 3672 2177 3729 virtutum
2212 3692 2226 3728 :
2287 3675 2606 3746 concupivit
2631 3683 2689 3732 et
2716 3675 2918 3732 deiecit
2943 3673 3074 3747 [Ms.
3111 3675 3311 3749 deﬁcit]
3344 3679 3524 3734 anima

1915 3779 2036 3820 mea
2069 3764 2122 3820 in
2153 3765 2289 3820 atria
2323 3766 2559 3822 Domini.

1986 3858 2096 3913 Cor
2141 3874 2319 3914 meum
2352 3871 2406 3916 et
2445 3875 2576 3916 caro
2617 3876 2738 3917 mea
2780 3862 3199 3918 exsultaverunt
3244 3863 3298 3918 in
3326 3863 3520 3920 'Dcuni

1917 3951 2097 4006 vivum
2124 3967 2138 4007 :
2172 3952 2373 4007 etenim
2400 3967 2586 4022 passer
2615 3953 2824 4010 invenit
2848 3954 2951 4011 sibi
2981 3954 3228 4023 domum,
3260 3965 3314 4013 et
3341 3964 3520 4014 turtur

1921 4042 2130 4109 nidum,
2163 4042 2254 4097 ubi
2283 4053 2514 4114 reponat
2538 4043 2716 4114 pullos
2741 4059 2892 4102 suos.

1989 4134 2195 4192 Allaria
2225 4145 2345 4205 tua,
2378 4135 2607 4193 Domine
2638 4137 2936 4206 virtutum,
2977 4155 3073 4198 rex
3101 4156 3252 4198 meus
3280 4149 3336 4197 et
3361 4140 3508 4198 Deus

1919 4242 2095 4284 meus.

319 4409 341 4437 ⁸
366 4401 654 4473 Repositum
681 4404 920 4461 secunda
960 4419 1119 4459 manu
1150 4404 1204 4460 in
1231 4401 1480 4459 Palatino
1515 4415 1618 4456 ms.
1650 4401 1810 4456 simul
1834 4402 1888 4462 Ι)
1913 4402 2238 4476 intelligitur,
2261 4412 2311 4459 et
2340 4421 2429 4459 cor
2449 4421 2617 4460 meum
2638 4407 2935 4468 exsultavit.
2963 4415 3008 4460 et
3040 4423 3159 4461 caro
3202 4424 3314 4462 mea
3347 4409 3524 4464 exsul-

260 4471 469 4546 adpersns
497 4486 845 4531 testamentum
875 4487 1016 4530 tuum
1043 4476 1429 4546 disposuerunt,
1461 4481 1592 4536 ctc.,
1623 4483 1809 4529 contra

263 4542 556 4604 originalium
586 4549 833 4604 codicum
869 4547 1050 4602 ﬁdem.

327 4609 348 4648 ¹³
370 4615 512 4686 Deest
536 4620 586 4674 in
617 4619 806 4674 eodem
841 4634 941 4673 ms.
978 4627 1030 4673 et
1051 4616 1192 4686 apud
1223 4614 1419 4669 Carum
1451 4615 1666 4669 obelns.

331 4684 635 4756 ciliescriusit
673 4689 725 4742 in
753 4705 820 4744 eo
848 4690 1036 4742 codice
1072 4684 1292 4756 sequior
1323 4700 1514 4740 manus
1557 4686 1624 4739 ad
1672 4687 1814 4741 hunc

270 4755 478 4830 modum;
504 4759 764 4830 Principes
788 4777 967 4814 eorum
1001 4775 1050 4813 ἡ
1077 4755 1174 4830 qui
1205 4758 1470 4822 dixerunt,
1504 4756 1816 4830 Iltercditate

273 4827 554 4894 possidemus,
587 4827 718 4890 etc},
752 4829 895 4883 haud
927 4827 1179 4895 equidem
1211 4831 1341 4882 satis
1375 4831 1511 4881 bene
1547 4844 1559 4880 :
1593 4828 1688 4879 sed
1722 4844 1814 4881 ne-

272 4907 354 4973 ytte
379 4899 490 4955 illud
513 4903 651 4973 quod
679 4902 796 4955 voci
830 4900 1157 4973 [hereditate
1179 4898 1686 4973 sempor-ponitur.
1719 4912 1817 4973 no-

267 4961 331 5026 bis
362 4961 563 5027 arridet'.
611 4972 730 5027 Jam
763 4988 894 5024 vero
925 4987 1021 5024 (‘ttr
1051 4970 1214 5023 verbo
1249 4961 1597 5035 sulisuqitetuti
1650 4969 1813 5032 possi-

261 5043 456 5104 deamus.
481 5043 532 5099 S.
566 5043 726 5097 Pater
753 5057 858 5096 non
890 5041 1162 5095 addiderit
1199 5039 1366 5102 nobis,
1398 5039 1616 5104 exponit
1647 5039 1730 5092 bis
1761 5039 1814 5092 in

263 5115 398 5168 cuist.
425 5113 484 5168 ad
511 5113 775 5180 Sanniam
818 5123 871 5168 et
909 5113 1216 5165 Fretelam:
1265 5110 1330 5163 Et
1376 5111 1545 5163 dicitis
1589 5112 1727 5180 quod
1761 5111 1815 5162 in

266 5180 416 5256 (lurco
433 5185 492 5238 sit
511 5177 782 5256 scriptum,
815 5183 1187 5256 possideamus
1211 5181 1528 5256 nobis:_qute
1555 5177 1818 5256 superﬂua

269 5255 443 5325 qtttestio
468 5266 575 5321 est;
601 5251 807 5325 quando
833 5255 966 5309 enim
992 5254 1201 5320 dicitur,
1231 5251 1628 5322 posside-amns,
1668 5252 1820 5304 intel-

273 5320 419 5389 ligitur
437 5333 477 5378 et
506 5320 683 5382 nobis.

331 5390 352 5426 ἀ
376 5392 519 5448 Deest
547 5397 594 5449 in
628 5395 874 5450 Palatino
906 5411 1007 5448 ms.
1043 5395 1250 5457 obelns.
1284 5392 1376 5463 qui
1415 5391 1590 5446 altero
1619 5392 1687 5444 ab
1717 5391 1820 5444 hoc

277 5474 406 5538 versu
424 5468 615 5538 copula:
640 5476 710 5531 et,
745 5467 830 5520 ubi
861 5466 1076 5532 dicitur,
1110 5477 1158 5520 et
1187 5474 1436 5536 quazrcnt,
1471 5475 1601 5530 etc.,
1626 5478 1819 5516 secun-

281 5529 348 5582 dis
371 5529 501 5605 curis-
520 5529 785 5592 immerito
812 5529 1073 5605 praelixus’
1092 5547 1194 5592 est.

342 5610 360 5635 ο
389 5601 513 5658 Idem
529 5623 636 5676 ms.
671 5615 726 5662 et
753 5601 874 5660 Cari
904 5607 1069 5663 editio
1101 5605 1333 5676 plurium
1366 5618 1614 5676 numero,
1636 5601 1823 5676 grant-

291 5675 495 5746 laverunt.
518 5675 580 5730 in
602 5676 975 5746 quo,inquitS.
1001 5673 1160 5733 Pater
1182 5677 1248 5731 ad
1276 5673 1531 5731 Sunniam
1555 5685 1608 5727 et
1635 5673 1822 5746 Fretu-

293 5736 396 5805 lam,
428 5746 553 5800 nulla
581 5736 831 5802 contentio
861 5757 972 5804 est:
1004 5749 1048 5805 si
1085 5749 1219 5804 enim
1249 5746 1466 5816 legimus
1510 5743 1821 5806 exsultavit,

1911 4476 2052 4528 tavit.
2091 4477 2188 4548 Sin
2216 4487 2386 4529 autem
2409 4479 2842 4546 cxsultaverunt,
2874 4479 2977 4531 duo
3005 4481 3196 4548 pariter
3223 4479 3516 4536 exsultave-

1912 4555 2064 4607 runt;
2093 4547 2146 4599 id
2173 4555 2266 4611 est,
2297 4563 2385 4600 cor
2414 4556 2461 4602 et
2493 4565 2638 4601 caro.

1990 4615 2008 4653 τ
2040 4616 2108 4669 Et
2139 4618 2436 4689 dicitis,_ait
2470 4619 2830 4689 Hieronymus
2858 4618 2922 4671 ad
2954 4617 3214 4673 Snnniam
3245 4629 3298 4674 et
3324 4620 3514 4678 Frete-

1916 4689 2019 4760 lam
2041 4729 2054 4751 ,
2087 4687 2224 4754 quod
2247 4689 2300 4740 in
2325 4687 2506 4742 Graeco
2543 4691 2608 4742 sit
2636 4687 2886 4760 scriptum
2906 4729 2921 4753 ,
2947 4689 3303 4760 possideamur;
3335 4693 3507 4748 nobis.

1918 4759 2044 4833 Quae
2068 4760 2578 4833 sttperﬂttn__qttarstio
2598 4770 2671 4812 est
2704 4761 2956 4833 _:_qnt_tt_tdo
2985 4759 3122 4810 enim
3152 4760 3364 4831 dicitur,
3391 4781 3511 4833 pos-

1915 4828 2530 4900 sidenmus,intelligitur
2552 4839 2596 4882 et
2626 4830 2791 4882 nobis.
2825 4830 3001 4883 Mnnr.

1993 4899 2216 4954 —lllud
2254 4899 2418 4965 nobis,
2461 4916 2555 4954 cur
2577 4900 2628 4951 in
2663 4902 2968 4967 posteriore
3000 4900 3388 4957 Emendatione
3419 4919 3518 4958 sua

1916 4971 1975 5026 S.
2010 4971 2172 5024 Pater
2201 4971 2467 5035 omiserit,
2495 4971 2560 5022 ad
2593 4970 2852 5022 Gallicani
2881 4971 3123 5022 Iaterculi
3159 4972 3337 5026 locum
3365 4973 3511 5028 hunc

1918 5044 2178 5096 (licemtn.
2207 5042 2374 5095 Porro
2407 5055 2502 5107 pro
2531 5040 2885 5113 sanctuarinm
2917 5039 3216 5113 Veronens.
3241 5059 3342 5098 ms.
3383 5061 3521 5113 pra:-

1918 5114 2021 5168 iet‘t
2050 5113 2220 5164 altare
2249 5127 2268 5163 :
2294 5111 2640 5177 subsequcnti
2667 5123 2823 5160 versu
2863 5112 3145 5178 succendit,
3181 5130 3276 5179 pro
3305 5111 3516 5168 combu-

1920 5186 2008 5250 rit,
2039 5199 2102 5235 ac
2125 5181 2362 5234 vicissim
2391 5179 2677 5250 comburat,
2715 5193 2808 5245 pro
2841 5181 3097 5232 incendat.
3132 5184 3380 5237 Inferius.
3411 5186 3520 5239 Int-

1920 5249 2002 5326 ple
2029 5253 2213 5326 [aciem
2239 5265 2414 5301 eorum
2441 5249 2740 5315 ignominia,
2775 5258 2821 5326 et
2842 5260 3095 5326 quwrant,
3125 5263 3230 5307 etc.
3257 5254 3516 5326 denique,

1922 5319 2319 5391 Confttndtmtur
2349 5330 2392 5372 et
2421 5328 2742 5391 rcvureuntur
2771 5320 2820 5391 in
2851 5322 3119 5388 swculunt,
3152 5331 3259 5376 etc.

1995 5388 2220 5461 s'llnice
2264 5405 2385 5441 cum
2433 5388 2730 5453 Augntino
2777 5389 3104 5461 Veronensis
3156 5394 3311 5461 liber,
3351 5397 3519 5461 Quam

1922 5459 2252 5512 dilectissime
2278 5467 2418 5522 sunt,
2443 5467 2579 5516 etc.;
2611 5467 2720 5510 tum
2748 5460 2920 5512 altero
2944 5477 3125 5527 versu,
3146 5459 3316 5518 turtur
3345 5459 3524 5519 nidum

1921 5530 2037 5605 sibi,
2068 5527 2172 5590 ubi,
2205 5539 2343 5605 etcl;
2374 5537 2421 5582 el
2458 5527 2740 5605 postduos
2771 5530 2925 5605 alios,
2979 5533 3126 5605 cujus
3157 5543 3228 5586 est
3269 5538 3524 5605 susceptio

1923 5601 2010 5651 abs
2036 5608 2102 5674 te,
2131 5606 2270 5674 etc;
2304 5599 2354 5674 in
2384 5597 3234 5674 convalle"plorationisjn'locum
3263 5597 3525 5674 quent'di-

1923 5668 2140 5744 sposuit.
2167 5665 2365 5744 litcnim
2389 5668 2802 5738 benedictionem,
2829 5677 2932 5725 etc.
2959 5671 3044 5741 Et,
3069 5665 3341 5744 apparebit
3368 5673 3528 5732 Deus,

1929 5756 2024 5812 pro
2051 5738 2325 5807 videbitur,
2355 5749 2463 5795 etc.
