3936 6180
296 252 364 315 9.77
1480 251 1681 310 LIBER
1721 252 1843 311 PSA
1855 252 2167 311 LMORUM.

3391 259 3501 317 278

348 372 636 430 Verumtamen
668 386 831 443 prape
858 371 1089 424 timentes
1139 386 1256 425 eum
1301 370 1532 425 salutare
1582 372 1791 441 ipsius:
1820 378 1865 434 Α
1967 369 2351 425 Verumtamen
2386 380 2554 439 prope
2605 375 2690 425 est
2731 367 3048 424 timentibus
3090 382 3216 424 cum
3257 371 3497 428 salutare

299 479 334 525 ttt
356 478 371 507 ⁸
394 468 583 521 inhabitet
614 466 788 537 gloria
826 465 879 517 in
912 474 1047 517 terra
1078 472 1272 516 nostra.

341 560 628 615 Misericordia
656 568 706 611 et
738 558 922 612 reritas
949 556 1273 611 obriaverunt
1304 569 1322 609 :
1352 570 1395 609 ἡ
1445 553 1540 609 sibi
1577 553 1597 623 ζ
1620 554 1786 625 justi-

287 655 333 707 tio
350 664 381 708 et
398 669 470 724 pas
484 652 733 707 osculata:
755 660 899 705 sunt.

338 745 474 800 l'eritos
514 745 579 800 de
620 753 762 797 terra
808 752 923 796 orla
950 751 1022 797 est
1051 756 1069 796 :
1096 750 1141 795 ct
1162 740 1371 811 justitia
1402 738 1467 793 de
1498 739 1623 793 carlo
1667 755 1790 808 pro-

284 839 408 908 spexit.

328 929 467 983 Etenim
488 926 743 982 Dominus
774 926 912 979 dabit
934 925 1298 997 benignitatem
1327 941 1344 979 :
1374 933 1420 979 et
1451 934 1588 980 terra
1606 932 1782 980 nostra

281 1022 373 1074 dabit
393 1022 587 1092 fructum
616 1036 791 1073 suum.

322 1114 469 1170 iustitia
492 1124 614 1170 ante
636 1132 750 1170 eum
780 1112 1062 1169 ambulabit
1093 1129 1111 1169 :
1140 1121 1188 1169 et
1215 1121 1366 1185 ponet
1390 1114 1441 1167 in
1468 1113 1550 1168 uia
1570 1129 1778 1187 gressus

275 1223 367 1263 θυοδ.

1896 462 2065 533 ipsius
2099 479 2113 517 :
2148 471 2205 517 ut
2234 461 2499 516 inhabitet
2526 462 2695 529 gloria
2724 461 2776 516 in
2798 472 2942 517 terra
2968 471 3172 517 nostra.

1974 555 2344 609 Misericordia
2377 562 2433 609 et
2460 555 2663 609 veritas
2701 554 3068 610 obviavcrunt
3107 553 3206 609 sibi
3243 554 3493 623 :justitia

1896 656 1949 703 et
1980 663 2080 717 pax
2111 647 2411 717 complerem
2441 655 2567 702 sunt
2594 662 2672 700 se.

1969 741 2183 797 Veritas
2211 740 2278 797 dc
2298 751 2441 798 terra
2466 749 2583 795 orta
2619 747 2702 795 est
2737 758 2749 795 :
2778 748 2832 793 et
2856 738 3068 810 jnstitia
3100 737 3169 794 tlc
3200 741 3339 794 cmlo
3370 754 3495 809 pro-

1892 829 2091 901 Spexﬂ.

1968 922 2182 977 Etenim
2236 922 2499 978 Dominus
2553 922 2703 977 dabit
2747 922 3184 993 benignitatem:
3238 930 3296 977 ct
3349 930 3491 977 terra

1891 1024 2074 1070 nostra
2107 1014 2255 1069 dabit
2285 1015 2518 1069 fructum
2546 1028 2727 1068 suum.

1958 1108 2176 1164 Justitia
2205 1116 2333 1164 ante
2360 1122 2483 1164 eum
2511 1105 2811 1163 ambulabit
2836 1125 2850 1162 :
2880 1115 2935 1163 et
2962 1115 3129 1178 ponet
3152 1106 3205 1161 in
3232 1107 3316 1163 via
3340 1122 3489 1177 gres-

1888 1214 1982 1257 SlIB
2011 1214 2160 1257 8008.

1455 1385 1817 1449 PSALMUS
1860 1384 2187 1448 LXXXV.

606 1547 804 1590 ORATIO
830 1529 859 1573 δ
889 1546 952 1590 -ι-
986 1546 1087 1589 rrsr
1113 1533 1137 1603 ζ
1163 1548 1321 1591 navo.

311 1625 485 1694 lntlina,
516 1626 761 1693 Domine,
785 1640 964 1681 aurem
994 1635 1156 1696 tuam,
1189 1641 1239 1682 σθ
1277 1636 1324 1681 et
1356 1626 1380 1696 ζ
1424 1627 1618 1683 exaudi
1654 1643 1771 1683 me:

262 1720 434 1790 quoniam
457 1720 609 1788 inops
636 1728 685 1773 et
715 1733 912 1789 pauper
940 1730 1053 1772 sum
1082 1733 1200 1789 ego.

306 1808 467 1866 Custodi
486 1812 720 1865 animam
747 1826 936 1877 meam,
964 1811 1212 1881 quoniam
1247 1820 1455 1867 sanctus
1486 1826 1599 1867 sum
1626 1827 1645 1865 :
1671 1810 1777 1866 sal-

258 1919 336 1956 tum
355 1902 417 1970 {ac
434 1918 630 1958 servum
655 1912 822 1970 tuum,
845 1899 988 1957 Deus
1016 1916 1162 1956 meus
1182 1943 1197 1969 ,
1225 1912 1513 1973 sperantem
1538 1902 1591 1955 in
1623 1910 1689 1957 te.

304 1994 501 2050 Miserere
546 1994 650 2049 mei
677 2036 693 2062 ,
751 1991 1004 2061 Domine,
1055 1995 1298 2064 quoniam
1328 1995 1396 2047 ad
1424 2003 1473 2050 te
1507 2003 1528 2034 ε
1559 1992 1777 2048 clamavi

259 2099 331 2144 tota
354 2092 448 2146 die:
477 2092 689 2162 lcetiﬁca
716 2091 945 2144 animum
980 2092 1113 2146 servi
1158 2090 1255 2159 tui,
1304 2091 1553 2162 quoniam
1590 2092 1659 2145 ad
1690 2098 1738 2147 te
1761 2132 1776 2159 ,

255 2182 445 2247 Domine,
467 2186 695 2239 animum
722 2201 889 2239 meam
921 2185 1101 2239 levavi.

304 2278 517 2344 Quoniam
544 2289 621 2342 tu,
649 2276 888 2343 Domine,
922 2278 1093 2333 suavis
1122 2285 1168 2331 et
1192 2277 1332 2332 mitis
1354 2318 1368 2345 ,
1398 2285 1444 2331 et
1471 2277 1647 2333 multa:
1677 2279 1775 2333 mi-

250 2370 475 2425 tericordim
500 2371 737 2426 omnibus
764 2369 1113 2424 invocantibus
1133 2378 1197 2423 te.

298 2461 476 2517 Auribus
506 2463 708 2534 percipe
728 2504 742 2525 ,
767 2460 1019 2530 Domine,
1060 2462 1349 2517 orationem
1380 2478 1545 2517 meam
1576 2477 1592 2516 :
1626 2470 1672 2515 et
1695 2461 1777 2516 in-

255 2554 361 2607 tende
383 2556 477 2608 ινσεὶ
505 2554 885 2623 deprecationis
913 2569 1056 2607 metu.

297 2640 345 2694 ln
366 2644 432 2698 die
459 2644 803 2698 tribulationis
834 2658 957 2697 mere
994 2643 1205 2697 clamavi
1233 2645 1302 2698 ad
1332 2653 1379 2698 te
1408 2659 1426 2698 :
1460 2643 1583 2715 quia
1610 2660 1774 2699 exau-

243 2728 333 2785 disti
353 2752 434 2790 nte.

298 2826 391 2881 Non
417 2841 484 2885 est
509 2831 692 2885 similis
717 2831 793 2884 tui
831 2830 883 2884 in
916 2830 1018 2883 diis
1037 2869 1052 2897 ,
1092 2829 1311 2885 Domine
1341 2848 1359 2885 :
1388 2839 1436 2885 et
1467 2846 1569 2886 non
1588 2843 1665 2886 est
1695 2848 1774 2887 se-

244 2921 416 2973 cundum
441 2940 586 2993 Opera
619 2934 730 2976 tua.
772 2978 775 2981 ,

295 3011 447 3068 Omnes
475 3025 641 3087 gentes
667 3031 795 3083 quas
821 3029 875 3069 -ιν
907 3030 1122 3086 euntque
1163 3014 1186 3083 ζ
1227 3015 1394 3087 fecisti
1422 3058 1436 3083 ,
1467 3016 1690 3087 venient,
1724 3026 1774 3070 et

239 3101 472 3159 adorabunt
502 3124 670 3161 coram
694 3117 773 3173 te,
800 3106 1021 3159 Domine
1044 3148 1059 3175 ,
1105 3117 1155 3161 et
1184 3106 1550 3178 glori/imbuat
1588 3125 1773 3165 nomen

241 3202 369 3251 ίιιιια.

293 3289 507 3353 Quoniam
534 3312 748 3368 magnus
768 3311 821 3351 es
848 3305 923 3363 tu,
949 3304 996 3351 et
1021 3296 1217 3367 faciens
1239 3295 1503 3351 mirabilia
1530 3311 1549 3350 :
1579 3307 1767 3354 its-res

244 3377 258 3443 ζ
285 3379 393 3439 Dens
414 3390 561 3447 solus.
591 3389 619 3427 ἀ

293 3474 442 3535 Deduc
470 3501 538 3538 me
558 3525 573 3549 ,
597 3484 840 3550 Domine,
868 3485 921 3539 in
948 3485 1026 3538 via
1048 3493 1163 3550 tua,
1193 3492 1241 3538 et
1268 3485 1534 3555 ingrediar
1557 3485 1611 3539 in
1638 3485 1769 3539 reri-

238 3572 314 3618 latr
336 3578 408 3624 tua
432 3589 448 3627 :
474 3576 667 3630 lectetur
692 3592 785 3629 cor
812 3591 997 3639 meum,
1027 3585 1083 3629 ut
1104 3577 1280 3630 timeat
1310 3592 1495 3631 nomen
1524 3586 1691 3630 tuum.

290 3658 540 3731 Ccnﬁtebor
562 3711 577 3735 ,
629 3669 722 3722 tibi
772 3667 992 3723 Domine
1021 3667 1163 3723 Deus
1205 3686 1346 3723 uicus
1377 3671 1430 3723 in
1463 3680 1569 3725 toto
1598 3670 1754 3726 corde

239 3760 353 3804 meo:
376 3766 415 3810 et
438 3758 728 3829 gloriﬁcabo
757 3776 940 3815 nomen
962 3772 1106 3815 tuum
1132 3761 1185 3816 in
1208 3770 1486 3816 externum.

292 4013 403 4077 Quia
428 4024 762 4079 misericordia
800 4034 891 4078 tua
926 4041 1177 4096 magna-'r
1193 4038 1269 4082 est
1306 4028 1326 4095 ζ
1363 4044 1517 4099 super
1558 4046 1634 4085 me
1658 4046 1677 4085 :
1716 4039 1763 4086 et

236 4106 377 4162 eruisti
403 4116 604 4174 animum
632 4134 801 4173 meum
830 4134 895 4173 ex
917 4119 1119 4189 inferno
1148 4120 1403 4190 inferiori.

286 4281 429 4360 Deus,
456 4297 603 4370 iniqui
642 4300 1037 4356 insurrexerunt
1080 4317 1238 4372 super
1268 4318 1367 4370 me,
1398 4310 1445 4357 et
1488 4320 1758 4378 synagoga

220 4385 464 4444 potentium
482 4396 787 4464 quwsierttnt
815 4395 1039 4450 animam
1078 4412 1245 4451 meam
1268 4412 1287 4450 .'
1316 4405 1363 4452 et
1386 4414 1488 4453 non
1519 4410 1541 4436 ε’
1569 4416 1763 4473 prapo-

218 4476 402 4532 διιετδιτιε
425 4488 532 4543 tein
558 4498 840 4559 conspectu
866 4505 983 4544 suo.

2198 1549 2392 1592 canto
2430 1549 2588 1592 navit)
2626 1533 2755 1609 [κε.
2807 1548 2906 1592 1P8!
2934 1532 3140 1608 DAYID].

1950 1626 2175 1694 lnclina,
2210 1627 2461 1695 Domine,
2494 1642 2682 1684 aurem
2713 1636 2859 1684 tuam
2894 1626 2912 1667 ι
2946 1627 3012 1684 ad
3042 1642 3132 1685 me
3154 1668 3170 1695 ,
3209 1636 3267 1685 et
3293 1628 3492 1687 exaudi

1882 1733 1972 1775 me
2003 1734 2020 1774 :
2049 1718 2311 1790 quoniam
2345 1733 2552 1791 egenus
2581 1729 2635 1776 et
2668 1734 2875 1792 pauper
2903 1734 3023 1775 sum
3055 1735 3180 1791 ego.

1949 1812 2175 1870 Custodi
2220 1814 2455 1869 animam
2500 1827 2711 1879 meam,
2757 1813 3013 1885 quoniam
3051 1822 3274 1871 sanctus
3314 1828 3475 1870 sum:

1877 1904 2083 1961 salvum
2112 1904 2195 1961 {ac
2219 1922 2441 1962 servum
2463 1916 2633 1971 tuum,
2653 1906 2791 1962 Deus
2819 1919 2994 1975 meus,
3013 1914 3321 1977 sperantem
3339 1906 3391 1962 in
3407 1915 3484 1964 te.

1954 1996 2214 2054 Miserere
2242 1998 2375 2053 mihi
2400 2038 2414 2065 ,
2456 1997 2708 2065 Domine,
2757 1998 3013 2069 quoniam
3052 1995 3119 2054 ad
3165 2007 3219 2054 to
3253 1998 3484 2053 clamavi

1883 2098 1996 2146 tota
2022 2091 2111 2147 die
2142 2108 2156 2148 :
2188 2090 2401 2149 laetifica
2430 2092 2668 2147 animam
2702 2092 2847 2149 servi
2879 2092 2958 2148 tui
2978 2133 2993 2159 ,
3018 2092 3143 2165 quia
3172 2090 3239 2147 ad
3271 2098 3345 2160 te,
3377 2092 3483 2148 Do-

1880 2184 2049 2251 mine,
2084 2185 2256 2241 levavi
2288 2186 2523 2240 animam
2552 2198 2750 2241 meam.

1952 2279 2215 2347 Quoniam
2245 2288 2323 2345 tu,
2347 2280 2599 2344 Domine,
2631 2277 2816 2333 suavis
2845 2288 2909 2331 ac
2936 2274 3080 2331 mitis
3107 2290 3189 2342 es,
3212 2284 3263 2331 et
3289 2276 3477 2347 copio-

1880 2384 1973 2426 sus
2003 2371 2056 2424 in
2085 2370 2462 2425 misericordia
2494 2369 2748 2425 omnibus
2768 2366 3151 2424 invocantibus
3179 2376 3251 2422 te.

1951 2463 2189 2519 Auribus
2239 2464 2461 2534 percipe
2482 2506 2496 2529 ,
2536 2462 2797 2527 Domine,
2830 2461 3132 2516 orationem
3170 2473 3345 2515 meam
3375 2476 3391 2519 :
3421 2470 3476 2518 ct

1880 2554 2105 2609 intende
2132 2556 2249 2609 voci
2274 2554 2672 2624 deprecationis
2694 2567 2852 2607 mem.

1953 2645 2008 2699 In
2040 2646 2130 2701 die
2162 2646 2526 2702 tribulationis
2556 2660 2689 2701 metu
2725 2644 2953 2700 clamavi
2986 2643 3052 2699 ad
3085 2650 3137 2700 te
3170 2660 3184 2699 :
3214 2644 3472 2717 quoniam

1878 2737 2150 2793 exandisti
2188 2753 2294 2793 me.

1950 2830 2066 2885 Non
2096 2840 2182 2885 cst
2214 2830 2411 2885 similis
2438 2829 2537 2885 tibi
2574 2830 2628 2885 in
2657 2828 2786 2897 diis,
2818 2827 3055 2885 Domine
3098 2845 3113 2883 :

1877 2923 2173 2978 secundum
2207 2938 2371 2993 Opera
2402 2932 2508 2976 tua.

1947 3016 2148 3070 Omnes
2175 3027 2367 3085 gentes
2397 3027 2768 3084 quascumque
2788 3011 2919 3085 [Με.
2953 3010 3112 3083 quas]
3145 3011 3359 3079 iecisti,
3380 3028 3480 3069 ve-

1877 3106 2068 3161 nient:
2109 3115 2164 3161 et
2191 3106 2500 3161 adorabunt
2527 3121 2712 3161 coram
2747 3114 2831 3173 te,
2863 3105 3123 3172 Domine,
3158 3112 3214 3160 et
3252 3104 3475 3163 honori-

1874 3198 2119 3255 ﬁcabunt
2150 3199 2279 3272 [Ms.
2307 3198 2716 3270 gloriﬁcabunt]
2747 3213 2946 3254 nomen
2975 3206 3147 3254 tuum.

1947 3294 2213 3361 Quoniam
2237 3308 2465 3364 magnus
2488 3307 2549 3349 es
2576 3302 2631 3347 tu
2650 3333 2666 3362 ,
2696 3301 2751 3348 et
2782 3291 2987 3348 iaciens
3009 3300 3034 3338 κ
3063 3290 3338 3348 mirabilia
3369 3310 3384 3349 :
3418 3301 3477 3351 tu

3158 2835 3215 2884 ει
3249 2841 3359 2885 non
3394 2837 3479 2885 εει

1819 3390 1841 3410 λ
1876 3399 1935 3441 es
1964 3386 2106 3441 licus
2132 3386 2302 3441 solus.

1951 3478 2133 3533 Deduc
2171 3494 2287 3545 me,
2324 3477 2584 3545 Domine,
2627 3477 2682 3533 in
2714 3477 2802 3533 via
2833 3487 2924 3534 tua
2956 3496 2969 3534 :
3004 3489 3061 3537 et
3096 3480 3386 3538 ambulabo
3418 3481 3473 3540 in

1874 3569 2102 3624 veritate
2134 3580 2220 3623 tua
2234 3612 2246 3623 .

1943 3663 2183 3719 Laztetur
2224 3662 2351 3737 [Μδ.
2391 3663 2717 3735 delectetur]
2760 3679 2857 3721 cor
2897 3681 3079 3721 meum
3111 3707 3126 3733 ,
3178 3676 3237 3723 ut
3276 3668 3472 3726 timeat

1886 3771 2084 3812 nomen
2119 3767 2271 3811 tuum
2300 3777 2313 3811 ;
2345 3758 2647 3813 conﬁtebor
2684 3757 2814 3821 tibi,
2858 3758 3085 3815 Domine
3114 3760 3256 3817 Deus
3298 3777 3473 3819 meus.

1881 3850 1935 3903 in
1966 3860 2078 3903 toto
2107 3850 2273 3905 corde
2298 3866 2449 3916 meo,
2489 3856 2546 3905 et
2576 3848 2954 3906 liouorilicabo
2978 3850 3107 3922 [Με.
3130 3852 3470 3927 gloriﬁcabo]

1875 3955 2072 3996 nomen
2106 3952 2255 3996 tuum
2282 3942 2339 3997 in
2362 3950 2652 3998 :cternum.

1945 4034 2215 4101 Quoniam
2250 4033 2624 4089 misericordia
2668 4042 2757 4090 tua
2800 4050 2992 4106 magna
3023 4044 3108 4092 est
3136 4052 3299 4111 super
3338 4055 3464 4096 me:

1873 4133 1929 4181 et
1952 4123 2205 4194 eripuisti
2244 4124 2370 4197 [Με.
2418 4125 2632 4197 eruisti]
2668 4128 2901 4184 animam
2932 4144 3110 4187 meam
3149 4145 3218 4186 ex
3250 4131 3467 4189 interno

1873 4216 2151 4273 inferiore.

1940 4310 2114 4378 Deus,
2144 4308 2172 4347 ιι
2200 4311 2387 4381 injusti
2421 4312 2839 4372 insurrexerunt
2869 4316 2925 4373 in
2953 4331 3081 4373 me:
3112 4325 3167 4371 et
3190 4330 3465 4387 synagoga

1867 4404 2169 4473 potentium
2207 4402 2545 4474 quassierunt
2580 4408 2814 4463 animam
2856 4423 3069 4464 meam:
3101 4415 3291 4463 etnon
3336 4425 3467 4477 pro-

1870 4508 2175 4569 posuerunt
2201 4509 2253 4556 te
2282 4508 2409 4555 ante
2436 4509 2793 4571 conspectum
2824 4516 3001 4557 suum.

229 4684 532 4778 fﬁ'i’lrtrunth,
560 4709 659 4777 pro
689 4694 1015 4778 obyiaﬂrerunt.
1028 4734 1041 4756 ,
1074 4703 1131 4750 et
1172 4695 1417 4778 osculata:
1465 4708 1605 4778 sunt,
1633 4715 1748 4778 Apro
1778 4704 1830 4767 D
1854 4704 2146 4778 misericors
2188 4705 2425 4759 omnibus
2475 4706 2829 4761 invocantibus
2879 4714 2947 4758 te.
2975 4704 3225 4778 _Aurib_us
3257 4708 3416 4778 inﬁgo
3440 4754 3456 4778 ,

219 4752 466 4838 sigla/csa.
494 4752 727 4838 Denique
758 4764 894 4838 infra
929 4752 1083 4821 unice
1105 4782 1226 4821 cum
1256 4752 1752 4838 Augustinojdirbi't

208 4822 475 4885 δνηνιῖηιιριη
499 4876 511 4897 ,
560 4822 661 4905 pro
693 4836 1056 4908 benignitatem
1084 4852 1103 4891 :
1131 4846 1321 4893 etanta
1341 4822 1467 4895 Eum

206 4888 282 4943 ΡΙὊ
306 4902 596 4959 ambulabit.

336 4909 596 4961 anbulabit.

262 4960 395 5046 :fhe
417 4960 546 5033 more
574 4960 807 5033 i’alatin.
836 4994 944 5033 ms.
978 4986 1031 5031 ut
1058 4993 1113 5033 σθ
1147 4981 1199 5034 in
1228 4980 1249 5046 ζ
1283 4980 1495 5036 habitet.

215 5030 510 5155 “gelarent
526 5030 812 5106 usus};
836 5030 1592 5125 's'r'snsmen'na;insuaue
1620 5053 1757 5111 adeo

366 5128 421 5165 m.

286 5175 567 5274 Z‘QIt‘codem
601 5192 829 5274 ursam!
856 5199 904 5274 te
934 5192 1447 5274 claniab_o_tota,_ctc.

234 5246 576 5351 “ILS'Elti:tiig‘it
599 5246 957 5351 lhic'Palatin.
986 5280 1087 5351 ms.
1119 5246 1459 5351 propitianti}
1478 5265 1620 5338 quod
1639 5267 1745 5323 itc-

258 5321 483 5413 u'enllAerlio
506 5321 571 5387 5b
599 5335 700 5413 Ι]οε
730 5349 888 5389 versu
919 5336 1208 5390 subnectit.

296 5388 311 5482 ξ
340 5385 565 5482 gemmis.
594 5405 661 5482 de
691 5420 859 5465 more,
894 5422 993 5458 non
1024 5421 1079 5461 οξ
1110 5424 1203 5478 pro
1233 5407 1254 5475 ζ
1286 5416 1565 5482 ροδιιρνιιληζ
1594 5420 1746 5482 ιρις.

233 5455 530 5571 Μὶὲῐῗειξξθε
561 5478 627 5527 ad
660 5492 760 5557 me,
801 5490 933 5544 quas
967 5455 1143 5546 neque
1178 5455 1473 5571 origriini‘les
1505 5455 1624 5532 libri
1658 5480 1749 5534 alii

266 5529 418 5616 illi)“,
447 5529 759 5601 νετοιιεηείέ
784 5529 998 5616 filioque
1019 5529 1138 5601 1.355
1164 5529 1747 5604 ra'céi‘."rérn'a'imsiii

423 5624 563 5690 Ἶρι-δυ
593 5618 721 5684 legit
750 5631 870 5690 cum
899 5620 1223 5690 Augustino,
1245 5620 1479 5690 jocunda
1519 5621 1746 5673 animant

282 5673 357 5757 :1
384 5682 484 5757 illi:
523 5673 761 5757 quoniam
786 5688 853 5739 ad
902 5673 1269 5754 lc,UDOIttitti::
1322 5690 1481 5742 leuari
1524 5693 1749 5743 animmn

335 5752 390 5795 νη·
419 5749 603 5815 Ωιιὶαίιι
629 5759 800 5813 suavis
822 5775 895 5826 es,
920 5749 1157 5828 Domine,
1188 5749 1425 5825 (ιεέηἰιίδ,
1460 5770 1504 5813 et
1532 5761 1749 5813 multant

233 5584 290 5636 ab
308 5591 391 5655 hoc

234 5664 343 5703 Servi

1858 4776 2101 4843 Domine,
2146 4778 2431 4831 orationem
2478 4794 2663 4843 meam,
2709 4785 2756 4830 et
2805 4776 3013 4830 intende
3052 4776 3161 4829 voci
3198 4776 3449 4836 orationis

1860 4864 2005 4902 metu.

1934 4927 1957 4964 ε
2000 4918 2098 4972 Ms.
2130 4917 2432 4973 Veronens.
2463 4916 2861 4985 misericordias,
2896 4932 2963 4973 ex
3003 4918 3209 4974 librarii
3239 4935 3452 4987 errore.

1860 5003 1959 5057 pro
1985 4990 2282 5043 mirabilia:
2317 5000 2426 5044 tum
2459 5002 2583 5043 cum
2608 4987 2933 5056 Augustino,
2968 4998 3023 5043 tu
3052 5006 3103 5043 es
3151 4989 3289 5045 Deus
3314 4991 3454 5047 solus

1862 5076 2093 5129 magnus.
2128 5059 2329 5123 Deduc,
2354 5067 2463 5113 etc.

1932 5126 1963 5166 Π
1987 5133 2165 5199 Atque
2195 5130 2315 5195 hoc,
2339 5138 2395 5182 ut
2425 5136 2479 5182 et
2509 5126 2615 5199 alia
2647 5126 2900 5199 pleraque
2931 5129 2999 5183 ad
3026 5131 3328 5199 marginem
3357 5146 3453 5186 an-

1861 5196 2214 5262 notata,'cnm
2239 5199 2540 5268 Augustino
2573 5198 2735 5251 habet
2762 5196 3063 5255 Veronens.
3100 5196 3253 5267 liber,
3291 5202 3451 5267 Deus,

1855 5279 2216 5343 pra’tcrcuntes
2247 5270 2406 5343 legem
2431 5268 2815 5343 insuri'eaertmt
2852 5286 3003 5340 super
3024 5288 3134 5326 me:
3186 5289 3451 5343 synagoga

1858 5342 2140 5409 potentium
2188 5339 2523 5407 inquisierunt
2562 5339 3002 5409 animamimram,
3034 5354 3083 5397 et
3117 5339 3229 5395 non'
3264 5339 3451 5409 postie-

1856 5408 1976 5464 runt
2006 5421 2052 5461 te
2076 5409 2125 5460 in
2152 5418 2421 5475 conspectu
2443 5424 2555 5462 suo.
2592 5408 2654 5462 Et
2680 5420 2753 5473 tu,
2788 5408 3009 5466 Domine
3027 5412 3165 5465 Deus
3188 5408 3452 5467 miserator

1856 5492 1903 5533 et
1936 5479 2242 5543 misericors,
2290 5477 2599 5547 longanimis
2634 5488 2681 5532 et
2721 5480 2961 5549 multum,
3009 5494 3113 5537 etc.
3160 5482 3369 5537 Videsis
3398 5492 3453 5536 ct.

1858 5552 2247 5617 Hieronymum
2297 5550 2456 5615 epist.
2496 5550 2561 5601 ad
2608 5550 2869 5603 Sunniam
2914 5563 2968 5606 et
3019 5552 3306 5617 Fretelam,
3358 5554 3450 5606 ubi

1855 5619 1996 5688 quod
2039 5620 2124 5689 hic
2156 5618 2368 5673 additur
2412 5634 2553 5689 meus
2601 5634 2897 5687 pronomen
2943 5623 3008 5675 ad
3060 5622 3219 5688 Deus,
3252 5638 3443 5689 super-

1856 5687 2204 5769 ﬂuuntdneet
2226 5704 2366 5757 esse,
2397 5704 2495 5745 nec
2525 5688 2578 5744 in
2606 5690 2839 5745 “CDI‘ZCO
2867 5690 3077 5763 haberi,
3102 5708 3202 5750 nec
3246 5696 3299 5749 in
3323 5687 3441 5747 'Sc-

1859 5766 2159 5831 pluagiuta.
