3936 6180
479 158 548 216 ἳΟ
1447 149 1508 206 S.
1547 147 1930 206 HIERONYMI
1973 144 2204 204 DIVINA
2242 143 2726 205 BIBLIOTHECA.

3641 142 3741 206 280

509 273 580 328 Et
606 282 684 338 tu,
711 270 934 327 Domine
951 267 1115 338 Deus,
1139 267 1410 322 miseralor
1430 273 1479 320 et
1499 264 1813 333 misericors,
1833 263 2034 335 patiens
2059 271 2118 335 Α
2213 263 2282 319 Ει
2316 271 2403 330 tu,
2443 260 2462 300 τ
2498 262 2728 318 Domine
2768 261 2911 319 Deus
2944 274 3131 328 meus,
3162 263 3458 318 miseralor
3487 270 3542 318 et
3569 262 3736 320 mise-

439 377 488 422 et
518 366 698 420 multa:
726 363 1094 419 misericordia:
1121 369 1169 414 et
1194 375 1372 414 verax.

510 458 728 524 Respice
766 458 818 510 in
843 471 942 519 me,
969 464 1015 508 et
1043 453 1281 506 miserere
1297 453 1397 505 mei
1427 468 1443 504 :
1477 451 1546 504 da
1582 449 1858 516 imperium
1893 457 2037 502 tuum

445 565 605 622 puero
634 558 745 614 tuo,
778 557 827 601 et
855 547 1053 601 salvum
1081 546 1167 615 fac
1195 546 1364 614 ﬁlium
1405 545 1612 599 ancillw
1639 556 1762 598 tum.

510 639 624 692 Fac
649 654 844 692 ntecum
863 637 1067 707 signum
1086 636 1140 690 in
1158 637 1367 702 bonum,
1396 647 1452 690 ut
1473 637 1677 690 videant
1702 634 1791 706 qui
1817 635 2037 688 oderunt

446 748 545 798 me,
576 739 625 784 et
657 728 1048 799 confundantur
1075 744 1092 781 :
1119 729 1365 799 quoniam
1391 738 1467 798 tu,
1493 727 1748 798 Domine,
1785 727 2039 802 adjuvisti

441 838 540 891 me,
570 829 618 877 et
642 820 944 878 consolatus
973 835 1024 878 es
1047 836 1146 876 me.

2143 356 2352 423 ricors,
2391 355 2606 425 patiens
2637 364 2693 412 et
2723 355 2947 410 multum
2982 355 3294 411 misericors
3331 365 3388 411 et
3415 370 3604 410 verax.

2215 448 2449 519 Respice
2479 447 2532 503 in
2564 463 2682 513 me,
2733 456 2790 504 et
2826 449 3086 503 miserere
3122 447 3228 502 mei
3265 465 3278 502 :
3323 447 3390 502 da
3425 457 3742 518 potestatem

2139 555 2314 613 puero
2352 549 2473 608 tuo,
2507 549 2565 597 et
2589 541 2804 597 salvum
2832 539 2917 595 fac
2948 540 3114 595 lilium
3139 539 3354 594 ancillae
3383 548 3510 596 tuae.

2210 636 2320 692 Fac
2349 650 2563 692 meeum
2585 676 2602 704 ,
2631 635 2860 690 Domine
2901 633 3030 708 [Ms.
3072 643 3176 689 tac.
3226 632 3502 708 Domine],
3533 634 3741 706 signum

2143 730 2200 786 in
2228 729 2470 786 bonum:
2505 736 2569 784 ut
2600 727 2825 785 videant
2855 727 2949 799 qui
2990 741 3081 784 me
3126 727 3395 797 oderunt,
3430 736 3486 783 et
3515 728 3744 785 confun-

2145 823 2367 879 dantur.

2214 916 2482 986 Quoniam
2505 921 2594 986 ιιι,
2629 913 2859 971 Domine
2877 953 2893 983 ,
2917 913 3176 987 adiuvisti
3201 929 3290 971 me
3319 931 3331 968 :
3357 922 3412 972 et
3433 912 3740 973 consolatus

2144 1023 2206 1067 08
2243 1025 2350 1066 me.

1689 1124 2052 1190 PSALMUS
2103 1125 2462 1189 LXXXVI.

758 1253 925 1310 Ftuts
961 1267 1125 1317 conc,
1165 1265 1401 1308 essurus
1438 1263 1673 1308 CAN'rlCl.

457 1349 882 1428 (Fundamenta
901 1374 1017 1444 ejus
1039 1370 1090 1425 in
1113 1369 1372 1424 montibus
1392 1369 1585 1424 sanctis
1615 1383 1633 1422 :
1662 1366 1837 1440 diligit
1858 1365 2048 1421 Domi-

441 1483 538 1522 nus
565 1477 746 1536 portas
777 1465 929 1532 Sion,
957 1479 1115 1535 super
1141 1463 1318 1519 omnia
1344 1461 1678 1516 tabernacula
1702 1459 1892 1514 Iacob.

512 1560 756 1615 Gloriosa
778 1559 919 1612 dicta
944 1565 1066 1611 sunt
1086 1558 1151 1610 de
1174 1567 1221 1610 te
1242 1597 1256 1620 ,
1282 1555 1460 1608 civitas
1484 1554 1604 1609 Dei.
1643 1553 1671 1582 °
1710 1553 2043 1608 DIAPSALIIA.

517 1652 728 1708 Memor
760 1668 848 1706 ero
869 1650 1056 1705 Rahab
1074 1691 1089 1716 ,
1112 1658 1160 1704 et
1183 1648 1468 1718 Babylonis
1491 1689 1507 1714 ,
1532 1649 1807 1702 scientiam
1838 1662 1938 1700 me.

512 1744 652 1800 Ecce
670 1744 978 1814 alienigena
1007 1751 1056 1797 et
1099 1741 1269 1813 Tyrus
1295 1755 1357 1796 -:~—
1391 1751 1438 1795 et
1482 1738 1553 1810 εὶ)
1578 1739 1802 1812 populus
1829 1738 2046 1795 /Ethio-

453 1854 604 1908 pum,
629 1837 684 1890 hi
713 1839 927 1907 fuerunt
953 1835 1088 1889 illic.

519 1929 793 1999 Numquid
825 1927 959 1983 Sion
983 1927 1137 1996 dicet,
1170 1926 1376 1992 Homo,
1407 1936 1454 1980 et
1492 1926 1646 1980 homo
1674 1934 1828 1982 natus
1868 1934 1944 1980 est
1989 1926 2043 1980 in

447 2039 530 2089 ea,
560 2032 606 2076 et
627 2021 739 2090 ipse
766 2019 1006 2091 fundavit
1029 2034 1144 2073 eam
1173 2017 1475 2071 Altissimus
1499 2018 1523 2072 Ρ

516 2112 773 2166 Dominus
813 2110 1046 2164 narrabit
1073 2110 1194 2182 [Με.
1245 2106 1498 2178 narravit]
1545 2109 1601 2162 in
1635 2109 1907 2180 scripturis
1948 2125 2042 2180 po-

446 2205 725 2274 pulorum,
772 2212 820 2257 et
862 2202 1164 2274 principum
1192 2199 1379 2255 horum
1416 2201 1506 2271 qui
1573 2201 1784 2270 fuerunt
1848 2203 1902 2256 in
1961 2217 2042 2256 ea.

449 2306 474 2336 ο
499 2296 824 2351 ῡιΑΡεΑωιΑ.

523 2389 678 2446 Sicut
707 2388 998 2444 laetantium
1027 2389 1260 2445 omnium
1280 2389 1531 2446 habitatio
1558 2396 1631 2446 est
1652 2389 1706 2445 in
1735 2398 1802 2444 te.

2286 1247 2343 1304 In
2382 1253 2410 1292 ε
2448 1262 2650 1315 FINEI,
2690 1263 2849 1306 mnus
2885 1262 3054 1317 cons,
3096 1263 3334 1308 pssuns
3369 1266 3605 1309 CAN'I‘ICI.

2154 1343 2189 1360 ’
2223 1362 2594 1420 Fundamenta
2623 1363 2742 1434 ejus
2770 1364 2826 1420 in
2857 1365 3133 1422 montibus
3163 1367 3368 1423 sanctis
3393 1387 3406 1422 :
3443 1368 3622 1440 diligit
3643 1370 3742 1426 Do-

2150 1456 2332 1512 minus
2365 1465 2549 1526 portas
2570 1457 2701 1513 Sion
2732 1473 2899 1528 super
2925 1461 3107 1514 omnia
3133 1460 3488 1516 tabernacula
3511 1461 3700 1517 Jacob.

2223 1549 2472 1607 Gloriosa
2502 1551 2644 1606 dicta
2667 1559 2795 1608 sunt
2821 1552 2891 1609 de
2921 1563 2973 1608 te
2998 1597 3014 1622 ,
3042 1553 3236 1610 civitas
3261 1553 3376 1610 Dei.
3416 1554 3740 1612 DIAPSALIIA.

2076 1664 2125 1725 Β
2224 1644 2435 1700 Memor
2457 1659 2554 1700 ero
2583 1644 2736 1700 Raab
2762 1653 2817 1701 et
2841 1646 3166 1717 Babylonis,
3190 1647 3484 1704 scientiam
3516 1664 3624 1704 me.

2223 1737 2366 1794 Ecce
2407 1737 2730 1808 alienigena:
2772 1748 2828 1794 et
2873 1740 3049 1812 Tyrus
3075 1738 3207 1812 [Με.
3239 1739 3396 1812 Tyri]
3425 1750 3484 1798 et
3523 1743 3745 1814 populus

2147 1830 2466 1901 Aﬂthiopum
2489 1871 2504 1896 ,
2541 1831 2596 1885 hi
2623 1830 2845 1887 fuerunt
2872 1831 2926 1887 in
2957 1847 3021 1888 ea
3044 1832 3176 1906 [Ms.
3203 1841 3308 1888 tae.
3342 1833 3396 1888 in
3429 1833 3543 1907 ea].

2224 1922 2398 1977 Mater
2437 1921 2568 1978 Sion
2599 1922 2744 1977 dicet
2769 1963 2785 1988 ,
2812 1922 3018 1991 llomo,
3059 1935 3114 1979 et
3141 1924 3307 1981 homo
3337 1923 3519 1983 lactus
3566 1936 3648 1984 est
3695 1927 3741 1983 in

2153 2031 2216 2072 ea
2251 2033 2266 2071 :
2295 2025 2353 2072 et
2382 2016 2498 2087 ipse
2529 2016 2775 2073 fundavit
2797 2032 2918 2074 eam
2958 2017 3282 2075 altissimus.

2225 2108 2486 2163 Dominus
2531 2109 2773 2164 narravit
2821 2111 2878 2164 in
2923 2110 3218 2181 scripturis
3249 2109 3380 2184 [.l!s.
3425 2111 3743 2182 scripturas}

2153 2200 2481 2272 populorum
2504 2216 2750 2271 suorum,
2777 2213 2831 2259 et
2856 2203 3163 2276 principum
3193 2219 3382 2262 eorum
3416 2207 3510 2277 qui
3536 2207 3744 2263 fuerunt

2154 2293 2210 2350 in
2237 2308 2324 2349 ea.
2361 2296 2693 2351 IllAPSALIIA.

2225 2386 2378 2444 Sicut
2390 2387 2684 2444 laetantium
2699 2388 2943 2446 omnium
2964 2399 3213 2447 nostrum
3229 2390 3495 2449 habitatio
3509 2400 3596 2450 est
3610 2391 3663 2449 in
3675 2399 3743 2448 te.

1691 2570 2055 2635 PSALMUS
2095 2569 2488 2637 LXXXVII.

516 2718 787 2763 CANTICUI
826 2717 1016 2759 Ρειιιιίι
1062 2745 1077 2773 ,
1145 2717 1302 2758 FILIIS
1339 2715 1478 2757 COBE
1507 2741 1522 2766 ,
1584 2715 1635 2754 IN
1675 2713 1840 2753 FINEH
1865 2739 1879 2762 ,
1944 2711 2047 2752 PRO

437 2776 466 2816 (ι
491 2792 706 2869 sincera
736 2793 804 2832 AD
832 2789 1249 2831 nespounsuouu
1267 2814 1282 2841 ,
1321 2785 1690 2828 tsrsLLsc'rus
1795 2784 1938 2824 eum
1963 2783 2050 2824 cz-

448 2864 628 2904 ntumz
674 2864 692 2916 ;

514 2961 740 3016 Domine
759 2957 902 3016 Deus
929 2960 1114 3017 salutis
1135 2974 1285 3027 mete,
1313 2958 1366 3012 in
1392 2957 1477 3013 die
1506 2955 1806 3012 clamavi-'r
1835 2965 1882 3010 et
1903 2961 2050 3009 nocte

447 3070 625 3110 coram
670 3063 739 3108 te.

521 3143 697 3198 Intret
724 3143 782 3196 in
808 3151 1087 3214 conspectu
1119 3152 1205 3198 tuo
1251 3141 1418 3198 oratio
1445 3157 1597 3197 mea:
1637 3139 1832 3195 inclina
1868 3154 2050 3194 aurem

449 3244 594 3289 tuam
618 3235 690 3287 ad
715 3249 917 3302 precem
945 3251 1132 3288 meam.
1167 3234 1192 3264 °

526 3327 662 3395 Quia
685 3326 881 3396 repleta
919 3335 993 3379 est
1023 3325 1177 3379 malis
1204 3325 1378 3378 anima
1403 3340 1517 3380 mea
1541 3340 1560 3379 :
1608 3333 1654 3379 et
1693 3325 1798 3379 vita
1826 3339 1940 3378 mea
1967 3323 2050 3377 in-

451 3421 602 3491 ferno
627 3420 1086 3490 apprOpinquauit.

527 3513 844 3567 xEstt'matus
867 3528 980 3565 sum
1009 3528 1127 3566 cum
1154 3512 1574 3568 descendentibus
1614 3513 1669 3566 in
1699 3513 1871 3566 lacum
1901 3528 1918 3565 :
1943 3513 2051 3583 fac-

455 3615 538 3662 tus
563 3621 680 3660 sum
701 3606 834 3660 sicut
860 3605 1013 3660 homo
1035 3606 1145 3661 sine
1169 3605 1456 3678 adjutorio,
1479 3606 1617 3660 inter
1643 3613 1876 3658 mortuos
1899 3603 2046 3659 liber.

526 3788 674 3845 Sicut
700 3787 953 3842 vulnerati
981 3789 1297 3844 dormientes
1326 3788 1379 3842 in
1401 3786 1674 3858 sepulcris,
1703 3804 1922 3857 quorum
1946 3804 2048 3843 non

451 3897 504 3936 es
533 3895 726 3935 memor
745 3881 1010 3950 amplius:
1036 3889 1085 3935 et
1108 3881 1208 3951 ipsi
1235 3880 1300 3935 de
1328 3897 1487 3935 manu
1513 3891 1604 3936 tua
1624 3881 1819 3952 repulsi
1837 3891 1981 3936 sunt.

525 4077 822 4133 Posuerunt
843 4094 921 4133 me
942 4078 997 4134 in
1026 4077 1146 4134 lacu
1171 4078 1444 4151 inferiori,
1476 4079 1530 4134 in
1561 4078 1845 4135 tenebrosis
1865 4120 1879 4148 ,
1917 4089 1965 4135 et
1997 4079 2052 4135 in

453 4170 635 4226 umbra
663 4171 862 4226 mortis.

2075 2910 2125 2976 C

2152 2697 2433 2773 Caurtcun
2470 2712 2658 2755 PSALII
2699 2697 2828 2772 [Ms.
2872 2699 3183 2773 οιιρεΑιιιι]
3212 2744 3228 2764 ,
3271 2716 3434 2757 rtuts
3473 2716 3617 2758 conn
3647 2745 3661 2769 ,
3698 2715 3746 2756 nt

2156 2785 2320 2824 manu
2343 2810 2360 2837 ,
2402 2769 2431 2807 ιλ
2468 2785 2571 2826 pno
2609 2769 2859 2827 Itinera
2908 2789 2978 2828 Αι)
3025 2769 3449 2830 ιεερὸμυιειωωι
3485 2815 3503 2841 ,
3560 2788 3748 2829 ιιςτει-

2158 2855 2364 2897 LECTUS
2400 2856 2543 2896 ΕΙΔΝ
2580 2857 2896 2898 ιειιΑΕωΤΑς.

2225 2955 2457 3013 Domine
2484 2955 2630 3014 Deus
2655 2957 2846 3015 salutis
2868 2973 3036 3028 meae,
3072 2959 3126 3016 in
3151 2959 3241 3017 die
3263 2959 3496 3017 clamavi
3522 2967 3576 3017 et
3597 2967 3747 3016 nocte

2153 3063 2337 3106 coram
2364 3057 2436 3104 te.

2224 3144 2398 3202 Intret
2418 3144 2598 3202 oratio
2627 3160 2747 3202 mea
2767 3146 2822 3202 in
2851 3156 3150 3218 conspectu
3178 3157 3309 3204 tuo:
3337 3147 3546 3204 inclina
3572 3160 3746 3203 aurem

2154 3245 2299 3294 tuam
2331 3238 2400 3294 ad
2430 3254 2650 3310 precem
2680 3255 2859 3296 meam
2885 3281 2902 3308 ,
2932 3241 3183 3298 Domine.

2225 3331 2362 3396 Quia
2389 3331 2599 3402 repleta
2648 3341 2736 3389 est
2785 3332 2944 3389 malis
2990 3334 3171 3390 anima
3198 3347 3318 3390 mea
3347 3350 3364 3390 :
3411 3341 3468 3390 et
3495 3333 3609 3390 vita
3637 3347 3747 3389 mea

2153 3421 2370 3479 inferno
2409 3425 2782 3496 appropiavit.

2225 3515 2550 3572 Aﬂstitnatus
2590 3532 2710 3573 sum
2747 3533 2870 3574 cum
2919 3519 3380 3576 descendentibus
3423 3521 3479 3576 in
3534 3522 3745 3578 lacum:

2153 3607 2328 3666 factus
2356 3625 2478 3666 sum
2505 3611 2650 3667 sicut
2679 3612 2844 3669 homo
2888 3613 3009 3670 sine
3054 3614 3370 3685 adjutorio,
3414 3615 3564 3674 inter
3610 3632 3746 3672 mor-

2155 3709 2298 3758 tuos.
2335 3701 2464 3775 [Με.
2492 3703 2546 3759 in
2574 3703 2830 3775 mortuis]
2862 3706 3022 3761 liber.

2225 3795 2378 3852 Sicut
2408 3797 2674 3853 vulnerati
2705 3799 3043 3856 dormientes
3077 3800 3312 3871 proiecti
3343 3799 3398 3856 in
3430 3817 3748 3858 monumen-

2153 3888 2224 3944 tis
2247 3928 2262 3956 ,
2294 3903 2525 3958 quorum
2551 3904 2660 3945 non
2694 3891 2990 3947 meministi
3011 3891 3248 3964 amplius
3275 3909 3288 3948 :
3321 3902 3377 3948 et
3402 3895 3625 3965 quidem
3651 3892 3746 3964 ipsi

2151 3982 2219 4038 de
2249 3997 2412 4037 manu
2444 3992 2537 4037 tua
2569 3985 2780 4054 expulsi
2810 3993 2960 4040 sunt.

2222 4074 2527 4132 Posuerunt
2548 4092 2634 4132 me
2664 4077 2719 4132 in
2747 4078 2866 4132 lacu
2890 4076 3140 4135 inferiori
3163 4121 3178 4148 ,
3204 4077 3261 4134 in
3292 4079 3540 4136 tenebris
3562 4090 3618 4137 et
3637 4095 3746 4136 um-

2148 4170 2246 4227 bra
2273 4169 2403 4243 [_Ms.
2432 4171 2489 4226 in
2515 4168 2728 4243 umbra]
2759 4172 2976 4232 mortis.

525 4387 550 4415 ⁸
581 4382 746 4440 Tacet
776 4379 868 4436 hic
913 4378 1086 4435 Palat.
1134 4391 1238 4433 ms.
1272 4374 1718 4449 Diapsalma,_qui
1744 4381 1800 4428 et
1842 4371 2037 4428 subse—
2071 4370 2122 4431 D
2149 4369 2440 4449 scientiam,
2491 4377 2604 4427 etc.
2660 4370 2832 4449 Porro
2865 4372 3027 4449 intra
3069 4389 3178 4430 non
3235 4377 3406 4433 semel
3456 4376 3743 4449 antiquarii

451 4456 639 4529 qu_cn_ti
666 4467 825 4529 versu
853 4451 1157 4517 scientibus,
1188 4462 1288 4529 pro
1321 4447 1593 4529 scientiam
1613 4445 1761 4514 legit.

522 4527 552 4565 ιδ
583 4525 857 4580 Immerito
888 4536 1084 4576 nomen
1114 4514 1355 4590 populus,
1381 4532 1482 4590 pro
1511 4514 1918 4590 etrprzecedcnti
1949 4529 2044 4571 co-

452 4598 615 4668 pula,
637 4594 808 4650 Palat.
832 4607 936 4668 m_s.
955 4589 1216 4668 _et_Carus
1243 4590 1401 4668 ohelo
1428 4589 1699 4668 jugulant.

529 4681 548 4706 ε
576 4654 674 4722 llic
703 4674 845 4718 tacet
875 4662 1106 4716 Palatin.
1134 4675 1236 4715 tus.
1265 4654 1587 4727 Diapsalma,
1610 4667 1665 4712 et
1691 4654 2041 4723 subsequenti

448 4753 612 4794 versu
643 4737 868 4792 verbum
900 4742 994 4794 est,
1024 4733 1167 4803 quod
1199 4745 1373 4797 neque
1403 4730 1457 4803 in
1487 4727 1787 4803 Graeco_est
1817 4734 1986 4803 textu.

523 4809 550 4846 ιι
579 4809 721 4863 Idem
753 4820 856 4860 nts.
882 4798 1152 4868 Amalech,
1185 4803 1378 4874 Carus,
1406 4802 1653 4856 Maeleth.
1683 4798 1881 4854 Recole
1923 4813 2042 4870 qua:

454 4880 519 4937 ad
553 4881 828 4951 psalmum,
849 4893 920 4932 ιιι
946 4875 1200 4928 diximus.

525 4944 802 5020 °'Snpplet
820 4949 906 5003 hic
925 4951 1145 5018 sequior
1171 4962 1362 5002 manus
1385 4947 1438 5020 in
1464 4946 1636 5020 Palat.
1664 4961 1767 5020 ms.
1788 4944 2040 5020 Domine;

451 5022 598 5086 quod
625 5017 820 5075 nomen
846 5029 899 5074 et
924 5017 1167 5090 plerique
1191 5034 1380 5074 omnes
1401 5017 1804 5073 Graecicodices
1821 5018 2039 5072 habent.

449 5092 589 5146 Tum
621 5091 973 5158 subscqueuti
993 5106 1150 5145 versu
1178 5090 1326 5160 legit,
1358 5101 1402 5145 et
1432 5091 1534 5143 vita
1564 5105 1676 5142 mea
1713 5090 1764 5141 in
1795 5091 1994 5159 inferno
2025 5106 2044 5144 :

454 5171 595 5217 tacet
637 5177 764 5216 vero
800 5163 1106 5231 insequenti
1149 5159 1275 5222 alio.
1317 5177 1384 5215 ex
1427 5161 1659 5226 librarii,
1706 5170 1764 5215 ιιι
1805 5159 2042 5226 videtur,

452 5233 761 5296 OSCitanlia,
789 5247 955 5286 voces
984 5232 1092 5285 sine
1117 5232 1401 5303 adjutorio.

528 5303 547 5340 τ
574 5303 866 5359 Abundarc
888 5312 942 5358 et
973 5301 1306 5370 superﬂuum
1333 5317 1454 5356 esse
1477 5301 1726 5365 verbum,
1755 5317 1916 5366 meus,
1948 5301 2045 5356 do-

452 5382 541 5428 cet
565 5374 626 5428 S.
660 5374 1056 5443 Hieronymus,
1081 5374 1204 5440 quia
1239 5388 1338 5428 nec
1366 5373 1418 5427 in
1451 5373 1615 5427 Hebr.
1653 5373 1912 5439 habetur,
1944 5382 2044 5427 nec

453 5444 509 5496 in
533 5443 904 5513 Septuaginta.
936 5443 1112 5496 ΜΑιιτ.

526 5524 549 5558 κ
583 5512 1079 5567 Τεθειίνρωηειιδ.
1114 5529 1212 5566 ms.
1248 5513 1410 5568 verba
1442 5512 1505 5565 In
1532 5514 1701 5582 ﬁnem.
1735 5514 1889 5582 Legit
1911 5530 2038 5568 vero

454 5581 627 5635 altero
644 5598 802 5636 versu
814 5623 826 5646 ,
842 5583 1247 5647 Gloriosissima,
1270 5600 1365 5652 pro
1382 5583 1648 5647 Gloriosa;
1667 5581 1833 5652 quam
1842 5587 2031 5640 lectio-

454 5663 580 5707 nem
604 5652 717 5720 ipse
747 5652 1074 5719 Augustinus
1105 5654 1314 5716 laudat;
1339 5663 1397 5706 ut
1423 5661 1477 5708 ct
1503 5652 1772 5709 scientibus
1805 5671 1900 5720 me,
1934 5671 2030 5724 pro

2149 4440 2438 4518 oscitanLia
2489 4452 2700 4518 peccat.
2755 4444 2813 4498 In
2851 4444 2966 4518 line
3013 4445 3210 4502 iterum
3265 4464 3391 4502 cum
3446 4440 3745 4518 Augustino

2148 4512 2333 4584 habet,
2361 4511 2645 4582 Tamquam
2653 4515 3067 4584 jucundatorum
3085 4518 3312 4572 omnium
3327 4511 3580 4574 habitatio
3603 4521 3654 4574 in
3679 4531 3741 4574 te.

2221 4579 2543 4656 h_Corruple
2570 4579 2770 4654 legitur
2796 4587 2848 4640 in
2871 4587 3119 4656 pluribus
3150 4604 3281 4642 mss.
3316 4592 3563 4646 Amalech
3583 4606 3604 4655 ;
3624 4606 3740 4647 cunt

2147 4652 2421 4733 ilLGriBCO
2451 4652 2713 4724 scriptum
2759 4658 2834 4733 sit
2870 4652 3089 4733 Maelio,
3132 4658 3382 4733 Maeleth.
3419 4662 3526 4715 Pro
3557 4652 3738 4733 Α’ἰμάχ,

2149 4723 2350 4805 κίβηιαη
2396 4723 2580 4805 autem
2620 4742 2722 4805 ius.
2773 4728 3175 4805 Alexandrinus
3213 4730 3377 4786 habet
3419 4723 3741 4805 Αὶθάμ,’

2147 4793 2288 4878 (ham
2311 4813 2328 4850 :
2350 4796 2661 4878 un‘deiluxit
2688 4798 2826 4878 forte
2847 4800 3139 4878 asteriseus
3165 4802 3216 4855 in
3246 4793 3741 4878 posteriori'cnten-

2148 4869 2368 4923 (latione
2398 4868 2668 4933 Psalterii.
2701 4877 2836 4932 Vide
2862 4876 2994 4932 alias
3029 4868 3450 4932 Observationes
3489 4876 3557 4929 ad
3586 4877 3722 4944 psal.

2149 4961 2240 5001 LII.
2265 4944 2446 5000 ΜΑιιτ.

2221 5046 2292 5058 —-
2321 5019 2487 5076 Unice
2516 5035 2638 5076 cum
2663 5018 3324 5091 AugustinoVeronensis
3369 5033 3473 5073 ms.
3506 5034 3602 5088 pro
3629 5017 3739 5091 Me-

2152 5091 2286 5157 lech,
2315 5094 2530 5145 tametsi
2562 5089 2938 5147 minusirecte.
2979 5090 3033 5144 In
3070 5101 3216 5144 textu
3256 5100 3438 5145 autem
3469 5105 3534 5143 ex
3571 5089 3743 5144 mani-

2153 5162 2289 5218 festo
2321 5161 2524 5216 librarii
2556 5179 2763 5231 errore,
2792 5162 2958 5230 Deus,
2983 5161 3194 5216 salvasti
3219 5177 3296 5214 me
3325 5178 3416 5230 per
3438 5160 3597 5225 diem,
3633 5171 3735 5214 etc.

2152 5248 2253 5302 pro
2279 5232 2460 5287 salutis
2497 5249 2642 5298 metu,
2675 5243 2782 5288 etc.
2812 5234 2950 5288 Tum
2984 5233 3155 5286 altero
3196 5233 3263 5284 ab
3291 5233 3393 5285 hoc
3422 5246 3586 5286 versu
3621 5246 3735 5284 rur-

2151 5319 2269 5358 sutn
2302 5318 2422 5360 cum
2468 5303 2790 5371 Augustino,
2824 5305 2926 5357 vita
2969 5319 3077 5356 mea
3119 5303 3170 5355 in
3218 5303 3418 5372 inferno
3447 5303 3734 5373 appmpin-

2147 5375 2340 5444 quatit.
2376 5373 2662 5444 Deputams
2691 5392 2803 5428 sum
2835 5390 2969 5441 cum,
3013 5384 3145 5438 elc.,
3176 5381 3231 5426 et
3273 5373 3607 5439 insequenti,
3635 5386 3734 5424 non

2081 5446 2086 5450 ’
2146 5446 2421 5498 meministi
2458 5445 2648 5512 adhuc,
2680 5456 2724 5499 et
2763 5445 2865 5514 ipsi
2897 5446 2960 5496 de
2989 5460 3162 5507 manu,
3207 5453 3337 5514 etc.;
3386 5444 3624 5511 itemque
3659 5444 3731 5492 al-

2144 5523 2262 5570 tero
2288 5517 2354 5570 ab
2384 5516 2506 5583 hoc,
2545 5516 2609 5569 In
2650 5533 2728 5570 me
2760 5513 3064 5584 conﬁrmata
3091 5523 3164 5568 est
3205 5513 3508 5584 indignatio.
3537 5523 3624 5566 tua
3651 5555 3665 5578 ,
3689 5519 3733 5563 ct

2141 5603 2313 5642 omnes
2342 5587 2698 5656 suspensiones
2741 5597 2877 5654 tuas,
2923 5594 3028 5642 etc.
