3936 6180
107 252 181 308 9.81
1306 247 1510 305 LIBER
1548 199 1994 309 PSALMORUbI.

3205 255 3321 316 283

163 369 299 441 Super
311 382 375 421 me
397 367 717 435 conﬁrmatus
739 375 814 420 est
834 367 984 437 furor
1005 375 1142 438 tuus,
1163 377 1209 424 ct
1223 385 1399 426 omnes
1412 374 1603 442 ﬂuctus
1631 376 1686 436 Α
1781 375 1837 430 ln
1871 391 1958 432 me
1983 379 2303 435 conﬁrmata
2333 386 2418 436 est
2442 378 2522 435 ira
2555 385 2644 434 tua
2670 395 2685 434 :
2734 385 2790 435 et
2820 393 3012 437 omnes
3037 379 3315 438 elationes

106 472 195 518 tuos
217 459 426 515 induxisti
448 475 598 528 super
627 474 727 512 me.
765 458 1094 516 Drusum.

155 555 301 626 Longe
320 551 458 620 fecisti
482 560 631 606 notos
661 568 799 606 meos
828 569 859 606 a
889 569 968 607 me
1006 570 1025 608 :
1056 563 1338 623 posuerunt
1379 572 1456 611 me
1483 556 1608 612 aboo

103 652 360 706 minutionem
376 647 483 702 sibi.

159 741 357 796 Traditus
372 755 498 805 sunt,
535 747 583 793 et
607 755 709 793 non
737 739 1034 811 egrediebar
1057 756 1076 795 :
1105 740 1242 796 oculi
1272 743 1370 797 mei
1400 744 1612 818 langue-

100 847 185 891 runt
205 852 293 903 prta
319 835 503 904 inopia.

150 929 333 983 Clamari
353 928 413 981 ad
436 936 505 995 te,
538 925 781 999 Domine,
829 938 938 985 tota
959 929 1042 987 die
1069 929 1297 1002 cat-pandi
1327 930 1396 985 ad
1425 939 1473 986 te
1500 947 1614 986 ma-

101 1038 169 1075 ηας
189 1037 316 1075 meas.

148 1113 365 1182 Numquid
389 1115 606 1168 mortuis
631 1115 792 1184 {acies
832 1115 1094 1170 mirabilia
1117 1115 1143 1170 2
1167 1123 1256 1169 aut
1285 1115 1472 1171 medici
1495 1131 1613 1171 sus-

94 1210 282 1282 citabttnt,
303 1218 345 1265 et
362 1209 743 1278 conﬁtebuntur
767 1210 855 1264 tibi
879 1211 906 1264 ?
952 1218 977 1247 ⁸
1007 1209 1334 1266 DIAPSALIA.

138 1394 363 1466 Numquid
383 1395 620 1469 narrabit
650 1395 840 1466 aliquis
862 1395 918 1449 in
941 1395 1181 1467 sepulcro
1204 1395 1614 1451 misericordiam

93 1489 231 1541 tuam?
259 1496 299 1541 et
322 1488 579 1541 ueritatem
607 1494 746 1540 luant
777 1487 829 1541 in
863 1487 1157 1557 perditione
1183 1489 1207 1542 ε)

135 1579 358 1651 Numquid
379 1590 747 1650 cognoscentur
774 1580 827 1633 in
849 1580 1068 1636 tenebris
1096 1579 1357 1636 mirabilia
1382 1589 1476 1636 tua
1503 1581 1528 1634 ἶ)
1563 1589 1612 1636 et

84 1673 238 1742 justitia
259 1680 337 1725 tua
361 1674 409 1724 in
436 1682 581 1725 terra
607 1670 875 1726 oblivionis
893 1673 919 1725 Ζ)

1717 476 1837 523 tuas
1865 482 2028 540 super
2051 485 2138 526 me
2163 469 2447 528 induxisti.
2474 471 2805 527 Drusum“.

1786 560 1970 632 Longe
1995 560 2177 619 fecisti
2216 571 2377 619 notos
2408 577 2559 619 meos
2583 578 2614 617 a
2644 579 2754 631 me,
2785 573 3085 634 posuerunt
3112 580 3200 622 me
3243 565 3301 626 in

1717 659 1843 732 [.lls.
1875 668 1977 715 lac.
2010 659 2086 731 in]
2117 659 2583 717 abominationem
2613 660 2718 716 sibi
2749 675 2766 715 :
2821 660 3051 716 traditus
3079 675 3222 732 sum,
3247 669 3305 719 et

1716 769 1822 808 non
1845 752 2190 824 egrediebar.

1788 846 1938 900 Oculi
1969 846 2077 902 mei
2108 845 2367 902 infirmati
2394 853 2525 902 sunt
2553 857 2577 886 ο
2606 861 2720 916 prae
2750 845 2951 918 inopia,
2980 846 3214 905 clamavi
3244 847 3313 903 ad

1716 948 1792 1006 te,
1827 938 2057 996 Domine
2087 957 2102 992 :
2131 945 2243 995 tota
2269 939 2359 996 die
2384 939 2620 1011 expandi
2647 954 2844 996 manus
2873 955 3026 997 meas
3048 939 3116 997 ad
3143 950 3218 998 te.

1787 1113 2063 1186 Numquid
2091 1113 2320 1171 mortuis
2349 1113 2520 1170 iacies
2545 1113 2858 1170 mirabilia?
2886 1123 2981 1170 aut
3004 1115 3197 1172 medici
3228 1132 3316 1174 re-

1717 1207 2093 1274 suscitabunt,
2124 1215 2182 1263 et
2207 1205 2621 1265 coMitebuntur
2651 1206 2794 1264 tibi?
2823 1208 3134 1267 Drusum“
3182 1209 3311 1283 [Μο.

1715 1312 1817 1357 tae.
1853 1299 2209 1372 Drusum].

1787 1391 2057 1465 Numquid
2088 1393 2370 1450 enarrabit
2398 1393 2600 1466 aliquis
2628 1394 2684 1451 in
2725 1395 2980 1467 sepulcro
3008 1395 3319 1453 misericor-

1715 1485 1862 1540 diam
1895 1485 2088 1540 tuam?
2114 1493 2211 1540 aut
2239 1484 2531 1540 veritatem
2563 1493 2710 1541 tuam
2745 1486 2798 1542 in
2828 1487 3173 1557 perditione?

1785 1576 2061 1648 Numquid
2093 1586 2502 1648 cognoscentur
2527 1578 2580 1632 in
2607 1577 2851 1634 tenebris
2877 1577 3146 1636 mirabilia
3175 1580 3307 1636 tua!

1714 1680 1806 1725 aut
1832 1669 2039 1740 iustitia
2072 1679 2160 1725 tua
2189 1672 2244 1724 in
2271 1679 2416 1727 terra
2441 1671 2735 1726 oblivionis
2761 1672 2784 1725 ?

135 1763 187 1815 Et
204 1779 280 1834 ego
294 1764 356 1817 ad
381 1772 447 1831 te,
479 1761 726 1828 Domine,
751 1763 974 1818 clamavi
1003 1774 1092 1819 :ct
1124 1779 1275 1818 mane
1300 1762 1468 1820 oratio
1499 1781 1612 1821 mea
1641 1772 1690 1833 Β
1786 1762 1858 1819 Et
1886 1779 1987 1834 ego
2011 1763 2078 1818 ad
2109 1771 2162 1820 te
2184 1805 2200 1832 ,
2229 1763 2492 1834 Domine,
2525 1765 2757 1820 clamavi
2790 1781 2804 1820 :
2837 1773 2892 1822 et
2931 1779 3091 1822 mane
3131 1765 3308 1823 oratio

86 1856 287 1922 prtermiet
315 1866 376 1910 te.

133 1944 183 2000 Ut
201 1947 325 2017 quid,
354 1947 600 2013 Domine,
628 1948 837 2019 repellis
867 1949 1154 2003 orationem
1181 1950 1388 2006 meam?
1423 1949 1612 2006 avertis

84 2039 215 2106 {aciem
235 2050 357 2095 tuam
384 2059 415 2096 a
441 2041 567 2095 me?

135 2128 296 2201 Pauper
326 2146 380 2186 —:—
402 2149 527 2185 sum
557 2131 580 2198 ζ
607 2147 725 2202 ego,
750 2141 797 2185 et
829 2133 883 2186 in
915 2132 1181 2187 laboribus
1205 2149 1237 2187 a
1255 2133 1606 2204 juventute-t—

85 2223 185 2289 mea:
202 2224 426 2278 excitatus
447 2234 656 2291 autem,
687 2224 992 2294 humiliatus
1019 2242 1152 2289 sum,
1177 2235 1224 2280 et
1253 2225 1608 2280 conturbatus.

127 2311 175 2365 lu
192 2331 256 2369 me
281 2317 596 2371 transierunt
619 2318 711 2372 irte
740 2327 843 2371 tua:
866 2333 885 2372 :
917 2332 975 2373 -:-
1004 2326 1054 2372 et
1081 2319 1102 2385 ζ
1127 2327 1348 2373 terrores
1379 2319 1453 2372 tui
1483 2334 1610 2373 con-

83 2407 338 2462 turbauerunt
364 2407 390 2446 δ
419 2425 532 2464 me.

127 2495 546 2556 Circumdederunt
581 2516 663 2556 me
701 2502 836 2558 sicut
869 2519 1013 2574 aqua
1044 2509 1154 2557 tota
1183 2501 1290 2572 die,
1319 2501 1610 2559 circumde-

79 2594 211 2645 derunt
236 2609 302 2648 me
326 2593 516 2649 simul.

126 2682 349 2757 Elongasti
371 2706 400 2741 a
429 2703 523 2744 me
551 2687 778 2743 amicum
805 2697 851 2744 et
877 2687 1172 2760 proximum
1201 2705 1220 2744 :
1244 2704 1307 2746 -εκ
1341 2697 1387 2745 et
1411 2689 1434 2758 ζ
1460 2699 1610 2745 notos

77 2790 171 2830 neos
188 2794 214 2831 a
231 2778 446 2835 miseria.

309 2991 330 3019 θ
359 2994 741 3037 ικτειιεοτυε
779 2993 960 3034 ΕἸΊῘΛῘ(
997 2993 1299 3035 EZRAIII'I'E.

122 3067 458 3130 Hiscricordias
487 3073 717 3128 Domini
746 3073 804 3127 in
830 3081 1084 3127 aeternum
1111 3077 1354 3127 cantabo.

1232 2874 1595 2938 PSALMUS
1636 2872 2056 2938 LXXXVIII.

1711 1871 1832 1912 mea
1864 1857 2168 1928 prteveniet
2192 1865 2264 1912 te.

1785 1949 1855 2006 Ut
1899 1949 2049 2021 quid.
2099 1950 2352 2018 Domine,
2391 1947 2409 1988 ί
2454 1950 2680 2020 repellis
2729 1951 3034 2008 orationem
3084 1952 3298 2008 meam?

1707 2039 1909 2097 avertis
1934 2040 2131 2098 faciem
2156 2050 2302 2097 tuam
2327 2056 2358 2097 a
2388 2042 2514 2098 me?
2543 2043 2876 2100 DIAI‘SALIA.

1783 2133 1964 2205 Egens
1991 2149 2113 2190 sum
2151 2149 2275 2206 ego,
2305 2143 2362 2192 et
2389 2135 2442 2190 in
2473 2136 2749 2192 laboribus
2777 2153 2806 2192 a
2828 2139 3120 2208 juventute
3141 2152 3298 2205 mea;

1715 2227 1991 2284 exaltatus
2016 2238 2220 2294 autem,
2250 2227 2568 2284 humiliatus
2591 2243 2711 2284 sum
2741 2240 2796 2285 et
2817 2229 3101 2287 confusus.

1785 2322 1844 2377 ln
1870 2336 1958 2377 me
1984 2323 2420 2393 pertransieruut
2444 2320 2541 2377 ira:
2563 2328 2670 2377 tua:
2697 2339 2710 2375 :
2735 2331 2792 2379 et
2816 2331 3060 2379 terrores
3083 2321 3160 2378 tui
3181 2320 3316 2378 con;

1714 2412 2078 2468 turbaverunt
2106 2425 2217 2468 me.

1783 2503 2275 2562 Circumdederunt
2302 2519 2392 2562 me
2420 2504 2568 2561 sicut
2596 2516 2738 2576 aqua
2767 2510 2877 2560 tota
2909 2502 3000 2560 die
3029 2519 3044 2559 :
3075 2502 3316 2561 circum-

1712 2597 1980 2655 dederunt
2010 2612 2100 2654 me
2127 2596 2312 2652 simul.

1787 2687 2069 2759 Elongasti
2099 2702 2131 2743 a
2169 2701 2258 2746 me
2295 2687 2540 2745 amicum
2580 2696 2638 2746 et
2681 2686 2991 2761 proximum
3022 2705 3036 2744 :
3066 2695 3123 2746 et
3154 2695 3314 2744 notos

1713 2795 1867 2836 meos
1893 2795 1924 2836 a
1955 2779 2197 2838 miseria.

2036 2992 2406 3035 INTELLECTUS
2444 2993 2626 3035 ETBAN
2667 2993 2988 3036 ιειιΑῑιιτΑς.

1725 3054 1744 3065 ’
1785 3071 2351 3139 Misericordiastuas,
2371 3073 2622 3141 Domine,
2639 3072 2697 3128 in
2727 3084 2994 3130 aeternum
3025 3073 3260 3131 cantabo
3294 3092 3307 3130 :

119 3161 168 3216 ln
192 3168 500 3235 generatione
532 3176 583 3221 et
615 3167 1022 3239 generationem,
1067 3163 1387 3220 annuntiabo
1417 3162 1608 3219 verita-
1633 3153 1680 3217 C
1713 3161 1765 3218 in
1788 3163 2147 3234 generatione
2187 3172 2245 3220 et
2282 3165 2541 3235 progenie
2579 3165 2946 3236 pronuntiabo
2974 3164 3105 3238 [Με.
3147 3181 3314 3236 gene-

73 3258 138 3303 tem
155 3264 270 3308 tuam
293 3258 341 3310 in
367 3275 453 3312 ore
483 3275 631 3312 meo.

120 3347 332 3412 Quoniam
355 3352 539 3407 dixisti
571 3368 592 3405 :
617 3349 685 3404 In
711 3357 964 3404 wlernum
995 3348 1353 3403 misericordia
1375 3348 1611 3417 cedi/ica-

71 3435 165 3490 litur
185 3455 237 3494 -:—
265 3443 352 3510 in:
377 3445 518 3499 oculis
545 3459 567 3498 .'
599 3440 979 3515 prtcparabitur
997 3441 1187 3495 veritas
1217 3450 1380 3495 tua+
1401 3440 1453 3494 in
1480 3441 1553 3494 eis
1588 3439 1606 3508 ζ

116 3528 326 3604 Disposui
373 3543 749 3592 testamentum
785 3534 959 3588 electis
1015 3534 1162 3599 meis,
1208 3533 1388 3603 jnraui
1445 3531 1613 3586 Dauid

66 3637 174 3677 mro
196 3642 292 3681 meo
320 3645 338 3682 :
362 3646 524 3700 usque
555 3629 613 3682 in
642 3637 892 3682 aeternum
922 3626 1227 3697 prteparabo
1256 3642 1424 3680 semen
1447 3636 1611 3680 tuum.

117 3715 167 3770 Et
189 3720 436 3790 a‘di/icabo
455 3724 508 3776 in
543 3722 931 3794 generationem
959 3730 1008 3774 et
1032 3719 1414 3792 generationem
1442 3719 1615 3772 sed.m

69 3817 185 3863 tuam.
213 3813 538 3872 Durssuu.

113 3903 465 3974 conﬁtebuntur
512 3910 638 3964 caeli
682 3907 948 3961 mirabilia
1000 3915 1111 3973 tua,
1166 3905 1382 3960 Domine
1412 3923 1431 3961 :
1473 3916 1520 3962 et
1547 3920 1608 3962 -:—-

65 3996 162 4048 enim
184 3999 202 4065 ζ
227 4005 485 4058 veritatem
509 4015 604 4058 tua
626 4020 657 4054 rt
681 4003 732 4056 in
762 4001 983 4056 ecclesia
1011 4010 1332 4054 sanctorum.

116 4087 337 4151 Quoniam
359 4096 478 4166 quis
507 4098 565 4149 in
596 4093 814 4148 nubibus
841 4094 1132 4163 regnabitur
1163 4091 1432 4148 Domino?
1463 4092 1610 4146 simi-

65 4176 110 4230 lis
128 4182 202 4236 crit
222 4180 246 4220 ἀ
272 4185 382 4241 Deo
411 4189 466 4242 in
489 4187 626 4256 ﬁliis
654 4183 798 4240 Dei?

111 4271 226 4332 Deus
241 4281 326 4350 qui
343 4282 681 4353 gloriﬁcatur
707 4281 762 4335 in
789 4280 1008 4335 consilio
1028 4287 1324 4336 sanctorum
1348 4294 1368 4334 :
1392 4297 1610 4354 magnus

62 4373 94 4414 et
115 4371 320 4429 terribilis
346 4391 508 4445 super
535 4390 713 4431 onmes
741 4372 829 4445 qui
857 4373 911 4427 in
941 4374 1161 4430 circuitu
1181 4374 1294 4443 ejus
1319 4383 1468 4428 sunt.

1718 3257 1932 3311 ratione
1962 3254 2318 3326 annuntiabo]
2344 3253 2634 3311 veritatem
2668 3265 2814 3312 tuam
2846 3257 2900 3312 in
2931 3271 3029 3313 ore
3059 3271 3207 3312 meo.

1787 3345 2053 3413 Quoniam
2095 3345 2282 3401 dixisti
2314 3362 2329 3401 :
2365 3346 2422 3402 In
2461 3354 2727 3403 mternum
2765 3347 3138 3406 misericordia
3171 3348 3308 3404 tedi-

1717 3438 1966 3494 licabitur
2001 3455 2017 3496 ;
2045 3435 2102 3493 in
2132 3438 2290 3495 ccelis
2320 3440 2718 3510 praeparabitur
2748 3442 2952 3496 veritas
2982 3450 3097 3498 tua.

1789 3530 2040 3600 Disposui
2070 3539 2461 3588 testamentum
2493 3531 2684 3588 electis
2723 3533 2881 3600 meis,
2915 3532 3097 3602 juravi
3146 3533 3316 3590 David

1716 3637 1878 3680 servo
1922 3639 2046 3680 meo
2087 3639 2102 3678 :
2137 3639 2310 3695 usque
2342 3623 2398 3678 in
2440 3634 2706 3680 aiternum
2759 3625 3083 3696 praaparabo
3125 3640 3316 3682 semen

1716 3725 1872 3770 tuum
1909 3732 1921 3767 :
1953 3725 2010 3770 et
2037 3715 2318 3771 :edilicabo
2347 3716 2400 3770 in
2430 3716 2685 3770 sacculum
2718 3717 2904 3771 saeculi
2932 3715 3066 3788 [Με.
3091 3731 3319 3788 genera-

1719 3808 1868 3863 tione
1890 3817 1944 3863 et
1966 3808 2344 3878 generatione]
2367 3806 2555 3862 sedem
2588 3817 2754 3861 tuam.
2781 3807 3115 3864 DIAPSALIIA.

1786 3899 2203 3968 Coulitebuntur
2232 3901 2361 3956 coeli
2385 3899 2655 3955 mirabilia
2679 3909 2796 3970 tua,
2826 3901 3057 3958 Domine
3093 3917 3108 3958 :
3141 3913 3198 3958 et
3223 3918 3317 3960 ve-

1714 3993 1929 4049 ritatem
1955 4001 2098 4047 tuam
2125 3995 2178 4048 iu
2206 3993 2439 4049 ecclesia
2465 4004 2804 4050 sanctorum.

1785 4086 2054 4155 Quoniam
2083 4087 2206 4157 quis
2235 4086 2290 4142 iu
2319 4085 2556 4142 nubibus
2585 4088 2889 4158 aequabitur
2927 4089 3196 4147 Domino?
3221 4099 3317 4148 aut

1715 4183 1836 4253 quis
1868 4180 2068 4237 similis
2098 4182 2208 4237 erit
2237 4180 2347 4237 Deo
2372 4180 2522 4237 inter
2552 4182 2697 4238 lilios
2715 4181 2848 4238 Dei?

1789 4277 1930 4332 Deus
1953 4286 1977 4324 ε
1999 4275 2091 4348 qui
2119 4275 2458 4347 gloriﬁcatur
2479 4277 2534 4330 in
2557 4277 2788 4332 concilio
2813 4287 3125 4332 sanctorum
3154 4292 3169 4330 :
3197 4290 3314 4329 ma-

1712 4385 1852 4441 gnus
1882 4378 1938 4425 et
1968 4367 2294 4426 metuendus
2317 4384 2482 4441 super
2507 4383 2702 4425 omnes
2729 4368 2823 4440 qui
2851 4368 2906 4424 in
2936 4367 3170 4424 circuitu
3192 4366 3312 4437 ejus

1713 4471 1861 4520 sunt.
1920 4504 1926 4509 ι

84 4621 130 4655 ’⁸
156 4619 214 4698 In
231 4623 398 4681 Palat.
443 4641 556 4682 ms.
608 4623 752 4680 istud
799 4625 1109 4693 Diapsalma
1138 4624 1420 4698 reticetur,
1464 4623 1606 4693 quod
1636 4625 1687 4686 D
1712 4625 1878 4681 misso
1930 4626 2314 4696 Diapsalmatc,
2361 4626 2512 4698 inops
2556 4643 2673 4698 sum
2713 4643 2828 4696 ego,
2861 4632 2984 4698 etc.
3017 4622 3158 4679 Tum
3197 4637 3303 4698 ms.

57 4699 95 4743 et
123 4709 146 4746 ι
179 4695 369 4753 Graecis
405 4698 700 4756 codicibus
727 4698 918 4754 abest:
966 4710 1049 4752 est
1076 4706 1253 4751 autem
1282 4697 1336 4750 in
1377 4695 1608 4753 llebrico

59 4770 144 4818 m2.

111 4831 129 4868 δ
151 4834 226 4890 Με
253 4852 586 4909 pronomen,
621 4838 762 4906 quod
793 4839 1000 4902 deerat,
1051 4853 1119 4894 ex
1148 4837 1396 4892 Palatino
1422 4853 1525 4892 ms.
1554 4848 1610 4893 et

55 4900 179 4979 ligno,
211 4900 317 4962 tum
363 4900 729 4977 originalihus
773 4911 924 4965 libris
969 4900 1114 4976 aliis,
1144 4919 1200 4964 et
1246 4925 1369 4964 cum
1419 4910 1610 4979 primis

56 4972 256 5044 llehrtco,
286 4972 564 5042 unm-1153‘,
597 4980 922 5036 sull’ecimus.

109 5058 124 5082 ε
150 5050 232 5106 Ms.
261 5049 611 5108 Sorbonicns
641 5053 802 5106 habet
829 5051 1074 5106 Scholion
1106 5050 1246 5106 istud
1278 5067 1294 5107 :
1329 5049 1606 5117 Israelitte,

55 5116 109 5193 πίει
135 5117 337 5193 Dimitte
367 5123 600 5176 habetur
625 5123 680 5176 in
706 5121 1030 5192 quibusdam.
1065 5123 1124 5177 lu
1153 5131 1300 5178 textu
1334 5125 1450 5192 ipse
1480 5116 1610 5193 legit

56 5184 71 5235 l
81 5191 238 5244 :railtc.
267 5194 446 5248 MART.

103 5261 123 5296 ’ί
151 5262 411 5340 Palatinus
443 5278 555 5340 ms.
596 5263 840 5340 Dorttitto,
875 5265 1102 5340 prppius
1129 5263 1533 5340 Qrtnco-Kupiop.

109 5341 124 5365 ε
149 5335 273 5405 llum
288 5337 632 5405 Augustino,
654 5333 980 5389 Veronensis
1007 5351 1110 5387 ms.
1125 5334 1186 5386 ab
1206 5336 1406 5405 inopia,
1421 5333 1602 5389 'et'cla-

57 5403 158 5454 mari
182 5405 243 5457 ad
269 5414 337 5470 te,
373 5404 612 5458 Domine
640 5419 656 5456 :
690 5415 793 5458 tota
822 5407 906 5459 die
927 5407 1131 5459 extendi
1162 5403 1344 5459 manus
1372 5423 1510 5459 meas
1540 5407 1608 5458 ad

57 5480 104 5521 ιε.
131 5475 285 5543 Atque
315 5477 498 5530 altero
530 5475 607 5526 ab
634 5475 733 5529 hoc
760 5491 948 5540 versu,
984 5477 1241 5529 enarrabit
1283 5480 1396 5540 quis
1445 5477 1497 5529 in
1525 5495 1609 5530 se-

57 5543 196 5604 pulcro
223 5547 647 5599 misericordiam
679 5555 817 5598 tuam
839 5557 887 5599 et
920 5548 1199 5606 veritatem.
1233 5557 1342 5602 etc.
1377 5546 1443 5601 Ει
1471 5546 1614 5600 inse-

55 5615 200 5676 nitenti
236 5618 362 5681 alio,
388 5625 439 5670 et
455 5615 679 5682 justitia
705 5627 787 5668 tua
818 5617 868 5669 in
901 5627 1038 5669 terra
1068 5617 1247 5670 oblita.

76 5749 82 5758 ί
113 5683 295 5740 fJuxta
341 5683 646 5758 Augustin.
669 5685 978 5758 _Veronens.
1021 5687 1178 5752 liber,
1212 5685 1452 5752 repulisti
1490 5702 1608 5739 ora-

60 5754 206 5807 tionem
232 5772 414 5826 meam,
437 5754 681 5810 auertistl
703 5757 883 5824 faciem
912 5765 1055 5811 tuum
1092 5773 1123 5809 a
1163 5759 1278 5812 me?
1303 5765 1358 5814 et
1389 5763 1612 5827 praetcr-

1709 4715 1864 4764 super
1893 4714 1970 4751 me
1992 4694 2332 4764 transierunt,
2363 4694 2472 4753 etc.
2513 4698 2600 4765 Et,
2637 4694 3021 4751 Circumierunt
3066 4711 3146 4749 me
3177 4694 3311 4747 sicut

1712 4785 1872 4839 aqua,
1905 4779 2015 4822 etc.

1786 4850 1811 4884 ε
1855 4839 2186 4893 Veronensis
2229 4855 2331 4894 ms.
2386 4839 2526 4893 Deus
2565 4836 2940 4910 gloriﬁcandns
2985 4837 3118 4891 inter
3170 4836 3311 4904 ﬁlios

1702 4915 1986 4982 justorum,
2004 4926 2227 4981 magnus
2253 4920 2298 4964 et
2316 4910 2562 4965 terribilis
2581 4925 2737 4978 super
2749 4917 3104 4982 omnes,_cte.,
3128 4922 3307 4982 neque

1713 4978 2040 5037 adamassiiu
2065 4978 2189 5037 cum
2223 4983 2544 5050 Augustino,
2569 4995 2744 5047 neque
2772 4992 2894 5050 cum
2919 4978 3028 5032 alio
3057 4980 3310 5046 quopiam

1713 5051 2000 5118 Psalterio,
2025 5053 2168 5123 quod
2199 5046 2388 5108 sciam.
2413 5052 2485 5123 Et
2502 5065 2586 5123 _ne
2610 5046 2788 5123 tamen
2814 5046 2958 5102 hanc
2987 5059 3164 5116 putes,
3189 5063 3311 5114 quas

1714 5135 1841 5179 ante
1883 5117 2269 5197 Hieronymum
2311 5121 2608 5197 obtinebat,
2646 5117 3312 5197 lectionem,_opppr_tune

1714 5206 1960 5250 notatum
1987 5187 2192 5262 ipsi'est
2225 5193 2276 5247 in
2306 5193 2503 5259 surpius
2533 5190 2746 5262 laudata
2788 5187 3022 5254 cpistola
3055 5191 3121 5262 ad
3164 5192 3309 5240 Sun-

1716 5268 1857 5320 niam
1880 5276 1934 5322 et
1960 5259 2248 5325 Frctclam,
2287 5279 2383 5328 pro
2420 5259 2637 5313 terribili
2670 5260 2868 5312 lectum
2900 5268 3062 5314 antea
3095 5259 3314 5312 horrcn-

1713 5337 1859 5402 drtm,
1891 5337 1978 5390 ubi
2015 5338 2177 5389 habet
2205 5351 2217 5384 :
2251 5331 2578 5402 Octogesimo
2605 5337 2783 5402 octavo
2803 5341 2822 5378 :
2846 5343 3078 5402 magnus
3101 5339 3158 5384 et
3183 5331 3314 5402 hirr-

1713 5398 1913 5461 rondus
1948 5423 1962 5458 :
1995 5421 2088 5472 pro
2117 5419 2218 5472 quo
2247 5403 2301 5454 in
2331 5398 2512 5472 Greece
2532 5399 2785 5472 invenisse
2809 5411 2896 5472 vos
2921 5398 3096 5472 dicitis
3115 5442 3127 5465 ,
3161 5399 3314 5472 976°:-

1713 5479 1821 5553 p6;,
1855 5465 2005 5548 quod'
2036 5465 2966 5553 signi/irritolcrrihilis.‘timendus,
3012 5465 3318 5553 formidan-

1714 5536 1835 5603 iltis.
1867 5536 2002 5614 'ltlgo
2050 5536 2184 5614 picto
2206 5542 2258 5592 id
2300 5541 2468 5614 ipsum
2510 5540 2804 5614 signiﬁcare
2840 5545 2885 5614 et
2927 5536 3314 5614 horrendum”:

1717 5619 1858 5682 non,
1913 5603 1966 5669 ul
2017 5603 2196 5682 vulgus
2252 5603 2472 5663 tustimat
2503 5649 2518 5675 ,
2554 5603 2978 5679 "despiciendam
3029 5619 3076 5664 ct
3128 5605 3321 5678 aqua”.

1717 5687 1860 5753 dum,
1894 5695 2005 5742 ets.
