3936 6180
604 272 713 329 285
1603 266 1660 324 S.
1704 263 2088 323 HIERONYMI
2129 263 2362 323 DIVINA
2403 262 2882 322 BIBLIOTHECA.
3781 269 3860 327 est

682 391 909 447 Domine
935 389 1074 447 Deus
1101 388 1368 453 virtutum,
1397 385 1514 458 quis
1539 385 1724 440 similis
1746 385 1880 440 tibi?
1905 392 2088 456 potens
2124 400 2200 454 es,
2229 393 2280 451 Α
2380 382 2607 439 Domine
2648 383 2793 438 Deus
2833 383 3122 451 virtutum,
3155 384 3276 457 quis
3319 383 3516 440 similis
3555 384 3682 440 tibi?
3706 395 3860 459 potens

616 485 860 550 Domine,
899 493 948 538 et
979 482 1167 536 veritas
1196 490 1283 534 tua
1311 481 1364 534 in
1389 479 1608 532 circuitu
1632 485 1743 532 tuo.
2309 492 2391 543 es,
2419 478 2649 534 Domine
2674 496 2688 533 :
2717 486 2772 535 et
2799 479 3001 535 veritas
3035 490 3125 537 tua
3155 480 3206 534 in
3234 480 3468 536 circuitu
3497 491 3615 537 tuo.

689 571 1745 644 Tudousinarispotestatimaris:motum
1766 579 1939 624 autem
1954 570 2209 639 ﬂuctuum
2381 567 2460 624 Tu
2510 570 2811 628 dominaris
2863 573 3120 641 potestati
3177 573 3344 629 maris
3407 591 3422 630 :
3471 584 3678 630 tnotutn
3725 585 3868 633 autem

611 677 727 738 ejus
753 683 806 726 tu
833 670 1059 741 mitigas.
2312 663 2569 720 ﬂuctuum
2599 665 2716 735 ejus
2739 673 2795 720 tu
2829 666 3068 738 mitigas.

693 762 770 816 Tu
812 759 1102 815 humiliasti
1131 758 1264 814 sicut
1309 760 1636 814 vulneratum
1673 756 2065 829 superbum:in
2097 755 2213 810 bra-
2384 757 2466 812 Tu
2517 758 2812 814 bumiliasti
2861 761 3004 816 sicut
3045 761 3388 818 vulneratum
3449 765 3741 834 superbum
3781 783 3794 819 :
3831 776 3874 822 et

614 856 733 910 chio
763 855 971 910 uirtutis
991 866 1092 908 tute
1112 853 1404 924 dispersisti
1427 853 1666 908 inimicos
1687 860 1824 906 tuos.
2316 847 2371 904 in
2408 846 2424 885 ί
2461 849 2658 904 virtute
2687 850 2894 906 brachii
2926 852 3001 906 tui
3030 851 3338 922 dispersisti
3368 855 3618 911 inimicos
3647 865 3778 912 tuos.

685 949 783 1004 Tui
806 959 926 1004 sunt
949 949 1085 1017 calt,
1114 958 1162 1006 et
1191 958 1283 1003 tua
1311 959 1333 984 η
1360 957 1436 1003 est
1469 958 1629 1011 terra,
1654 947 1827 1001 orbem
1851 959 1913 1000 +
1937 953 2090 1001 teme
2116 944 2139 1012 ζ
2166 951 2216 998 et
2389 939 2492 996 Tui
2513 951 2639 996 sunt
2661 941 2805 1010 caeli,
2851 953 2907 999 et
2937 954 3024 1000 tua
3054 956 3139 1002 est
3169 954 3320 1002 terra
3347 965 3360 1002 :
3414 949 3606 1008 orbem
3649 959 3878 1006 terrarum

621 1044 998 1114 plenitudinem
1026 1047 1143 1117 ejus
1173 1053 1227 1097 tu
1267 1042 1543 1114 fundasti:
1567 1041 1859 1112 aquilonem
1896 1049 1942 1094 et
1979 1054 2122 1092 mare
2161 1047 2218 1093 tu
2319 1045 2374 1092 et
2401 1035 2793 1106 plenitudinem
2821 1036 2940 1108 ejus
2969 1039 3319 1107 tulundasti,

615 1136 826 1190 creasti.
2392 1127 2721 1198 Aquilonem
2751 1138 2807 1184 et
2835 1144 2984 1186 mare
3016 1139 3072 1186 tu
3101 1131 3324 1198 creasti,
3349 1129 3569 1187 Thabor
3599 1141 3655 1187 et
3681 1131 3880 1188 llermou

697 1225 908 1282 Thobor
933 1236 980 1282 et
1013 1225 1245 1282 Hermon
1271 1239 1329 1282 σι
1359 1224 1416 1280 in
1442 1225 1465 1294 ζ
1487 1224 1694 1280 nomine
1722 1230 1810 1279 tuo
1839 1220 2170 1279 exsultabant
2197 1237 2220 1278 :
2322 1221 2377 1278 in
2411 1220 2632 1278 nomine
2679 1229 2775 1279 tuo
2821 1223 3172 1280 exsultabunt
3212 1241 3228 1281 :
3271 1232 3422 1281 tuum
3465 1224 3746 1282 brachium
3785 1241 3884 1282 cum

621 1327 768 1372 tuum
794 1319 1061 1373 brachium
1082 1335 1198 1374 cum
1226 1317 1477 1391 potentia.
2323 1315 2588 1387 potentia.

697 1409 962 1468 Firmetur
985 1427 1168 1467 rnanus
1195 1409 1341 1478 tua,”
1367 1424 1429 1467 -ι-
1453 1419 1501 1466 et
1525 1409 1548 1479 ζ
1573 1409 1826 1465 exaltetur
1846 1407 2060 1465 dextera
2086 1415 2220 1465 tua:
2397 1405 2673 1464 Firmetur
2714 1421 2911 1465 manus
2957 1417 3073 1476 tua,
3108 1417 3164 1466 et
3203 1408 3473 1466 exaltetur
3521 1410 3742 1468 dextera
3780 1420 3885 1467 tua:

617 1504 831 1574 justitia
851 1513 900 1559 et
912 1505 1178 1578 judicium
1200 1504 1518 1576 prteparatio
1537 1503 1678 1560 sedis
1699 1513 1820 1559 tute.
2329 1501 2538 1574 iustitia
2567 1513 2624 1559 et
2645 1501 2907 1574 judicium
2938 1503 3266 1576 praeparatio
3295 1503 3442 1562 sedis
3469 1514 3601 1562 tuae.

702 1595 1064 1651 Misericordia
1092 1607 1139 1652 et
1163 1597 1349 1652 veritas
1369 1596 1656 1669 precedent
1681 1597 1867 1663 facient
1897 1602 2042 1650 tuam
2067 1611 2086 1652 :
2107 1594 2226 1650 bea-
2402 1594 2776 1651 Misericordia
2810 1601 2866 1653 et
2896 1595 3097 1654 veritas
3133 1597 3407 1670 praibunt
3447 1597 3576 1672 [Με.
3622 1598 3890 1670 prmambu-

633 1697 716 1745 tus
739 1689 986 1760 papulas,
1014 1689 1100 1760 qui
1123 1690 1220 1745 scit
1232 1687 1625 1759 jubilationem.
2334 1683 2470 1758 lant]
2501 1694 2629 1742 ante
2653 1684 2846 1744 faciem
2875 1695 3022 1744 tuam
3058 1704 3072 1745 :
3102 1688 3296 1746 beatus
3326 1689 3561 1762 populus
3599 1690 3689 1762 qui
3716 1690 3800 1745 scit
3823 1688 3891 1760 ju-

1519 1781 1526 1786 '
2259 1790 2310 1853 Β
2337 1777 2669 1837 bilationem.

709 1871 952 1941 Domine,
980 1872 1035 1928 in
1059 1871 1250 1929 lumine
1277 1870 1446 1928 vultus
1473 1871 1548 1926 tui
1577 1869 1936 1939 ambulabunt,
1960 1885 2019 1928 οε-
2049 1879 2096 1927 et
2123 1869 2144 1940 ζ
2171 1869 2226 1926 in
2401 1872 2654 1941 Domine,
2686 1873 2739 1931 in
2775 1874 2981 1934 lumine
3009 1877 3192 1936 vultus
3233 1877 3309 1935 tui
3348 1877 3740 1948 ambulabunt,
3771 1886 3817 1935 et
3848 1878 3892 1932 in

636 1965 841 2020 nomine
861 1974 948 2022 tuo
971 1965 1301 2022 exsultabant
1333 1971 1438 2020 tota
1460 1964 1542 2020 die
1565 1980 1584 2021 :
1607 1973 1654 2020 et
1682 1963 1734 2020 in
1747 1963 1956 2038 justitia
1978 1972 2066 2020 tua
2087 1963 2232 2020 exal-
2329 1968 2548 2025 nomine
2577 1976 2668 2026 tuo
2697 1969 3052 2028 exsultabant
3099 1980 3210 2030 tota
3250 1971 3340 2030 die
3371 1989 3385 2028 :
3415 1981 3472 2029 et
3509 1973 3564 2028 in
3599 1981 3689 2029 tua
3724 1972 3899 2044 justiti:

638 2057 904 2113 tabuntur.
2330 2060 2732 2118 esaltabuntur.

713 2149 975 2219 Quoniam
1002 2148 1174 2222 gloria
1201 2149 1404 2206 virtutis
1417 2163 1596 2204 eorum
1619 2156 1672 2203 tu
1693 2163 1746 2204 es
1775 2163 1793 2202 :
1817 2154 1865 2203 et
1899 2147 1952 2203 in
1979 2146 2231 2221 benepla-
2404 2152 2673 2220 Quoniam
2698 2152 2870 2226 gloria
2897 2154 3118 2213 virtutis
3147 2172 3336 2214 eorum
3365 2166 3420 2214 tu
3451 2172 3511 2214 es
3544 2177 3557 2211 :
3591 2168 3650 2214 et
3683 2157 3733 2214 in
3757 2157 3899 2214 bene-

643 2242 742 2296 cito
766 2252 854 2297 tuo
876 2241 1190 2297 exaltabitur
1207 2257 1372 2296 cornu
1396 2250 1654 2296 nostrum.
2332 2245 2538 2319 placito
2567 2256 2656 2302 tuo
2685 2248 3011 2305 exaltabitur
3033 2265 3202 2308 cornu
3236 2263 3509 2308 nostrum.

715 2333 854 2399 Quia
904 2332 1117 2388 Domini
1158 2341 1235 2388 est
1280 2333 1566 2404 assumptio
1598 2347 1657 2389 σε»
1689 2339 1867 2388 nostra
1904 2331 1930 2404 ζ
1972 2337 2022 2388 et
2067 2331 2235 2387 sancti
2414 2338 2679 2406 Quoniam
2711 2339 2926 2396 Domini
2952 2351 3037 2398 est
3059 2352 3084 2390 κ
3116 2344 3418 2414 assumptio
3453 2352 3543 2399 :et
3571 2343 3742 2400 sancti
3767 2339 3903 2398 Israel

641 2425 810 2482 Israel
840 2427 977 2497 regis
1003 2425 1167 2481 nostri
1199 2435 1250 2480 ε.
2335 2432 2479 2502 regis
2509 2433 2700 2489 nostri.
2733 2433 3065 2492 DIAPSALIA.

719 2520 862 2574 Tunc
901 2520 1101 2574 locutus
1129 2533 1184 2574 es
1223 2519 1280 2572 in
1305 2518 1500 2573 visione
1535 2519 1726 2574 sanctis
1765 2519 1898 2587 tuis,
1933 2529 1981 2574 et
2009 2519 2183 2574 dixisti
2217 2535 2236 2575 :
2408 2525 2561 2580 Tunc
2590 2525 2804 2582 locutus
2831 2542 2890 2583 es
2918 2525 2947 2565 δ
2981 2531 3034 2584 in
3058 2538 3279 2600 aspectu
3307 2529 3437 2586 ﬁliis
3467 2531 3599 2599 tuis,
3630 2538 3686 2586 et
3709 2528 3869 2585 dixiin
3894 2545 3904 2580 :

645 2612 808 2668 Ροεηὶ
835 2610 1156 2684 adjutorium
1181 2611 1235 2665 in
1259 2621 1486 2683 potente,
1513 2626 1556 2666 -ε
1581 2611 1911 2680 ειζεπαιεαυὶ
1936 2610 2153 2666 electum
2174 2611 2238 2666 de
2337 2615 2499 2672 Posui
2545 2617 2875 2688 adjutorium
2922 2634 3088 2692 super
3134 2630 3414 2692 potentem
3458 2631 3512 2677 et
3549 2620 3683 2692 [Μδ.
3728 2631 3818 2673 tnc.
3846 2617 3907 2686 et]

641 2705 786 2777 plebe
803 2718 850 2759 σε
871 2719 983 2758 mea
1025 2705 1048 2774 ζ
2340 2709 2573 2764 exaltavi
2599 2711 2834 2766 electum
2857 2711 2927 2768 de
2956 2713 3114 2783 plebe
3143 2729 3262 2769 mea
3288 2713 3415 2787 [Μι.
3440 2715 3650 2784 populo
3670 2712 3824 2783 meo].

718 2795 900 2853 Inveni
933 2795 1100 2852 David
1129 2811 1330 2850 servum
1362 2811 1534 2851 meum
1567 2813 1586 2852 :
1611 2795 1726 2853 oleo
1756 2805 1936 2852 sancto
1964 2813 2076 2852 meo
2114 2798 2242 2853 τεηπὶ
2418 2803 2604 2859 Inveni
2636 2803 2808 2859 David
2850 2820 3074 2862 servum
3119 2822 3299 2863 meum
3335 2823 3348 2860 :
3381 2807 3503 2862 oleo
3541 2805 3676 2878 [31s.
3708 2805 3758 2860 in
3797 2802 3910 2871 oleo]

644 2907 782 2946 eum.
2344 2905 2534 2952 sancto
2565 2912 2688 2953 meo
2717 2900 2850 2954 unxi
2877 2914 3027 2956 eum.

717 2983 910 3038 Manus
941 2997 1000 3040 -ι-
1027 2985 1168 3040 enim
1197 2986 1220 3056 ζ
1247 2999 1362 3038 mea
1385 2982 1734 3039 auxiliobitur
1759 2984 1807 3038 ei
1834 3001 1853 3042 :
1895 2995 1945 3039 et
1974 2985 2242 3040 brachium
2416 2991 2604 3046 Manus
2647 2994 2792 3048 enim
2838 3009 2956 3048 mea
3003 2992 3360 3049 auxiliabitur
3404 2993 3455 3050 ei
3504 3010 3518 3046 :
3564 3003 3624 3048 et
3664 2990 3914 3046 brachium

649 3091 814 3130 meum
843 3073 895 3136 ά.
925 3077 1238 3147 confortabit
1263 3093 1400 3132 eum.
2349 3099 2526 3139 meum
2555 3086 2883 3142 conlortabit
2902 3104 3047 3143 eum.

720 3166 874 3221 Nihil
906 3168 1138 3238 proﬁciet
1174 3169 1417 3224 inimicus
1446 3168 1500 3222 in
1535 3183 1595 3224 eo
1622 3184 1642 3225 :
1673 3177 1720 3224 et
1760 3169 1904 3240 filius
1943 3169 2237 3243 iniquitatis
2267 3171 2313 3235 C
2421 3173 2437 3214 i
2471 3175 2614 3232 Nihil
2640 3178 2882 3248 proficiet
2907 3179 3160 3236 inimicus
3185 3180 3239 3236 iu
3272 3195 3337 3236 eo
3362 3198 3374 3234 :
3401 3179 3621 3236 ctlilius
3649 3173 3918 3249 iniquitatis

651 3277 752 3313 non
773 3271 996 3330 apponet
1017 3276 1196 3316 nocere
1215 3261 1282 3315 ei.
2345 3284 2453 3324 non
2485 3270 2699 3326 nocebit
2729 3272 2801 3327 ei.

724 3350 792 3405 Et
831 3351 1322 3422 concidamafacie
1346 3351 1508 3420 ipsius
1529 3352 1765 3408 inimicos
1785 3355 1990 3425 ejus:et
2013 3355 2242 3412 odientes
2422 3363 2488 3417 Et
2535 3363 2816 3418 concidam
2867 3365 3118 3422 inimicos
3169 3366 3288 3438 ejus
3337 3381 3367 3421 a
3427 3365 3565 3421 facie
3633 3364 3796 3436 ipsius
3834 3367 3918 3414 :cl

653 3461 768 3499 cum
791 3446 844 3498 in
865 3445 1042 3515 fugam
1065 3453 1384 3500 convertam.

2348 3455 2592 3513 odientes
2618 3473 2741 3514 eum
2769 3460 2821 3514 in
2849 3460 3030 3532 fugam
3059 3471 3400 3517 convertam.

729 3538 796 3592 Et
823 3538 1012 3592 ueritas
1040 3554 1172 3603 mea,
1201 3546 1250 3591 et
1279 3538 1634 3593 misericordia
1658 3556 1771 3594 mea
1786 3555 1904 3595 cum
1926 3541 2039 3612 ipso
2067 3558 2086 3597 :
2115 3552 2163 3598 et
2191 3544 2246 3598 in
2423 3551 2489 3605 Et
2518 3553 2720 3608 veritas
2748 3569 2886 3620 mea,
2917 3565 2971 3610 et
3000 3556 3371 3612 misericordia
3406 3570 3523 3611 mea
3555 3570 3688 3612 cum
3718 3553 3829 3624 ipso
3858 3557 3918 3603 :et

653 3632 861 3686 nomine
885 3644 998 3686 meo
1029 3629 1346 3684 excitabitur
1366 3645 1524 3684 cornu
1550 3633 1684 3703 ejus.

2351 3643 2405 3698 in
2432 3645 2649 3699 nomine
2681 3661 2803 3702 meo
2831 3648 3160 3705 exaltabitur
3187 3664 3359 3704 cornu
3382 3647 3521 3718 ejus.

729 3723 797 3778 El
834 3738 1023 3794 pana"
1076 3723 1128 3777 ἕη
1159 3724 1292 3777 πιανὲ
1333 3739 1546 3778 multum
1586 3727 1701 3794 εἰπε
1723 3739 1743 3780 ἔ
1767 3733 1814 3779 ει
1852 3725 1908 3780 in
1951 3726 2250 3797 ﬂuminibus
2425 3735 2490 3790 Et
2523 3751 2716 3805 ponam
2755 3739 2807 3792 in
2846 3741 2981 3795 mari
3013 3757 3229 3796 manum
3261 3740 3424 3810 ejus:
3454 3749 3508 3794 et
3550 3738 3611 3793 in
3647 3736 3918 3793 ﬂuminibus

657 3817 918 3872 dexteram
940 3818 1074 3882 eius.
2356 3829 2642 3884 dexteram
2665 3831 2804 3900 ejus.

730 3909 855 3979 Ipse
881 3920 904 3947 ι·
928 3910 1181 3964 invocabit
1221 3927 1316 3978 me,
1343 3921 1491 3982 pater
1511 3927 1655 3966 meus
1695 3929 1750 3967 es
1781 3922 1836 3967 tu
1858 3931 1879 3968 :
1917 3914 2057 3970 Deus
2111 3933 2252 3972 incus
2383 3901 2388 3906 ’
2427 3923 2548 3990 Ipse
2573 3924 2848 3983 invocabit
2878 3943 2984 3996 me,
3016 3937 3170 4000 pater
3193 3943 3348 3985 meus
3373 3943 3434 3984 cs
3458 3935 3514 3984 tu
3543 3944 3559 3982 :
3632 3928 3780 3983 Dens
3812 3938 3917 3978 meu

660 4009 706 4053 rt
735 4011 998 4070 susceptor
1025 4002 1212 4057 salutis
1243 4018 1388 4057 mete.

2356 4023 2411 4070 et
2439 4025 2728 4087 susceptor
2749 4019 2937 4075 salutis
2971 4036 3123 4076 meae.

731 4091 800 4146 Et
823 4109 916 4166 ego
945 4095 1342 4166 primogenitum
1363 4111 1553 4166 ponam
1577 4096 1752 4167 illum,
1773 4098 2084 4156 excelsum-s
2107 4101 2248 4172 pne:
2425 4107 2491 4162 Et
2513 4123 2612 4180 ego
2642 4111 3062 4183 primogenitum
3098 4129 3294 4185 ponam
3322 4113 3498 4182 illum,
3529 4113 3821 4170 excelsum
3853 4123 3918 4180 pr.

662 4188 866 4260 regibus
895 4196 1066 4244 terra’.
2353 4201 2572 4271 regibus
2600 4212 2784 4259 terrae.

731 4461 1025 4552 filerbont
1045 4472 1120 4552 est
1146 4464 1370 4552 galatiu.
1400 4479 1502 4552 ms.
1528 4463 1957 4552 obelgjugulat:
1984 4465 2244 4552 Hebraeus
2272 4485 2322 4546 ι)
2351 4475 2521 4530 lenem
2548 4485 2595 4532 et
2623 4478 2787 4533 maria
2818 4487 2894 4548 tu,
2942 4489 3077 4548 etc.,
3107 4488 3164 4538 et
3209 4480 3583 4552 subsequenti,
3622 4480 3918 4552 Ccnﬁrmett

658 4532 856 4588 nedum
889 4535 1050 4601 istud,
1080 4535 1177 4615 sed
1205 4545 1261 4592 et
1291 4537 1431 4605 quod
1458 4532 1882 4608 prrecedit'sunt,
1913 4546 2075 4593 tacet.
2101 4539 2248 4593 Dixi-
2277 4532 2318 4546 “’
2365 4562 2551 4601 manus
2574 4558 2684 4615 tua,
2717 4532 2825 4606 etc.

661 4641 780 4707 mus
812 4626 1070 4707 porronde
1096 4611 1228 4707 “pp,
1261 4630 1423 4707 unico
1454 4629 1719 4707 vocabulo
1741 4671 1754 4690 ,
1777 4628 1930 4707 _quod
1976 4637 2136 4707 terra:
2166 4647 2215 4686 οι

2438 4628 2462 4665 ε
2487 4620 2647 4702 Juxta
2671 4611 3036 4707 Augustinum
3069 4625 3368 4707 Veronens.
3399 4637 3527 4684 ms..
3546 4624 3846 4707 susceptio,
3869 4633 3916 4689 pt

661 4695 782 4751 beru
815 4693 1107 4772 signiﬁcat.
1142 4699 1292 4754 Haud
1329 4709 1510 4755 autem
1543 4700 1682 4772 bene
1708 4693 2098 4770 subsequentis
2134 4716 2215 4758 V81

2367 4693 2801 4772 assum-ptioxDe
2849 4696 3204 4772 subsequeuti
3261 4694 3601 4772 verstt._ubi
3666 4696 3829 4772 ﬁliis,
3881 4706 3916 4758 pl

661 4781 753 4841 sus
793 4763 1018 4841 obelunt
1039 4769 1179 4823 idem
1212 4783 1314 4824 ms.
1348 4770 1735 4839 prmtermittit.
1892 4763 1909 4770 ’

2369 4763 2565 4841 sanctis
2595 4763 2813 4841 legitur,
2859 4763 3048 4841 recole
3092 4767 3405 4839 llierouymi
3437 4763 3891 4821 observationem

735 4836 762 4875 ιι
793 4837 866 4892 lts
885 4855 990 4914 ms.
1003 4840 1281 4896 Palatinus
1291 4832 1610 4914 et'copulam
1638 4856 1765 4896 veru
1791 4850 2082 4910 pranotat,
2100 4857 2263 4914 quam

1589 4857 1610 4894 τι
1638 4856 1765 4896 veru
1791 4850 2082 4910 pranotat,
2100 4857 2263 4914 quam
2371 4832 2600 4914 θρξειριξι
2625 4834 2696 4914 ad_
2722 4836 3008 4914 Sunniztrn,
3035 4847 3143 4914 etc.

668 4917 724 4962 et
770 4911 1111 4977 praestitisset
1155 4911 1379 4966 omnino
1424 4899 1718 4968 inducere:
1760 4899 1957 4968 nedum
2002 4899 2148 4970 enim
2191 4930 2222 4970 ι

2445 4899 2472 4939 ιι
2502 4901 2791 4977 Sciendum
2818 4909 2960 4975 quod
2995 4899 3045 4964 in
3083 4911 3246 4965 llebr.
3269 4921 3568 4966 ussroucu
3606 4907 3811 4970 habet;
3841 4917 3916 4977 qu}

669 4973 898 5034 llebrteo
921 4991 1094 5047 textu,
1127 4981 1223 5037 sed
1253 4993 1308 5038 et
1335 4997 1364 5036 a
1395 4982 1589 5037 Graeco
1616 4982 1734 5050 ipso
1763 4985 1938 5039 abest.

2364 4988 2555 5028 omnes
2582 4985 2687 5040 τοῖς
2717 4973 2877 5050 odiet;
2907 5002 3023 5048 σου,
3057 4980 3108 5036 id
3139 4991 3220 5036 est
3242 5023 3256 5040 ,
3286 4980 3475 5034 sanctis
3505 4980 3640 5045 tuis,
3679 4973 3917 5033 transtuli

741 5060 763 5124 ξ
793 5051 1077 5124 _Subjuugit
1101 5054 1243 5108 idem
1273 5068 1377 5109 ms.
1407 5049 1732 5124 Dinpsalma.
2216 5123 2221 5124 γ
2364 5053 2492 5099 runt
2524 5062 2539 5100 :
2569 5060 2625 5101 et
2653 5049 2768 5103 sola
2801 5049 2963 5104 Sexta
2987 5053 3177 5124 editio,
3213 5050 3490 5124 Prophetis
3514 5051 3624 5103 tuis
3648 5091 3664 5113 ,
3705 5052 3912 5124 interpr

736 5117 762 5155 d
797 5117 942 5193 [dem
974 5117 1449 5183 ηἶεοοοηηηηαωι,
1483 5117 1668 5179 Ᾱιιειιο
1710 5124 1778 5179 ει)
1818 5125 1921 5180 hoc
1957 5140 2154 5190 versu.
2195 5123 2260 5179 ει
2368 5125 2474 5193 tata
2525 5128 2637 5183 est,
2679 5135 2899 5174 sensum
2947 5123 3117 5193 magis
3165 5117 3333 5192 uitaui
3357 5119 3588 5193 verbum
3631 5121 3916 5193 expritncn

667 5192 934 5269 concidam
956 5211 987 5246 a
1018 5196 1150 5269 facie
1173 5197 1290 5269 ejus
1317 5196 1572 5269 inimicos,
1603 5205 1649 5248 et
1679 5197 1906 5252 odientes
1929 5238 1944 5260 ,
1976 5205 2107 5267 etc.,
2138 5213 2263 5269 qua:
2464 5190 2512 5243 ill
2545 5200 2688 5266 Κοινῇ
2727 5201 2932 5269 “illum!
2964 5189 3061 5264 μτό
3090 5189 3280 5248 san—0‘58
3305 5237 3318 5262 9
3353 5192 3493 5260 βίίοδ
3526 5194 3751 5261 reperi.
3795 5190 3888 5245 ιω·
3915 5193 3917 5202 Ι

668 5276 736 5315 ex
765 5263 980 5338 ϐίαι),
1014 5261 1070 5320 ut
1099 5261 1334 5327 videtur.
1367 5268 1588 5338 sequior
1614 5283 1804 5322 manus
1827 5261 2104 5337 reposuit.
2156 5261 2171 5269 ’
2369 5261 2748 5338 ιιίςτςιηγιιιὶιε.
2780 5263 2955 5338 MARI-

744 5343 766 5369 ε
795 5333 1021 5408 Obelum
1058 5331 1521 5408 prmpositioni'in
1567 5338 1707 5393 idem
1752 5355 1851 5394 ms.
1893 5331 2188 5408 praeponit,
2233 5353 2262 5393 a
2445 5331 2461 5368 ί
2500 5331 2695 5387 lterum
2728 5349 2848 5408 cum
2874 5335 3196 5405 Augustino,
3229 5342 3367 5408 ut‘et
3398 5348 3522 5402 que
3547 5332 3800 5408 a_d_libri
3831 5340 3915 5382 ora

672 5417 779 5476 quo
809 5403 1155 5476 subsequenti
1182 5423 1342 5462 versu
1373 5425 1480 5476 pra:
1507 5411 1752 5465 voculum
1790 5403 1932 5465 haud
1973 5403 2120 5466 recte
2151 5413 2226 5466 ex‘

2370 5413 2720 5465 annotantur.
2763 5403 3068 5460 Veronens.
3104 5422 3232 5473 ms.,
3286 5403 3405 5458 Non
3443 5403 3720 5473 proﬁciet,
3777 5410 3851 5476 cl.
3883 5417 3916 5446 νη

673 5473 788 5550 mit.
821 5471 1004 5550 [itque
1043 5478 1166 5531 hinc
1210 5471 1383 5533 tertio'
1415 5496 1571 5534 versu
1607 5498 1702 5550 pro
1733 5482 1916 5545 obclo,
1947 5496 2057 5550 quo
2097 5491 2227 5535 aute:

2372 5485 2594 5550 apponet
2618 5491 2797 5550 nocere
2816 5478 2884 5541 ei,
2913 5486 2986 5539 ct,
3015 5495 3045 5529 (ι
3068 5479 3198 5550 facie
3218 5471 3385 5550 illius,
3419 5471 3467 5527 et
3493 5471 3583 5527 eos
3626 5475 3731 5550 qui
3770 5471 3915 5549 oden;

672 5543 985 5618 adverbium
1011 5558 1359 5614 praenotatur,
1386 5543 1702 5607 asterisc'um
1727 5553 1868 5608 idem
1898 5543 2000 5606 ius.
2025 5560 2078 5606 et
2097 5551 2270 5606 Carus
2375 5561 2491 5598 eum
2512 5546 2721 5613 fugabo.
2745 5548 2876 5599 'l‘um
2908 5557 3096 5616 quiarto
3123 5547 3189 5600 ab
3217 5548 3319 5601 huc
3345 5559 3530 5608 versu,
3567 5543 3917 5618 primogcnftu

679 5612 1075 5690 miun_s__iterum
1108 5618 1242 5690 bene
1270 5612 1589 5690 appingunt.
2375 5612 2720 5687 ponameum,
2748 5612 3002 5690 excelsum
3031 5619 3172 5687 apud
3191 5633 3342 5690 rcges
3373 5623 3544 5684 terra,
3567 5612 3634 5671 ut
3668 5625 3795 5688 post
3820 5612 3914 5667 altu

755 5681 772 5718 ί
813 5682 918 5759 ⁸Ιᾏίρ
954 5700 1090 5759 uero
1123 5687 1273 5754 juxta
1304 5681 1592 5759 Augustin.
1640 5692 1943 5748 Vcronens.
1989 5709 2092 5748 ms.
2124 5702 2171 5746 et
2220 5695 2273 5746 in
2375 5681 2617 5753 'vcrsutn,
2651 5703 2819 5742 semen
2847 5689 2959 5758 ejus
2990 5681 3086 5759 pro
3107 5681 3304 5752 sedem,
3337 5694 3447 5744 etc.

682 5749 891 5804 brachio
919 5749 1245 5809 virtutis'tua:
1273 5773 1289 5812 :
1323 5749 1436 5814 tum
1469 5759 1638 5817 altero
1667 5763 1734 5818 ab
1764 5764 1866 5820 hoc
1892 5779 2084 5832 versu,
2115 5764 2278 5833 Aqui-
