3936 6180
55 286 140 340 ’285

51 505 369 550 testamentum
397 515 550 552 meum
579 495 728 564 ﬁdele
748 499 865 573 [ΜΞ.
896 499 1062 572 ﬁdeli]
1093 501 1216 572 ipsi.

102 585 157 640 Et
185 605 361 654 ponam
407 591 454 642 in
497 589 737 643 stt-culum
769 606 826 646 σεν-
862 591 1043 646 sa’culi
1076 591 1098 662 ζ
1129 609 1297 648 semen
1339 597 1488 666 ejus;
1535 606 1588 655 et

53 682 250 735 thronum
271 686 384 755 ejus
406 685 532 737 sicut
561 684 670 738 dies
699 683 831 739 caeli.

101 773 153 828 Si
174 789 214 828 ἦ
248 786 414 828 au'em
439 771 459 842 ζ
488 775 852 844 dereliquerint
879 777 981 847 filii
1000 781 1111 852 ejus
1133 777 1298 853 legem
1327 797 1522 836 meam:
1540 792 1588 839 et

55 867 289 936 injudiciis
311 868 432 921 meis
455 885 554 921 non
581 868 973 924 ambulaverint.

97 959 146 1011 Si
159 958 372 1028 justitias
420 976 554 1012 ineas
601 962 1038 1032 profanaverint:
1085 971 1132 1016 et
1177 963 1424 1016 mandata
1473 979 1586 1019 mea

50 1067 119 1101 non
151 1050 487 1104 eus'odierint.

100 1139 294 1193 l-‘isitabo
318 1139 370 1194 in
400 1141 541 1212 virga
573 1141 863 1214 iniquitates
887 1160 1063 1198 eorum
1088 1160 1106 1199 :
1135 1151 1182 1200 et
1218 1144 1272 1200 in
1299 1147 1584 1205 verberibus

49 1244 208 1298 peccata
234 1249 420 1287 eorum.

95 1324 460 1382 ilist'rieordiant
482 1339 654 1384 autem
688 1347 852 1384 meam
899 1348 1002 1387 non
1032 1332 1326 1408 dispergam
1374 1336 1437 1392 ab
1470 1309 1538 1394 eo
1560 1355 1581 1394 :

44 1435 156 1486 mue
179 1420 354 1474 nocebo
376 1421 428 1474 in
458 1422 674 1476 veritate
703 1439 833 1476 mea.

91 1509 238 1579 Neque
264 1514 550 1581 profanabo
593 1523 950 1571 testamentum
985 1534 1190 1574 meum:
1232 1527 1279 1575 et
1317 1537 1432 1592 quin
1457 1540 1581 1594 pro-

42 1605 174 1657 τειίωιε
196 1605 251 1659 de
279 1604 423 1660 labiis
447 1608 596 1676 meis,
629 1625 730 1662 non
750 1609 938 1680 faciam
969 1611 1142 1667 irrita.

87 1695 224 1749 Semel
239 1698 406 1768 juravi
436 1698 490 1752 in
520 1710 700 1753 sancto
733 1717 870 1768 utea,
901 1702 946 1755 si
976 1701 1144 1758 David
1179 1707 1402 1761 mentiar
1431 1722 1451 1762 :
1497 1724 1577 1764 se-

41 1806 116 1842 mcu
136 1794 228 1862 ejus
249 1792 298 1845 in
320 1801 574 1848 internum
598 1793 842 1849 manebit.

88 1879 136 1934 Et
161 1882 350 1938 thronus
379 1886 495 1958 ejus
523 1886 656 1940 sicut
695 1886 772 1941 sol
813 1888 864 1941 in
895 1898 1168 1959 conspectu
1199 1906 1312 1946 meo
1339 1909 1351 1945 :
1381 1899 1404 1930 "
1433 1908 1487 1950 -t—
1524 1903 1572 1950 et

44 1973 176 2036 :sicul
200 1975 312 2029 luna
340 1978 570 2049 per/eota
601 1977 654 2032 in
680 1985 946 2048 aeternum,
998 1987 1046 2035 et
1081 1982 1221 2036 testis
1269 1983 1323 2038 in
1351 1983 1478 2040 caelo
1508 1985 1571 2054 li-

42 2064 142 2118 de’is.
171 2065 474 2124 DIAPSALIA.

85 2155 138 2210 Tu
159 2174 257 2213 vero
285 2162 550 2234 rrpulisti,
580 2171 628 2217 et
667 2162 980 2237 despexisti,
1025 2165 1276 2224 distulisti
1316 2169 1570 2227 christum

44 2257 154 2304 illiilli.

86 2339 272 2398 Erertisti
289 2355 658 2404 testamentum
683 2350 817 2404 servi
842 2351 916 2405 tui
946 2368 966 2407 :
1009 2356 1304 2427 profanasti
1332 2357 1385 2411 in
1427 2367 1568 2414 terra

41 2436 309 2490 manuarium
337 2442 476 2511 ejus.

82 2523 331 2583 Πωταχίδτὶ
369 2547 558 2587 omnes
579 2550 723 2606 sepes
745 2537 858 2608 ejits
882 2551 901 2592 :
927 2537 1149 2608 posuisti
1177 2539 1566 2613 firmamentum

36 2619 110 2685 ejus
132 2621 441 2688 formidinem.

81 2711 356 2783 Diripuerunt
402 2737 532 2774 eum
580 2736 755 2777 omnes
805 2732 1126 2782 transeuntes
1171 2728 1348 2785 viam:
1395 2731 1565 2802 [actus

33 2811 80 2852 est
95 2808 376 2875 opprobrium
401 2813 593 2868 ricfuis
622 2818 752 2870 suis.

76 2895 280 2955 Erattasti
307 2905 584 2959 dexteram
629 2907 1029 2980 deprimentiutn
1070 2928 1235 2968 eum:
1286 2913 1563 2986 la'tiﬁeasti

34 3005 147 3044 anites
163 2999 372 3052 inimicos
394 3001 537 3067 ejus.

75 3082 258 3140 .loertisti
295 3091 626 3161 adjutorium
661 3090 827 3165 gladii
853 3097 964 3168 ejus
1011 3113 1030 3151 :
1060 3106 1107 3152 et
1132 3115 1235 3154 non
1255 3117 1308 3154 es
1333 3100 1561 3155 auxilia-

33 3179 81 3222 lus
99 3176 131 3227 ei
158 3177 200 3230 in
223 3178 366 3235 bello.

79 3263 343 3327 Destruzisti
366 3290 487 3329 eum
516 3274 586 3330 ab
622 3276 982 3334 emundatione
1004 3296 1024 3336 :
1050 3291 1096 3336 et
1141 3283 1314 3338 sedem
1353 3286 1464 3356 ejus
1510 3288 1564 3344 in

31 3363 120 3410 terra
139 3364 372 3419 collisisti.

74 3449 296 3513 itinerasti
318 3461 428 3518 dies
452 3465 707 3537 temporis
731 3469 842 3540 ejus
875 3485 895 3524 :
922 3470 1202 3543 perfudisti
1222 3489 1338 3528 eum
1367 3475 1555 3547 confu-

25 3543 136 3598 sione.
201 3550 374 3610 DIAPSA
384 3573 517 3613 LMA.

74 3634 316 3714 “sinequo,
341 3647 589 3718 Domine,
615 3651 802 3706 avertis
826 3653 878 3707 in
899 3651 1098 3724 ﬁnem?
1117 3653 1410 3711 exardescet
1437 3659 1545 3713 sie-

25 3737 60 3778 ut
75 3729 172 3801 ignis
197 3739 263 3791 ira
285 3744 411 3796 tua?

70 3822 305 3887 Memorare
331 3852 448 3904 ante
469 3853 588 3892 mea
616 3836 902 3895 substantia
923 3855 944 3896 :
974 3841 1224 3912 numquid
1249 3843 1386 3898 enim
1429 3860 1556 3900 vane

27 3928 260 3986 t‘ottslilttltfi
288 3931 312 3968 δ
337 3937 400 3999 ἦ
430 3951 613 3988 omnes
646 3935 667 4002 ζ
696 3936 833 4003 ﬁlios
864 3939 1172 3994 hominum?

72 4014 165 4078 Quis
184 4033 250 4076 est
277 4025 426 4079 homo
466 4029 564 4096 qui
625 4028 776 4094 vivet,
821 4039 869 4084 et
918 4048 1024 4086 non
1068 4032 1258 4087 videbit
1306 4037 1558 4091 mortem?

23 4123 120 4164 mut
141 4119 340 4174 animum
368 4137 524 4176 suam
555 4123 622 4176 de
650 4139 807 4177 manu
833 4126 1030 4196 inferi?
1058 4128 1385 4185 Durum“.

67 4273 139 4329 Ubi
160 4289 259 4335 sunt
284 4285 666 4341 misericordiae
695 4296 797 4341 tute
823 4290 1073 4362 antiqute,
1104 4290 1329 4349 Domine
1361 4310 1380 4350 :
1420 4296 1555 4350 sicut

19 4364 150 4424 iurasti
175 4372 327 4430 David
361 4379 423 4434 in
453 4380 681 4433 veritate
709 4390 798 4434 tua
817 4383 843 4436 ?

62 4459 217 4520 ilemor
240 4481 359 4540 esto,
395 4471 649 4537 Domine,
683 4475 952 4546 opprobrii
994 4459 1260 4530 servorum
1315 4487 1548 4545 tuorum,

18 4555 107 4612 nol
130 4563 332 4617 continui
360 4567 414 4619 in
451 4567 575 4621 sinu
600 4584 714 4622 meo
747 4567 1031 4622 multarum
1061 4571 1314 4638 gentium.

1302 289 1508 349 LIBER
1550 293 1994 356 [’SALMORUM.

102 402 162 457 In
203 414 438 459 aeternum
467 405 666 460 servabo
709 407 790 461 illi
832 395 1243 464 misericordiam
1285 427 1454 466 meum
1486 429 1503 466 :
1535 422 1582 468 et
1611 419 1660 478 Α

3190 305 3300 364 286

1763 416 1819 474 in
1869 428 2134 476 teterunm
2178 419 2410 476 servabo
2459 419 2534 477 illi
2564 419 2692 494 [Μδ.
2738 420 2811 494 ei]
2857 421 3291 480 miscricordiam

1693 525 1866 566 meam
1903 530 1918 568 :
1949 524 2004 568 et
2035 521 2418 570 testamentum
2453 529 2632 569 mcum
2665 511 2826 570 fidele
2861 513 2984 584 ipsi.
3275 528 3282 536 '

1765 602 1830 658 Et
1887 619 2082 674 ponam
2132 605 2185 660 in
2237 608 2497 661 saeculum
2544 605 2729 661 surculi
2785 605 2970 662 sedem
3017 608 3136 676 eius
3184 623 3196 661 :
3238 617 3294 664 ct

1693 694 1946 751 thronum
1977 698 2117 769 ejus,
2146 701 2288 753 sicut
2309 698 2426 753 dies
2461 700 2481 770 ζ
2523 697 2644 754 cmli
2674 697 2802 770 illis.
2833 697 3064 768 saaculi].

1723 817 1728 822 -
1762 787 1818 842 Si
1851 786 2240 859 dereliquerint
2268 788 2360 842 ﬁlii
2393 789 2509 858 cjus
2541 788 2714 859 legem
2745 795 2920 843 meam
2947 805 2962 842 :
2994 799 3047 843 ct
3075 789 3125 843 iu
3147 788 3294 858 judi-

1688 879 1789 936 ciis
1821 881 1958 937 meis
1979 898 2085 936 non
2119 877 2534 938 ambulaverint.

1768 973 1824 1031 Si
1850 974 2267 1046 jusdlicationes
2296 991 2444 1032 meas
2475 972 2884 1048 profanaverint
2911 989 2924 1032 :
2957 983 3014 1032 ct
3040 974 3299 1029 mandata

1687 1081 1806 1121 mea
1837 1083 1941 1120 non
1972 1067 2352 1136 custodierint.

1761 1157 2003 1213 Visitabo
2045 1159 2101 1213 in
2129 1159 2277 1230 virga
2308 1158 2619 1231 iniquitates
2649 1171 2838 1214 eorum
2870 1175 2884 1214 :
2925 1165 2981 1215 et
3016 1156 3072 1214 iu
3106 1167 3128 1199 ε
3162 1173 3288 1216 vcr-

1685 1249 1908 1305 beribus
1941 1260 2164 1319 peccata
2205 1266 2422 1308 eorum.

1757 1341 2184 1398 Misericordiam
2214 1352 2392 1399 autem
2427 1358 2603 1400 meam
2634 1358 2741 1399 non
2771 1341 3080 1416 dispergam
3107 1341 3175 1399 ab
3197 1359 3287 1416 eo,

1685 1446 1861 1504 neque
1891 1435 2100 1488 nocebo
2128 1433 2180 1488 ei
2213 1436 2264 1490 in
2298 1436 2529 1492 veritate
2557 1451 2675 1492 mea
2710 1454 2723 1490 :
2777 1451 2955 1505 neque
2989 1435 3287 1507 profanobo

1682 1536 2065 1584 testamentum
2120 1545 2300 1585 meum
2329 1573 2344 1598 ,
2395 1539 2452 1586 et
2494 1545 2616 1602 quae
2665 1532 2971 1602 procedunt
3018 1531 3086 1588 de
3130 1531 3286 1588 labiis

1680 1621 1838 1686 meis,
1872 1637 1978 1678 non
2015 1622 2203 1676 faciam
2231 1621 2411 1678 irrita.

1753 1713 1932 1772 Semel
1974 1712 2154 1786 juravi
2197 1716 2253 1771 in
2295 1721 2490 1772 sancto
2530 1729 2687 1785 meo,
2732 1716 2778 1773 sl
2821 1716 2987 1773 David
3019 1719 3274 1787 mentiar,

1603 1807 1647 1868 B
1676 1823 1862 1864 semen
1895 1808 2012 1879 ejus
2039 1809 2093 1863 in
2116 1818 2382 1866 a-teruum
2407 1809 2649 1866 manebit
2675 1827 2689 1864 :
2724 1820 2778 1866 et
2807 1811 2969 1866 sedes
2995 1812 3113 1883 ejus
3141 1813 3282 1870 sicut

1675 1902 1754 1958 sol
1780 1902 1832 1958 in
1858 1911 2151 1974 conspectu
2173 1919 2316 1974 meo,
2345 1914 2397 1960 et
2421 1903 2560 1960 sicut
2583 1903 2706 1960 luna
2733 1903 2969 1975 perfecta
2996 1905 3104 1979 [Ms
3129 1921 3281 1963 com-

1675 1996 1872 2070 posita]
1920 1998 1973 2054 in
2005 2007 2266 2055 internum
2291 2038 2308 2068 ,
2353 2005 2410 2055 et
2449 1998 2606 2056 testis
2649 1999 2705 2056 in
2737 1999 2878 2056 cmlo
2911 1999 3110 2058 ﬁdelis.
3147 2001 3276 2060 Du-

1673 2103 1902 2145 PSALIIA.

1741 2183 1825 2238 Tu
1871 2197 2002 2240 vero
2039 2182 2329 2254 repulisti,
2375 2192 2432 2239 et
2474 2179 2504 2222 ἀ
2553 2184 2854 2256 sprevisti,
2907 2193 2963 2241 et
3011 2185 3273 2244 distulisti

1669 2273 1932 2331 Christum
1977 2283 2124 2330 tuum
2161 2293 2175 2330 :
2223 2275 2470 2331 avertisti
2522 2283 2906 2332 testamentum
2951 2279 3096 2334 servi
3138 2279 3217 2334 tui
3244 2319 3261 2346 ,

1668 2368 1969 2442 profanasti
1999 2369 2055 2425 in
2090 2378 2236 2425 terra
2273 2369 2617 2426 sanctitatem
2647 2370 2788 2440 ejus.

1739 2532 2067 2590 Destruxisti
2106 2546 2298 2588 omnes
2341 2533 2605 2587 macerias
2646 2530 2797 2601 ejus:
2831 2529 3059 2602 posuisti
3088 2530 3270 2587 muni-

1668 2625 1847 2682 tiones
1876 2625 1995 2694 ejus
2021 2626 2074 2679 in
2104 2622 2232 2696 [31s.
2267 2632 2371 2679 tae.
2405 2621 2485 2694 in]
2517 2622 2888 2678 formidinem.

1738 2719 2094 2788 Diripuerunt
2116 2733 2238 2774 eum
2269 2731 2461 2772 omnes
2498 2725 2840 2772 transeuntes
2873 2717 3014 2772 viam
3051 2735 3064 2773 :
3097 2717 3269 2774 factus

1661 2819 1744 2867 cst
1775 2810 1828 2865 in
1858 2809 1986 2884 [51s.
2021 2819 2124 2864 tae.
2157 2808 2235 2882 in]
2266 2809 2617 2880 opprobrium
2646 2807 2844 2864 vicinis
2865 2809 3000 2865 suis.

1735 2904 1998 2959 Exaltasti
2042 2903 2326 2960 dexteram
2368 2902 2719 2958 inimicorum
2767 2902 2927 2974 ejus:
2975 2902 3262 2959 lmtiflcasti

1659 3011 1851 3051 omnes
1875 2995 2127 3051 inimicos
2157 2993 2296 3066 ejus.

1732 3085 2001 3143 Avertisti
2035 3086 2371 3156 adjutorium
2399 3085 2562 3158 gladii
2593 3085 2712 3157 ejus
2747 3103 2761 3142 :
2792 3095 2848 3142 et
2882 3102 2989 3143 non
3018 3100 3078 3143 cs
3107 3086 3262 3143 auxi-

1583 3185 1630 3248 C
1662 3179 1825 3234 liatus
1849 3178 1901 3234 ei
1933 3178 1986 3232 in
2019 3177 2184 3233 bello.

1743 3272 2047 3328 Dissolvisti
2075 3287 2196 3328 eum
2227 3273 2295 3328 ab
2320 3274 2706 3331 emundationc
2747 3293 2759 3329 :
2789 3276 2844 3331 et.
2885 3274 3014 3348 [31s.
3049 3283 3151 3330 tae.
3186 3276 3260 3348 ct]

1667 3379 1850 3435 sepem
1881 3363 2080 3434 ejus'in
2109 3372 2254 3420 terra
2286 3363 2558 3420 collisisti.

1737 3455 2015 3510 Minorasti
2065 3454 2184 3510 dies
2232 3463 2534 3526 temporum
2582 3457 2700 3526 ejus
2742 3473 2757 3515 :

1664 3547 2007 3603 confusione.
2041 3547 2369 3604 Duosaus.

1736 3640 2058 3711 Usquequo,
2088 3639 2350 3703 Domine,
2386 3640 2643 3698 irasceris
2673 3641 2818 3716 [Με.
2849 3642 2994 3698 Dcus
3023 3644 3258 3716 avertis]

1662 3733 1717 3788 iu
1749 3733 1950 3790 linem?
1979 3733 2302 3790 exardesch
2327 3735 2466 3789 sicut
2496 3735 2634 3806 ignis
2663 3735 2742 3791 ira
2768 3738 2893 3792 tua?

1740 3835 1764 3864 ο
1802 3825 2107 3883 Memorare
2128 3867 2143 3891 ,
2170 3826 2429 3894 Domine,
2469 3842 2590 3897 qua:
2626 3843 2744 3883 mea
2788 3837 2874 3884 est
2907 3830 3208 3886 substantia
3242 3850 3255 3885 :

1661 3934 1770 3975 non
1804 3918 1948 3974 enim
1985 3934 2124 3974 vane
2154 3919 2487 3974 constituisti
2524 3920 2664 3976 filios
2697 3922 2999 3978 hominum.

1730 4012 1864 4082 Quis
1893 4019 1977 4065 est
2008 4013 2169 4066 homo
2200 4012 2289 4082 qui
2319 4012 2450 4067 vivit
2475 4055 2490 4082 ,
2524 4023 2580 4069 ct
2607 4030 2713 4070 non
2742 4014 2950 4071 videbit
2980 4025 3208 4072 mortem
3238 4020 3262 4073 ?

1658 4116 1752 4162 ant
1780 4107 1904 4178 quis
1933 4114 2094 4161 eruet
2118 4107 2358 4162 animam
2389 4121 2548 4162 suam
2584 4107 2654 4164 de
2693 4125 2856 4164 manu
2888 4109 3050 4167 inferi
3073 4110 3096 4164 ?
3123 4110 3255 4168 Ditt-

1658 4213 1891 4256 ΡεΑωιΑ.

1731 4291 1831 4349 Ubi
1854 4300 1978 4346 sunt
2002 4291 2397 4349 misericordiae
2422 4299 2530 4348 tua:
2547 4293 2803 4366 antiquzc,
2830 4293 3090 4349 Domine:
3115 4294 3259 4348 sicut

1652 4385 1848 4456 jurasti
1878 4384 2049 4440 David
2083 4382 2138 4440 in
2168 4387 2399 4441 veritate
2427 4385 2558 4440 tua?

1727 4477 1939 4534 Memor
1993 4485 2112 4534 esto
2162 4477 2444 4548 opprobrii
2493 4492 2778 4535 servorum
2825 4486 3060 4544 tuorum,
3109 4477 3253 4547 quod

2807 3457 3091 3529 perfudisti
3134 3474 3259 3514 eum

1655 4572 1896 4629 continui
1923 4570 1978 4626 in
2002 4572 2123 4627 sinu
2155 4587 2278 4628 meo
2311 4571 2608 4627 multarum
2638 4573 2903 4644 gentium.

63 4645 178 4711 Quod
197 4658 632 4726 exprobrauerunt
661 4662 861 4716 inimici
889 4664 988 4729 tui,
1017 4662 1258 4732 Domine,
1289 4666 1430 4736 quod
1452 4683 1546 4722 εει
1576 4642 1630 4703 Ῑδ
1724 4665 1878 4734 Quod
1919 4666 2390 4736 exprobraverunt
2423 4665 2624 4722 inimici
2646 4642 2734 4720 tui
2753 4709 2767 4733 ,
2804 4666 3035 4721 Domine
3055 4707 3069 4733 ,
3103 4663 3250 4736 quod

17 4741 306 4804 imbuerant
331 4758 795 4811 commutationem
820 4757 1001 4812 ebriin
1026 4759 1124 4812 tui.

59 4830 334 4914 Benedictus,
367 4847 658 4916 Dominus,
689 4849 742 4902 in
761 4860 1012 4904 teternum
1041 4867 1058 4903 :
1082 4851 1193 4921 ﬁat,
1220 4852 1336 4922 ﬁat.
1383 4857 1396 4863 “

49 5013 222 5097 filaud
259 5033 402 5078 recte
433 5024 722 5081 Palatinus
753 5040 859 5082 ms.
882 5026 1097 5083 obelum
1134 5028 1276 5084 hunc
1315 5039 1539 5097 praster-

185 5101 235 5146 ιιι
259 5105 311 5147 ct
338 5097 487 5165 quod
529 5097 881 5166 subsequitur
922 5099 973 5152 in
1014 5101 1120 5161 line
1146 5092 1371 5166 versus,
1404 5103 1537 5158 Dia-

39 5168 178 5211 alma.

59 5221 310 5312 iniustum
351 5237 496 5292 male
542 5247 663 5312 post
714 5239 1020 5312 Palatinum
1062 5258 1166 5297 ms.
1205 5243 1321 5312 ipse
1363 5243 1536 5300 Carus

18 5289 173 5379 “bulum
196 5302 276 5379 hic
304 5289 398 5372 pro
409 5289 686 5364 ais—miisco
711 5289 960 5379 praeﬁgit.

35 5367 215 5453 illum
239 5367 546 5453 Augustino
569 5367 1021 5453 Veronensfmsq
1047 5393 1092 5436 et
1120 5385 1173 5438 in
1197 5385 1420 5453 ﬂnﬂems
1443 5387 1529 5439 τίδ’

35 5433 39 5438 η
258 5426 308 5428 __
534 5426 540 5428 ν
895 5426 1021 5445 ....,.,
1049 5426 1092 5436 ν,
1443 5426 1503 5439 ι...

17 5426 97 5523 {tam
119 5455 288 5523 eorum,
317 5426 753 5523 rbliserit:_ord_iam
781 5469 894 5506 vero
917 5471 1082 5507 meam
1113 5426 1215 5510 non
1241 5426 1537 5523 disperdat):

17 5499 212 5594 (August.
235 5519 562 5590 dispergant)
607 5521 669 5573 ab
699 5538 787 5584 eo,
821 5541 985 5594 neque
1015 5527 1204 5580 nocebo
1243 5528 1295 5580 in
1325 5499 1540 5582 geritote

155 5591 206 5637 ut
247 5583 319 5641 et'
345 5583 508 5655 mox,
544 5583 655 5645 ἠοη
699 5583 1012 5664 reprobabo,
1061 5611 1160 5666 pro
1201 5615 1303 5652 non
1347 5599 1539 5668 faciam

45 5711 149 5808 1""
186 5725 523 5808 W§m_ms.
570 5739 630 5808 ut
669 5740 728 5808 e_t_
762 5749 926 5808 penes
960 5735 1340 5808 Augustinum,
1385 5747 1430 5792 et
1469 5741 1540 5792 ad

19 5782 180 5846 nihilum
215 5782 488 5869 reduxisti,
545 5782 1535 5880 distttiistri;"Homini-Equo;induto-ii

1653 4760 2126 4828 exprobraverunt
2154 4759 2639 4815 commutationem
2678 4757 2866 4814 christi
2897 4757 2996 4815 tui.

1729 4853 2056 4910 Benedictus
2088 4855 2351 4910 Dominus
2380 4852 2434 4907 in
2464 4852 2731 4908 :eternut'n
2757 4868 2770 4905 :
2801 4850 2918 4918 fiat,
2951 4850 3066 4905 ﬁat.

1652 5032 1938 5105 Augustin.
1972 5033 2183 5105 tacet),
2234 5033 2484 5088 Christum
2517 5043 2660 5105 tuum
2683 5073 2696 5096 ,
2732 5041 2837 5105 etc.
2860 5074 2876 5098 ,
2907 5040 2961 5088 et
2992 5033 3154 5088 tertio
3183 5032 3250 5088 ab

1652 5103 1756 5178 hoc
1781 5120 1966 5178 versu,
1989 5103 2316 5178 jocundasti,
2354 5120 2449 5178 pro
2479 5103 2776 5173 Itetiﬁeasti,
2806 5113 2862 5157 et
2887 5105 2936 5156 in
2967 5106 3241 5178 sequenti,

1648 5177 1933 5245 opitulatus
1976 5174 2062 5244 es,
2110 5191 2210 5244 pro
2249 5174 2567 5238 auxiliariis,
2612 5183 2756 5237 ctc.;
2804 5183 2860 5228 ct
2910 5185 3031 5244 post
3078 5175 3244 5230 alium

1647 5263 1887 5312 versum,
1919 5247 2152 5301 minuisti
2181 5247 2288 5298 dies
2318 5245 2457 5298 sedis
2484 5245 2616 5313 ejus,
2649 5252 2754 5296 etc.

1722 5329 1744 5355 ο
1788 5319 1951 5372 Iidem
1985 5317 2099 5384 pari
2127 5329 2397 5368 consensu
2423 5313 2571 5375 libri,
2604 5313 2860 5384 Memento
2881 5330 2996 5384 quer:
3022 5324 3098 5369 est
3127 5315 3247 5369 sub—

1643 5390 1836 5442 stantia
1875 5383 2025 5450 mea’;
2071 5401 2174 5438 non
2215 5385 2350 5436 enim
2386 5400 2513 5437 vane
2539 5383 2853 5455 constituisti
2895 5383 3074 5440 amnes
3104 5387 3246 5455 ﬁlios

1643 5459 1929 5513 hominum.
1962 5457 2088 5522 Quis
2115 5462 2190 5507 est
2214 5455 2366 5507 homo
2391 5456 2478 5524 qui
2501 5454 2651 5519 t'it'et,
2676 5464 2722 5508 et
2752 5472 2851 5507 non
2884 5457 3070 5509 videbit
3104 5474 3246 5510 mor-

1644 5540 1744 5582 tem
1768 5545 1785 5582 :
1812 5537 1952 5582 eruet
1972 5526 2196 5578 animant
2223 5541 2370 5577 suam
2400 5525 2463 5577 de
2491 5541 2649 5596 manu
2681 5526 2870 5596 inferni
2897 5544 2909 5578 :
2965 5544 3092 5596 quas
3139 5530 3242 5596 ju-

1645 5601 1771 5652 rasti
1813 5596 1984 5650 David
2027 5596 2081 5669 in
2118 5596 2337 5669 veritate
2359 5606 2468 5669 tua.
2497 5593 3242 5669 Megeentb,Domi_1ie,oppro-

1644 5671 1770 5733 brii,
1819 5677 1956 5730 etc.;
2007 5665 2240 5737 denique
2287 5665 2344 5722 in
2389 5668 2529 5734 tiuc,
2580 5664 2880 5721 Benedictio
2929 5664 3141 5722 Domini
3186 5669 3243 5722 in

1642 5748 1912 5807 wternum,
1949 5745 2056 5793 etc.
