3936 6180
683 245 791 309 287

1695 239 1755 298 S.
1796 235 2177 296 IIIERONYMI
2219 233 2451 294 DIVINA
2491 231 2975 292 BIBLIOTHECA.
3838 236 3912 299 288

1920 353 2280 416 PSALMUS
2323 351 2691 415 LXXXIX.

1081 478 1279 521 ORATIO
1315 475 1494 529 IIOYSI,
1534 469 1754 515 30!"le
1792 471 1902 512 DEI.

760 558 1002 626 Domine,
1034 559 1294 630 refugium
1325 561 1390 626 ﬁt,
1420 565 1477 610 tu
1508 554 1530 623 ζ
1568 553 1737 622 [actus
1773 565 1826 605 es
1859 547 2031 616 nobis,
2064 563 2096 602 a
2126 564 2285 622 gene-

691 653 889 706 ratione
919 652 972 706 in
999 650 1398 722 generationem.
2153 659 2155 667 ‘

762 745 1076 816 Priusquam
1105 751 1304 797 montes
1331 741 1529 812 ﬁerent,
1554 747 1580 777 α
1608 748 1698 794 aut
1729 742 2049 809 [armaretur
2071 743 2209 788 terra
2238 741 2285 787 et

690 837 828 893 orbis
853 853 874 892 :
897 855 929 892 a
955 836 1170 902 saeculo,
1203 845 1249 891 et
1273 852 1435 907 usque
1462 835 1515 888 in
1539 833 1788 888 sarculum
1818 841 1875 884 tu
1907 847 1983 897 es,
2018 828 2179 884 Dens.

763 945 825 986 +
860 928 944 985 Ne
973 929 996 998 ζ
1029 936 1225 984 avertas
1257 927 1515 981 hominem
1547 926 1602 980 in
1629 923 1973 978 humilitatem
2004 936 2022 974 :
2073 930 2120 975 et
2147 919 2288 974 dixi-

689 1024 776 1092 sti,
799 1023 1193 1091 Conuertimini,
1227 1022 1326 1091 [ilii
1347 1020 1636 1075 hominum.

765 1115 1027 1182 Quoniam
1049 1113 1194 1170 mille
1214 1113 1342 1168 anni
1365 1121 1485 1167 ante
1519 1108 1697 1166 oculos
1728 1119 1865 1178 tuos,
1896 1118 2156 1178 tamquam
2179 1107 2288 1162 dies

689 1209 946 1275 hesterna,
977 1223 1094 1280 qua:
1122 1205 1394 1279 praeteriit.
1476 1191 1484 1198 ’

763 1301 833 1358 Et
862 1300 1103 1357 custodia
1123 1301 1177 1354 in
1205 1306 1353 1355 nocte
1385 1312 1404 1352 :
1431 1311 1546 1367 qua:
1570 1311 1668 1368 pro
1698 1294 1863 1350 nihilo
1895 1292 2170 1362 habentur,
2199 1307 2288 1346 co-

691 1413 807 1453 rum
835 1396 961 1450 anni
991 1403 1164 1450 erunt.

765 1487 924 1543 Mane
951 1488 1082 1542 sicut
1125 1484 1279 1539 herba
1321 1489 1568 1549 transeat,
1617 1496 1768 1534 mane
1793 1481 1999 1550 ﬂoreat,
2038 1485 2085 1530 et
2116 1484 2291 1530 trans-

692 1589 815 1636 eat:
841 1595 1045 1649 vespere
1073 1576 1298 1644 decidat,
1329 1577 1561 1642 induret,
1595 1585 1642 1630 et
1669 1580 1892 1627 arescat.

768 1674 904 1741 Quia
932 1673 1214 1744 defecimus
1241 1671 1295 1726 in
1322 1670 1404 1724 ira
1427 1678 1556 1724 tua:
1584 1678 1631 1723 et
1677 1667 1730 1721 in
1768 1665 1944 1736 furore
1972 1671 2064 1716 tuo
2103 1660 2292 1716 turbati

695 1782 894 1820 sumus.

2316 459 2371 517 Α

2779 466 2978 508 ORATIO
3016 465 3201 520 IUYSI,
3243 465 3458 508 [10111le
3498 466 3605 507 DEI.

2465 545 2717 614 Domine,
2743 544 3010 618 refugium
3032 544 3212 601 laetus
3239 559 3298 600 es
3323 544 3509 612 nobis,
3540 555 3562 583 ε
3587 560 3616 600 a
3637 545 3912 616 generatione

2393 648 2450 696 et
2479 640 2763 710 progenie.

2462 733 2788 804 Priusquam
2828 733 3023 789 Ilerent
3059 739 3301 795 montes,
3343 740 3440 786 aut
3491 730 3791 788 {armaretur
3808 734 3912 790 orbis

2392 833 2554 882 terrae
2584 844 2596 879 :
2627 841 2657 880 a
2695 825 2896 882 saeculo
2936 836 2992 881 et
3023 841 3193 896 usque
3230 824 3283 880 in
3308 824 3566 879 sarculum
3599 835 3653 879 ιιι
3679 839 3765 896 es,
3795 826 3912 881 Deus.

2463 918 2542 976 Ne
2586 928 2800 975 avertas
2845 919 3121 974 hominem
3165 917 3222 973 in
3263 916 3623 973 humilitatem
3660 935 3675 974 :
3706 929 3754 975 ct
3783 920 3911 976 dixist

2393 1010 2517 1085 [Μδ.
2553 1009 2750 1081 dicas],
2775 1009 3197 1078 Convertimini,
3229 1009 3324 1064 lilii
3358 1010 3656 1065 hominum.

2463 1105 2733 1173 Quoniam
2766 1103 2917 1160 mille
2960 1103 3090 1158 anni
3129 1113 3258 1159 ante
3286 1103 3474 1159 oculos
3506 1111 3655 1171 tuos,
3691 1104 3812 1160 sicut
3838 1105 3912 1163 die:

2393 1198 2672 1265 hesterna,
2701 1212 2822 1268 quae
2852 1196 2982 1269 [Ms.
3010 1196 3305 1252 hesternus
3333 1194 3452 1269 qui]
3486 1198 3754 1268 prtetcriit.

2465 1291 2534 1346 Et
2558 1290 2712 1362 Isicut
2747 1289 2766 1330 τ
2793 1291 3041 1347 custodia
3074 1291 3130 1346 in
3160 1299 3359 1346 nocte:
3394 1305 3517 1362 qua:
3549 1305 3646 1362 pro
3681 1290 3827 1347 nihilo
3851 1291 3912 1346 ha-

2394 1381 2616 1450 bentur,
2649 1382 2777 1438 anni
2808 1397 3020 1438 eorum.

2466 1476 2619 1532 Mane
2651 1476 2796 1532 sicut
2831 1475 2999 1532 herba
3031 1483 3278 1530 transeat
3304 1514 3319 1538 ,
3349 1488 3509 1530 mane
3536 1473 3743 1544 ﬂoreat,
3768 1484 3814 1531 et
3837 1490 3912 1546 per.

2394 1576 2638 1625 transeat
2663 1586 2677 1622 :
2709 1582 2940 1639 vespere
2966 1566 3205 1632 decidat,
3239 1563 3459 1621 induret
3486 1574 3544 1621 et
3572 1574 3786 1623 arescat.

2465 1667 2610 1744 Quia
2637 1664 2944 1721 defecimus
2976 1662 3032 1719 in
3062 1664 3145 1719 ira
3187 1670 3314 1717 tua:
3348 1670 3404 1717 et
3439 1660 3494 1716 in
3528 1661 3704 1719 furore
3728 1671 3805 1718 tuo
3829 1677 3912 1718 con

2397 1759 2600 1814 turbati
2630 1772 2845 1814 sumus.

765 1857 998 1914 Posuisti
1023 1857 1318 1926 iniquitates
1341 1864 1544 1910 nostras
1569 1855 1623 1909 in
1645 1859 1924 1925 conspectu
1951 1858 2038 1904 tuo
2064 1863 2084 1903 :
2123 1862 2294 1904 sarcu-
2327 1852 2374 1912 Β
2473 1850 2706 1907 Posuisti
2749 1849 3068 1918 iniquitates
3116 1859 3334 1907 nostras
3389 1851 3443 1906 in
3490 1856 3768 1920 conspectu
3808 1853 3880 1901 tuo

695 1950 805 2005 lum
834 1957 1071 2006 nostrum
1089 1949 1144 2004 in
1171 1948 1554 2002 illuminationc
1581 1946 1753 2000 vultus
1781 1945 1876 1998 tui.

766 2043 1027 2112 Quoniam
1057 2057 1233 2097 omnes
1261 2040 1372 2096 dies
1426 2039 1589 2095 nostri
1638 2041 1934 2110 defecerunt
1963 2051 1982 2091 :
2014 2051 2076 2091 -ε-
2105 2043 2150 2090 et
2181 2034 2204 2104 ζ
2241 2033 2294 2088 in

694 2136 778 2190 ira
803 2144 893 2190 tua
920 2135 1224 2205 defecimus.

767 2229 906 2285 Anni
925 2229 1090 2284 nostri
1118 2228 1253 2284 sicut
1287 2243 1479 2282 aranea
1506 2226 1896 2282 meditabuntur
1927 2241 1946 2281 :
1996 2224 2106 2280 dies
2129 2239 2294 2279 anno-

693 2339 811 2376 rum
833 2329 1128 2376 nostrorum
1156 2321 1210 2374 in
1238 2319 1368 2392 ipsis
1396 2320 1728 2391 septuaginta
1749 2319 1898 2373 anni.

768 2411 831 2467 Si
857 2421 1030 2466 autem
1059 2412 1113 2466 in
1134 2410 1482 2483 potentatibus
1507 2411 1768 2480 octoginta
1789 2410 1914 2466 anni
1943 2426 1964 2466 :
1986 2418 2034 2465 et
2065 2408 2294 2480 amplius

694 2521 874 2561 eorum
898 2503 1048 2559 labor
1072 2513 1120 2559 et
1147 2503 1320 2560 dolor.

729 2582 731 2584 ’
769 2597 1031 2666 Quoniam
1056 2597 1346 2669 supervenit
1364 2595 1707 2652 mansuetudo
1735 2610 1755 2653 :
1785 2603 1831 2651 et
1853 2595 2219 2666 corripiemur.

771 2775 900 2844 Quis
929 2773 1068 2830 navit
1096 2781 1405 2847 potestatem
1428 2773 1523 2830 ira:
1552 2774 1693 2830 tuo?
1737 2780 1784 2827 et
1821 2788 1932 2846 prie
1975 2772 2160 2828 timore
2205 2783 2294 2829 tuo

695 2869 829 2924 iram
867 2867 1236 2923 dinumerare?
1257 2863 1287 2906 ιι

769 2960 1052 3018 Dexteram
1078 2969 1220 3015 tuam
1253 2969 1278 2999 ο
1307 2960 1384 3016 sic
1412 2968 1589 3016 notam
1616 2962 1701 3034 [ac
1728 2976 1748 3016 :
1795 2968 1843 3016 et
1889 2958 2116 3016 eruditos
2144 2955 2298 3014 corde

694 3054 750 3108 in
767 3052 1048 3123 sapientia.

770 3144 1110 3213 Convertere,
1168 3143 1432 3214 Domine,
1487 3147 1792 3218 usquequo?
1847 3154 1895 3202 et
1955 3145 2297 3218 deprecabilis

699 3246 808 3292 8810
828 3254 983 3308 super
1011 3252 1182 3292 881⁸1208
1208 3245 1343 3291 ιιιοε.

773 3331 979 3403 Repleti
1005 3345 1181 3385 sumus
1211 3345 1360 3383 mane
1379 3329 1731 3386 misericordia
1757 3332 1784 3370 ά
1815 3343 1993 3402 tua,et
2021 3334 2299 3390 exsultavi-

702 3439 816 3477 mus
839 3465 855 3492 ,
881 3433 930 3476 et
959 3419 1199 3474 delectati
1221 3435 1398 3474 sumus
1420 3421 1654 3477 omnibus
1679 3422 1855 3479 diebus
1886 3425 2095 3480 nostris.

778 3615 804 3644 α
841 3604 897 3660 In
929 3601 1102 3659 Palat.
1143 3618 1248 3660 ms.
1293 3603 1591 3673 repositum
1632 3605 1889 3662 secundis
1931 3608 2079 3663 curis
2107 3618 2155 3663 et
2196 3624 2293 3675 pro

707 3688 796 3731 aut
827 3692 847 3731 :
877 3675 1069 3732 Grmce
1099 3677 1263 3731 etiam
1291 3685 1375 3730 est
1401 3678 1504 3730 καὶ.
1547 3677 1775 3730 Additur
1803 3687 1858 3731 et
1899 3675 2206 3745 Diapsulma
2239 3680 2293 3735 in

710 3750 834 3804 line.
888 3747 1060 3802 Porro
1104 3749 1196 3816 qui
1239 3747 1607 3815 subsequitur,
1639 3748 1908 3814 'prtulixus
1947 3765 2012 3802 ne
2057 3753 2291 3810 vocnlte.

707 3819 896 3892 obclus
945 3817 1307 3892 desideratur.
1356 3820 1434 3872 Ac
1480 3833 1540 3873 re
1587 3820 1807 3892 quidem
1852 3820 1967 3888 ipsa
2017 3829 2110 3875 aut
2151 3821 2295 3892 quod

709 3891 952 3960 proxime
975 3889 1234 3960 praecedit
1256 3887 1396 3943 Deus
1419 3902 1639 3955 nomen,
1663 3897 1755 3944 aut
1783 3887 1898 3946 hate
1921 3893 2149 3962 negandi
2171 3887 2300 3962 par-

709 3982 866 4036 licula
895 3982 1169 4035 abundat:
1203 3980 1346 4052 quod
1377 3981 1522 4034 enim
1555 3983 1712 4037 unice
1740 3992 1824 4038 cst
1852 3983 1904 4038 in
1939 3983 2172 4038 Ilebraeo
2197 3970 2292 4049 9N,

712 4069 811 4123 pro
829 4052 1004 4123 variis
1041 4051 1330 4106 substratis
1370 4053 1612 4121 punctis,
1660 4051 1829 4106 Deum
1866 4062 1922 4109 et
1956 4071 2056 4109 non
2098 4067 2257 4109 sonat
2287 4073 2299 4110 :

711 4121 932 4179 ininime
959 4130 1140 4178 autem
1174 4123 1346 4193 repeti
1377 4138 1440 4177 ac
1467 4125 1606 4176 sumi
1639 4123 1886 4178 bifariam
1924 4125 2128 4179 debuit.
2158 4125 2299 4192 Quin

711 4194 810 4262 ipsi
853 4193 1245 4268 Septuaginta,
1291 4194 1504 4268 tametsi
1554 4194 1712 4249 aliter
1751 4196 1924 4249 vismn
1970 4197 2304 4268 llieronytno

711 4275 795 4320 est
815 4307 830 4330 ,
865 4265 1022 4320 unice
1050 4280 1150 4334 pro
1179 4264 1284 4331 Ne,
1317 4265 1430 4320 sive
1453 4269 1530 4323 Μὴ
1560 4275 1888 4329 acceperunt
1907 4305 1922 4328 ,
1956 4282 2130 4329 neque
2155 4264 2302 4323 enim

710 4337 916 4460 :Bldunt
947 4334 1276 4405 praecedenti
1318 4335 1540 4404 versui,
1581 4335 1607 4392 ὁ
1638 4337 1764 4399 Θεὸς
1785 4381 1799 4406 ,
1841 4346 1900 4392 ut
1928 4336 2018 4392 hic
2048 4336 2302 4408 habetur,

765 4425 873 4460 €118.

765 4425 873 4461 ειη.

783 4478 811 4517 ι)
853 4476 1099 4549 Alterum
1126 4476 1214 4532 hic
1244 4477 1547 4549 Diapsalma
1573 4476 1716 4549 idem
1747 4494 1850 4533 ms.
1879 4479 2176 4549 subiungit.

786 4561 809 4588 ε
853 4547 1187 4604 Asteriscum
1218 4550 1292 4602 sic
1338 4547 1545 4604 vocula:
1582 4547 1812 4604 Palatin.
1845 4564 1948 4604 ms.
1984 4547 2258 4620 praiponit
2287 4567 2300 4604 :

714 4630 825 4675 tum
867 4634 967 4691 pro
1011 4621 1264 4686 eruditos,
1316 4620 1598 4674 substituit
1644 4619 1696 4674 in
1742 4635 1809 4674 eo
1846 4623 2070 4691 sequior
2107 4619 2303 4677 manus

710 4690 1048 4760 compeditos.
1094 4691 1214 4761 Ipse
1252 4691 1413 4761 etiam
1449 4691 1780 4761 Augusunus
1824 4692 1876 4744 in
1922 4690 2065 4746 hunc
2097 4693 2296 4748 locum.

717 4762 785 4816 Et
826 4760 1165 4829 compeditds
1195 4762 1362 4815 corde
1394 4760 1446 4814 in
1483 4760 1751 4829 sapientia
1791 4778 1804 4815 :
1846 4761 1939 4814 alii
1974 4763 2174 4815 codices
2202 4779 2305 4816 non

714 4833 901 4887 habent
927 4833 1289 4902 compeditds,
1319 4832 1410 4885 sed
1439 4833 1702 4886 eruditos.
1742 4831 1964 4886 Verbum
1993 4834 2130 4886 enim
2157 4833 2304 4888 Grie-

713 4920 829 4975 eum
859 4904 928 4975 in
960 4914 1176 4975 utraque
1205 4903 1580 4974 significatione
1615 4904 1856 4959 similiter
1887 4914 2063 4970 sonat,
2106 4915 2164 4958 ut
2200 4919 2306 4959 una

711 4973 912 5044 syllaba
943 4973 1219 5043 paululum
1251 4973 1482 5044 ili/ferat.

787 5047 816 5086 ἀ
841 5044 1116 5100 Immerito
1145 5046 1385 5119 Palatia.
1413 5061 1516 5119 ms.
1539 5061 1837 5117 pronomen
1869 5055 1958 5100 tua
1979 5046 2136 5103 obelo
2166 5060 2304 5119 prte-

715 5124 889 5178 notat,
920 5127 1031 5171 tum
1055 5118 1250 5187 lcgitin
1281 5118 1515 5190 omnibus
1543 5119 1742 5184 diebus,
1763 5129 1868 5173 etc.
1898 5119 2121 5173 Rectius
2144 5118 2306 5190 porro

714 5189 1064 5260 sutiscqttenti
1092 5203 1252 5243 versu
1276 5189 1557 5260 prteﬁsum
1584 5191 1924 5246 substantivo
1941 5191 2106 5245 verbo
2129 5189 2306 5244 sumus

717 5259 934 5313 ιὼυιιιηι
959 5259 1182 5314 omittit.

794 5339 817 5364 θ
863 5328 1154 5403 Veronens.
1204 5345 1304 5385 ms.
1349 5341 1406 5387 et
1450 5331 1734 5402 Augustin.
1781 5333 1835 5386 in
1882 5333 2214 5403 generatione
2259 5343 2308 5389 et

722 5401 1048 5470 generatione
1088 5410 1272 5475 .f_tum
1319 5418 1460 5457 unus
1503 5401 1993 5465 Veronensis,‘ant
2031 5406 2312 5475 ﬁngeretur

723 5481 884 5533 terra,
934 5481 980 5524 et
1029 5471 1165 5524 orbis
1213 5484 1380 5536 terrm,
1422 5482 1530 5528 etc.
1574 5477 1745 5540 Quam
1792 5484 1970 5528 tamen
2018 5471 2305 5530 lectionem

729 5542 841 5612 ipse
865 5543 1015 5594 ttovit
1050 5541 1348 5612 Hipponen.
1375 5545 1694 5612 cpiscottus.
1727 5545 1815 5598 ubi
1847 5547 1952 5609 ait,
1985 5545 2075 5598 alii
2103 5547 2303 5600 codices

728 5609 932 5673 habent,
956 5610 1176 5685 quartae
1201 5628 1302 5685 uno
1322 5609 1472 5668 verba
1494 5609 1676 5668 Crteco
1698 5631 1993 5678 expressum
2017 5626 2112 5680 est,
2141 5617 2309 5685 linge-

731 5687 879 5752 retttr
911 5687 1076 5733 terra.
1097 5681 1351 5755 Sequitur
1381 5699 1501 5737 cum
1527 5685 1718 5740 eodem
1742 5684 2132 5754 Augustiniano
2162 5681 2305 5755 psal-

755 5749 892 5811 crio,
925 5756 972 5799 ct
1001 5764 1032 5799 a
1063 5749 1270 5814 sa'culo,
1305 5761 1350 5804 et
1381 5767 1538 5821 usque
1563 5755 1618 5806 in
1657 5749 1904 5809 siccatum
1934 5767 1986 5809 tu
2016 5773 2089 5823 es,
2119 5749 2306 5826 tacito,

2401 1942 2664 2000 smeulum
2699 1949 2947 1998 nostrum
2978 1942 3031 1997 in
3079 1941 3480 1998 illuminationc
3509 1941 3683 1996 vultus
3710 1937 3790 1994 tui.

2468 2034 2733 2104 Quoniam
2763 2049 2954 2090 omnes
2990 2033 3105 2090 dies
3137 2035 3307 2090 nostri
3335 2033 3686 2098 deiecerunt,
3712 2039 3760 2085 ct
3791 2043 3868 2084 nos
3891 2027 3912 2082 it

2395 2129 2476 2184 ira
2508 2138 2596 2183 tua
2625 2126 2943 2184 defecimus.

2467 2219 2612 2276 Anni
2659 2218 2830 2274 nostri
2879 2219 3024 2273 sicut
3078 2231 3283 2273 aranea
3339 2215 3740 2272 meditabuntur
3787 2231 3798 2269 :
3845 2211 3912 2268 die

2396 2326 2663 2368 annorum
2693 2322 3004 2366 nostrorum
3039 2309 3093 2364 in
3123 2309 3259 2380 ipsis
3285 2308 3629 2380 septuaginta
3655 2305 3790 2362 anni.

2467 2406 2521 2463 Si
2563 2415 2744 2461 autem
2777 2405 2828 2459 in
2862 2403 3236 2475 potentatibus
3265 2402 3544 2474 octoginta
3572 2402 3694 2457 anni
3731 2420 3743 2456 :
3778 2409 3823 2457 et
3846 2399 3910 2469 plu

2397 2497 2596 2554 rimum
2623 2512 2818 2554 eorum
2850 2496 3009 2552 labor
3037 2503 3093 2552 et
3121 2495 3300 2552 dolor.

2468 2591 2737 2661 Quoniam
2768 2589 3086 2662 supervenit
3120 2599 3146 2637 δ
3178 2603 3342 2662 super
3370 2603 3471 2646 nos
3503 2584 3867 2646 mansuetudo:
3891 2598 3912 2640 e

2397 2686 2783 2756 corripiemur.

2469 2779 2602 2847 Quis
2632 2778 2785 2833 novit
2823 2785 3149 2849 potestatem
3183 2778 3280 2833 irae
3307 2777 3462 2833 tum?
3493 2785 3590 2834 aut
3621 2776 3740 2851 [Μι.
3766 2772 3830 2846 et]
3856 2785 3912 2844 prt

2400 2871 2594 2927 timore
2625 2870 2759 2924 iram
2793 2877 2938 2923 tuam
2975 2869 3104 2943 [Ms.
3135 2871 3229 2925 ira:
3269 2867 3400 2940 tuae]
3431 2866 3803 2926 dinumerare?

2470 2961 2758 3017 Dexteram
2793 2969 2938 3015 tuam
2960 3001 2973 3024 ,
3012 2961 3245 3017 Domine
3266 3002 3282 3028 ,
3316 2960 3342 2998 ιι
3372 2971 3563 3018 notam
3594 2961 3678 3018 iac
3706 2958 3843 3016 nobis
3867 2969 3912 3012 :t

2397 3053 2642 3112 eruditos
2667 3051 2832 3108 corde
2864 3053 2919 3108 in
2959 3053 3226 3124 sapientia
3258 3070 3274 3109 :

2469 3146 2826 3215 Convertere,
2859 3146 3118 3216 Domine,
3161 3147 3584 3219 aliquantulum,
3613 3155 3665 3204 et
3702 3145 3912 3218 deprccat

2328 3243 2373 3306 C
2405 3256 2570 3310 super
2600 3253 2800 3295 servos
2835 3246 2982 3294 tuos.

2479 3334 2687 3405 Repleti
2715 3350 2902 3391 sumus
2924 3350 3083 3393 mane
3110 3335 3488 3392 misericordia
3520 3346 3617 3393 tua
3650 3350 3665 3392 :
3699 3326 3912 3390 exsultari

2404 3443 2523 3484 mus
2543 3469 2559 3497 ,
2588 3438 2643 3485 et
2663 3427 2914 3486 delectati
2943 3436 3071 3487 sunt
3109 3429 3162 3486 in
3193 3429 3447 3486 omnibus
3477 3428 3676 3487 diebus
3703 3426 3886 3484 nostris.

2398 3609 2540 3682 quod
2573 3608 2662 3663 hic
2695 3609 3066 3680 subsequitur,
3100 3609 3264 3664 Deus.
3294 3609 3352 3664 In
3384 3623 3557 3682 quem
3591 3608 3761 3664 locum
3790 3606 3912 3682 Ilich

2400 3671 2596 3754 nymus
2629 3683 2831 3754 smpitts
2862 3671 3079 3754 laudata
3125 3681 3299 3754 epist.
3333 3671 3735 3754 atl'Sunniaui,
3775 3689 3860 3732 etc.
3896 3671 3912 3726 l

2400 3751 2603 3815 dicitis,
2646 3751 2783 3822 quod
2815 3753 2867 3806 in
2901 3751 3086 3808 Graeco
3119 3769 3222 3822 non
3257 3753 3324 3805 sit
3361 3751 3404 3805 D
3425 3767 3541 3822 ius,
3576 3751 3713 3817 quod
3744 3754 3861 3822 apud
3884 3761 3912 3798 et

2401 3824 2576 3877 deesse
2600 3820 2933 3894 manifestum
2969 3831 3061 3879 est.
3118 3821 3258 3877 Nam
3300 3833 3350 3876 et
3389 3821 3706 3876 Ilebraicnm
3733 3820 3875 3880 habet,
3910 3845 3911 3864 ι

2403 3909 2575 3948 Omnes
2603 3893 2694 3947 alii
2738 3893 3039 3959 interpretes
3061 3938 3074 3961 ,
3108 3904 3152 3947 et
3189 3894 3538 3963 Septuaginta
3567 3894 3911 3963 similitfrtrnn

2403 3966 2659 4028 tulerunt,
2689 3965 2793 4019 ἀπὸ
2820 3971 2912 4020 τοῦ
2942 3959 3120 4028 αἰῶνός
3150 3969 3236 4020 καὶ
3263 3967 3360 4024 ἕως
3391 3959 3582 4026 atauo;
3623 3967 3686 4018 σὺ
3717 3959 3760 4017 εἷ
3795 3959 3912 4018 ὁοεὸς

2402 4034 2540 4104 quod
2570 4033 2827 4089 Hebraiee
2865 4036 3078 4101 dicitur,
3100 4027 3353 4096 imeolam
3385 4035 3631 4088 ad-olam
3675 4033 3760 4086 ath
3785 4034 3846 4085 cl.
3887 4027 3912 4074 ν

2403 4106 2551 4161 desis
2580 4113 2636 4160 et
2675 4121 2798 4175 quae
2839 4106 2891 4159 in
2927 4107 3071 4161 hunc
3118 4122 3218 4160 nos
3249 4107 3424 4160 locum
3455 4115 3811 4168 annotamus,
3839 4111 3912 4156 cl:

2406 4176 2712 4246 Oppositum
2744 4175 3006 4232 Gallicani
3037 4176 3284 4232 Psalterii
3312 4176 3649 4232 columnam.

2485 4246 2504 4286 ί
2556 4248 2721 4302 Iidem
2746 4263 2960 4302 rursum
2983 4248 3126 4315 libri,
3158 4249 3290 4302 sicut
3312 4247 3490 4317 vigilia
3513 4250 3569 4300 in
3596 4252 3758 4308 nocte,
3780 4251 3842 4306 et,
3863 4255 3911 4292 an

2408 4327 2558 4390 erunt
2583 4334 2778 4373 eorum.
2807 4318 3174 4388 Subsequenti
3204 4333 3383 4390 versu,
3415 4328 3462 4371 et
3504 4329 3771 4390 praeterea.
3798 4325 3912 4378 rape

2409 4389 2630 4456 decidat,
2655 4389 2913 4457 durescat,
2937 4400 2983 4442 et
3005 4397 3225 4444 arescat.
3257 4388 3521 4456 Quoniam
3549 4389 3912 4457 defecimtts,_eln

2412 4469 2550 4516 utet
2579 4469 2701 4529 post
2733 4455 2964 4514 alterum
2996 4475 3214 4517 versum
3234 4500 3247 4522 ,
3284 4455 3342 4512 et
3379 4460 3433 4512 in
3464 4460 3549 4512 ira
3583 4455 3672 4512 tua
3703 4455 3912 4525 defecimtt

2332 4533 2385 4594 D
2411 4532 2572 4585 tacito
2611 4547 2705 4584 nos
2737 4531 3090 4600 proamniue,
3139 4545 3203 4586 ac
3232 4529 3427 4600 deinde
3456 4529 3848 4588 meditabantur,
3885 4538 3911 4600 ρ

2411 4594 2810 4657 meditabantur.
2848 4594 3088 4672 Denique
3117 4616 3257 4656 unus
3291 4599 3628 4672 Veronensis
3647 4640 3669 4672 ,γ
3697 4600 3752 4654 Si
3779 4594 3911 4672 antpti

2412 4676 2465 4726 in
2486 4673 2679 4727 viribus
2699 4675 2962 4741 octoginta
2982 4666 3126 4738 anni,
3151 4679 3196 4726 et
3217 4670 3442 4741 amplius
3469 4672 3574 4738 ipsi
3599 4671 3742 4724 labor
3762 4678 3803 4721 et
3823 4666 3912 4717 doli

2413 4744 2545 4798 llltnl
2571 4743 2713 4813 quod
2747 4741 2980 4798 habetur
3005 4743 3359 4814 subsequenti
3384 4757 3552 4814 versu
3579 4757 3738 4814 super
3754 4756 3862 4814 _rtos,
3879 4747 3912 4814 ,ει

2413 4812 2678 4883 perﬂuum
2708 4824 2856 4868 notat
2880 4828 3002 4870 esse
3031 4814 3091 4870 S.
3127 4815 3283 4868 Pater
3314 4813 3366 4866 in
3397 4813 3617 4866 laudata
3650 4812 3714 4865 ad
3742 4812 3911 4883 Sunuia

2412 4882 2464 4941 et
2497 4885 2767 4942 Fretelam
2795 4885 3044 4955 epistola.
3086 4885 3258 4940 Porro
3295 4883 3576 4954 sequitur,
3611 4892 3661 4937 et
3693 4882 3912 4936 erudiant

2413 4972 2512 5028 pro
2539 4957 2899 5028 corripiemur.
2925 4966 3029 5010 etc.

2486 5039 2508 5075 8
2551 5019 2723 5154 Sugier
2750 5044 2840 5080 nos
2881 5026 2968 5082 hic
3007 5025 3342 5098 superﬂuum
3382 5032 3500 5092 est,
3546 5024 3781 5082 docente
3813 5019 3912 5076 [lter

2491 5116 2599 5154 mo.
2690 5114 2816 5153 Αιιτ.

2585 5139 2599 5155 .
2690 5115 2718 5152 Α
2761 5114 2816 5152 τ.

2411 5114 2840 5239 Ιὶγὲηῗδιιῖἶιοκιιίο
2871 5169 3154 5226 Veronens
3181 5181 3282 5221 ms.
3311 5168 3383 5222 sic
3406 5174 3592 5239 notam
3616 5164 3912 5239 facmiht're‘

2415 5257 2536 5296 cum
2555 5234 2876 5312 Augustino.
2892 5256 3052 5311 quem
3063 5239 3266 5295 videsis
3280 5240 3332 5292 in
3345 5238 3701 5294 enarratiottc
3714 5234 3855 5304 hujus
3869 5234 3912 5312 tot

2421 5315 2487 5367 Et
2515 5304 2869 5373 subseuttcnti
2902 5304 3059 5366 {-ersu
3084 5352 3098 5375 ,
3129 5325 3422 5381 quousque,
3466 5325 3571 5374 pro
3610 5304 3912 5377 aliquantum

2421 5383 2654 5448 Deinde,
2690 5381 2882 5438 Sutiati
2917 5398 3092 5438 sumus
3122 5397 3270 5434 mane
3297 5381 3668 5435 misericordia
3695 5388 3808 5434 tua.
3831 5386 3870 5426 et
3895 5383 3912 5420 θ

2415 5456 2747 5525 sttltavimus,
2778 5464 2822 5506 et
2849 5453 3123 5525 jocundati
3149 5451 3406 5525 sumus_in
3434 5452 3680 5525 omnibus
3708 5449 3865 5525 diebus
3892 5457 3912 5490 tt

2415 5526 2558 5579 stris.
2599 5520 2877 5577 Jocundati
2923 5540 3117 5588 suntus,
3164 5533 3271 5577 etc.
3314 5520 3492 5585 Tum,
3543 5521 3610 5576 Et
3653 5520 3816 5591 aspice
3847 5523 3912 5578 sui

2409 5613 2578 5650 servos
2615 5605 2727 5648 tuos
2759 5598 2921 5664 (Aug.
2951 5594 3146 5665 respice
3175 5593 3228 5647 in
3263 5607 3464 5662 seruos,
3502 5598 3662 5662 etc.)
3700 5590 3745 5645 et
3771 5590 3818 5641 in
3844 5593 3912 5652 opt

2411 5676 2528 5735 tua,
2555 5675 2602 5720 et
2633 5666 2828 5736 dirige,
2861 5673 2968 5722 etc.
