3936 6180
35 216 115 278 989
1327 206 1536 267 LIBER
1573 208 1644 268 PS

1815 206 2022 266 DRUM.
3230 205 3339 263 290

85 336 285 391 Lcetati
314 350 377 391 οξ
407 333 634 403 sumus:
652 348 742 405 pro
762 330 953 399 diebus,
982 329 1169 401 quibus
1189 344 1278 406 nos
1302 325 1636 398 humiliasti;
1665 327 1719 388 Α
1819 322 2085 379 Delectali
2108 330 2234 378 sunt
2257 336 2354 392 pro
2384 319 2602 390 diebus,
2637 320 2689 375 in
2722 315 2848 393 [Μς.
2887 328 2990 375 tac.
3037 317 3113 389 in]
3137 319 3334 389 quibus

38 431 164 486 tinnis
184 429 395 500 quibus
426 429 641 482 vidimus
668 424 824 479 mala.
1747 433 1849 474 nos
1882 416 2178 472 ltumiliasti
2212 432 2227 471 :
2260 425 2316 471 et
2342 416 2500 470 annis
2522 456 2536 480 ,
2570 415 2621 468 in
2664 413 2863 485 quibus
2889 412 3119 467 vidimus
3169 412 3332 466 mala.

78 523 327 591 Respice
359 523 417 576 in
455 536 623 575 servos
663 529 775 572 tuos
814 528 861 572 et
904 518 959 571 in
987 534 1143 588 opera
1182 524 1269 571 tua
1301 530 1319 570 :
1376 524 1423 569 et
1470 513 1637 584 dirige
1813 511 2046 580 Respice
2075 510 2128 563 in
2157 524 2349 565 servos
2381 519 2524 575 tuos,
2555 520 2611 564 et
2641 510 2695 563 in
2726 522 2891 578 opera
2918 516 3030 573 tua,
3062 505 3289 562 Domine
3316 522 3331 562 :

31 618 147 687 ﬁlios
178 630 401 669 eorum.
1742 611 1798 659 et
1822 602 1996 670 dirige
2025 601 2167 656 filios
2194 616 2408 656 eorum.

78 704 152 759 Et
180 706 255 759 sit
277 703 533 775 splendor
556 700 766 757 Domini
789 700 884 757 Dei
905 701 1067 756 nostri
1094 716 1249 770 super
1270 716 1388 767 nos,
1417 708 1464 753 et
1478 714 1637 768 opera
1812 696 1877 751 Et
1916 696 1989 750 sit
2026 694 2290 765 splendor
2329 693 2544 749 Domini
2570 690 2666 749 Dei
2698 692 2871 748 nostri
2910 707 3075 762 super
3102 705 3202 749 nos
3239 709 3253 749 :
3281 701 3338 748 et

29 814 274 853 annuum
319 807 627 850 nostrarum
678 795 842 865 dirige
874 810 1029 864 super
1064 809 1156 848 nos
1202 808 1220 845 :
1254 801 1279 829 ει
1410 798 1457 844 et
1506 806 1636 860 opus
1737 804 1902 861 Opera
1929 804 2184 844 manuum
2215 797 2523 844 nostrarum
2554 786 2729 859 dirige
2758 802 2927 859 super
2952 801 3079 845 nos.

28 906 270 945 manuum
292 901 600 945 nostrarum
621 889 789 959 dirige
824 887 846 955 ζ

1412 974 1787 1039 PSALMUS
1829 972 1965 1038 XC.

469 1099 523 1141 σθ
565 1098 696 1141 uos
727 1097 939 1139 esuriat
976 1097 1137 1138 unus
1166 1082 1188 1152 ζ
1980 1090 2115 1133 uos
2144 1091 2356 1132 CANTICI
2389 1091 2549 1132 nmo
2576 1074 2707 1149 [.lls.
2742 1092 2839 1132 lPSl
2864 1074 3064 1149 anno].

80 1182 199 1249 Qui
247 1181 454 1236 habitat
496 1180 550 1234 in
594 1180 853 1251 adjutorio
890 1176 1180 1245 Altissimi,
1232 1174 1285 1228 in
1325 1168 1641 1245 protectione
1818 1169 1919 1237 Qui
1953 1168 2163 1225 habitat
2194 1172 2246 1226 in
2272 1172 2552 1242 adjutorio
2592 1172 2882 1238 Altissitni,
2917 1170 2972 1225 in
2999 1170 3339 1242 proiectione

29 1274 109 1331 Dei
147 1292 219 1331 -z-
257 1276 378 1330 caeli
412 1275 436 1343 ζ
470 1272 886 1328 commorabitur.
1744 1262 1845 1319 Dei
1875 1264 2000 1319 caeli
2029 1265 2477 1321 commorabitur.
2960 1321 2967 1329 ,

46 1373 70 1409 ί
92 1369 249 1424 Dicet
301 1367 569 1431 Domino,
605 1364 894 1436 Susceptor
922 1380 1062 1420 meus
1099 1377 1150 1418 -ι
1191 1379 1244 1418 es
1272 1371 1329 1416 tu
1364 1362 1387 1432 ζ
1418 1369 1467 1416 et
1494 1362 1639 1431 refu-
1816 1356 1975 1413 Dicet
1997 1357 2227 1413 Domino
2251 1356 2378 1430 [Μδ.
2408 1357 2568 1429 Deo],
2591 1358 2889 1429 Susceptor
2918 1372 3069 1414 meus
3092 1373 3152 1415 es
3181 1366 3264 1424 tu,
3288 1368 3345 1415 ct

31 1463 159 1535 gittnt
192 1477 375 1516 meum
397 1501 414 1529 ,
444 1457 586 1513 Deus
616 1474 757 1513 meus
786 1457 1000 1529 sperabo
1030 1458 1084 1511 in
1111 1472 1247 1511 cum.
1744 1452 2011 1525 refugium
2043 1469 2223 1511 meum
2251 1496 2267 1522 ,
2302 1454 2442 1509 Deus
2473 1470 2627 1510 meus
2659 1452 2789 1525 ms.
2831 1453 2957 1509 add.
2988 1452 3062 1523 et]
3106 1454 3340 1526 sperabo

1742 1563 1796 1603 ιιι
1824 1562 1970 1602 eum.

92 1644 373 1710 Quoniam
410 1643 523 1713 ipse
553 1639 581 1680 δ
613 1640 842 1696 liberavit
881 1656 961 1695 me
999 1640 1063 1695 de
1090 1640 1274 1710 laqueo
1306 1637 1630 1704 venantium,
1814 1638 2081 1708 Quoniam
2108 1638 2224 1710 ipse
2246 1638 2497 1695 liberavit
2520 1654 2606 1696 me
2635 1637 2704 1696 de
2731 1649 2752 1677 ο
2775 1638 2969 1710 laqueo
3000 1638 3339 1707 venantium,

42 1748 69 1791 tl
112 1757 145 1792 a
177 1738 340 1793 ret-bo
369 1752 573 1805 aspero.
1744 1739 1801 1787 et
1828 1746 1859 1785 a
1890 1731 2060 1788 verbo
2087 1745 2307 1801 aspero.

96 1829 165 1883 ln
196 1831 223 1899 ζ
254 1828 489 1901 scapulis
508 1828 613 1884 suis
630 1826 953 1883 obuntbrabit
972 1826 1095 1883 tibi:
1116 1834 1165 1882 et
1192 1826 1284 1881 sub
1315 1826 1493 1896 pennis
1522 1826 1634 1897 ejus
1817 1821 2070 1894 Scapulis
2095 1823 2208 1880 suis
2238 1822 2588 1880 obumbrabit
2620 1823 2717 1881 tibi
2756 1840 2770 1880 :
2804 1832 2860 1881 et
2885 1824 2984 1880 sub
3007 1824 3199 1895 pennis
3224 1825 3341 1897 ejus

48 1924 286 1991 sperabis.
1670 1916 1721 1977 Β
1746 1917 2017 1989 sperabis.

106 2016 270 2070 Scuto
301 2014 647 2069 circumdabit
682 2023 729 2070 te
753 2013 940 2068 veritas
976 2018 1090 2081 ejus
1118 2028 1137 2067 :
1168 2028 1269 2067 non
1297 2011 1491 2066 timebis
1515 2027 1547 2064 a
1574 2010 1640 2064 ti-

1815 2011 1986 2068 Scuto
2009 2012 2366 2071 circumdabit
2400 2022 2450 2071 te
2479 2014 2683 2071 veritas
2712 2012 2831 2084 ejus
2860 2032 2870 2067 :
2906 2029 3015 2069 non
3048 2014 3267 2071 timebis
3308 2025 3338 2069 a

56 2126 175 2163 κως
207 2118 488 2165 nocturno.

1745 2106 1942 2164 timore
1968 2117 2254 2164 nocturno.

114 2206 153 2256 Α
175 2206 371 2275 sagitta
394 2205 599 2259 volante
630 2203 684 2257 in
731 2204 833 2269 die,
867 2221 898 2256 tt
930 2202 1136 2275 negotio
1178 2199 1560 2271 perambulante
1585 2200 1640 2254 in
1817 2202 1858 2254 Α
1903 2200 2095 2271 sagitta
2120 2201 2336 2256 volante
2378 2215 2478 2272 per
2518 2199 2696 2269 diem,
2732 2216 2762 2257 a
2801 2201 3020 2283 negotio
3050 2201 3342 2273 perambu-

64 2296 293 2361 tcnebris,
319 2296 383 2349 ab
404 2299 617 2349 incursu
648 2306 697 2351 et
728 2296 982 2349 dwmonio
1013 2294 1324 2348 nteridiano.
1357 2304 1379 2332 ο
1746 2293 1896 2350 laute
1927 2294 1984 2350 in
2014 2294 2254 2351 tenebris
2279 2336 2294 2361 ,
2348 2311 2379 2350 a
2410 2295 2566 2350 ruina
2607 2302 2665 2350 et
2711 2295 2983 2349 dzcmnnio
3012 2296 3338 2351 meridiano.

122 2388 310 2441 Cadent
342 2405 375 2442 α
406 2388 564 2443 latere
591 2398 681 2442 tuo
710 2388 882 2453 mille,
906 2396 959 2465 ,ει
985 2388 1160 2440 decem
1198 2384 1367 2439 millia
1387 2402 1419 2438 α
1446 2384 1641 2440 dextris
1816 2388 2024 2446 Cadent
2046 2404 2075 2443 a
2100 2388 2270 2445 latere
2298 2398 2388 2443 tuo
2414 2388 2605 2453 millia,
2639 2398 2693 2442 et
2719 2386 2909 2441 decem
2938 2388 3105 2441 millia
3138 2403 3166 2441 a
3200 2388 3338 2443 dex-

69 2483 192 2536 teis:
222 2482 292 2536 ad
313 2493 365 2536 te
390 2490 562 2537 autent
592 2498 694 2537 non
720 2479 1175 2553 appropinquabit.
1747 2482 1849 2538 tris
1881 2480 1988 2536 tuis
2034 2497 2049 2537 :
2093 2481 2192 2536 tibi
2233 2488 2415 2537 autem
2453 2494 2562 2535 non
2600 2478 3058 2550 appropinquabit
3088 2478 3216 2550 [b!s.
3247 2496 3342 2551 ap-

1744 2572 2229 2647 propinquabant].

1810 2650 2210 2722 IVerumtamen
2234 2664 2410 2721 oculis
2443 2663 2549 2720 tuis
2570 2662 2944 2720 considerabis
2978 2680 2994 2719 :
3026 2672 3081 2721 et
3110 2663 3344 2721 retribu-

1751 2757 1960 2815 tionem
1990 2767 2338 2831 peccatorum
2366 2756 2598 2813 videbis.

1820 2850 2090 2918 Quoniam
2123 2860 2179 2905 tu
2218 2866 2278 2907 es
2305 2892 2321 2916 ,
2360 2849 2618 2915 Domine,
2651 2864 2779 2921 spes
2806 2864 2925 2906 mea
2960 2867 2973 2905 :
3004 2850 3342 2907 Altissimum

1218 3016 1221 3021 ν
1751 2943 1984 3017 posuisti
2013 2943 2281 3014 refugium
2308 2951 2486 2999 tuum.

129 3033 250 3091 Non
270 3036 480 3090 accedet
505 3036 577 3089 ad
601 3045 650 3090 te
674 3034 874 3090 malum
914 3050 933 3090 :
971 3045 1020 3090 et
1046 3034 1315 3107 ﬂagellant
1344 3048 1445 3087 non
1467 3047 1649 3103 appro-
1818 3036 1935 3092 Non
1963 3036 2225 3093 accedent
2249 3036 2314 3093 ad
2338 3046 2391 3094 te
2414 3035 2556 3091 mala
2580 3053 2595 3091 :
2627 3046 2682 3093 et
2706 3036 2981 3107 ﬂagellum
3012 3051 3119 3092 non
3149 3052 3346 3108 appro-

68 3130 319 3200 pinquabit
349 3130 685 3185 tabernaculo
718 3140 826 3185 tuo.
1750 3130 2033 3203 pinquabit
2056 3128 2186 3200 |Ms.
2210 3129 2685 3207 appropinquavit]
2711 3130 3063 3184 tabernaculo
3087 3141 3199 3183 tuo.

129 3224 390 3290 Quoniam
416 3222 619 3293 angelis
644 3222 753 3276 suis
778 3221 1039 3276 mandavit
1060 3221 1124 3275 de
1154 3229 1203 3276 te
1234 3238 1248 3275 :
1277 3230 1333 3275 ut
1356 3217 1651 3273 custodiant
1823 3223 2087 3293 Quoniam
2116 3223 2325 3295 angelis
2346 3224 2461 3278 suis
2490 3222 2763 3277 mandavit
2793 3222 2919 3293 [Με.
2951 3221 3250 3293 mandabit]
3274 3221 3342 3276 de

66 3324 107 3369 te
134 3316 183 3368 in
214 3315 453 3369 omnibus
474 3314 567 3368 viis
596 3315 719 3367 tuis.
1675 3306 1721 3369 C
1755 3326 1807 3374 te
1841 3334 1856 3375 :
1884 3325 1943 3372 ut
1973 3315 2281 3371 custodiant
2310 3325 2361 3370 te
2389 3316 2442 3369 in
2466 3313 2716 3371 omnibus
2742 3315 2849 3370 viis
2880 3314 3005 3370 tuis.

124 3406 189 3461 In
211 3406 452 3461 mnibus
487 3403 766 3477 portabunt
803 3412 852 3458 te
874 3420 892 3458 :
914 3420 977 3459 ne
1001 3407 1135 3476 forte
1162 3402 1397 3471 o/fendas
1423 3402 1493 3457 ad
1517 3402 1651 3474 lapi-
1825 3408 1883 3465 In
1916 3408 2165 3464 manibus
2195 3405 2213 3445 τ
2243 3405 2539 3479 portabunt
2579 3415 2633 3463 te
2666 3424 2678 3460 :
2714 3421 2782 3462 ne
2823 3420 3078 3477 umquam
3104 3404 3348 3462 offendas

63 3499 165 3553 dent
200 3499 387 3569 pedem
414 3507 583 3552 tuum.
1754 3500 1822 3556 ad
1860 3498 2094 3571 lapidem
2126 3499 2318 3570 pedem
2352 3492 2521 3553 tuum.

122 3593 295 3663 Super
306 3592 545 3664 aspidem
565 3599 614 3647 et
636 3591 937 3647 basiliscunt
957 3589 1251 3645 ambulabis
1277 3590 1373 3648 5—:—
1401 3598 1450 3645 et
1475 3590 1497 3658 ζ
1529 3604 1652 3644 con—
1828 3592 2007 3663 Super
2026 3592 2272 3663 aspidem
2302 3600 2359 3647 et
2380 3590 2691 3646 basiliseum
2711 3588 3040 3659 ambulabis,
3055 3597 3109 3645 et
3130 3588 3351 3645 concul-

58 3684 280 3739 culcabis
323 3687 524 3739 leonem
553 3692 600 3738 et
637 3685 937 3739 draconem.
1755 3682 1906 3739 cabis
1934 3683 2147 3739 leonem
2179 3692 2235 3739 et
2271 3683 2589 3741 draconem.

126 3777 388 3843 Quoniam
418 3778 474 3831 in
512 3787 593 3830 me
630 3776 885 3847 speravit,
918 3774 1145 3828 liberabo
1177 3788 1291 3827 eum
1330 3787 1347 3826 :
1382 3780 1650 3842 protegam
1826 3775 2091 3843 Quoniam
2114 3774 2169 3831 in
2195 3791 2281 3831 me
2307 3775 2567 3845 Speravit,
2596 3774 2837 3831 liberabo
2866 3790 2987 3829 eum
3022 3791 3036 3829 :
3070 3783 3348 3846 protegam

138 2666 493 2721 Verumtamen
529 2665 691 2720 oculis
730 2664 833 2718 tuis
883 2660 1237 2717 considerabis
1278 2676 1296 2715 :
1340 2669 1388 2715 et
1427 2656 1645 2714 retribu-

68 2760 236 2813 tionem
258 2768 583 2828 peccatorum
607 2756 823 2811 videbis.

131 2852 385 2916 Qttoniam
414 2860 471 2905 tu
492 2867 567 2917 es,
596 2847 843 2918 Domine,
866 2863 985 2918 spes
1008 2863 1120 2901 mea
1153 2861 1173 2902 :
1203 2844 1525 2901 Altissimunt
1555 2858 1647 2913 po-

67 2944 198 2997 sttisti
216 2943 481 3013 refugium
515 2950 680 2996 luunt.

60 3885 196 3936 eum,
223 3869 478 3940 quoniam
502 3869 737 3938 cognovit
776 3882 960 3922 nomen
989 3882 1179 3919 meum.
1756 3882 1880 3924 eum
1900 3906 1914 3932 ,
1946 3867 2201 3936 quoniam
2224 3868 2479 3937 cognovit
2498 3882 2697 3922 nomen
2730 3882 2932 3921 meum.

59 3972 101 4007 ὲ·
126 3963 383 4015 Clamabit
408 3960 434 3998 ά
457 3962 527 4014 ad
600 3978 700 4026 me,
726 3969 774 4014 et
796 3976 890 4031 ego
916 3959 1195 4013 exaudiam
1222 3973 1335 4012 eum
1360 3973 1379 4012 :
1400 3973 1517 4011 cum
1537 3958 1651 4028 ipso
1827 3958 2114 4014 lnvoeabit
2158 3957 2286 4029 [Μσ.
2328 3958 2623 4030 invocavit]
2666 3975 2752 4014 me
2777 4002 2792 4026 ,
2830 3968 2886 4015 et
2926 3974 3026 4031 ego
3066 3959 3352 4017 exaudiam

61 4071 163 4107 sum
195 4056 247 4109 in
280 4055 635 4121 tribulatione,
666 4054 885 4124 eripiant
914 4068 1033 4107 eum
1058 4097 1072 4121 ,
1101 4061 1151 4106 et
1180 4051 1485 4124 gloriﬁcabo
1510 4066 1648 4104 eum.
1761 4067 1917 4117 cum;
1941 4066 2067 4107 cum
2098 4051 2214 4120 ipso
2239 4064 2358 4105 sum
2390 4051 2442 4106 in
2483 4051 2852 4108 tribulatione.

132 4148 482 4222 Longitudine
506 4150 704 4205 dierum
745 4147 955 4220 replebo
982 4163 1098 4201 eunt
1129 4161 1148 4201 :
1183 4155 1235 4201 et
1274 4144 1541 4199 ostendam
1572 4143 1654 4198 illi
1832 4145 2073 4216 Eripiam
2121 4159 2245 4201 eum
2272 4186 2287 4212 ,
2331 4152 2387 4201 et
2436 4144 2752 4216 glorilicabo
2798 4162 2920 4201 cum
2956 4166 2966 4201 :
3013 4150 3352 4221 longitudine

63 4242 282 4297 salutare
310 4258 499 4296 meum.
1757 4240 1972 4296 dierum
2019 4239 2329 4311 adimplebo
2368 4256 2528 4309 eum,
2575 4249 2629 4297 et
2660 4241 2944 4299 ostendam
2991 4244 3066 4298 illi
3116 4245 3354 4299 Salulalc

1757 4350 1962 4388 meum.

1428 4425 1790 4489 PSALMUS
1834 4426 2002 4490 XCI.

372 4546 605 4590 PSALIUS
631 4544 849 4586 CANTICI
868 4571 884 4595 ,
908 4545 961 4585 IN
992 4544 1080 4584 DIE
1109 4542 1347 4584 SABBATI.
2047 4544 2279 4585 PSALIUS
2316 4543 2554 4596 CANTICI,
2589 4546 2640 4585 IN
2668 4545 2756 4585 DIE
2788 4545 3031 4587 SABBATI.

138 4623 336 4679 Bonum
360 4635 429 4681 est
453 4624 686 4693 conﬁteri
711 4622 978 4678 Domino:
1007 4632 1053 4677 et
1075 4623 1300 4693 psallere
1324 4622 1520 4676 nomini
1541 4632 1651 4688 tuo,
1834 4622 2043 4697 Bonum
2085 4633 2169 4678 est
2202 4623 2453 4680 conliteri
2483 4622 2716 4680 Domino
2742 4640 2756 4677 :
2801 4634 2855 4679 et
2885 4624 3113 4694 psallere
3148 4624 3354 4679 nomini

80 4720 344 4775 Altissime.
1767 4724 1887 4783 tuo,
1917 4715 2214 4772 Altissimc.

138 4845 163 4873 ι
189 4836 241 4891 ln
268 4835 498 4894 Palatia.
530 4850 636 4891 ms.
667 4835 827 4890 unice
865 4831 1162 4904 praetigitur
1192 4840 1239 4885 et
1260 4831 1472 4902 copula:
1503 4847 1656 4905 veru,
1686 4838 1738 4898 1)
1841 4844 1863 4905 ς
1894 4834 2183 4905 Snbjnngit
2205 4834 2346 4889 idem
2376 4849 2478 4889 ms.
2508 4834 2595 4891 bic
2630 4833 2953 4903 Diapsnlma.

84 4921 163 4971 pro
188 4912 469 4977 asterisco,
500 4910 593 4976 qui
628 4915 798 4961 totam
824 4902 963 4977 hanc
991 4902 1283 4975 pericopcn
1314 4905 1571 4977 illustrat.
1600 4904 1657 4960 In
1839 4902 1865 4941 ἀ
1900 4902 2076 4960 Minus
2102 4902 2241 4961 bene
2263 4908 2479 4960 ubelnm
2514 4908 2654 4961 hunc
2677 4908 2952 4960 Palatinus
2984 4920 3083 4961 ms.
3111 4906 3307 4960 omittit
3341 4924 3353 4959 ;

86 4994 222 5045 quem
253 4982 427 5035 locum
456 4974 819 5049 Augustinus,
880 4974 1010 5049 Huc,
1030 4991 1210 5049 usque,
1243 4976 1415 5045 inquit
1448 4976 1659 5049 (idest.
1768 4986 2125 5049 recterautcm
2156 4977 2299 5047 quod
2323 4978 2567 5049 sequitur
2594 4996 2684 5047 ego
2710 4992 3006 5049 pronomen
3036 4986 3195 5031 Iacet.

88 5050 138 5101 Et
160 5067 312 5119 opera
342 5045 600 5106 mannuin
628 5060 937 5119 nostrarum
960 5047 1131 5116 dirige
1162 5051 1492 5119 supernos),
1512 5045 1662 5101 l’sal-
1842 5058 1863 5085 ο
1897 5045 2253 5119 Contincnter
2298 5045 2419 5102 cuni
2468 5045 2768 5117 Augustino
2812 5047 3107 5119 Veronens.
3162 5062 3264 5102 ms.
3295 5047 3362 5103 tle

90 5117 202 5175 muni
221 5124 373 5177 istum
398 5122 558 5177 multi
581 5122 789 5175 codices
825 5118 1011 5190 habent
1043 5132 1061 5170 :
1087 5118 1177 5171 sed
1207 5120 1259 5170 in
1289 5118 1556 5171 nonnullis
1583 5120 1661 5171 le-
1766 5118 2060 5190 muscipula
2086 5121 2401 5183 venantium,
2430 5128 2473 5171 et
2496 5136 2527 5169 a
2554 5119 2701 5190 verbo
2720 5134 2923 5185 aspero.
2947 5117 3093 5172 Inter
3112 5120 3350 5190 scapulas

92 5200 199 5260 gtlttr
217 5197 345 5250 alius
384 5196 607 5249 ultimus
637 5208 845 5261 versus.
875 5189 941 5243 Et
976 5203 1111 5257 opus
1144 5204 1401 5261 manuum
1451 5197 1666 5242 nostra-
1768 5206 1891 5243 suas
1921 5189 2242 5244 obumbrabit
2265 5190 2471 5261 tibitet
2492 5193 2583 5241 sub
2604 5189 2701 5261 alis
2723 5190 2836 5258 ejus
2862 5190 3112 5255 sperabis.
3140 5194 3217 5245 Ac
3240 5200 3357 5261 post

94 5258 181 5321 tum
206 5269 391 5339 dirige.
443 5265 548 5321 Cui
588 5263 763 5339 versui
811 5260 1083 5329 diligentes
1124 5270 1179 5339 et.
1200 5260 1337 5339 docti
1376 5269 1668 5339 pra'uotant
1770 5258 2515 5339 duosyersns,denanmillia,
2542 5273 2638 5327 pro
2663 5258 2994 5339 ιζιηςιιιιι,-(ξιιῑε

101 5339 282 5405 stellam,
306 5328 447 5408 gnos
478 5328 994 5408 asterisc0s_vot:ant
1027 5346 1044 5382 :
1070 5331 1253 5408 quibus
1284 5330 1581 5408 1significant
1605 5348 1666 5383 ea
1847 5328 1866 5368 ί
1904 5328 2449 5408 υιιοΑνοιΙιο-ιοιιιιιιι.
2483 5343 2581 5395 pro
2603 5328 2801 5408 tollent,
2832 5330 3360 5408 ablttditveroncns.

114 5414 174 5465 ita:
205 5415 249 5465 in
270 5397 519 5466 'Il'ebrteo
582 5407 670 5460 vel
699 5403 824 5457 aliis
868 5397 1224 5471 interpretibus
1276 5397 1471 5454 Graecis
1518 5417 1667 5467 repe-
1768 5416 1873 5456 ms.
1924 5404 1992 5455 ab
2021 5400 2359 5471 Augustino;
2392 5408 2584 5471 cmtera
2618 5397 2732 5465 pari
2764 5408 2989 5471 uterque
3031 5402 3192 5455 habet
3227 5416 3358 5453 con-

116 5475 271 5552 tiqu
298 5488 353 5537 τη
386 5478 913 5552 ,ςεριιιηαὶιιιακυίντο
935 5468 1350 5552 interpretatione
1378 5480 1666 5552 non_sunt.
1771 5486 1959 5536 sensu,
1994 5468 2515 5552 aequandae/lendas
2538 5484 2555 5521 :
2578 5480 2738 5536 atque
2760 5470 2930 5552 altero
2957 5474 3026 5527 ab
3054 5473 3160 5552 ltoc
3178 5486 3360 5552 versu.

649 5548 718 5599 ad
758 5544 922 5627 linem
964 5528 1397 5627 llici'onyttiiattzc
1424 5544 1668 5610 epistola:
1773 5528 1957 5624 eruam.
1976 5528 2119 5627 cum:
2143 5556 2237 5627 pro
2259 5528 2507 5627 liberabo,
2534 5528 2824 5627 e'tc...'retlin
2854 5542 2957 5593 line
2983 5544 3202 5627 eximant
3229 5544 3364 5627 (tiu-

102 5607 681 5684 i0nostrirecensionte
718 5616 827 5669 HU
857 5614 921 5666 ad
959 5607 1285 5681 Cyprianum
1318 5607 1667 5668 aunotamus.
1774 5613 2019 5684 μιιειίιιιιε
2056 5610 2204 5684 miti".
2243 5607 2394 5680 eum)
2423 5617 2471 5662 et
2517 5609 2817 5683 glori/icabo
2853 5627 2971 5665 eum
2994 5652 3009 5681 ,
3046 5607 3368 5682 longitudine

138 5680 382 5759 Lvlle-clins
402 5680 466 5753 in
500 5690 782 5759 Palatino
811 5696 895 5737 est
920 5680 1022 5759 ms.
1043 5680 1318 5759 liberabit:
1342 5685 1524 5741 malim
1544 5698 1672 5742 vero
1774 5683 1975 5740 dictant
1995 5680 2201 5756 replebo
2222 5694 2357 5737 cum.
2440 5704 2443 5707 ν

90 5754 301 5852 “lenito
326 5754 427 5843 nte,
455 5763 627 5843 quod
662 5754 1043 5827 subsequitur,
1072 5754 1197 5830 legi,
