3936 6180
80 181 167 238 935
1311 175 1516 234 LIBER
1563 174 2011 235 l‘SALllORUM.

3198 184 3307 242 ΞΜ

137 298 427 353 Testimonia
464 306 543 351 tua
578 293 840 350 credibilia
865 294 999 364 facta
1028 302 1143 349 sunt
1171 294 1322 349 nimis
1358 312 1374 350 :
1406 296 1613 350 domum
1640 296 1693 357 Α
1796 294 2129 350 Testimonia
2155 300 2281 362 tua,
2339 294 2599 365 Domine,
2648 295 2928 355 credibilia
2983 297 3121 355 facta
3171 311 3297 355 sunt

83 405 205 449 tuam
240 394 369 448 decet
405 389 692 457 sanctitudo,
734 388 969 457 Domine,
1012 388 1064 442 in
1105 386 1477 460 longitudinem
1504 390 1610 443 die-

80 503 197 540 rum.

1713 388 1895 443 nimis.

1784 480 2012 537 Domum
2045 491 2213 551 tuam,
2238 482 2489 553 Domine,
2513 482 2669 542 decet
2695 484 3029 555 sanctitudo,
3058 486 3110 544 in
3143 486 3317 559 longi-

1713 574 1953 629 tudinem
1985 576 2221 631 dierum.

1334 664 1696 727 PSALMUS
1739 666 1965 730 XCIII.

278 785 501 826 PSMJIUS
528 778 552 807 ¹¹
578 785 673 825 iPSl
705 786 860 825 DAVID
885 814 898 835 ,
929 784 1141 833 ριἈειτΑ
1168 782 1405 825 SADBATI.

139 864 253 917 Deus
278 863 521 917 ultionum
549 862 814 931 Dominus,
848 862 988 917 Deus
1020 862 1271 915 ultionum
1300 862 1453 914 libere
1489 863 1610 933 egit.

138 957 347 1012 [saltare
388 957 470 1029 qui
508 958 716 1029 judicas
762 968 950 1011 (errant
982 973 1000 1011 :
1030 957 1187 1010 redde
1229 953 1613 1009 retributionem

85 1052 287 1121 superbis.

140 1142 374 1213 Usquequo
402 1150 713 1213 peccatOres,
750 1141 966 1197 Domine
986 1182 1002 1210 ,
1033 1156 1292 1212 usqueqno
1326 1146 1616 1208 peccatores

85 1236 383 1307 gloriabuntur
405 1237 429 1287 ἒ)

136 1328 157 1365 δ
179 1329 243 1398 1'3]
254 1330 272 1397 ζ
300 1329 536 1398 fabuntur
558 1344 613 1384 έν
641 1339 687 1383 et
712 1330 733 1398 ζ
768 1330 1039 1400 loquentur
1069 1329 1412 1399 iniquitatem,
1448 1332 1509 1393 ᾗτε-ζ
1540 1327 1619 1381 lo-

85 1431 255 1492 quentur
290 1424 309 1491 ζ
334 1438 501 1476 omnes
530 1423 618 1493 qui
642 1433 921 1494 aperantur
945 1421 1253 1493 injustitiam
1280 1422 1303 1474 ?

138 1513 362 1585 Papulunt
393 1526 551 1583 tuum,
585 1512 825 1583 Domine,
857 1513 1254 1568 humiliat'erunt
1284 1529 1301 1567 :
1330 1520 1373 1566 et
1406 1510 1621 1564 ha'redi-

88 1618 201 1661 tatem
219 1622 341 1660 tuam
364 1617 683 1662 rexarcrunt.

145 1698 328 1752 Viduam
356 1711 401 1754 et
428 1701 679 1779 advenam
718 1700 1082 1771 interfecerunt
1108 1713 1125 1751 :
1152 1708 1201 1752 et
1230 1695 1456 1767 pupillos
1484 1692 1624 1747 occi-

89 1795 242 1847 derunt.

1955 782 2188 823 rSALuus
2219 782 2315 823 trsr
2340 785 2523 835 mvro,
2545 785 2755 834 ouann
2788 767 2808 809 ί
2840 784 3082 827 SABBA‘I'I.

1794 862 1934 919 Deus
1986 863 2248 919 ultionum
2301 864 2592 935 Dominus,
2641 865 2786 922 Deus
2834 864 3101 923 ultionnm
3153 866 3325 925 libere

1720 956 1849 1029 egit.

1794 1048 2051 1106 Exaltare
2070 1048 2162 1121 qui
2184 1048 2395 1119 iudicas
2432 1058 2632 1106 terram
2668 1068 2680 1106 :
2710 1050 2878 1108 redde
2908 1051 3324 1111 retributionem

1722 1156 1807 1212 sui
1826 1143 1997 1198 erhis.

1797 1236 2091 1308 Usquequo
2134 1246 2477 1310 peceatores,
2512 1239 2762 1308 Domine,
2806 1256 3089 1313 usquequo
3133 1258 3322 1313 pecca-

1729 1338 1875 1385 tores
1905 1330 2320 1400 gloriabuntur?

1803 1429 1827 1466 Β
1852 1420 2306 1486 Pronuntiahunt,
2332 1431 2386 1476 et
2406 1422 2697 1495 loquentur
2720 1424 3078 1494 iniquitatem:
3108 1426 3331 1498 loquen-

1730 1521 1817 1567 tur
1848 1528 2035 1567 omnes
2066 1514 2155 1585 qui
2188 1526 2483 1583 operantur
2514 1516 2881 1586 injustitiam?

1658 1610 1701 1670 Β
1801 1606 2065 1675 Populum
2096 1616 2266 1676 tuum,
2304 1608 2548 1677 Domine,
2586 1610 3005 1669 lmmiliaverunt
3036 1632 3046 1668 :
3079 1624 3133 1671 et
3162 1614 3334 1671 haere-

1728 1700 1954 1756 dilatem
1985 1709 2135 1754 tuam
2166 1713 2519 1757 vexaverant.

1805 1790 2030 1845 Viduam
2063 1800 2118 1847 et
2148 1792 2414 1846 advenam
2449 1792 2866 1850 interfecerunt:
2900 1805 2951 1850 et
2977 1797 3213 1871 pupillos
3242 1814 3334 1855 oc-

140 1887 192 1941 Et
227 1889 471 1955 dixerunt,
521 1888 651 1943 Non
698 1887 884 1942 ridebit
930 1887 1205 1953 Dominus,
1254 1902 1342 1939 nec
1379 1880 1627 1955 intelliget
1666 1865 1674 1871 “
1729 1883 2000 1939 cidcrunt.

92 1982 190 2035 Deus
207 1980 367 2037 Iacob.
396 1994 416 2021 ε

143 2072 404 2145 lntelligite,
432 2075 741 2146 insipientes
766 2074 815 2127 in
843 2073 1038 2146 populo
1064 2088 1083 2129 .'
1111 2084 1156 2128 et
1187 2073 1330 2129 stulti
1351 2070 1631 2143 aliquando

93 2169 225 2237 sapite.

1805 1976 1871 2031 Et
1902 1976 2157 2031 dixerunt
2186 1994 2198 2032 :
2230 1976 2349 2033 Non
2373 1978 2580 2037 videbit
2612 1978 2874 2037 Dominus
2904 2000 2915 2037 :
2961 1998 3136 2055 neque
3178 1986 3336 2043 intel-

1734 2068 1862 2139 liget
1890 2070 2033 2125 Deus
2060 2069 2252 2126 Jacob.

1808 2162 2094 2233 lntelligite
2124 2180 2289 2231 nunc,
2336 2164 2426 2236 qui
2481 2162 2803 2235 insipientes
2831 2168 2965 2225 estis
2998 2170 3049 2226 in
3084 2172 3287 2243 populo
3323 2191 3337 2231 :

142 2260 221 2323 Qui
243 2261 479 2330 plantavit
509 2277 714 2329 aurem,
746 2279 847 2315 non
872 2261 1086 2315 audiet?
1108 2269 1196 2313 aut
1223 2260 1309 2331 qui
1336 2258 1486 2329 finxit
1513 2273 1633 2311 ocu-
1736 2265 1789 2312 et
1812 2256 1964 2310 stulti
1990 2256 2282 2326 aliquando
2306 2260 2500 2329 sapite.

97 2356 185 2417 lunt,-
201 2372 284 2408 non
314 2356 651 2410 considerat?

145 2447 222 2511 Qui
256 2450 452 2519 corripit
482 2458 693 2521 gentes,
727 2465 826 2502 non
855 2454 1058 2519 arguet,
1088 2446 1174 2518 qui
1202 2446 1348 2499 docet
1380 2443 1636 2497 hominem

98 2542 296 2597 scimtiam
312 2546 333 2597 ?

144 2634 355 2693 Dominus
394 2639 486 2695 scit
515 2637 864 2713 coqitationes
891 2634 1156 2690 hominum
1185 2650 1203 2688 :
1227 2632 1470 2706 quoniam
1498 2645 1639 2686 vanw

98 2742 191 2784 sunt.

144 2824 296 2880 Beatus
336 2826 506 2893 homo,
548 2842 708 2895 quem
729 2820 755 2859 ἀ
786 2837 843 2878 -ξι
874 2831 929 2877 tu
956 2818 1275 2892 :erudieris,
1307 2817 1566 2874 Domine:
1596 2824 1643 2871 et

99 2918 139 2969 de
156 2917 241 2989 lege
258 2930 336 2972 tua
356 2918 605 2974 docueris
632 2932 771 2970 eum.

1811 2355 1911 2424 Qui
1947 2356 2210 2427 plantavit
2242 2371 2450 2425 aurem,
2476 2373 2583 2412 non
2631 2356 2851 2412 audiet?
2894 2356 2985 2426 qui
3032 2355 3188 2412 linxit
3214 2373 3341 2411 omi-

1740 2448 1873 2514 lum,
1899 2464 2004 2503 non
2029 2449 2378 2503 considerat?
2400 2450 2487 2518 qui
2517 2451 2742 2519 corripit
2762 2457 2972 2521 gentes,
3000 2466 3105 2505 non
3130 2452 3343 2521 arguet?

1740 2541 1831 2613 qui
1863 2540 2022 2596 docet
2048 2541 2325 2596 hominem
2356 2542 2677 2599 scientiam?

1815 2636 2077 2695 Dominus
2119 2637 2268 2693 novit
2312 2636 2670 2709 cogitationes
2722 2637 3044 2695 hominum:
3077 2637 3330 2710 quoniam

1743 2745 1896 2786 vana:
1918 2740 2066 2785 sunt.

1819 2823 2018 2880 Beatus
2045 2822 2230 2893 homo,
2264 2836 2424 2896 quem
2464 2830 2519 2878 tu
2557 2821 2846 2891 erudieris,
2878 2822 3146 2880 Domine:
3185 2834 3239 2881 et
3281 2823 3350 2879 de
3382 2822 3402 2840 '

1747 2916 1867 2987 lege
1895 2925 1984 2972 tua
2007 2916 2255 2971 docueris
2277 2930 2422 2982 eum,
2448 2924 2505 2968 ut
2533 2914 2745 2986 mitiges
2769 2930 2892 2972 eum
2918 2932 2947 2972 a
2971 2917 3161 2973 diebus
3190 2913 3217 2955 ¹λ
3242 2932 3355 2973 ma~

150 3011 200 3066 Ut
226 3015 405 3086 mitiges
431 3015 478 3069 ei
506 3032 538 3069 a
571 3012 755 3067 diebus
783 3010 933 3065 malis
966 3026 984 3066 :
1014 3010 1172 3065 donec.
1202 3008 1435 3081 fodiatur
1464 3022 1639 3077 ρει-ται
1670 2995 1715 3060 C
1747 3008 1835 3078 lls,
1868 3010 2041 3066 donec
2073 3009 2309 3065 fodiatur
2337 3010 2610 3078 peccatori
2639 3008 2818 3066 fovea.

100 3109 173 3160 tori
193 3108 332 3178 fovea.

1822 3102 1957 3170 Quia
2000 3100 2131 3174 [Μδ.
2179 3101 2469 3172 Quoniam]
2529 3117 2636 3157 non
2666 3103 2895 3175 repellet
2942 3103 3204 3161 Dominus
3235 3105 3353 3175 ple-

151 3201 259 3267 Quia
275 3222 366 3259 non
392 3204 615 3278 repellet
646 3201 896 3259 Dominus
926 3202 1118 3275 plebem
1142 3216 1287 3256 suam
1315 3215 1333 3254 .'
1358 3208 1407 3255 et
1432 3195 1651 3252 hcercdi-
1751 3195 1878 3253 hem
1904 3210 2057 3250 suam
2088 3211 2102 3251 :
2151 3204 2206 3250 et
2254 3193 2629 3250 hrereditatem
2661 3210 2813 3250 suam
2853 3210 2959 3251 non
2989 3195 3353 3268 derelinquet.

109 3300 222 3345 tati-in
243 3312 378 3349 suam
402 3313 502 3351 non
536 3294 883 3364 derelinquet.

154 3386 459 3459 Quoadusque
476 3388 700 3460 justitia
725 3393 1047 3441 cunt'crtatur
1079 3383 1129 3437 in
1152 3383 1413 3454 judicium
1442 3398 1460 3437 .'
1490 3391 1537 3436 et
1566 3381 1653 3452 qui

98 3475 209 3544 juxta
244 3479 409 3534 illam?
446 3497 633 3536 omnes
673 3479 761 3550 qui
802 3490 942 3533 recto
984 3487 1102 3533 sttnt
1134 3476 1304 3532 corde.
1336 3486 1358 3513 ο
1393 3491 1453 3533 ἑο
1497 3473 1656 3529 Dur-

105 3582 230 3624 SALIA
239 3611 251 3625 .

158 3664 261 3727 Quis
285 3676 552 3741 consurget
585 3665 715 3718 mihi
743 3664 983 3719 adversus
1010 3662 1391 3733 malignantes?
1415 3677 1461 3717 -ξ
1500 3670 1588 3715 aut
1634 3661 1656 3731 ζ

108 3756 187 3821 auis
212 3760 343 3813 stabit
382 3776 593 3815 mecum
635 3759 879 3814 adversus
910 3768 1179 3832 aperantes
1208 3758 1551 3827 iniquitatem.

161 3846 261 3903 Nisi
298 3853 413 3923 quia
452 3854 720 3907 Dominus
747 3852 950 3925 adjuvit
978 3867 1059 3906 me
1090 3867 1108 3911 .'
1137 3851 1297 3923 paulo
1322 3852 1493 3905 minus
1520 3849 1665 3904 habi-

112 3946 222 3993 lasset
244 3944 289 3995 in
317 3946 518 4015 inferno
566 3944 749 3997 anima
775 3959 908 3999 mea.

166 4032 212 4086 Si
233 4034 447 4091 dicebam
491 4054 511 4092 :
557 4035 739 4091 Motus
762 4046 836 4092 est
872 4052 960 4108 pes
984 4052 1146 4107 meus,
1172 4036 1530 4091 misericordia
1556 4046 1665 4105 tua,

116 4121 308 4194 Domine,
332 4132 619 4203 adjut'abat
664 4146 762 4185 me.

170 4217 439 4277 Secundum
481 4224 875 4278 multitudinem
913 4224 1147 4278 dolorum
1184 4241 1414 4279 meorum
1444 4225 1495 4279 in
1522 4226 1672 4282 corde

120 4326 217 4379 meo,
246 4316 620 4371 consolationes
647 4324 748 4371 tute
774 4316 1167 4385 ltetiﬁcat'erunt
1196 4317 1425 4371 animam
1450 4334 1635 4373 meam.

173 4523 194 4590 ξ
226 4516 517 4590 Pronomen
545 4521 649 4590 ipsi
682 4519 859 4575 Palat.
891 4534 995 4574 ms.
1028 4528 1187 4574 tacet.

174 4584 331 4659 l‘Siue
357 4594 530 4648 obelis
569 4584 847 4648 Palatinus
890 4607 994 4647 ms.
1030 4602 1082 4645 ct
1112 4591 1299 4654 Carus,
1336 4592 1673 4659 E/fabuntur.

119 4657 448 4734 eloquentur:
484 4676 601 4717 tum
649 4679 743 4731 pro
772 4673 1049 4733 operantur
1078 4657 1410 4733 injustitiam,
1444 4666 1683 4734 reposoit

124 4728 160 4807 in
185 4731 360 4807 eodem
398 4751 503 4788 ms.
547 4728 770 4806 sequior
801 4728 993 4789 iuanus
1035 4728 1310 4805 operantur
1336 4728 1677 4807 iniquitatem.

123 4794 344 4857 llchraice
366 4808 529 4861 etiam
562 4794 645 4859 esi
666 4813 773 4861 nn.

178 4874 372 4947 fhddit
400 4878 485 4930 hic
522 4874 683 4931 idem'
715 4892 815 4931 ms.
855 4874 1173 4947 Diapsalma.

156 4939 197 5019 ,δ
226 4945 278 4996 S.
308 4946 420 5014 ipse
454 4949 613 5019 Pater
642 4949 708 5001 ad
743 4950 887 5001 hunc
920 4939 1095 5001 locum
1127 4950 1176 5001 in
1203 4948 1429 5018 epistola
1453 4949 1517 5003 ad
1542 4948 1681 5003 Sun-

127 5023 259 5079 mam,
282 5025 384 5071 etc.
421 5036 434 5072 :
474 5018 663 5072 Dicitis
698 5020 750 5072 in
786 5019 963 5072 (ἔναι’εο
992 5033 1095 5069 non
1138 5036 1261 5085 esse,
1301 5032 1356 5074 tu
1394 5040 1405 5073 :
1440 5032 1678 5075 81110th

124 5095 219 5163 ἷξίῖ
254 5088 337 5163 §ed
368 5092 520 5163 apud
566 5091 777 5163 Latinos
817 5100 1023 5163 prOpter
1054 5092 1295 5163 εὐφωνίαν
1334 5092 1555 5161 positum
1582 5102 1677 5163 est.

126 5150 181 5231 Si.
198 5158 316 5208 enim
345 5150 601 5222 dicamus,
638 5150 833 5214 Beatus
861 5150 1040 5230 homo,
1073 5150 1231 5230 quem
1264 5150 1550 5225 erudieris,
1578 5162 1655 5215 Dn

129 5236 264 5303 "titus.
296 5233 682 5303 cornpositionis
715 5231 1020 5303 elegantiam
1044 5249 1141 5287 non
1156 5232 1376 5285 habebit.
1400 5232 1462 5284 Et
1478 5236 1681 5301 quando

130 5296 303 5359 dicitur,
335 5296 579 5374 Domine,
607 5310 655 5355 et
698 5296 1011 5373 apostropha
1036 5307 1095 5374 ﬁt
1121 5303 1191 5356 ad
1225 5296 1526 5371 Dominum,
1554 5303 1683 5356 nihil

132 5372 453 5441 nocetsensui,
484 5376 528 5426 si
561 5372 787 5441 ponatur
814 5385 858 5425 et
888 5386 960 5426 tu.

186 5448 205 5469 ἐ
243 5436 486 5508 Deposuit
515 5436 742 5513 sequior
770 5460 956 5497 manus
986 5446 1037 5501 in
1070 5445 1311 5500 Palatino
1340 5460 1439 5499 ms.
1474 5461 1685 5499 convcr-

139 5512 266 5560 tettir.
311 5513 411 5577 Qui
463 5512 811 5578 subsequitur
860 5515 1083 5583 obuius,
1137 5528 1246 5571 tum
1292 5527 1345 5571 et
1386 5518 1475 5585 qui
1517 5518 1688 5568 altern

133 5586 265 5656 Versu
300 5594 385 5635 aut
425 5587 708 5656 particula:
746 5586 1054 5656 pr.1~ligitur,
1091 5590 1142 5644 in
1186 5588 1376 5642 eodem
1408 5604 1509 5640 ius.
1544 5585 1690 5638 desi-

133 5644 378 5730 ξῙετθςιιιρζ.
417 5644 656 5730 Denique
688 5644 988 5727 insequenti
1025 5644 1154 5729 alio,
1190 5657 1437 5713 habitarit
1466 5656 1687 5727 legitur,

136 5729 215 5781 pro
238 5719 521 5782 habitasset.

1701 4524 1755 4585 D

1826 3288 2189 3360 Quoadusque
2231 3288 2443 3358 justitia
2486 3298 2837 3345 convertatur
2864 3288 2918 3344 in
2945 3289 3205 3360 judicium
3246 3308 3259 3345 :
3306 3300 3363 3349 et

1757 3386 1848 3457 qui
1880 3391 2067 3440 tenent
2094 3382 2249 3439 eam?
2290 3396 2483 3437 omnes
2530 3381 2623 3453 qui
2664 3392 2816 3438 recto
2846 3390 2973 3438 sunt
3010 3382 3199 3441 corde.
3231 3382 3359 3439 ΒΙΑ-

1759 3492 1990 3534 PSALMA.

1831 3571 1964 3640 Quis
2010 3578 2267 3640 exsurget
2309 3567 2442 3624 mihi
2482 3567 2739 3624 adversus
2789 3569 3147 3640 malignantes
3195 3571 3219 3624 ?
3268 3579 3363 3627 aut

1765 3668 1883 3738 quis
1908 3665 2074 3721 stabit
2113 3679 2326 3723 mecum
2358 3664 2619 3721 adversus
2650 3671 2936 3732 operantcs
2978 3662 3363 3735 iniquitatem?

1835 3757 1951 3813 Nisi
1994 3757 2118 3826 quia
2153 3756 2415 3817 Dominus
2461 3754 2780 3824 adjuvasset
2814 3769 2944 3811 me:
2987 3756 3147 3827 paulo
3183 3758 3363 3812 minus

1769 3850 2109 3907 habitaverat
2142 3850 2195 3907 in
2227 3848 2440 3905 inferno
2465 3848 2646 3904 anima
2675 3862 2818 3905 mea.

1843 3945 1900 4001 Si
1925 3943 2194 4009 dicebam,
2221 3951 2396 3996 motus
2419 3951 2501 3997 est
2526 3954 2819 4011 pcsmeus:
2846 3941 3219 4001 misericordia
3251 3954 3363 4014 tua,

1774 4038 2021 4104 Domine,
2050 4035 2339 4106 adjuvabat
2365 4050 2472 4092 me.

1853 4130 1867 4169 ί
1912 4129 2227 4187 Secundum
2278 4127 2676 4184 multitudinem
2718 4126 2972 4187 dolorum
3015 4147 3259 4190 meorum
3316 4134 3371 4190 in

1776 4224 1940 4282 corde
1961 4238 2102 4289 meo,
2120 4221 2522 4280 consolationes
2537 4231 2663 4291 lux,
2690 4223 2939 4295 Domine,
2957 4225 3374 4285 lauiticaverunt

1780 4318 2015 4373 animam
2044 4330 2243 4372 meam.

1856 4518 1875 4559 ί
1913 4521 2149 4576 Plurium
2180 4537 2405 4577 numero
2431 4520 2569 4575 idem
2603 4537 2706 4577 ms.
2734 4532 2792 4578 ut
2824 4531 2878 4577 et
2904 4522 3216 4591 Augustin.,
3241 4524 3375 4580 Sab-

1788 4593 2042 4647 batorum.
2094 4594 2147 4647 In
2190 4604 2338 4647 textu
2383 4593 2741 4666 vgcrbalibere
2781 4597 2922 4666 egit.
2967 4596 3103 4658 sive,
3164 4608 3218 4650 ut
3267 4600 3375 4650 Au-

1783 4673 1925 4735 gust.
1968 4666 2184 4733 ﬁdenter
2213 4667 2338 4735 egit,
2372 4664 2440 4719 ah
2474 4664 2663 4720 eodem
2706 4664 3051 4721 msilihrarii
3092 4668 3374 4725 oscitantia

1785 4734 2131 4792 exciderunt.

1856 4817 1881 4853 κ
1914 4806 2215 4879 Veronens.
2253 4822 2381 4871 ms,
2404 4807 2757 4879 Bespondent,
2787 4817 2834 4860 et
2863 4808 3189 4879 eloquentur:
3214 4825 3379 4879 penes

1786 4878 2013 4947 August.
2060 4878 2351 4948 loquentur.
2400 4878 2533 4931 Tum
2577 4894 2681 4932 uno
2725 4878 3009 4945 interjectn
3049 4878 3234 4945 versu,
3288 4881 3379 4936 Vi-

1784 4950 1939 5003 duam
1982 4958 2027 5001 et
2068 4947 2296 5019 pupillos
2342 4950 2727 5018 interfecerunt,
2766 4958 2813 5002 et
2844 4949 3153 5019 prose/glans
3181 4954 3382 5005 occide-

1784 5031 1925 5073 runt.
1967 5020 2032 5073 Et
2076 5030 2195 5089 post
2238 5024 2373 5073 duos
2416 5020 2587 5083 alios,
2630 5029 2719 5072 aut
2762 5022 2848 5087 qui
2889 5019 3037 5088 [ingit
3072 5021 3380 5091 (Augustin.

1786 5092 1959 5161 ﬁnxit)
1996 5093 2225 5154 oculum,
2257 5107 2356 5143 non
2390 5090 2715 5143 considerat?
2739 5090 2824 5155 qui
2855 5092 3023 5161 erudit
3056 5090 3249 5159 gentes,
3280 5113 3380 5149 non

1786 5159 2085 5234 urgttet,_qui
2107 5161 2249 5213 (locet
2270 5161 2525 5234 hominem
2537 5161 2839 5234 sapientiam
2855 5159 2879 5211 ?
2896 5162 3203 5232 (Augumin.
3222 5167 3387 5219 scien-

1788 5231 1938 5304 tiam)
1971 5232 2223 5285 Dominus
2247 5231 2723 5304 scit‘cogitationes,
2755 5239 2862 5284 etc.

1864 5302 1886 5339 ¹¹
1921 5300 2099 5357 Ῥειιοε
2143 5300 2497 5367 Augustinum
2539 5312 2593 5353 et
2640 5300 2942 5355 Vct‘OtteltS.
2976 5318 3105 5369 ms.,
3135 5324 3164 5358 ιι
3203 5305 3383 5359 diebus

1791 5375 2031 5443 malignis
2064 5388 2081 5423 :
2115 5382 2223 5422 Iunt
2270 5384 2378 5421 uno
2405 5369 2709 5443 intcrjectn
2736 5388 2916 5436 versu,
2943 5377 3031 5441 qui
3058 5375 3243 5428 hbent
3273 5394 3384 5428 eam

1800 5439 1971 5497 omnes
1994 5439 2641 5515 reclusumt'ortle,atque
2672 5443 2776 5515 alin
2810 5439 3133 5512 insequenti,
3157 5456 3244 5497 aut
3271 5449 3386 5515 quis

1797 5516 2037 5587 consistet
2073 5510 2195 5561 mihi
2233 5511 2498 5577 adversus,
2542 5519 2655 5565 etc.
2697 5510 3119 5583 dettiqucunox,
3159 5510 3387 5587 adjuvit,

1799 5602 1891 5653 pro
1918 5583 2227 5651 adjuvassct.

1874 5665 1887 5726 ξ
1926 5649 2261 5726 Praetulimus
2281 5650 2367 5726 hic
2397 5649 2566 5726 iidem
2588 5650 2711 5726 libri
2748 5652 2986 5726 Domine,
3018 5658 3161 5726 quod
3192 5673 3391 5716 nomen

1795 5725 1886 5785 ubi
1914 5723 2266 5792 subsequenti
2299 5720 2648 5785 hemistichio
2682 5723 2901 5798 legitur,
2931 5720 3131 5785 tacent.
