3936 6180
128 142 205 195 297

1346 138 1550 198 LIBER
1587 140 2034 200 PSALMORUM.

3248 135 3359 199 293

178 253 458 309 Aimuntiate
503 252 635 307 inter
662 256 827 321 gentes
866 250 1097 322 gloriam
1118 254 1233 323 ejus
1260 268 1279 307 :
1316 253 1370 307 in
1409 254 1648 309 omnibus
1676 261 1730 319 Α
1835 264 1857 291 ο
1887 254 2217 309 Annuntiate
2243 252 2388 311 inter
2418 261 2608 325 gentes
2634 254 2865 326 gloriam
2896 253 3013 326 ejus
3041 271 3055 309 :
3085 255 3138 311 in
3176 259 3357 314 omni-

129 348 289 415 pOpulis
314 346 574 400 mirabilia
604 346 734 413 ejus.

182 438 397 504 Quoniam
444 453 663 507 magnus
716 434 1000 503 Dominus,
1045 445 1093 490 et
1137 436 1416 493 laudabilis
1444 438 1599 493 nimis
1632 453 1651 492 :

129 530 317 584 terribilis
345 539 369 565 ι
393 537 471 585 est
498 544 655 597 super
684 544 858 582 omnes
886 530 1029 583 deos.

179 622 398 689 Quoniam
445 637 623 676 omnes
672 622 745 674 dii
791 624 1024 693 gentium
1065 622 1324 678 dtemonia
1354 638 1372 678 :
1404 624 1654 679 Dominus

120 726 247 771 autem
268 716 408 771 aulas
431 717 576 785 fecit.

172 806 397 878 Confessio
422 818 471 862 et
497 809 836 880 pulchritudo
862 810 918 863 in
960 819 1242 882 conspectu
1268 813 1384 883 ejus
1416 827 1431 865 :
1469 808 1658 865 sancti-

118 902 250 953 monia
274 909 314 953 et
340 900 736 969 magniﬁcentia
761 901 814 954 in
837 902 1254 970 sanctiﬁcatione
1280 904 1413 973 ejus.
1450 900 1479 939 ι)

170 995 324 1063 A/j'erte
363 995 591 1052 Domino
614 1037 631 1063 ,
684 997 868 1066 patrita
910 998 1179 1068 gentium,
1211 997 1393 1063 aﬂ‘erte
1435 996 1659 1050 Domino

117 1089 286 1159 gloriam
327 1098 371 1144 et
402 1089 651 1144 honorem
695 1105 715 1143 :
744 1088 927 1156 afferte
955 1087 1182 1144 Domino
1212 1090 1433 1161 gloriam
1462 1088 1662 1143 nomini

119 1184 217 1252 ejus.

168 1274 328 1328 Tollite
364 1274 593 1341 hostias,
628 1284 678 1331 et
723 1275 935 1329 introite
980 1276 1036 1329 in
1074 1276 1211 1329 atria
1260 1276 1375 1346 ejus
1404 1274 1664 1329 :adorate

119 1365 348 1420 Dominum
371 1368 425 1420 in
448 1368 584 1422 atrio
610 1377 789 1421 sancto
814 1372 951 1441 ejus.

168 1457 532 1515 Commoveatur
574 1478 607 1514 a
640 1460 775 1531 facie
804 1462 919 1530 ejus
952 1462 1195 1516 universa
1222 1468 1359 1516 terra
1386 1476 1405 1513 :
1432 1458 1586 1514 dicite
1610 1459 1664 1512 in

116 1553 304 1622 gentibus
324 1593 341 1622 ,
367 1568 429 1609 -ξι
462 1554 589 1624 quia
622 1552 643 1621 1
682 1552 934 1609 Dominus
955 1555 1210 1627 regnarit.

171 1835 351 1891 Etenim
379 1837 605 1893 correxit
624 1838 800 1894 orbem
830 1848 853 1879 α
887 1847 1060 1907 terrte,
1092 1839 1180 1911 qui
1203 1856 1305 1913 gon
1330 1840 1664 1895 commovebi-

114 1937 178 1981 tur
202 1946 219 1984 :
231 1929 475 2000 judicabit
503 1929 727 2000 populos
755 1932 811 1985 in
834 1932 1099 2002 (equitate.

170 2021 408 2076 Lcetcntur
430 2023 568 2088 cteli,
598 2031 648 2076 et
675 2023 893 2078 exsultet
914 2034 1050 2078 terra
1069 2065 1083 2091 ,
1122 2038 1182 2079 +—
1205 2040 1323 2078 cum
1354 2024 1375 2092 1
1400 2033 1666 2079 moveatur

116 2130 256 2181 mare,
282 2124 327 2169 et
365 2114 639 2187 plenitudo
670 2119 786 2189 ejus
809 2132 827 2169 :
852 2117 1150 2189 gaudebunt
1185 2117 1354 2188 campi
1378 2159 1395 2186 ,
1426 2128 1471 2172 et
1498 2118 1671 2172 omnia

122 2224 214 2277 qua
232 2211 279 2263 in
298 2210 367 2263 eis
395 2220 540 2266 sunt.

175 2301 301 2357 Tunc
344 2303 678 2358 exsultabant
708 2302 879 2357 omnia
896 2302 1038 2373 ligna
1069 2302 1314 2358 silvarum
1353 2320 1384 2357 a
1412 2304 1543 2374 facie
1569 2301 1680 2359 Do-

119 2393 219 2447 mini
239 2438 253 2462 ,
278 2396 392 2464 quia
421 2396 578 2464 venit,
606 2396 851 2466 quoniam
873 2396 1008 2450 venit
1038 2395 1270 2462 judicare
1300 2404 1510 2452 terram.

174 2568 412 2628 ludicabit
453 2574 631 2628 orbem
666 2588 726 2629 +
775 2582 923 2629 terra:
950 2571 971 2641 1
1003 2573 1056 2629 in
1098 2574 1341 2647 wguitate
1384 2589 1405 2630 :
1442 2583 1488 2630 et
1514 2590 1684 2652 popu-

123 2662 183 2717 los
206 2665 253 2719 in
278 2667 477 2722 veritate
502 2682 621 2721 sua.

1754 348 1857 405 bus
1886 349 2101 419 populis
2133 348 2400 403 mirabilia
2428 349 2566 417 ejus.

1826 443 2094 510 Quoniam
2136 457 2362 513 magnus
2402 442 2664 497 Dominus
2698 484 2712 505 ,
2764 452 2819 499 et
2856 442 3142 498 laudabilis
3191 443 3352 500 nimis

1756 534 2082 607 [Msavalde]
2113 552 2127 589 :
2172 535 2431 590 terribilis
2460 546 2542 590 est
2562 550 2727 606 super
2756 550 2944 591 onmes
2975 535 3126 591 deos.

1830 628 2096 697 Quoniam
2130 627 2148 699 [
2174 627 2279 682 Ms.
2310 628 2435 697 quia
2467 626 2483 697 ]
2512 642 2701 682 omnes
2728 627 2800 682 dii
2834 628 3075 698 gentium
3103 669 3117 694 ,
3150 626 3354 684 daemo-

1760 722 1846 777 nia
1878 738 1891 775 :
1925 721 2185 775 Dominus
2218 727 2401 775 autem
2433 720 2604 775 ccelos
2633 719 2780 775 fecit.

1830 810 2116 867 Confessio
2142 818 2199 865 et
2214 809 2560 879 pulchritudo
2588 811 2640 863 in
2663 819 2957 880 conspectu
2973 810 3094 881 ejus
3116 828 3129 865 :
3155 812 3358 866 sancti-

1764 916 1845 963 tas
1867 914 1920 961 et
1949 904 2352 976 magnificentia
2380 903 2434 958 in
2468 890 2899 959 sanctificatione
2918 905 3058 970 ejus.

1834 998 2037 1056 Alferte
2072 998 2334 1065 Domino,
2377 996 2568 1067 patriae
2596 997 2874 1067 gentium,
2905 996 3096 1052 afferte
3130 997 3360 1053 Domino

1763 1093 1997 1165 gloriam
2041 1100 2096 1147 et
2139 1091 2407 1147 honorem
2440 1106 2453 1143 :
2485 1089 2674 1146 afferte
2722 1090 2953 1146 Domino
2992 1089 3220 1159 gloriam
3260 1103 3363 1145 no-

1766 1186 1897 1241 mini
1928 1184 2067 1254 ejus.
2928 1192 2931 1195 '

1839 1276 2038 1333 Tollite
2078 1276 2282 1332 hostias
2308 1316 2323 1341 ,
2365 1283 2421 1331 et
2449 1274 2670 1330 introite
2697 1275 2749 1331 in
2782 1275 2918 1330 atria
2944 1274 3060 1345 ejus
3094 1292 3105 1326 :
3140 1274 3365 1331 adorato

1770 1370 2064 1425 Dominum
2098 1368 2153 1422 in
2177 1367 2300 1423 aula
2332 1376 2519 1423 sancta
2548 1367 2686 1437 ejus.

1840 1462 2264 1519 Commoveatur
2304 1476 2333 1514 a
2372 1462 2507 1517 facie
2548 1462 2666 1532 ejus
2709 1462 2961 1517 universa
2991 1471 3135 1519 terra
3167 1463 3366 1519 :dicite

1772 1557 1825 1612 in
1885 1554 2231 1623 nationibus,
2283 1554 2546 1609 Dominus
2594 1555 2839 1625 regnavit
2889 1554 2907 1591 τ
2962 1572 2991 1610 a
3038 1556 3226 1626 ligno:
3284 1565 3369 1611 et‘

1704 1654 1754 1716 Β
1786 1647 1932 1705 enim
1984 1646 2223 1703 correxit
2266 1646 2453 1702 orbem
2500 1655 2690 1715 teme,
2724 1646 2813 1717 qui
2842 1660 2951 1702 non
3006 1648 3379 1705 commovebi-

1775 1748 1883 1797 tur.

1842 1830 2117 1889 Judicabit
2150 1830 2379 1903 populos
2410 1831 2465 1888 in
2508 1831 2763 1903 aequitate
2795 1851 2808 1889 :
2834 1844 2859 1881 κ
2888 1841 2943 1889 ct
2973 1842 3167 1905 gentes
3194 1834 3249 1889 in
3277 1835 3359 1891 ira

1771 1940 1894 1982 sua.

1841 2020 2121 2077 Lzetentur
2146 2020 2272 2078 εωιί
2291 2061 2308 2089 ,
2339 2030 2395 2077 et
2422 2020 2661 2077 exsultet
2687 2029 2832 2077 terra
2863 2038 2876 2077 :
2910 2032 3197 2081 moveatur
3224 2041 3377 2083 mare

1774 2122 1830 2171 et
1849 2114 2125 2186 plenitudo
2153 2114 2290 2185 ejus.

1849 2206 2175 2263 Gaudebunt
2199 2206 2410 2276 campi,
2440 2216 2494 2262 et
2515 2206 2697 2262 omnia
2717 2223 2839 2278 qua:
2866 2207 2919 2263 in
2949 2209 3029 2265 eis
3051 2217 3178 2264 sunt
3204 2226 3217 2264 :
3250 2218 3379 2265 tunc

1787 2296 2134 2353 exsultabunt
2180 2296 2363 2351 omnia
2412 2296 2557 2367 ligna
2588 2297 2844 2352 silvarum
2881 2307 3008 2353 ante
3045 2298 3238 2353 faciem
3279 2300 3383 2354 Do-

1791 2388 1947 2454 mini,
1988 2386 2243 2459 quoniam
2272 2386 2451 2455 venit,
2504 2388 2761 2457 quoniam
2789 2388 2941 2444 venit
2985 2388 3233 2459 judicare
3274 2398 3384 2447 ter-

1791 2496 1928 2538 ram.

1806 2564 1823 2575 ’
1862 2574 2140 2633 iudicabit
2166 2574 2355 2633 orbem
2388 2582 2548 2633 terra:
2586 2574 2639 2633 in
2682 2575 2961 2648 aequitate,
2993 2587 3049 2635 et
3076 2578 3302 2651 populos
3333 2579 3387 2635 in

1792 2667 2021 2725 veritate
2049 2681 2169 2725 sua.

1417 2783 1779 2846 PSALMUS
1821 2783 2043 2847 XCVI.

124 2898 173 2939 -:—
209 2883 232 2923 ἀ
272 2901 389 2942 nunc
413 2902 593 2950 nmo,
624 2900 834 2950 quasno
872 2902 1047 2942 ranas
1092 2900 1212 2943 usus
1233 2899 1534 2941 RES'I'I'I’U'M
1552 2884 1687 2953 £511
1721 2885 1766 2949 C
1799 2881 1826 2921 h
1853 2898 2085 2939 PSALIUS
2124 2896 2308 2951 DAVID,
2341 2898 2554 2948 onmno
2590 2898 2769 2941 renus
2785 2898 2909 2941 usus
2946 2900 3243 2941 nes'rrrun
3264 2901 3384 2943 es-r.

179 2974 417 3034 Dominus
454 2980 712 3052 regnauit,
756 2981 979 3035 exsultet
1020 2988 1157 3035 terra
1182 2994 1201 3033 :
1234 2979 1471 3035 laetentur
1498 2978 1683 3033 insula:

122 3070 295 3126 multa.

179 3162 364 3232 Nubes,
391 3175 438 3220 et
475 3166 646 3238 caligo
687 3164 741 3220 in
779 3164 1001 3220 circuitu
1041 3164 1155 3236 ejus
1185 3180 1205 3219 :
1233 3164 1438 3233 iustitia
1464 3174 1512 3221 et
1531 3164 1686 3235 judi-

120 3253 239 3308 cium
257 3261 500 3315 correctio
529 3261 667 3315 sedis
690 3263 822 3332 ejus.

178 3346 319 3418 lgnis
342 3362 454 3407 ante
480 3354 653 3423 ipsum
675 3352 929 3425 prlecedet
956 3370 973 3407 .'
1005 3361 1051 3409 et
1076 3354 1428 3424 inﬂammabit
1477 3355 1532 3409 in
1581 3352 1688 3407 cir-

117 3442 242 3494 cuitu
262 3442 484 3499 ininn’cos
504 3449 639 3518 ejus.

176 3532 609 3611 Illuxeruntuls.
638 3538 976 3611 adluxerunt]
1028 3539 1245 3610 fulgura
1290 3542 1405 3611 ejus
1463 3538 1575 3594 orbi
1623 3551 1685 3592 οξ-

115 3635 251 3684 ιςττιε
281 3631 305 3699 1
335 3632 479 3701 uidit,
507 3642 556 3687 et
584 3643 839 3689 commota
867 3641 943 3689 est
986 3644 1143 3689 terra.

179 3818 204 3846 ο
248 3810 475 3867 Verbum
526 3809 927 3867 substantivum
976 3808 1138 3865 obelo
1167 3804 1692 3877 prscnotatPalatin.

113 3894 229 3945 1115.;
261 3883 317 3936 in
343 3882 566 3939 Hebrteo
594 3898 697 3951 pro
722 3897 788 3936 eo
818 3890 901 3951 est
939 3889 1045 3939 mu
1076 3920 1093 3945 ,
1120 3879 1231 3933 ille.

176 3950 203 3989 θ
242 3952 525 4024 Subjungit
551 3950 708 4024 Idem,
724 3966 824 4005 ms.
862 3950 1194 4024 Diopsalma.

184 4033 206 4060 ε
252 4025 327 4079 De
348 4018 519 4080 'mo're
549 4023 829 4079 debuisset
874 4018 1078 4077 nomini
1128 4032 1264 4075 terra
1296 4018 1538 4090 praeponi
1568 4018 1696 4072 obc-

118 4112 212 4186 lus,
228 4132 399 4186 neque
418 4118 560 4172 enim
589 4118 644 4169 in
672 4114 970 4186 archetypo
1003 4114 1091 4186 hic
1118 4114 1236 4183 plus
1262 4123 1343 4168 est
1372 4125 1532 4181 quam
1560 4094 1689 4169 5:11.

122 4184 250 4257 Vide
281 4184 393 4255 quae
423 4188 672 4257 superius
700 4186 800 4240 bac
829 4184 896 4257 de
924 4185 1280 4257 reAdiximus.

180 4255 205 4292 d
246 4252 516 4315 Palatinus
564 4273 668 4314 ms.
708 4272 769 4311 -ε-
822 4254 936 4327 Ipsi
976 4255 1167 4322 David,
1200 4265 1279 4321 et,
1336 4252 1577 4307 restituta
1625 4258 1697 4304 est

118 4344 180 4381 ει.

188 4408 210 4434 θ
241 4400 393 4457 Prius
411 4400 554 4456 istud
582 4397 989 4454 hemistichium
1016 4438 1030 4462 ,
1065 4397 1381 4450 Annuntiate
1412 4398 1541 4447 inter
1577 4408 1699 4463 gen-

122 4477 189 4545 tes
206 4472 422 4545 gloriam
442 4477 579 4545 ejus,
608 4483 663 4545 ut
692 4479 748 4525 et
775 4470 905 4545 illud
925 4476 1163 4545 quatuor
1185 4468 1383 4521 abhinc
1406 4466 1655 4545 versibus
1682 4503 1697 4529 ,

120 4536 309 4597 Tollite
326 4536 538 4605 hostias,
566 4536 613 4597 et
642 4541 850 4594 introite
871 4542 923 4593 in
944 4536 1086 4593 atria
1116 4542 1228 4608 ejus
1252 4580 1267 4602 ,
1311 4536 1453 4606 quod
1484 4536 1701 4608 sequior

124 4626 313 4669 manus
357 4613 607 4679 suffecit,
653 4612 987 4667 Veronensis
1031 4605 1399 4677 anti'quarius,
1456 4605 1698 4676 ejusdem

123 4686 270 4758 vocis
312 4690 419 4758 ejus
459 4700 688 4758 recursu
717 4683 1027 4758 _dec_eptus,
1074 4679 1305 4758 solemni
1356 4679 1701 4756 librariorum

128 4753 279 4821 lapsu
306 4749 664 4825 praetermisit.
715 4749 881 4825 Legit
911 4766 1074 4825 porro
1119 4751 1235 4825 hoc
1264 4749 1383 4818 ipso
1416 4764 1573 4825 versu
1603 4787 1620 4814 ,
1648 4749 1704 4798 in

128 4820 448 4898 atrioisancto
471 4874 484 4895 ,
519 4842 621 4898 pro
650 4822 775 4879 aula
795 4820 1006 4898 sancta,
1030 4822 1183 4898 juxta
1214 4820 1595 4898 Augustinum.

201 4894 219 4932 ί
250 4886 588 4953 Διωηιιιίιῖις
619 4910 782 4950 voces
813 4912 843 4946 a
867 4886 1008 4965 tigno
1031 4886 1430 4965 pleraque—alia
1457 4898 1575 4956 post
1598 4886 1707 4941 [ὶο·

136 4978 345 5023 manum
387 4969 575 5024 Latina
618 4965 879 5022 Psalteria
908 4960 925 5031 ξ
955 4962 1277 5025 Gothicam,
1327 4960 1702 5031 Carnutense,

132 5034 635 5096 San-Germanense
653 5079 667 5102 ,
698 5045 809 5093 etc.
829 5076 843 5096 ,
878 5026 932 5109 et
956 5032 1107 5109 quod
1133 5046 1291 5087 nemo
1313 5032 1484 5085 nescit
1505 5070 1518 5093 ,
1533 5045 1606 5109 _ac
1630 5026 1707 5109 rei

132 5120 281 5179 caput
323 5122 404 5167 est
424 5154 439 5177 ,
462 5127 523 5167 ea
548 5100 727 5163 omnia
748 5148 762 5173 ,
806 5100 999 5179 quibus
1029 5106 1111 5179 usi
1134 5111 1259 5179 sunt
1292 5111 1503 5179 veteres
1532 5100 1709 5179 Latini

134 5171 335 5245 Patres,
373 5171 783 5253 Tertullianus,
829 5171 1182 5253 ’chtantius,
1232 5172 1548 5253 Arnobius,
1598 5171 1711 5224 Au-

136 5243 368 5316 gustinus
388 5295 403 5319 ,
431 5251 813 5310 Cassiodorius
833 5291 846 5312 ,
882 5246 991 5303 Leo
1021 5259 1156 5314 papa
1177 5286 1192 5310 ,
1223 5246 1385 5319 atque
1415 5243 1508 5319 alii
1532 5254 1709 5319 ,_quns

141 5314 370 5395 lecettset
390 5314 488 5395 'qui
519 5324 665 5395 hanc
695 5320 1074 5395 translatiuum
1094 5331 1157 5369 ac
1177 5314 1341 5395 vulgo
1373 5314 1710 5395 notissimam

139 5381 547 5465 disputationem
591 5394 863 5465 inierunt.
894 5388 1032 5465 Sunt
1062 5400 1234 5465 porro
1266 5381 1349 5465 lia:
1379 5398 1544 5465 voces
1570 5393 1625 5436 et
1654 5381 1711 5463 in

139 5458 433 5523 Veronensi
475 5479 578 5519 ms.
620 5461 767 5533 quod
794 5460 937 5533 nihil
953 5458 1199 5527 equidem
1230 5458 1423 5533 mirum
1449 5464 1532 5507 est
1561 5471 1574 5506 :
1610 5458 1711 5505 mi-

134 5550 243 5593 rum
277 5540 448 5593 immo
493 5524 671 5600 esset,
713 5532 759 5585 si
786 5524 1249 5585 desiderarentur.
1281 5526 1371 5600 lix
1397 5524 1507 5600 line
1531 5532 1712 5577 autem

130 5608 242 5678 ipso
263 5622 514 5680 nuperus
548 5594 668 5675 ejus
698 5602 890 5680 Editur
916 5600 1037 5654 libri
1065 5595 1364 5677 contendit,
1397 5594 1592 5680 Italam
1613 5603 1713 5680 ,‘ut

130 5670 286 5741 v'ocat
306 5726 321 5753 ,
342 5670 661 5736 "versionem
692 5674 982 5753 manifesto
1003 5683 1124 5727 esse
1146 5709 1162 5738 ,
1202 5682 1322 5740 quan
1350 5670 1403 5723 in
1443 5679 1510 5723 eo
1538 5670 1717 5736 conti:

408 5741 948 5813 Pnnor..XXlX.

1728 4330 1781 4390 D

1866 2977 2124 3033 Dominus
2153 2977 2437 3048 regnavit,
2480 2976 2715 3033 exsultet
2745 2986 2889 3033 terra
2920 2996 2933 3033 :
2964 2979 3212 3034 laetentur
3240 2980 3389 3036 insu-

1796 3070 1861 3125 lae
1894 3068 2095 3124 multae.

1864 3161 2067 3227 Nubes,
2096 3168 2151 3217 et
2176 3161 2351 3232 caligo
2388 3160 2442 3217 in
2488 3160 2713 3217 circuitu
2740 3161 2880 3231 ejus,
2924 3162 3132 3233 justitia
3162 3171 3215 3220 ct
3240 3163 3389 3235 judi-

1796 3257 1940 3311 cium
1968 3255 2235 3311 correctio
2264 3254 2409 3310 sedis
2448 3254 2588 3325 ejus.

1869 3349 2013 3419 Ignis
2039 3356 2165 3403 ante
2189 3361 2314 3403 eum
2344 3346 2601 3419 praeibit:
2631 3356 2687 3403 et
2714 3344 3074 3403 inﬂammabit
3109 3348 3162 3404 in
3193 3347 3391 3406 circui-

1799 3448 1856 3495 tu
1894 3438 2142 3494 inimicos
2169 3436 2306 3508 ejus.

1870 3533 2171 3590 llluxerunt
2200 3531 2413 3603 fulgura
2443 3530 2561 3602 ejus
2587 3530 2705 3587 orbi
2736 3538 2896 3587 terra:
2923 3550 2935 3586 :
2960 3530 3115 3601 vidit,
3160 3540 3215 3589 et
3239 3545 3392 3591 com-

1799 3633 1943 3683 mota
1971 3632 2056 3682 εει
2079 3634 2244 3680 terra.

1803 3798 2024 3854 tinetur.
2053 3795 2216 3865 Ergo,
2242 3795 2459 3865 inquam
2484 3808 2603 3863 ego,
2629 3802 2685 3849 et
2710 3808 2832 3864 quae
2856 3794 3021 3850 modo
3052 3795 3391 3858 laudavimus

1807 3870 1939 3935 alia,
1972 3882 2146 3935 eaque
2180 3868 2407 3920 invicem
2450 3865 2669 3920 diversa
2702 3865 2959 3919 Psalteria
2988 3912 3001 3935 ,
3046 3867 3230 3925 Italam
3268 3889 3391 3928 ver-

1804 3942 2014 3994 sionem
2051 3936 2311 4007 exhibent
2335 3980 2350 4003 ,
2398 3936 2665 4007 siquidem
2690 3946 2744 4007 et
2776 3935 3063 3993 lectionem
3103 3939 3242 3995 hanc
3271 3957 3392 3999 ser-

1801 4020 1949 4065 vant.
1982 4007 2149 4082 Nugas
2179 4048 2192 4071 ,
2225 4006 2373 4062 addit
2395 4023 2529 4082 vero
2558 4006 2667 4069 ille,
2706 4006 2875 4073 Quare
2903 4010 2957 4082 in
2985 4008 3244 4065 llebraice
3264 4031 3395 4082 quo-

1800 4097 1895 4151 que
1911 4087 2047 4151 textu
2065 4079 2288 4151 primum
2304 4079 2553 4133 exstitisse
2576 4093 2663 4131 eas
2682 4093 2825 4132 voces
2847 4079 3019 4133 nullus
3046 4082 3240 4138 dubito.
3266 4079 3395 4141 llaec

1800 4149 1932 4206 vero
1964 4149 2238 4205 levissima
2279 4154 2592 4213 conjectura
2648 4156 2731 4202 est
2756 4192 2771 4215 ,
2809 4164 2968 4219 quam
3000 4151 3212 4219 jamdiu
3257 4156 3391 4211 olim

1803 4223 1945 4278 docti
1972 4221 2074 4277 viri
2111 4221 2468 4275 exsufﬂarunt
2500 4238 2512 4273 :
2565 4226 2619 4272 et
2649 4219 2740 4288 qui
2776 4220 3040 4274 llebraice
3071 4223 3283 4286 sciunt,
3337 4234 3393 4279 et

1804 4293 2046 4349 codicem
2070 4291 2390 4347 Hebraicum
2415 4296 2668 4353 tractant,
2698 4288 2866 4344 ferme
2896 4290 3055 4344 etiam
3090 4293 3268 4345 sciunt
3296 4307 3392 4348 eas

1808 4366 1881 4419 ibi
1910 4379 2072 4418 voces
2114 4378 2221 4417 non
2253 4362 2549 4418 exstitisse.
2593 4359 2699 4415 Sed
2735 4360 2850 4414 hinc
2888 4362 3172 4429 persequi,
3216 4366 3392 4419 nostri

1808 4450 1917 4489 non
1948 4443 2031 4490 cst
2060 4433 2290 4487 instituti
2316 4451 2327 4485 :
2360 4433 2595 4486 maxime
2626 4445 2747 4485 cum
2776 4446 2883 4485 non
2912 4431 3072 4485 modo
3103 4446 3129 4482 τι
3160 4432 3273 4486 suis
3300 4447 3394 4488 ρος

1806 4505 2050 4567 dicibus.
2086 4504 2181 4559 sed
2218 4506 2378 4559 etiam
2405 4518 2435 4558 e
2464 4501 2669 4574 Graecis
2700 4502 2717 4570 (
2750 4500 2955 4555 scilicet
2984 4501 3242 4574 omnibus
3275 4501 3295 4574 )
3332 4519 3401 4560 ea

1807 4578 1971 4630 verba
2006 4574 2261 4629 Hebraeos
2284 4575 2338 4629 in
2366 4574 2545 4629 crucis
2575 4572 2757 4627 odium
2784 4574 3017 4627 erasisse
3038 4618 3055 4643 ,
3086 4573 3189 4628 sibi
3219 4572 3397 4631 editor

1808 4647 1899 4702 ille
1922 4645 2279 4716 persuaserit.

1882 4714 2130 4771 B'Isthazc
2151 4718 2312 4772 verba
2334 4724 2378 4769 et
2409 4722 2583 4783 gentes
2613 4714 2667 4767 in
2695 4716 2774 4767 ira
2797 4729 2911 4777 sua,
2940 4727 3063 4781 qum
3090 4728 3264 4784 neque
3286 4717 3397 4774 Au.

1808 4790 2012 4858 gustin.
2065 4788 2247 4858 inusuo
2276 4786 2427 4841 novit
2463 4785 2782 4858 exemplari,
2817 4784 3116 4858 Yerottens.
3147 4785 3262 4858 ipse
3286 4804 3391 4844 ms.

1811 4852 2079 4927 reposuit.
2106 4855 2315 4912 Caetera
2342 4871 2463 4910 cum
2494 4852 2796 4923 Augustino
2838 4852 3003 4919 legit,
3043 4852 3393 4923 jocundentur

1813 4929 1947 4993 cazli,
1972 4937 2018 4981 et
2047 4929 2263 4982 exsultet
2299 4937 2457 4995 terra,
2504 4932 2878 4978 commoveatur
2901 4938 3062 4991 mare,
3106 4936 3237 4993 etc.;
3258 4939 3313 4984 et
3340 4930 3397 4987 in

1815 5000 1943 5067 line,
1967 5000 2139 5053 orbem
2164 5008 2441 5063 terrarum,
2462 5010 2562 5067 pro
2582 5004 2753 5067 terrm.

1885 5063 2287 5140 h’llugustinns
2336 5068 2414 5121 ait
2442 5063 2734 5140 {Inscribit
2773 5063 3046 5140 Psalmtts,_
3071 5065 3176 5140 Ipsi
3207 5067 3395 5140 David,

1814 5155 1937 5196 cum
1967 5133 2111 5195 tcr'ra
2137 5140 2278 5208 ejus,
2306 5146 2439 5201 etc.,
2474 5144 2646 5208 atque
2678 5135 2750 5188 ita
2777 5133 3104 5208 adamussim
3130 5137 3197 5208 in
3231 5133 3401 5195 Vero;

1816 5210 1972 5267 nensi
1998 5218 2081 5264 est
2106 5204 2206 5263 ms.
2258 5204 2711 5273 quemadmodum
2754 5205 2895 5259 etin
2940 5211 3090 5259 textu
3109 5207 3402 5275 jocunden.

1818 5290 1923 5345 tur,
1956 5295 2052 5349 pro
2076 5280 2333 5349 (tutentur,
2357 5283 2411 5328 et
2427 5274 2667 5349 secundo
2689 5289 2872 5349 versu,
2897 5274 3135 5340 directio,
3168 5292 3267 5349 pro
3289 5296 3403 5334 cor-

1816 5342 2018 5404 rectio:
2069 5357 2228 5415 atque
2271 5347 2444 5418 altero
2493 5343 2561 5396 ab
2602 5342 3409 5418 ltoc,__Apparuerunt'fulgura

1818 5422 1950 5489 ejus,
1983 5413 2571 5489 etc.;Aquod_enim_tua
2623 5413 3025 5489 inﬁver'o'nensi
3059 5413 3415 5483 legitur,'ma-

1821 5482 2077 5545 infestum
2105 5482 2644 5557 librarii_e5t_viti_um.
2677 5482 2921 5557 Denique
2947 5488 3216 5557 [luxerunt
3259 5504 3291 5540 (ι
3332 5495 3415 5557 fa-

1820 5562 1895 5614 cie
1925 5556 2155 5631 Domini,
2177 5571 2205 5606 a
2230 5554 2361 5631 [acie
2386 5551 2595 5609 Domini
2622 5554 2787 5610 omnis
2818 5551 2976 5631 terra,
3011 5567 3114 5627 pro
3148 5551 3417 5623 teme,“

1823 5637 1906 5689 est
1940 5640 2105 5703 penes
2131 5624 2507 5699 Augustinum.

2838 5726 2916 5793 10
