3936 6180
186 210 268 268 ⁵ος
1466 210 1670 268 LIBER
1708 210 2149 271 PSALMORUII.

3353 224 3461 280 52

250 325 503 380 Dominus
523 324 578 379 in
608 323 742 382 Sion
771 325 1353 399 magnusntexcelsus
1391 342 1546 397 super
1582 343 1758 383 omnes
1782 328 1838 391 Δ
1933 328 2195 386 Dominus
2239 328 2295 386 in
2340 329 2474 388 Sion
2526 344 2755 404 magnus
2787 349 2801 389 :
2832 339 2889 392 et
2926 332 3186 391 excelsus
3236 348 3260 375 θ
3289 351 3455 409 super

194 419 421 490 populos.

254 509 598 578 Conﬁteantur
657 508 855 562 nomini
884 518 966 563 tuo
995 525 1202 581 magno,
1239 526 1284 566 -ξ
1332 513 1574 582 quoniam
1609 514 1631 581 1
1661 520 1762 568 ter-

191 602 322 657 ribile
354 613 399 655 et
423 611 667 655 sanctum
689 610 764 655 est
798 616 817 654 :
839 611 884 654 et
907 602 1071 655 lionor
1099 603 1233 673 regis
1250 603 1513 673 judicium
1533 604 1721 678 diligit.

255 694 322 748 Tu
349 695 549 764 parasti
576 695 882 748 directiones
919 709 936 746 :
958 695 1221 764 ju..’icium
1246 705 1294 751 et
1314 698 1574 770 justitiam
1596 698 1647 752 in
1666 696 1762 752 Ja-

188 786 262 842 cob
286 796 336 838 tu
368 787 559 856 fecisti.
595 796 622 823 ι
1380 844 1393 853 ν

245 881 481 936 Ezaltate
504 882 793 937 Dominum
824 882 988 938 Deum
1025 893 1285 951 nostrum,
1317 894 1365 940 et
1406 886 1621 941 adorate
1647 904 1763 943 sca-

190 974 351 1028 bellum
371 972 567 1045 pedum
605 976 758 1044 ejus:
786 988 837 1028 -t—
871 974 1115 1043 quoniam
1144 975 1165 1042 1
1194 985 1427 1029 sanctum
1450 988 1544 1032 est.

244 1065 442 1135 Moyses
481 1076 529 1118 et
573 1066 753 1119 Aaron
782 1066 835 1119 in
876 1066 1230 1122 sacerdotibus
1260 1069 1372 1139 ejus
1400 1085 1419 1123 :
1459 1078 1509 1124 et
1550 1069 1764 1126 Samuel

186 1161 423 1223 intereas,
461 1159 553 1231 qui
596 1160 835 1214 invocant
864 1175 1049 1214 nomen
1078 1161 1211 1231 ejus.

246 1249 555 1304 [avocabant
611 1249 912 1316 Dominum,
962 1260 1009 1305 et
1056 1251 1167 1319 ipse
1197 1253 1506 1309 exaudiebat
1551 1268 1679 1310 eos:
1707 1255 1763 1309 in

184 1344 408 1395 columna
431 1340 583 1395 nubis
611 1342 914 1410 loquebatur
949 1344 1018 1396 ad
1043 1359 1150 1399 eos.

246 1432 603 1488 Custodiebant
646 1434 939 1491 testimonia
977 1438 1133 1508 ejus:
1176 1445 1223 1491 et
1254 1446 1587 1507 prleceptum,
1619 1438 1761 1508 quod

185 1525 308 1578 dedit
337 1526 461 1580 illis.

249 1615 459 1670 Domine
495 1616 638 1671 Dens
681 1626 873 1684 noster,
910 1626 965 1672 tu
1001 1618 1312 1673 exaudiebas
1361 1636 1445 1673 eos
1478 1636 1496 1673 :
1527 1618 1670 1675 Deus
1696 1637 1751 1677 -ε-
1841 1620 1844 1624 λ

1865 434 2055 476 omnes
2084 422 2335 491 papulas.

1936 513 2308 569 Contiteantur
2338 515 2540 571 nomini
2583 524 2677 572 tuo
2716 531 2916 589 magno
2952 526 3009 575 et
3034 517 3285 585 terribili,
3320 535 3454 591 quo-

1865 605 2011 660 niam
2034 617 2277 661 Sanctum
2305 616 2421 671 est;
2457 617 2513 663 et
2543 609 2718 665 honor
2745 610 2891 681 regis
2912 608 3178 680 judicium
3208 611 3403 681 diligit.

1935 698 2014 753 Tu
2062 700 2261 769 parasti
2308 700 2950 773 mquitatcm:judicium
2997 715 3050 759 et
3082 703 3349 774 justitiam
3397 707 3449 764 in

1861 790 2032 846 Jacob
2065 800 2120 845 tu
2150 790 2348 846 fecisti.
3123 806 3140 823 υ

1935 881 2182 938 Exaltate
2230 882 2516 939 Dominum
2567 884 2737 943 Deum
2788 895 3035 944 nostrum
3073 906 3086 943 :
3134 898 3190 946 et
3233 890 3456 948 adorate

1862 974 2158 1029 scabellum
2192 975 2387 1045 pedum
2416 974 2536 1045 ejus
2571 995 2583 1029 :
2620 980 2878 1048 quoniam
2911 991 3156 1035 sanctum
3186 993 3291 1037 est.

1933 1065 2147 1136 Moyses
2168 1074 2223 1121 et
2250 1068 2433 1122 Aaron
2465 1068 2521 1123 in
2551 1070 2930 1126 sacerdotibus
2957 1071 3075 1142 ejus
3106 1090 3121 1129 :
3146 1084 3201 1130 et
3232 1075 3455 1133 Samuel

1862 1155 2004 1213 inter
2034 1172 2153 1227 eos,
2184 1159 2276 1229 qui
2301 1160 2553 1215 invocant
2581 1176 2778 1218 nomen
2808 1163 2951 1233 ejus.

1936 1249 2263 1305 lnvocabant
2301 1250 2607 1319 Dominum,
2638 1264 2693 1309 et
2737 1256 2853 1325 ipse
2880 1258 3205 1315 exaudiebat
3233 1273 3368 1318 eos:
3399 1270 3455 1318 et

1864 1340 1921 1398 in
1952 1341 2205 1396 columna
2236 1342 2397 1399 nubis
2420 1342 2742 1413 loquebatur
2775 1347 2844 1402 ad
2868 1363 2986 1405 eos.

1934 1432 2331 1489 Custodiebant
2368 1437 2673 1493 testimonia
2714 1440 2872 1509 ejus:
2916 1450 2971 1497 et
2996 1454 3270 1514 prtecepta
3313 1446 3449 1516 ejus,

1862 1541 1983 1599 quae
2011 1527 2239 1583 dederat
2274 1526 2292 1565 ί
2326 1528 2452 1584 illis.

1936 1620 2166 1675 Domine
2214 1620 2359 1677 Deus
2409 1632 2621 1690 noster,
2671 1632 2724 1678 tu
2755 1625 3087 1683 exaudiebas
3125 1644 3258 1686 eos:
3293 1632 3454 1698 Deus,

187 1720 235 1763 tu
262 1710 285 1778 1
312 1712 561 1782 propitius
591 1711 739 1781 fuisti
763 1712 857 1781 eis,
886 1722 934 1767 et
959 1714 1209 1767 ulciscens
1236 1714 1291 1767 in
1319 1729 1375 1768 σθ
1405 1730 1583 1770 omnes
1611 1716 1631 1784 1
1665 1716 1760 1770 ad-
1868 1721 1922 1767 tu
1952 1711 2223 1782 propitius
2249 1711 2395 1768 fuisti
2424 1713 2551 1781 illis,
2585 1726 2638 1770 et
2668 1715 2948 1773 vindicans
2981 1721 3033 1774 in
3067 1721 3246 1776 omnia
3278 1726 3455 1780 studia

183 1801 481 1857 inventiones
501 1819 706 1859 eorum.

253 1892 488 1948 Exaltate
537 1896 819 1949 Dominum
870 1894 1038 1951 Deum
1065 1905 1334 1963 nostrum,
1376 1906 1423 1950 et
1458 1897 1673 1952 adorate
1706 1900 1761 1953 in

180 1998 339 2043 monte
381 2000 556 2045 sancto
598 1993 714 2064 ejus
739 2007 759 2045 :
798 1992 1045 2062 quoniam
1085 1999 1292 2045 sanctus
1334 1989 1591 2048 Dominus
1624 1992 1761 2048 Deus

183 2091 358 2137 ηοειετ.

1862 1820 2052 1863 eorum
2062 1845 2075 1859 .

1939 1898 2188 1954 Ειτιιιειο
2229 1897 2514 1961 Dominum
2546 1897 2717 1954 Deum
2749 1908 2996 1958 nostrum
3024 1948 3039 1973 ,
3065 1913 3121 1960 et
3147 1903 3374 1962 adorate
3404 1908 3457 1963 in

1865 2001 2052 2047 monte
2098 1999 2291 2047 saneto
2325 1990 2446 2061 ejus
2479 2008 2492 2046 :
2544 1993 2801 2063 quoniam
2831 2003 3051 2053 sanctus
3079 2007 3163 2054 est
3196 1998 3459 2057 Dominus

1866 2082 2012 2140 Deus
2042 2091 2251 2141 noster.

1508 2239 1871 2306 PSALMUS
1915 2240 2143 2304 XCIX.

601 2382 837 2424 PSALIUS
864 2382 917 2423 IN
945 2380 1321 2424 CONFBSHONE‘.

252 2458 468 2517 Jubilate
495 2460 629 2528 Deo,
673 2463 840 2517 omnis
883 2471 1061 2515 terra:
1103 2461 1288 2516 seruile
1324 2458 1552 2515 Domino
1589 2458 1646 2513 in
1672 2458 1764 2513 la:-

186 2552 316 2606 ritis.

257 2644 464 2702 lntroite
492 2647 545 2701 in
572 2656 854 2718 conspectu
885 2647 1026 2716 ejus,
1058 2648 1112 2700 in
1144 2646 1509 2701 exsultatione.

256 2737 440 2793 Scitote
462 2740 707 2808 quoniam
734 2738 993 2794 Dominus
1026 2740 1133 2810 ipse
1160 2737 1187 2777 δ
1213 2736 1443 2794 estDeus
1462 2753 1481 2793 :
1501 2738 1610 2810 ipse
1641 2736 1763 2807 fecit

185 2840 295 2897 nos,
330 2842 371 2886 et
390 2848 484 2888 non
510 2834 612 2905 ipsi
649 2850 763 2886 nos.

255 2922 482 2995 Poyalus
525 2928 638 2997 ejus
663 2966 679 2992 ,
714 2936 761 2980 et
791 2940 905 2979 ores
933 2941 1141 2997 pascua:
1175 2927 1290 2997 ejus
1315 2969 1328 2992 ,
1365 2924 1571 2978 introite
1588 2932 1764 2992 portas

192 3017 300 3085 ejus
338 3020 384 3073 in
416 3021 765 3091 confessione,
798 3021 936 3073 atria
963 3022 1073 3090 ejus
1101 3020 1153 3073 in
1178 3018 1383 3088 hymnis
1403 3060 1417 3085 ,
1448 3014 1764 3085 conﬁtemini

189 3108 283 3163 illi.

258 3204 473 3263 Laudate
498 3220 680 3263 nomen
708 3209 845 3278 ejus,
870 3206 1117 3277 quoniam
1142 3206 1314 3260 suavis
1344 3180 1376 3243 ci
1406 3218 1465 3258 +
1498 3211 1574 3258 est
1601 3202 1623 3269 1
1654 3200 1763 3255 Do-
1792 3202 1838 3264 C

195 3301 382 3365 minus,
408 3306 457 3358 in
487 3316 733 3360 azterunm
773 3301 1133 3357 misericordia
1162 3305 1307 3374 ejus:
1335 3308 1381 3356 et
1408 3316 1569 3371 usque
1593 3299 1645 3353 in
1676 3313 1764 3370 ge-

191 3394 433 3452 neratione
456 3406 498 3451 et
518 3395 897 3468 generationem
922 3394 1115 3450 veritas
1134 3394 1270 3465 ejus.

2186 2377 2421 2421 PSALIUS
2460 2374 2486 2413 ε
2508 2378 2668 2421 DAVID
2696 2378 2747 2422 lli
2776 2381 3149 2425 CONFBSSIONB.

1938 2456 2175 2513 Jubilate
2220 2456 2373 2523 Deo,
2417 2456 2595 2513 omnis
2639 2466 2823 2514 terra:
2876 2460 3078 2517 servile
3123 2461 3355 2519 Domino
3407 2466 3461 2523 in

1869 2549 2077 2606 laetitia.

1940 2642 2145 2699 Intrate
2177 2642 2230 2698 in
2269 2651 2567 2714 conspectu
2598 2642 2717 2713 ejus
2745 2683 2760 2709 ,
2811 2643 2864 2699 in
2910 2644 3319 2703 exsultatione:
3353 2649 3459 2704 sci-

1869 2744 1982 2792 tote
2027 2735 2172 2806 quod
2220 2734 2361 2807 [ιιι.
2395 2735 2681 2806 quoniam]
2736 2736 2997 2792 Dominus
3028 2741 3143 2808 ipse
3167 2747 3252 2794 est
3278 2739 3460 2798 Deus:

1869 2830 1985 2899 ipse
2015 2828 2137 2883 fecit
2170 2842 2290 2893 nos,
2320 2835 2377 2881 et
2402 2842 2506 2881 non
2540 2827 2637 2898 ip..i
2675 2842 2794 2883 nos.

1938 2920 2049 2976 Nos
2098 2930 2278 2975 autem
2321 2918 2557 2990 populus
2604 2920 2722 2987 ejus
2746 2964 2760 2991 ,
2813 2928 2867 2975 et
2905 2935 3034 2977 oves
3062 2933 3277 2993 pascuae
3301 2923 3461 2993 ejus:

1868 3014 2070 3069 intrate
2100 3020 2283 3081 portas
2304 3010 2422 3079 ejus
2453 3011 2504 3065 in
2529 3011 2889 3081 conieSsione,
2910 3015 3043 3067 atria
3067 3017 3187 3085 ejus
3219 3016 3270 3070 in
3303 3017 3454 3088 bym-

1867 3108 1948 3163 nis
1975 3104 2400 3162 confessionum.

1941 3195 2176 3253 Laudato
2199 3211 2398 3252 nomen
2420 3195 2561 3266 ejus,
2576 3197 2829 3267 quoniam
2854 3194 2982 3267 libis.
3005 3197 3154 3270 quin]
3183 3198 3364 3255 suavis
3382 3211 3466 3257 est

1872 3290 2171 3356 Dominus,
2213 3288 2267 3344 in
2313 3298 2574 3344 azternum
2603 3285 2979 3345 misericordia
3007 3290 3163 3362 ejus:
3211 3302 3266 3348 et
3291 3308 3465 3366 usque
3562 3346 3565 3349 .

1866 3385 1917 3440 in
1955 3381 2210 3438 szeculum
2240 3380 2423 3437 sinenti
2452 3380 2653 3438 veritas
2677 3380 2818 3453 ejus.

1580 3547 1937 3614 PSALMUS
1978 3549 2046 3612 C.

596 3691 833 3735 munus
868 3693 925 3732 -θ
961 3692 1056 3733 ιιιςι
1092 3677 1115 3746 1
1149 3691 1327 3734 DAVID.

262 3769 653 3828 ﬂisericordiam
680 3783 728 3828 et
750 3772 1015 3845 judicium
1036 3772 1255 3827 cantabo
1282 3771 1373 3827 tibi
1396 3816 1411 3841 ,
1445 3770 1686 3826 Domine.

261 3862 473 3919 Psallam
503 3862 528 3902 ἀ
555 3882 616 3922 -:»
648 3882 696 3920 et
752 3866 774 3933 1
817 3864 1105 3937 intelligam
1150 3865 1205 3919 in
1254 3866 1335 3919 via
1390 3864 1761 3919 immaculata:

198 3962 379 4024 quando
400 3961 561 4014 venies
590 3959 659 4013 ad
687 3974 767 4012 me
790 3957 815 4011 1'

265 4064 315 4103 ἦ
342 4050 436 4105 Per
455 4053 478 4120 1
498 4050 829 4105 ambulabam
848 4050 899 4104 in
920 4050 1211 4106 innocentia
1237 4050 1407 4104 cordis
1436 4048 1554 4115 mei,
1581 4048 1634 4103 in
1654 4064 1760 4103 mc-

200 4140 271 4195 dio
292 4145 454 4200 domus
480 4163 620 4201 mete.

264 4233 371 4289 Non
399 4252 453 4292 σξτ
486 4254 579 4309 pro
611 4238 633 4305 1
670 4236 921 4307 ponebam
953 4246 1069 4292 ante
1096 4238 1270 4292 oculos
1312 4248 1447 4292 meos
1486 4251 1593 4292 rem
1619 4236 1762 4308 inju-

206 4333 314 4380 stam
350 4344 369 4384 :
396 4330 633 4401 facientes
658 4329 1109 4402 praevaricationes
1137 4330 1294 4385 odivi.

266 4580 288 4607 ι
320 4564 405 4629 llic
432 4573 626 4630 iterum
676 4571 982 4644 Diapsalma
1022 4570 1164 4627 idem
1194 4586 1298 4627 ms.
1331 4568 1484 4644 addit
1518 4589 1529 4625 :
1565 4570 1753 4626 subse.

206 4645 357 4725 quenti
383 4656 554 4701 autem
587 4659 753 4701 versu
776 4643 1018 4712 ebelum,
1052 4659 1211 4714 quem
1239 4643 1449 4713 respuit
1483 4651 1538 4697 et
1564 4645 1748 4710 Carus,

209 4728 389 4769 uiuunt.
1674 4756 1681 4761 '

262 4726 541 4844 inlitum
575 4786 976 4844 substantivum
996 4827 1009 4851 ,
1041 4786 1182 4855 quod
1214 4784 1266 4841 in
1297 4784 1485 4841 Graeco
1512 4783 1751 4855 quidem,

209 4868 294 4981 22:;
317 4868 476 4914 autent
504 4872 558 4916 et
590 4864 641 4914 in
676 4859 905 4913 Hebraeo
934 4857 1021 4913 hic
1051 4867 1289 4922 resonat,
1326 4855 1602 4911 Palatinus
1636 4871 1739 4911 ms.

218 4926 276 4980 ’δε
292 4933 400 4993 λζει.

243 4950 294 4980 δε]
390 4969 400 4981 .

269 4950 405 5055 cﬁiiic
430 5016 555 5057 vero
583 5000 725 5056 idem
758 5016 863 5057 ms.
898 4999 1071 5069 ipsum
1096 4997 1320 5053 verbum
1349 5007 1460 5065 est,
1488 5012 1641 5069 teque
1666 5004 1752 5052 at-

213 5080 295 5141 que
317 5070 513 5141 obelum
543 5087 665 5127 cum
699 5068 1056 5141 originalibus
1087 5068 1238 5125 libris
1263 5071 1495 5141 ignorat.

317 5138 432 5199 Siue
460 5143 619 5199 obelo
648 5184 665 5211 ,
714 5134 861 5197 haud
895 5152 1073 5197 tamen
1114 5134 1309 5208 recte;
1356 5140 1501 5196 idem
1531 5153 1634 5194 ms.
1667 5136 1757 5196 hic

277 5222 325 5264 ιι.

266 5290 285 5317 ε
322 5282 435 5353 Plus
466 5282 625 5340 habet
655 5283 961 5340 Ver0nens.
998 5297 1100 5336 ms.
1133 5300 1146 5335 :
1173 5290 1249 5338 est
1273 5298 1428 5353 super
1461 5297 1633 5335 omnes
1661 5297 1757 5351 po-

241 5352 348 5406 ulos.
371 5352 717 5425 Conﬁteaniur
773 5354 1189 5425 onmesnomini
1242 5352 1345 5425 tuo
1383 5368 1568 5423 magno
1595 5368 1614 5407 :
1645 5362 1754 5406 tum

241 5367 717 5425 utos.Lon[itean:ur
773 5370 950 5408 onmes
994 5369 1189 5408 nomint
1242 5367 1330 5408 tuo
1383 5368 1614 5423 magno:
1645 5367 1754 5406 tuin

211 5367 327 5487 iuxta
371 5429 722 5496 Augustinum
751 5469 766 5493 ,
818 5424 1092 5496 quoniam_
1136 5423 1364 5496 terribile
1407 5435 1453 5496 et
1520 5433 1756 5496 sanctum

211 5500 283 5552 (εἰ.
311 5505 403 5550 etc.
448 5493 505 5551 Et
535 5500 586 5552 in
635 5498 744 5551 (ine
781 5493 1007 5548 alterius
1047 5493 1115 5549 ab
1161 5495 1261 5549 hoc
1310 5494 1586 5559 versiculi,
1631 5510 1760 5558 qna-

200 5561 319 5673 rnam
341 5578 533 5621 sanctus
555 5579 648 5635 est,
704 5582 769 5622 ac
797 5563 1017 5632 deinde,
1042 5574 1085 5618 et
1132 5564 1342 5621 Samuel
1371 5567 1424 5619 in
1453 5566 1533 5618 Itis
1561 5565 1649 5635 qui
1675 5565 1756 5617 in-

224 5643 373 5692 οειιηι.
400 5647 501 5692 etc.

360 5680 373 5703 ,
401 5678 501 5692 VOV-

226 5774 233 5779 ί
260 5700 279 5738 ¹
318 5700 499 5767 lterum
521 5723 645 5766 cum
674 5703 983 5776 Augustino
1007 5701 1147 5759 idem
1174 5717 1278 5761 ms.
1308 5720 1322 5759 :
1348 5718 1463 5774 qua:
1488 5702 1629 5759 dedit
1660 5703 1757 5759 eis.

2195 3682 2430 3728 PSALIIUS
2460 3684 2620 3726 ωτι»
2651 3670 2778 3741 [Με.
2810 3686 2907 3727 IPSI
2940 3675 3139 3749 nmo].

1943 3760 2369 3821 Misericordiam
2393 3771 2447 3817 et
2470 3760 2733 3831 judicium
2771 3764 3003 3819 cantabo
3033 3767 3161 3833 tibi,
3191 3767 3419 3826 Domine
3447 3791 3458 3827 :

1870 3858 2097 3930 psallam
2126 3900 2141 3923 ,
2189 3863 2245 3911 ct
2288 3854 2590 3925 intelligam
2639 3855 2691 3912 in
2724 3862 2807 3911 vta
2852 3857 3215 3932 immaculata,
3241 3864 3463 3935 quando

1866 3949 2055 4007 venies
2088 3948 2152 4003 ad
2181 3946 2303 4003 me?

1938 4040 1965 4079 ιι
1998 4038 2445 4098 Perambulabam
2500 4037 2553 4093 in
2603 4038 2910 4095 innocentia
2963 4040 3146 4099 cordis
3203 4046 3350 4118 mei,
3405 4046 3457 4103 in

1864 4134 2048 4193 medio
2071 4133 2261 4189 domus
2293 4141 2422 4187 tuae.

1936 4227 2054 4283 Non
2081 4224 2451 4297 proponebam
2496 4234 2621 4279 ante
2670 4224 2857 4281 oculos
2894 4241 3045 4283 meos
3076 4240 3189 4283 rem
3232 4231 3455 4298 malam,

1865 4318 2127 4377 iacientes
2186 4315 2670 4387 praevaricationes
2728 4318 2915 4374 odivi:
2972 4327 3029 4374 et
3073 4334 3181 4374 non
3228 4319 3457 4377 adbzesit

1865 4409 1999 4468 mihi
2020 4424 2114 4467 cor
2142 4423 2390 4481 pravum.

1864 4565 2086 4622 Domine
2109 4560 2250 4619 Deus
2279 4571 2471 4629 noster,
2494 4571 2549 4616 tu
2578 4562 2833 4618 exaudiui
2876 4577 2983 4628 eos,
3007 4569 3139 4628 etc.,
3189 4562 3452 4620 vindicans

1862 4641 1914 4693 iu
1944 4653 2117 4692 omnes
2155 4634 2447 4703 alfectiones
2478 4651 2673 4689 eorum.
2706 4632 2914 4688 Deinde
2952 4632 3098 4703 solus
3150 4630 3449 4691 Ver0nens.

1861 4709 2076 4764 adorate
2102 4702 2327 4762 montem
2374 4714 2606 4760 sanctum
2648 4708 2783 4778 ejus,
2814 4702 3057 4774 quoniam
3102 4716 3312 4758 sanctus
3341 4704 3451 4760 Do-

1862 4796 2169 4905 m’gu'sl‘acet
2191 4863 2313 4905 cum
2345 4844 2646 4915 Augustino
2676 4843 2976 4915 veronens.
2997 4856 3111 4915 Ams.
3143 4842 3234 4899 hic
3255 4858 3450 4899 nomen

1786 4913 1841 4975 1)
1868 4919 2071 4987 David;
2117 4919 2249 4990 legit
2272 4933 2403 4973 vero
2430 4912 2663 4990 intexto
2691 4955 2705 4979 ,
2737 4914 2790 4967 in
2806 4912 3166 4990 jocunditate,
3193 4928 3291 4983 pro
3319 4915 3452 4969 lwu‘-

1865 4995 1938 5048 tia
1959 5009 1978 5048 :
2003 4982 2368 5058 at'que'altero
2393 4986 2463 5041 ab
2486 4985 2602 5058 hoc,
2619 4982 2813 5058 versu,
2838 4982 3025 5058 intrate
3047 4984 3102 5037 in
3133 4982 3309 5058 portas
3329 4990 3449 5058 ejus

1865 5008 1938 5048 tta
1959 5009 1978 5048 .'
2003 5008 2060 5047 at
2101 5008 2169 5048 ue
2194 5008 2368 5045 altero
2393 5008 2463 5041 an
2486 5008 2592 5040 nuc
2622 5008 2804 5050 versu,
2838 5008 3024 5037 nstruit:
3047 5008 3102 5037 ιη
3133 5008 3309 5052 portus
3338 5008 3449 5058 ejus

1863 5066 1919 5120 in
1967 5008 2321 5132 conicssione,
2372 5058 2509 5110 atria
2555 5054 2759 5132 ejus_in
2791 5052 2996 5132 hymnis
3025 5056 3341 5123 conﬁtemini
3362 5058 3408 5111 ei
3432 5073 3451 5111 :

1864 5124 2098 5205 denique
2129 5133 2182 5186 in
2218 5134 2358 5205 ti'ne_,
2401 5138 2447 5180 et
2476 5124 2633 5194 usque
2673 5126 2725 5177 in
2754 5124 3136 5194 generationem
3162 5134 3209 5181 et
3236 5142 3455 5196 genera—

1862 5198 2051 5262 tionem
2075 5205 2259 5273 veritas
2286 5198 2421 5268 ejus.
2758 5262 2770 5272 .
2799 5260 2813 5273 _
2838 5261 2850 5273 ,

1941 5274 1968 5313 ιι
2010 5268 2173 5329 [idem
2209 5259 2323 5338 pari
2347 5276 2619 5319 consensu
2652 5262 2771 5338 libri
2784 5260 2885 5338 _bic
2905 5301 2919 5327 ,
2950 5259 3376 5338 Deambulabam,
3402 5275 3460 5321 et

1865 5331 2223 5414 subsequenti
2248 5349 2447 5414 versu,
2469 5331 2947 5414 praeuaricationem
2976 5333 3098 5387 odio
3129 5334 3310 5400 habui,
3340 5331 3451 5391 etc.

1869 5401 2097 5475 Deinde,
2149 5410 2275 5462 Cum
2314 5401 2595 5457 declinaret
2632 5419 2664 5476 ᾳ
2693 5417 2772 5454 me
2800 5401 3061 5476 malignus
3086 5447 3100 5471 ,
3137 5419 3239 5476 non
3266 5420 3460 5476 cogno-

1864 5469 2095 5548 scebam;
2114 5476 2463 5548 detrahentem
2493 5474 2729 5548 proximo
2769 5486 2863 5548 suo
2888 5469 3130 5548 neque}.
3160 5473 3299 5548 In,“
3331 5469 3454 5546 ᾖεν-

1863 5540 2128 5626 sequebar.
2191 5543 2428 5619 Superbo
2449 5540 2596 5598 oculo
2616 5553 2665 5599 et
2693 5540 2974 5598 insatiabili
3004 5543 3181 5615 corde,
3209 5540 3341 5598 Ituic'
3359 5563 3460 5601 non

1865 5624 2218 5683 cont'escebar.
