3936 6180
520 241 628 305 303

1521 231 1581 289 S.
1626 224 2003 287 illERONYMI
2042 224 2276 285 DIVINA
2314 222 2791 283 BIBLIOTHECA.

3695 225 3782 283 504

601 360 728 417 Non
773 354 992 413 adhtesit
1031 352 1159 410 mihi
1207 365 1296 406 cor
1325 363 1540 422 pravum
1563 362 1581 399 :
1607 346 1948 401 declinantem
1972 359 2005 398 a
2033 358 2113 399 me
2139 341 2195 406 Α
2288 340 2637 397 Declinautes
2668 353 2696 392 a
2733 352 2822 396 me
2846 334 3114 422 malignos
3138 348 3249 392 non
3279 334 3639 407 agnoscebam
3661 354 3677 396 :
3703 338 3785 397 de-

528 452 813 525 malignum
837 464 940 503 non
963 441 1345 518 cognoscebam.

596 541 966 599 Detrahentem
984 545 1176 591 secreto
1198 533 1435 606 proximo
1454 546 1570 601 sua,
1604 530 1739 585 hunc
1759 526 2115 601 persequebar.

601 632 837 705 Superbo
879 628 1066 696 oculo,
1108 636 1157 683 et
1201 625 1484 691 insatiabili
1523 624 1712 694 corde,
1752 639 1869 677 cum
1892 620 1989 678 hoc
2015 637 2119 677 non

528 724 773 784 edebam.'

603 817 756 874 Oculi
782 814 882 871 mei
909 814 978 870 ad
1003 812 1185 884 ﬁdeles
1214 821 1386 880 terrm,
1418 820 1474 865 ut
1506 811 1717 867 sedeant
1744 823 1942 864 mecum
1964 822 1984 861 :
2009 820 2122 861 am-

528 912 710 967 bulans
734 909 791 964 in
814 909 898 964 via
922 906 1277 974 immaculata,
1308 905 1392 959 Itic
1416 903 1759 958 ministrabat.

530 1078 537 1081 ’
598 1088 725 1144 Non
751 1084 1001 1141 habitabit
1035 1084 1093 1138 in
1118 1082 1289 1137 medio
1316 1082 1499 1137 domus
1527 1095 1652 1135 mea:
1676 1093 1735 1134 οὲ
1764 1086 1790 1117 ⁸
1821 1078 1909 1149 qui
1940 1076 1962 1145 2
1997 1075 2121 1147 facit

523 1179 816 1253 superbiam
840 1194 859 1232 :
898 1177 987 1248 qui
1033 1175 1260 1247 loquitur
1306 1172 1519 1244 iniqua,
1568 1187 1672 1227 non
1701 1170 1885 1225 direxit
1911 1170 1965 1224 in
1993 1184 2121 1224 con-

523 1277 702 1343 spectu
728 1268 1000 1324 oculorum
1026 1281 1275 1321 meorum.
1548 1336 1555 1342 '

598 1361 668 1416 In
690 1360 947 1416 matutino
980 1356 1355 1427 interﬁciebam
1390 1372 1565 1412 omnes
1604 1364 1897 1428 peccatores
1930 1364 2083 1411 terra:
2103 1369 2123 1409 :

527 1461 587 1509 ut
609 1451 958 1524 disperderem
984 1449 1050 1505 de
1070 1449 1275 1505 civitate
1299 1445 1511 1504 Domini
1540 1463 1714 1503 omnes
1731 1455 2001 1519 operantes
2022 1446 2126 1502 inia

524 1545 793 1617 quitatem.

2219 433 2525 491 trahentem
2568 432 2836 489 adversus
2859 420 3171 505 proximum
3200 443 3360 485 suum
3386 429 3631 502 occulte,
3661 433 3786 490 hunc

2219 524 2607 598 persequebar.

2291 616 2542 688 Superbo
2568 616 2729 672 oculo
2754 657 2769 684 ,
2802 624 2861 674 et
2895 613 3190 671 insatiabili
3221 612 3431 675 corde:
3461 629 3585 671 cum
3613 615 3709 675 boc
3727 615 3790 673 si-

2222 709 2333 766 mul
2365 723 2474 765 non
2501 707 2753 765 edebam.

2293 802 2450 860 Oculi
2471 802 2580 859 mei
2608 818 2773 874 super
2794 800 2981 858 ﬁdeles
3009 808 3191 868 terra),
3221 798 3242 838 τ
3274 807 3334 856 ιιι
3359 798 3587 857 sedeant
3612 801 3665 857 lti
3688 815 3786 857 me-

2223 909 2348 952 cum
2376 913 2391 952 :
2423 893 2710 951 ambulans
2760 893 2815 950 in
2847 894 2934 949 via
2967 892 3336 963 immaculata,
3384 892 3474 950 ltic
3504 893 3635 950 mibi
3657 894 3796 951 mini-

2223 981 2472 1044 strabat.‘
3004 976 3007 981 ’
3733 1004 3743 1013 ·

2295 1078 2415 1135 Non
2443 1077 2711 1135 habitabit
2755 1077 2810 1134 in
2841 1076 3023 1135 medio
3048 1075 3246 1134 domus
3284 1090 3422 1133 mea:
3446 1076 3543 1148 qui
3573 1078 3695 1134 tacit
3716 1092 3799 1134 su-

2224 1164 2470 1242 perbiam
2499 1189 2515 1227 :
2560 1171 2652 1241 qui
2700 1170 2947 1242 loquitur
2984 1169 3171 1242 iniqua
3193 1208 3212 1240 ,
3243 1183 3351 1226 non
3377 1169 3586 1228 direxit
3608 1171 3660 1227 in
3684 1185 3798 1227 cou-

2229 1252 2423 1334 spcctu
2446 1261 2728 1317 oculorum
2760 1276 3028 1317 meorum.

2302 1350 2360 1408 In
2381 1353 2659 1408 matutinis
2682 1350 3078 1409 interﬁciebam
3094 1366 3287 1410 omnes
3306 1361 3620 1425 peccatores
3633 1360 3800 1410 terrae:

2229 1454 2291 1502 ut
2316 1444 2625 1517 disperdam
2654 1443 2786 1517 [Ηε.
2814 1444 2943 1500 add.
2974 1444 3095 1518 eos]
3121 1446 3191 1503 de
3209 1445 3431 1504 civitate
3456 1446 3671 1504 Domini
3696 1462 3803 1504 om-

2232 1552 2329 1596 nes
2358 1537 2450 1610 qui
2478 1544 2776 1610 operantur
2801 1537 3164 1609 iniquitatem.

529 1846 725 1893 murto
770 1840 1027 1887 rsuram
1051 1870 1066 1897 ,
1107 1840 1217 1881 cun
1249 1823 1279 1864 ι’
1324 1838 1515 1881 Αιωυς
1563 1840 1797 1891 rusmr,
1838 1839 1908 1880 er
1946 1839 2127 1881 CORAI

2268 1840 2430 1882 RATIO
2459 1834 2484 1874 8
2514 1839 2769 1881 ΡΑυρειιιε
2787 1866 2804 1891 ,
2828 1839 2936 1881 CUII
2976 1836 3251 1880 ΑΝιιΑτυε
3278 1837 3475 1881 ευειιιτ
3495 1868 3512 1895 ,
3550 1840 3624 1882 Ετ
3651 1839 3806 1882 com

833 1913 1032 1957 DOIINO
1069 1911 1369 1953 επυυειιιτ
1406 1910 1614 1952 PBECEI
1653 1908 1825 1952 ευΑΜ.

602 1994 857 2061 Domine,
896 1989 1084 2047 exaudi
1120 1988 1410 2044 orationem
1440 2003 1603 2043 meam
1627 2003 1647 2043 :
1686 1997 1736 2044 et
1763 1986 1960 2043 clamor
1988 2003 2129 2044 meus

528 2090 599 2146 ad
626 2098 673 2145 te
692 2087 886 2143 veniat.
1688 2154 1691 2157 Α

602 2183 658 2239 Ν
663 2199 730 2238 οη
754 2187 952 2236 avertas
977 2177 1166 2251 faciem
1190 2184 1333 2232 tuam
1353 2193 1386 2233 a
1410 2193 1488 2233 me
1513 2192 1532 2231 :
1548 2176 1601 2232 in
1630 2186 1653 2216 ο
1671 2191 1731 2233 -ξσ
1750 2192 2076 2250 quacumque
2102 2174 2125 2246 2

529 2275 614 2332 die
641 2272 878 2338 tribulor,
908 2271 1104 2325 inclina
1129 2268 1199 2323 ad
1224 2284 1305 2323 me
1327 2284 1503 2324 aurem
1535 2276 1698 2325 tuam.

601 2365 670 2422 In
689 2379 1012 2438 quacumque
1036 2362 1122 2417 die
1145 2362 1447 2419 invocavero
1467 2376 1527 2417 -:-
1559 2370 1608 2417 te
1628 2362 1650 2430 2
1679 2361 1919 2418 velociter
1941 2361 2133 2418 exaudi

530 2475 632 2515 me.

605 2548 743 2617 Quia
772 2548 1074 2621 defecerunt
1102 2546 1442 2619 sicut'fumus
1480 2545 1589 2603 dies
1624 2547 1725 2603 mei
1747 2562 1771 2607 ;
1798 2556 1845 2603 et
1874 2564 1993 2605 ossa
2021 2565 2134 2606 mea

533 2642 666 2699 sicut
688 2640 937 2696 cremium
958 2646 1231 2694 aruerunt.

605 2731 895 2787 Percussus
921 2725 950 2767 ά
976 2745 1093 2783 sttm
1120 2736 1174 2783 ut
1200 2728 1401 2798 fenum,
1429 2738 1479 2784 et
1502 2729 1642 2784 aruit
1672 2744 1763 2785 cor
1786 2745 1991 2786 meum:
2010 2731 2135 2803 quia

533 2825 722 2884 oblitus
744 2838 862 2879 sum
883 2810 1150 2876 cvmedere
1178 2836 1363 2892 panem
1391 2836 1580 2877 meum.

605 2917 653 2974 A
678 2931 802 2973 voce
824 2914 1045 2988 gemitus
1068 2913 1190 2981 mei,
1220 2912 1442 2969 adlursit
1468 2929 1526 2977 os
1550 2929 1716 2969 meum
1740 2913 1887 2969 carni
1914 2929 2060 2971 meae.

609 3099 813 3158 Similis
850 3098 1018 3168 factus
1055 3113 1171 3152 sum
1204 3097 1435 3169 pelicano
1466 3097 1763 3154 solitudinis
1783 3114 1805 3153 :
1828 3098 1994 3169 factus
2022 3114 2136 3154 sunt

538 3193 675 3248 sicut
700 3189 1002 3261 nycticoraa:
1021 3187 1143 3258 Ws.
1172 3188 1487 3258 necticoraec]
1514 3190 1570 3242 in
1598 3190 1884 3245 domicilio.

613 3282 864 3355 Vigilavi,
878 3289 925 3335 et
948 3281 1119 3351 {actus
1138 3296 1252 3334 sunt
1272 3281 1405 3335 sicut
1427 3283 1876 3349 passersolitarius
1900 3282 1955 3338 in
1975 3290 2129 3339 tecto.

608 3375 746 3430 Tota
775 3372 857 3427 die
886 3369 1267 3443 exprobrabant
1302 3369 1431 3423 mihi
1461 3370 1655 3424 inimici
1687 3373 1785 3426 mei
1813 3387 1874 3428 +
1907 3383 1955 3428 et
1991 3373 2012 3441 2
2044 3371 2135 3443 qui

537 3466 823 3522 laudabant
852 3477 957 3530 me,
984 3461 1254 3516 adversum
1272 3477 1352 3516 me
1371 3461 1647 3534 jurabant.

613 3555 749 3622 Quia
792 3552 1018 3606 cinerem
1066 3558 1327 3621 tamquam
1369 3566 1555 3620 panem
1586 3551 1973 3609 manducabam
2014 3571 2035 3610 ε
2086 3564 2136 3611 ει

538 3661 565 3688 ο
590 3657 768 3721 potum
788 3659 961 3702 meum
988 3659 1105 3698 cum
1129 3644 1256 3713 ﬂetu
1284 3643 1576 3699 miscebam.

608 3742 656 3795 A
683 3739 820 3811 facie
850 3738 945 3792 ira:
979 3743 1028 3791 et
1064 3733 1439 3805 indignationis
1469 3746 1572 3792 tute
1596 3752 1617 3792 :
1640 3739 1765 3810 quia
1785 3739 1989 3796 elevans
2017 3740 2140 3797 alli-

539 3833 652 3890 sisti
680 3847 780 3886 me.

612 3924 741 3980 Dies
784 3922 887 3978 mei
931 3921 1063 3978 sicut
1110 3921 1294 3977 umbra
1340 3922 1723 3981 declinaverunt
1747 3942 1767 3983 :
1795 3934 1845 3983 et
1873 3942 1968 3999 ego
2002 3928 2137 3984 sicut

538 4020 719 4091 fenum
743 4017 878 4071 arui.

610 4110 692 4167 Tu
720 4108 895 4166 autem
917 4150 934 4178 ,
965 4108 1214 4177 Domine,
1251 4109 1306 4164 in
1330 4118 1578 4166 (sternunt
1605 4102 1872 4184 p’erntanes
1897 4128 1918 4169 :
1953 4124 2003 4171 et
2032 4130 2136 4171 me-

536 4203 760 4259 moriale
785 4210 933 4258 tuum
960 4202 1015 4257 in
1040 4202 1417 4273 generationem
1440 4243 1456 4271 ,
1490 4212 1539 4258 et
1562 4207 1970 4276 generationem.

2596 1911 2701 1953 ι)εο
2729 1911 3036 1952 εηυυειιιτ
3067 1910 3279 1952 PBECEI
3301 1910 3472 1952 ειμι.

2300 1991 2568 2059 Domine,
2636 1990 2839 2048 exaudi
2899 1989 3206 2046 orationem
3252 2004 3472 2046 meam:
3516 1998 3580 2047 et
3622 1989 3809 2046 clamor

2230 2098 2389 2140 meus
2414 2083 2482 2139 ad
2508 2091 2561 2140 te
2593 2082 2899 2154 perveniat.
3745 2124 3751 2130 .

2301 2174 2380 2232 Ne
2408 2185 2627 2233 avertas
2662 2174 2861 2232 faciem
2888 2181 3035 2230 tuam
3062 2188 3092 2228 a
3120 2189 3249 2231 me:
3287 2173 3342 2230 in
3372 2188 3711 2248 quacumque
3733 2170 3809 2229 die

2234 2267 2492 2337 tribulor,
2518 2267 2720 2324 inclina
2757 2265 2826 2322 ad
2855 2282 2943 2323 me
2967 2281 3155 2323 aurem
3190 2275 3372 2323 tuam:
3400 2266 3456 2323 in
3483 2278 3806 2339 quacumque

2233 2360 2322 2418 die
2350 2361 2679 2418 invocavero
2708 2368 2781 2431 te,
2807 2358 3073 2418 velociter
3098 2359 3297 2417 exaudi
3325 2374 3437 2418 me.

2318 2540 2455 2609 Quia
2503 2538 2827 2597 deiecerunt
2870 2539 3012 2597 sicut
3065 2538 3250 2599 fumus
3289 2538 3407 2598 dies
3447 2538 3555 2597 mei
3582 2555 3598 2596 :
3627 2547 3679 2597 et
3704 2548 3812 2595 ossa

2235 2649 2357 2692 mea
2388 2633 2533 2690 sicut
2562 2635 2618 2690 itt
2647 2632 2878 2690 lrixorio
2905 2632 3161 2690 conlrixa
3188 2641 3339 2689 sunt.

2307 2728 2608 2784 Percussus
2647 2742 2769 2784 sum
2797 2727 2941 2785 sicut
2977 2727 3161 2784 fenum
3186 2767 3204 2793 ,
3243 2736 3300 2783 et
3325 2727 3470 2784 aruit
3495 2740 3595 2784 cor
3622 2737 3810 2793 meum,

2235 2822 2361 2895 quia
2392 2820 2519 2895 [Πε.
2544 2818 2827 2894 quoniam]
2871 2820 3078 2878 oblitus
3120 2835 3242 2877 sum
3268 2820 3605 2877 manducare
3630 2831 3813 2891 pauent

2236 2929 2455 2971 meum:
2504 2928 2536 2970 a
2567 2929 2702 2971 voce
2726 2912 2960 2986 gemitus
2987 2913 3134 2982 mei,
3165 2912 3522 2971 adbzeserunt
3556 2927 3686 2970 ossa
3707 2924 3816 2969 mea

2236 3007 2390 3065 carni
2414 3022 2575 3065 meai.

2311 3098 2519 3158 Similis
2545 3100 2724 3157 factus
2774 3116 2895 3158 sum
2925 3101 3176 3173 pelicano
3214 3100 3269 3157 in
3296 3099 3591 3158 solitudine
3613 3141 3632 3170 ,
3670 3107 3726 3157 et
3746 3096 3818 3154 ia-

2161 3209 2209 3273 C
2239 3202 2360 3251 ctus
2389 3208 2536 3261 sum,
2570 3191 2601 3230 ιι
2629 3193 2772 3250 sicut
2808 3194 3120 3266 nycticorax
3162 3192 3218 3249 in
3239 3192 3559 3249 domicilio:
3589 3189 3816 3264 vigilavi,

2236 3296 2294 3344 et
2320 3287 2495 3343 luctus
2516 3302 2638 3344 sum
2667 3287 2812 3344 sicut
2838 3302 3035 3358 passer
3064 3288 3081 3326 ί
3114 3287 3308 3344 unicus
3329 3289 3384 3342 iu
3416 3286 3675 3343 aedilicio.

2310 3378 2447 3435 Tota
2473 3378 2566 3435 die
2608 3379 3015 3451 exprobrabant
3055 3379 3071 3430 i
3121 3395 3209 3436 me
3252 3378 3457 3436 inimici
3486 3378 3631 3435 mei:
3665 3385 3720 3435 et
3738 3373 3817 3448 qui

2240 3485 2330 3526 me
2351 3468 2664 3541 laudabant,
2697 3468 2960 3526 adversus
2989 3485 3078 3526 me
3101 3469 3378 3542 jurabant.

2315 3561 2451 3631 Quia
2495 3562 2735 3618 cinerem
2764 3562 2907 3619 sicut
2950 3577 3147 3634 panem
3184 3561 3581 3619 manducabam
3608 3578 3622 3617 :
3653 3571 3711 3620 et
3734 3573 3819 3633 po-

2242 3662 2358 3711 tum
2385 3668 2569 3710 meum
2598 3668 2723 3709 cum
2753 3652 2883 3711 ﬂetu
2912 3653 3310 3724 temperabam.

2311 3746 2516 3804 Aiacie
2564 3746 2661 3804 irae
2707 3754 2764 3803 et
2807 3745 3199 3818 indignationis
3248 3755 3396 3806 tum:
3442 3745 3573 3818 quia
3608 3744 3818 3803 elevans

2240 3837 2435 3896 elisisti
2461 3853 2569 3893 me.

2311 3928 2438 3985 Dies
2484 3927 2593 3985 mei
2633 3928 2776 3984 sicut
2804 3927 2997 3984 umbra
3026 3927 3477 3986 declinaverunt:
3513 3935 3570 3986 et
3592 3942 3690 4000 ego
3718 3926 3820 3983 sic-

2242 4031 2301 4079 ut
2332 4019 2460 4092 [Ms.
2488 4019 2658 4092 velut]
2698 4020 2885 4077 fenum
2915 4020 3057 4078 arui.

2315 4112 2398 4170 Tu
2450 4123 2655 4180 autem.
2705 4114 2950 4182 Domine,
3002 4113 3059 4171 in
3107 4123 3372 4171 aeternum
3419 4128 3723 4186 permanes,
3768 4119 3823 4167 et

2250 4206 2568 4264 memoriale
2600 4216 2749 4264 tuum
2777 4206 2831 4263 iu
2864 4205 3125 4264 saeculum
3148 4206 3354 4264 surculi.

539 4367 560 4463 ί
618 4394 646 4425 α
685 4381 815 4442 Siue
832 4382 993 4442 obelo
1018 4380 1300 4438 Palatinus
1316 4397 1420 4439 ms.
1440 4390 1495 4438 et
1514 4380 1688 4463 Carus
1705 4398 2008 4455 pronomen
2037 4385 2143 4443 hoc
2169 4386 2220 4448 Ι)
2246 4387 2443 4463 habitat
2468 4389 2522 4463 in
2553 4385 2835 4463 solitudine
2860 4426 2876 4453 ,
2925 4385 3094 4463 factus
3126 4401 3244 4439 sum
3281 4383 3416 4463 sicut
3455 4382 3745 4463 πνεῦσον-ξιτ
3769 4377 3817 4433 in

544 4456 751 4528 legunt.

617 4524 645 4568 ἰ»
684 4527 743 4582 ln
771 4525 1020 4582 Palatino
1042 4539 1157 4595 ms.
1178 4538 1295 4595 cum
1323 4524 1566 4579 anxiatus
1594 4524 1789 4595 fuerit,
1844 4534 1893 4581 et
1933 4527 2002 4581 ad
2034 4526 2140 4584 Do-

545 4598 747 4653 minum
770 4613 974 4666 precem
1007 4612 1067 4651 -εκ
1103 4594 1162 4666 e[
1182 4594 1205 4661 2
1241 4594 1462 4665 fuderit.

618 4679 642 4707 ε
680 4664 859 4722 Minus
904 4676 1059 4722 recte
1109 4664 1251 4719 idem
1292 4679 1398 4720 ms.
1444 4677 1498 4720 et
1545 4665 1717 4721 Carus
1746 4666 1962 4723 obelum
1991 4667 2144 4725 hune

545 4737 831 4794 omittunt.
870 4738 1236 4807 Subsequenti
1268 4748 1402 4790 vero
1427 4734 1660 4791 Palatin.
1693 4752 1797 4793 ms.
1830 4738 1983 4795 addit
2008 4738 2140 4794 Dia-

585 4810 767 4863 salma.
1786 4838 1797 4847 -

545 4826 953 4950 P‘amiileposuit
988 4874 1211 4947 sequior
1238 4890 1435 4932 manus
1463 4875 1519 4932 in
1549 4876 1745 4935 eodem
1774 4892 1878 4935 ms.
1908 4877 2136 4937 Percus-

546 4965 635 5003 ιω
657 4956 754 5004 εει.

618 5028 645 5091 ξ
685 5017 1136 5091 ideml’alatiuus
1162 5030 1292 5085 ms.,
1322 5028 1371 5091 et
1395 5016 1639 5091 poculum
1657 5036 1850 5089 meum,
1882 5031 1989 5078 etc.
2064 5056 2071 5063 ~

617 5086 640 5126 ί
684 5088 1170 5160 bis._Ycronensis,
1215 5097 1271 5160 ut
1297 5086 1705 5146 simulsederent
1728 5109 1747 5146 :
1776 5086 1938 5160 atque
1962 5094 2137 5151 altero

542 5172 745 5234 versu_._
782 5158 904 5214 Non
926 5158 1207 5234 _habitaba_t
1242 5159 1311 5234 ‘in
1353 5161 1527 5234 medio
1564 5161 1752 5216 domus
1786 5158 1916 5234 mea:
1935 5165 2136 5234 faciens

540 5230 834 5306 superbiant
855 5269 873 5296 ,
919 5230 1132 5299 loquens
1178 5228 1359 5297 iniqua
1383 5246 1404 5285 :
1434 5231 1606 5306 ferme
1650 5247 1774 5288 cum
1799 5228 2129 5306 Augustino,

544 5299 611 5353 ut
630 5300 761 5373 et_in
787 5299 916 5368 line,
948 5315 1118 5373 omnes
1140 5303 1780 5373 operanlesjniquitalem.

618 5379 645 5417 κ
686 5369 880 5426 Ferme
920 5383 1043 5439 cum
1075 5369 1372 5438 Augustino
1401 5369 1733 5430 Veronensis
1780 5388 1884 5429 ms.
1909 5415 1925 5439 ,
1957 5375 2137 5432 Oratio

545 5440 721 5510 inopis
746 5438 1101 5519 ριιηιλσάξυεη
1126 5450 1385 5519 pateretur
1417 5438 2007 5519 (August.,angeretur)
2022 5449 2136 5503 etin

545 5508 814 5581 conspectu
857 5508 1068 5581 Domini
1092 5508 1280 5577 effudit
1321 5508 1717 5581 precem'suam.
1763 5508 2000 5578 Exaudi:
2029 5520 2136 5571 Do-

543 5579 683 5630 mine
706 5619 721 5641 ,
750 5579 1036 5654 orationem
1073 5592 1277 5654 meam_:
1311 5579 1433 5636 mox
1463 5584 1563 5637 cito
1584 5628 1596 5651 ,
1629 5600 1728 5654 pro
1766 5584 2024 5642 velociter.
2067 5589 2135 5643 Et

546 5655 671 5728 post
718 5647 898 5728 alium.
933 5662 1200 5728 vermth
1220 5648 1534 5728 Percussum
1560 5647 1646 5707 est'
1663 5658 1797 5709 sicut
1816 5658 2005 5728 fenum
2028 5702 2044 5728 ,
2077 5666 2136 5714 et

547 5713 901 5785 subsequeuti
940 5713 1049 5769 alio
1075 5753 1091 5783 ,
1138 5714 1342 5775 Similis
1395 5724 1563 5791 factus
1596 5739 1711 5780 sum
1740 5713 1977 5799 pelicano
2000 5713 2135 5804 {qui

2283 4459 2520 4512 arietinis
2543 4473 2560 4512 :
2588 4458 2797 4530 vigilavi
2816 4499 2832 4524 ,
2860 4453 3107 4530 euinctus
3126 4458 3420 4530 _sum_s_icut
3449 4453 3627 4530 passer
3647 4453 3820 4530 singu-

2283 4476 2520 4512 arietinis
2543 4476 2560 4512 .'
2588 4476 2797 4530 ιηθιιαυι
2816 4499 2832 4524 ,
2860 4476 2908 4512 ει
2937 4476 3107 4530 laetus
3139 4476 3255 4510 sum
3283 4476 3420 4510 ειεῑιι
3449 4476 3627 4524 passer
3650 4476 3810 4523 ﬂugu-

2243 4476 2371 4583 ﬂuis
2391 4530 2447 4583 in
2475 4539 2629 4586 tecto.
2688 4529 2805 4584 llue
2832 4527 2977 4584 refer
3005 4527 3231 4597 solidam
3269 4526 3584 4597 Hieronymi
3630 4523 3810 4591 dispu-

2244 4598 2501 4655 tationem
2530 4599 2584 4655 iu
2611 4599 2759 4655 hunc
2786 4613 3027 4665 versum,
3056 4596 3177 4669 quin
3202 4604 3373 4669 totum
3403 4595 3521 4651 fere
3544 4606 3817 4650 numerum

2241 4670 2593 4740 63_Epistolte
2621 4671 2689 4724 ad
2725 4669 2988 4727 Sunniam
3013 4667 3366 4740 et’Frctelntn
3398 4675 3566 4740 tenet.

2315 4738 2344 4778 ¹ι
2384 4734 2459 4797 De
2489 4741 2592 4797 hac
2618 4756 2754 4813 voce
2784 4741 3094 4813 nyeticoraa:
3120 4739 3273 4813 plura
3309 4737 3534 4813 disserit
3548 4734 3821 4813 yierony:

2242 4828 2364 4868 mus
2408 4812 2462 4868 in
2504 4827 2603 4867 sua
2633 4812 2796 4882 epist.
2821 4804 3043 4882 'Videsis
3085 4804 3500 4865 observationes
3548 4804 3818 4861 Prodromi

2241 4884 2413 4939 nostri
2441 4882 2506 4938 ad
2531 4881 2677 4939 hunc
2698 4883 2900 4937 locum.
2928 4881 3111 4935 Maur.

2319 4953 2336 4992 ί
2374 4954 2447 5009 lta
2487 4954 2743 5024 antiquos
2772 4952 3091 5024 Latinorum
3121 4948 3339 5024 codices
3365 4948 3536 5004 luisse
3563 4946 3822 5016 interpre-

2243 5018 2656 5099 tatos_§tgnoscit
2688 5024 2831 5099 idem
2862 5021 3246 5099 Hieronymus.
3285 5018 3468 5099 bitur.
3640 5088 3654 5099 .
3690 5086 3703 5099 ο
3759 5084 3772 5097 _
3807 5082 3821 5095 ο

2316 5095 2331 5148 i
2381 5088 2991 5166 VEronncumAngust.
3032 5088 3411 5166 caprobrabant
3464 5089 3593 5144 mihi
3635 5088 3820 5166 inimifi

2247 5175 2383 5233 tum,
2408 5166 2510 5220 mei
2534 5182 2555 5219 :
2581 5164 2840 5234 Quoniam
2851 5159 3085 5217 vcinerem
3112 5165 3245 5217 sicut
3275 5178 3459 5234 panem
3498 5159 3819 5234 manducavi,

2241 5249 2288 5291 et
2316 5230 2491 5309 patum
2515 5230 2681 5309 meum
2709 5251 2826 5289 cum
2851 5236 2978 5306 ﬂetu
3008 5234 3302 5309 miscebam.
3333 5232 3376 5285 Α
3419 5232 3553 5301 facie
3581 5230 3670 5309 ira:
3717 5235 3821 5309 tu?

2239 5318 2288 5361 et
2316 5302 2688 5378 indignationis
2725 5302 3116 5378 tuw.'qttoniam
3140 5302 3815 5378 elevans,__peues_August.

2241 5369 2448 5450 levasti:
2467 5378 2601 5450 llinc
2649 5376 2859 5432 duobus
2884 5369 3202 5445 'iutcrjcctis
3232 5369 3514 5450 versibus,
3563 5369 3817 5450 Tueero,

2240 5446 2542 5513 Domine,in
2565 5457 2810 5501 wterntun
2851 5440 3055 5510 inanes,
3072 5454 3119 5498 et
3147 5440 3448 5497 memoriale
3477 5451 3626 5514 tuum
3653 5440 3707 5514 in_
3727 5448 3818 5514 ge;-

2239 5506 2555 5573 neration'em
2578 5526 2626 5570 et
2672 5506 3072 5587 generationem.
3100 5514 3177 5569 Tu
3206 5528 3487 5587 exsurgens
3516 5506 3817 5587 misereberi‘

2241 5590 2392 5653 Sion,
2410 5578 3491 5660 quongiamv'cnitlAugustin.yet'bum'hnc
3519 5578 3675 5660 tacet)
3693 5585 3819 5660 tem-

2239 5677 2359 5734 pus,
2381 5650 2437 5717 ui
2483 5650 3050 5734 ntiserearis'ejns'(vel
3079 5655 3148 5729 ei)
3177 5653 3423 5726 quoniam
3448 5650 3581 5709 venit
3606 5658 3812 5719 templi.
