3936 6180
200 217 308 275 305

280 329 359 385 Tu
386 347 661 405 exsurgens
689 333 1002 389 misereberis
1049 335 1182 392 Sion
1222 351 1243 392 :

204 424 411 477 serendi
438 435 462 460 τι
486 429 627 494 ejus,
750 426 872 495 quia
890 428 1021 479 venit
1050 435 1261 498 tempus.

279 514 528 581 Quoniam
557 517 579 584 ζ
635 519 943 587 placuerunt
986 522 1143 573 servis
1173 521 1271 574 tuis
1303 521 1501 593 lapides
1529 526 1642 596 ejus
1668 569 1684 595 ,
1738 539 1788 583 et

199 620 347 663 terra:
372 613 483 681 ejus
510 610 905 665 misercbuntur.

261 700 327 754 Et
355 702 606 756 timebunt
636 712 805 774 gentes
832 702 859 741 δ
887 720 1067 759 nomen
1098 714 1273 772 tuum,
1305 706 1528 763 Domine
1555 726 1575 765 :
1599 721 1648 765 et
1679 728 1787 767 om-

194 810 275 845 nes
304 809 446 863 rcges
476 803 634 847 terra:
658 795 874 865 gloriam
902 807 1067 851 tuam.

259 884 395 950 Quia
423 886 703 955 wdiﬁcavit
736 886 986 943 Dominus
1018 888 1188 945 Sion:
1225 900 1271 944 et
1318 891 1566 946 videbitur
1596 896 1647 947 in
1676 896 1787 966 glo-

189 994 264 1031 ria
282 995 397 1032 sua.

251 1067 499 1139 Respexit
562 1070 618 1124 in
660 1072 941 1126 orationem
988 1072 1263 1128 humilium
1313 1092 1332 1133 .-

188 1178 377 1232 precem
408 1179 622 1219 eorum.

250 1254 568 1309 Scribuntur
598 1254 707 1310 Iure
744 1256 798 1309 in
827 1266 849 1295 ε
887 1258 1215 1328 generatione
1254 1258 1419 1315 altera
1448 1278 1467 1317 :
1490 1272 1539 1318 et
1563 1265 1785 1335 papulas

183 1345 265 1414 qui
295 1347 593 1409 creabitur,
626 1347 858 1402 laudabit
886 1348 1186 1402 Dominum.
1526 1408 1527 1411 η

247 1439 387 1503 Quia
413 1441 683 1511 prospexit
709 1441 774 1494 de
793 1441 995 1495 excelso
1029 1451 1206 1495 sancto
1230 1458 1324 1498 suo
1353 1460 1368 1495 :
1419 1444 1676 1501 Dominus
1720 1449 1785 1502 de

180 1532 296 1586 calo
318 1532 373 1586 in
401 1542 607 1586 terram
638 1534 859 1604 aspexit.

248 1624 311 1680 Ut
338 1626 547 1679 audiret
573 1628 793 1697 gemitus
822 1628 1228 1698 compeditorum
1260 1645 1278 1683 :
1310 1641 1364 1685 ut
1390 1633 1610 1689 solveret
1642 1635 1781 1703 ﬁlios

178 1716 622 1790 interemptorum.

244 1807 307 1863 Ut
351 1810 669 1865 annuntient
698 1810 750 1864 in
781 1809 915 1866 Sion
954 1828 1141 1868 nomen
1182 1812 1394 1871 Domini
1424 1833 1443 1871 :
1490 1827 1539 1872 et
1569 1819 1780 1876 landem

176 1900 280 1970 ejus
304 1900 358 1954 in
386 1899 714 1957 Jerusalem.

236 1990 301 2047 In
329 1994 689 2048 conveniendo
728 1994 951 2066 papulos
996 1996 1052 2051 in
1083 2013 1243 2053 unum
1267 2041 1282 2067 ,
1312 2009 1362 2054 et
1399 2017 1545 2073 reges
1587 2013 1644 2058 ut
1671 2022 1779 2060 ser-

174 2084 302 2139 viant
329 2083 591 2141 Domino.

238 2179 528 2251 Respondit
561 2184 613 2236 ei
642 2183 696 2235 in
723 2183 806 2236 via
830 2184 1035 2239 virtutis
1062 2201 1170 2241 sua:
1195 2201 1218 2242 :
1244 2189 1556 2258 paucitatem
1576 2191 1779 2247 dierum

178 2288 393 2327 meorum
420 2275 621 2329 nuntia
649 2276 797 2331 mihi.

239 2365 319 2420 Ne
376 2384 595 2423 revoces
647 2386 729 2425 me
771 2371 825 2426 in
874 2373 1091 2429 dimidio
1139 2376 1338 2431 dierum
1375 2394 1606 2435 meorum
1656 2397 1675 2436 :
1723 2383 1778 2437 in

173 2459 553 2526 generationem
584 2469 631 2515 et
661 2465 1041 2533 generationem
1070 2469 1196 2521 anni
1222 2470 1321 2525 tui.

238 2547 442 2605 ιιιὶιὶοά
490 2567 561 2608 -ξν
594 2562 651 2607 tu
691 2553 914 2611 Domine
946 2558 968 2625 ζ
999 2567 1188 2614 terram
1219 2561 1453 2633 fundasti
1478 2578 1497 2617 :
1521 2572 1571 2619 et
1621 2581 1779 2638 opera

175 2656 403 2697 manuum
427 2654 654 2699 tuarum
686 2661 741 2702 -t~
775 2661 892 2702 sunt
927 2650 948 2718 ζ
978 2652 1110 2706 caeli.

237 2731 345 2801 Ipsi
366 2735 661 2805 peribunt,
690 2746 748 2791 tu
775 2748 947 2793 autem
987 2758 1253 2811 permanes
1289 2760 1309 2799 :
1358 2754 1405 2801 et
1436 2763 1610 2803 omnes
1638 2749 1778 2804 sicut

179 2823 523 2880 vestimentum
557 2837 869 2884 veterascent
896 2830 915 2902 [
940 2831 1038 2887 Ms.
1071 2844 1394 2890 ueterascunt
1422 2836 1462 2909 ].

240 2926 262 2953 ε
284 2915 346 2969 Et
367 2919 505 2972 sicut
537 2922 854 2991 apertorium
877 2924 1096 2979 mutabis
1118 2942 1225 2995 eos,
1249 2936 1295 2981 et
1322 2931 1654 2987 mutabuntur
1677 2950 1695 2988 :
1723 2943 1778 2989 tu

176 3021 330 3064 autem
360 3028 420 3067 -:-
457 3013 654 3083 idem:
698 3016 806 3087 ipse
828 3032 911 3084 es,
953 3028 1001 3073 et
1027 3021 1152 3073 anni
1182 3021 1260 3075 tui
1282 3037 1383 3076 non
1408 3024 1667 3092 deﬁcient.

1381 1086 1429 1131 et
1458 1093 1557 1131 non
1596 1080 1785 1149 sprevit

1523 227 1727 285 LIBER
1767 232 2209 296 PSALMORUM.

1297 340 1417 405 quia
1447 349 1644 411 tempus
1688 347 1781 400 nti-

1960 355 2040 410 Tu
2067 370 2365 426 exsurgens
2395 354 2742 412 misereberis
2782 354 2914 413 Sion
2946 373 2956 409 :
2991 356 3114 428 quia
3144 358 3296 415 venit
3342 369 3477 417 tem-

3375 246 3481 303 306

1891 460 1993 517 pus
2014 447 2303 503 miserendi
2333 446 2469 516 ejus.

1959 538 2093 606 Quia
2142 530 2288 611 Illis.
2348 540 2644 612 quoniam]
2706 541 3109 612 bencplacitum
3170 542 3479 600 habuerunt

1888 631 2029 682 servi
2054 630 2127 683 tui
2152 629 2360 700 lapides
2384 630 2505 699 ejus
2531 648 2542 683 :
2571 640 2624 685 et
2656 629 2673 667 ί
2710 640 2869 686 terra:
2897 633 3017 701 ejus
3045 633 3475 689 misercbunlur.

1962 722 2028 776 Et
2077 723 2341 777 timebunt
2389 733 2581 792 gentes
2624 740 2820 780 nomen
2867 735 3042 793 tuum,
3093 726 3370 783 Domine:
3423 737 3480 783 et

1887 827 2079 868 omnes
2105 828 2260 883 rcges
2291 823 2450 869 terrae
2479 815 2706 884 gloriam
2738 824 2909 871 tuam.

1958 905 2224 973 Quoniam
2283 905 2573 961 :editicabit
2631 905 2772 978 |_Ms.
2826 907 3145 980 :ediﬁcavit]
3214 909 3475 966 Dominus

1887 998 2018 1054 Sion
2049 1016 2062 1051 :
2096 1008 2149 1053 et
2179 997 2451 1053 videbitur
2479 1000 2531 1053 in
2565 1000 2849 1068 majesmte
2877 1016 2996 1055 sua.

1961 1092 2028 1146 Et
2060 1091 2301 1160 respexit
2326 1092 2380 1146 in
2406 1092 2682 1149 orationes
2712 1108 3010 1165 pauperum
3046 1112 3060 1150 :
3091 1103 3147 1151 et
3174 1112 3282 1153 non
3312 1112 3469 1168 spre-

1885 1181 1963 1237 vit
1994 1197 2185 1251 preces
2211 1198 2421 1237 eorum.

1958 1274 2275 1330 Scribuntur
2316 1275 2430 1331 haec
2471 1276 2524 1330 in
2550 1276 2899 1346 generatione
2935 1278 3105 1334 altera

1886 1366 1970 1421 lus
1992 1366 2084 1436 qui
2114 1366 2408 1434 creabitur,
2443 1367 2687 1423 laudabit
2714 1369 3025 1424 Dominum.

1956 1457 2223 1524 Quoniam
2257 1459 2542 1527 prospexit
2562 1458 2630 1513 de
2652 1459 2871 1515 excelso
2898 1468 3089 1515 sancto
3117 1475 3218 1518 suo
3248 1481 3259 1516 :
3293 1464 3474 1519 Domi-

1885 1564 1986 1603 nus
2009 1549 2077 1603 de
2106 1548 2246 1604 cmlo
2277 1549 2332 1603 in
2363 1558 2561 1605 terram
2596 1553 2897 1619 prospexit.

1956 1641 2024 1697 Ut
2058 1642 2267 1696 audiret
2296 1643 2553 1713 gemitum
2582 1643 2979 1698 vinculatorum
3012 1660 3025 1698 :
3058 1653 3111 1701 et
3132 1647 3307 1702 solvat
3333 1647 3475 1703 ﬁlios

3149 1298 3162 1334 :
3205 1288 3261 1336 et
3300 1296 3475 1353 popu-

1809 1737 1857 1797 B
1882 1732 2361 1803 interemptorum.

1956 1827 2025 1882 Ut
2053 1828 2405 1882 annuntietur
2433 1828 2483 1881 in
2531 1826 2661 1883 Sion
2703 1842 2903 1883 nomen
2943 1828 3157 1884 Domini
3207 1847 3221 1884 :
3267 1838 3323 1886 et
3356 1830 3474 1888 laus

1882 1920 1999 1990 ejus
2029 1921 2083 1974 in
2116 1919 2441 1975 Jerusalem.

1950 2011 2007 2065 In
2033 2010 2403 2067 convertenda
2430 2012 2655 2083 populos
2677 2012 2732 2068 in
2755 2028 2945 2079 unum,
2975 2020 3032 2069 et
3070 2028 3241 2086 regna
3267 2022 3327 2071 ut
3356 2029 3474 2072 ser-

1879 2104 2029 2159 viant
2060 2104 2312 2159 Domino.

1950 2196 2253 2267 Respondit
2300 2198 2349 2253 ei
2395 2198 2448 2252 in
2482 2198 2565 2253 via
2599 2207 2624 2245 8
2676 2199 2896 2254 virtutis
2947 2214 3083 2267 suae,
3141 2202 3471 2269 paucitatem

1878 2287 2092 2343 dierum
2122 2303 2368 2343 meorum
2398 2289 2617 2344 enuntio
2646 2290 2777 2344 mihi
2810 2309 2821 2343 :
2852 2301 2907 2345 et
2940 2306 3007 2345 ne
3036 2306 3260 2347 revoces
3289 2308 3374 2348 me
3418 2294 3474 2349 in

1878 2381 2105 2436 dimidio
2136 2381 2347 2437 dierum
2385 2398 2653 2450 meorum,
2686 2382 2739 2438 in
2793 2383 3054 2439 smculum
3104 2386 3290 2439 smculi
3343 2388 3471 2441 anni

1883 2476 1983 2529 tui.

1952 2566 2108 2621 Initio
2135 2574 2338 2622 terram
2379 2575 2437 2622 tu
2466 2566 2720 2639 fundasti,
2765 2566 3017 2635 Domine,
3061 2576 3117 2625 et
3145 2582 3314 2639 opera
3354 2585 3471 2625 ma-

1881 2677 2047 2718 unum
2076 2672 2288 2717 tuarum
2320 2671 2447 2717 sunt
2472 2662 2623 2719 caeli.

1952 2754 2056 2825 Ipsi
2088 2753 2361 2825 peribunt,
2395 2765 2449 2809 tu
2482 2764 2663 2810 autem
2693 2756 3061 2828 permanebis,
3096 2764 3151 2812 et
3176 2771 3369 2812 omnes
3410 2766 3471 2814 ut

1878 2846 2265 2901 vestimentum
2332 2853 2670 2901 veterascent
2717 2846 2866 2918 [Ms.
2921 2846 3360 2919 veterascunt]:
3417 2856 3475 2904 et

1880 2939 2032 2994 sicut
2059 2938 2393 3007 opertoriqu
2427 2937 2663 2992 mutabis
2693 2952 2810 3005 eos,
2845 2947 2900 2993 et
2929 2938 3301 2994 mutabuntur.

1952 3028 2033 3083 Tu
2064 3037 2243 3082 autem
2273 3026 2414 3082 idem
2442 3028 2559 3098 ipse
2588 3042 2669 3095 es,
2709 3038 2765 3083 et
2788 3029 2915 3083 anni
2948 3028 3026 3084 tui
3051 3044 3160 3084 non
3187 3029 3469 3087 deficient.

240 3101 362 3157 Filii
388 3119 663 3158 servorum
704 3115 912 3161 tuorum
939 3108 1239 3165 habitabant
1264 3127 1282 3166 .'
1323 3122 1370 3167 et
1399 3129 1569 3169 semen
1598 3133 1773 3171 eorum
1800 3106 1848 3169 C
1952 3120 2077 3176 Filii
2104 3134 2390 3175 servorum
2419 3128 2636 3175 tuorum
2662 3116 3040 3177 inbubitabunt
3066 3121 3176 3178 ibi:
3205 3130 3259 3177 et
3284 3136 3471 3179 semen

180 3198 226 3249 in
247 3201 491 3257 uetulum
522 3200 802 3274 dirigetur.

1876 3229 2065 3273 eorum
2094 3215 2149 3268 in
2184 3212 2441 3269 sacculum
2468 3212 2657 3269 saeculi
2681 3212 2968 3285 dirigetur.

1558 3324 1916 3395 PSALMUS
1957 3329 2085 3395 CII.

723 3431 783 3473 οε-
827 3432 923 3476 ιρει
970 3420 992 3489 ζ
1036 3436 1218 3479 ωνιυ.

244 3515 465 3574 Benedic
486 3559 505 3588 ,
546 3516 725 3574 an'ma
747 3532 862 3572 mea
888 3558 903 3585 ,
927 3515 1187 3574 Domino:
1212 3527 1260 3576 et
1288 3521 1459 3575 omnia
1487 3538 1603 3594 qua:
1640 3523 1780 3582 intra

185 3625 254 3665 me
274 3623 416 3680 sunt,
442 3613 650 3669 nomini
674 3622 854 3668 sancto
883 3615 1018 3685 ejus.

248 3704 469 3762 Benedic
501 3749 517 3773 ,
567 3706 746 3761 anima
795 3721 951 3773 mea,
999 3705 1261 3775 Domino,
1302 3705 1349 3763 et
1398 3708 1505 3765 noli
1550 3708 1780 3766 oblivisci

188 3814 347 3854 omnes
375 3799 751 3856 retributiones
781 3800 914 3870 ejus.

254 3890 348 3954 Qui
371 3891 698 3961 prapitiatur
718 3890 953 3944 omnibus
978 3890 1331 3961 iniquitatibus
1350 3892 1447 3947 luis
1475 3907 1494 3948 :
1519 3893 1609 3965 qui
1633 3902 1776 3949 sanat

191 3997 350 4038 omnes
372 3982 710 4051 inﬁrmitates
739 3991 876 4037 tuas.

260 4075 356 4144 Qui
377 4070 603 4130 redimit
632 4076 697 4129 de
725 4074 933 4129 interitu
960 4073 1114 4127 vitam
1154 4081 1293 4128 tuam
1321 4089 1339 4128 :
1382 4074 1471 4146 qui
1501 4086 1708 4132 coronat
1734 4086 1781 4131 te

193 4168 241 4219 in
268 4168 626 4225 misericordia
647 4177 695 4222 et
726 4166 1161 4223 miserationibus.

258 4313 281 4340 ⁸
306 4305 444 4379 Male
470 4304 643 4360 Palat.
674 4320 777 4379 ms.
811 4303 1116 4379 pronomini
1141 4306 1257 4377 ejus
1278 4303 1493 4361 obeium
1518 4306 1773 4379 praefigit,

197 4383 377 4445 enitere
401 4376 523 4430 sine
550 4376 821 4430 asterisco
844 4375 990 4445 legit.

261 4443 286 4482 δ
313 4445 583 4501 Secundis
604 4446 754 4499 curis
780 4443 1078 4514 repositum
1107 4445 1160 4500 io
1185 4446 1354 4502 Palat.
1383 4455 1472 4504 est
1495 4461 1597 4501 ms.
1630 4448 1776 4501 time-

201 4513 309 4567 bunt
336 4528 506 4586 gentes
537 4532 720 4569 nomen
750 4513 955 4586 Domini
985 4532 1002 4569 :
1033 4516 1099 4569 ad
1130 4517 1379 4572 Grmeum
1426 4518 1630 4572 codicis
1655 4519 1781 4571 Ale-

201 4584 433 4641 xandrini
453 4630 471 4655 ,
603 4586 718 4662 ἔθνη
744 4589 804 4643 τὸ
847 4584 1247 4662 ὅνομᾼᾳρκυρίον.
1281 4588 1588 4662 Insequenti
1618 4589 1779 4642 etiam

203 4669 376 4716 versu.
425 4659 741 4725 mdiﬁcabit,
772 4673 867 4727 pro
894 4658 1198 4725 terti/ienuit,
1232 4658 1454 4728 prtrl'ert
1503 4658 1647 4711 idem
1678 4675 1781 4713 ms.

203 4729 404 4800 cum_G.
436 4728 776 4800 oizodowlo'at.

272 4810 292 4868 ﬁ
324 4798 463 4853 Idem
497 4798 622 4863 ms.‘,
648 4801 701 4852 in
724 4799 1098 4868 generationem
1121 4799 1360 4854 alteram.

272 4864 297 4904 ά
320 4868 511 4934 Unice,
550 4884 655 4925 nec
695 4864 877 4923 tamen
904 4878 1048 4924 recte
1072 4911 1086 4935 ,
1115 4886 1412 4940 pronomen
1443 4880 1499 4923 tu
1529 4869 1583 4923 in
1613 4869 1785 4925 Palat.

209 4951 301 4993 ms.
330 4955 456 4994 veru
487 4941 917 4997 transverberat.

276 5008 295 5030 '
322 5009 500 5082 Neque
554 5012 645 5066 hic
671 5019 818 5066 recte
846 5009 990 5079 apud
1035 5010 1234 5067 Carum
1278 5011 1345 5066 Et
1388 5011 1583 5079 copula
1629 5012 1790 5066 obolo

212 5092 564 5145 promuntur.
598 5098 627 5136 a
667 5097 778 5151 quo
822 5096 1018 5136 nomen
1066 5082 1203 5136 idem
1229 5092 1345 5137 tum
1392 5082 1582 5138 eximit
1617 5083 1789 5139 Palat.

214 5164 309 5221 tus.
336 5154 421 5220 qui
445 5163 499 5207 et
530 5155 582 5208 in
617 5154 722 5206 line
747 5152 900 5206 addit
937 5151 1262 5221 Diapsalma.

286 5220 556 5307 [‘Augnst.
587 5232 645 5279 et
670 5223 972 5307 Veronens.
994 5220 1104 5307 ius.
1131 5224 1376 5307 pulveris,
1405 5240 1503 5294 pro
1524 5235 1675 5307 terra:
1694 5266 1709 5291 ,
1742 5235 1799 5307 et

216 5301 329 5367 post
353 5293 513 5367 unum
554 5308 810 5367 versum,
842 5293 1093 5348 videbitur
1124 5293 1177 5348 in
1207 5294 1378 5367 gloria
1402 5293 1515 5351 sua.
1552 5297 1797 5363 Respexit

217 5362 264 5437 iu
291 5364 859 5437 orationemltumilium
885 5405 899 5427 ,
923 5372 970 5417 et
1000 5380 1101 5437 non
1129 5362 1359 5437 despexit
1382 5384 1579 5437 precem
1600 5362 1795 5423 eorum.

222 5430 505 5505 Scribuntur
556 5434 669 5489 haec
713 5436 769 5487 in
822 5430 1467 5505 generationem'alleram
1500 5455 1512 5489 :
1546 5438 1611 5491 Et
1640 5454 1797 5502 mox,

226 5502 461 5577 Quoniam
486 5505 751 5577 prospexit
776 5502 839 5559 ea}
860 5504 965 5557 alto
995 5517 1170 5559 sancto
1190 5523 1282 5561 suo
1302 5549 1315 5573 ,
1362 5516 1468 5561 etc.
1523 5508 1759 5575 Denique
1783 5548 1799 5570 ,

230 5569 291 5623 Ut
331 5569 519 5631 audiret
570 5569 816 5646 gemitum
860 5577 1259 5645 compeditorum
1286 5569 1311 5644 ,⁷
1359 5586 1412 5631 ut
1455 5579 1618 5632 soluat
1666 5569 1805 5645 ﬁlios

228 5660 255 5690 1.-
279 5646 658 5710 orti/iratorum.

300 5721 319 5757 κ
336 5714 559 5775 Rursum
580 5716 951 5788 cum;August.
977 5716 1119 5775 idem
1152 5733 1284 5790 ms.,
1308 5720 1361 5774 in
1384 5721 1463 5775 via
1484 5717 1806 5788 fortitudinis

2282 3441 2513 3485 essurus
2554 3426 2680 3502 [Μι.
2724 3428 2846 3502 ινει]
2884 3443 3066 3485 ωιτη).

1956 3522 2212 3590 Benedic,
2251 3520 2431 3577 anima
2470 3535 2611 3591 mea,
2659 3521 2969 3590 Dominum,
3021 3529 3078 3579 et
3120 3522 3301 3578 omnia
3333 3522 3471 3582 inte-

1883 3618 2025 3677 riora
2057 3632 2179 3674 mea
2210 3629 2411 3673 nomen
2432 3623 2684 3671 sanctum
2713 3614 2848 3685 ejus.

1956 3709 2214 3778 Benedic,
2247 3709 2426 3763 anima
2458 3722 2601 3771 mea,
2630 3707 2922 3762 Dominum
2954 3724 2966 3761 :
3000 3715 3056 3764 et
3090 3706 3201 3765 noli
3226 3708 3473 3769 oblivisci

1883 3817 2077 3859 omnes
2108 3800 2499 3857 retributiones
2525 3797 2661 3868 ejus.

1957 3893 2060 3960 Qui
2105 3890 2367 3960 propitius
2396 3889 2454 3943 tit
2490 3888 2748 3944 omnibus
2790 3888 3165 3958 iniquitatibus
3195 3890 3301 3948 tuis
3333 3909 3346 3947 :
3380 3894 3471 3965 qui

1887 3992 2041 4040 sanat
2068 3995 2261 4037 omnes
2289 3981 2576 4051 languores
2603 3988 2744 4037 tuos.

1957 4077 2059 4145 Qui
2090 4073 2118 4113 ιι
2145 4073 2363 4130 redimit
2394 4073 2460 4128 de
2500 4073 2722 4129 interitu
2763 4073 2926 4129 vitam
2960 4081 3105 4132 tuam
3138 4092 3151 4129 :
3184 4076 3274 4147 qui
3312 4076 3477 4132 satiat

1891 4170 1942 4225 in
1976 4169 2135 4225 bonis
2160 4166 2489 4222 desiderium
2522 4174 2691 4221 tuum.

1883 4324 2022 4371 sum,
2066 4310 2395 4381 exiguitatem
2426 4309 2627 4362 dierum
2659 4308 3162 4381 meoruinannuntia
3215 4307 3370 4372 milii,
3415 4325 3479 4381 ne

1811 4376 1859 4439 Ι)
1887 4396 2086 4433 revoces
2125 4376 2203 4434 me
2230 4379 2408 4449 (quod
2461 4393 2759 4447 pronomen
2791 4394 2820 4431 a
2849 4378 3162 4449 Veroneus.
3196 4392 3298 4429 ms.
3332 4380 3481 4431 exci-

1884 4451 1961 4502 dit
1991 4452 2007 4515 )
2040 4452 2092 4503 in
2122 4447 2339 4503 dimidio
2369 4451 2569 4505 dierum
2598 4465 2826 4503 meorum
2856 4450 2906 4500 in
2935 4447 3286 4515 generatione,
3318 4456 3363 4497 et
3394 4465 3480 4516 gr-

1887 4523 2145 4575 neratione
2194 4520 2213 4589 (
2253 4520 2563 4589 AuguSIin.,
2594 4518 3027 4588 generationum)
3085 4517 3210 4589 anni
3266 4516 3361 4569 tui.
3414 4516 3480 4571 In

1888 4592 2172 4659 principio,
2203 4587 2706 4669 Dominetterrant
2740 4588 3002 4669 fundasti:
3048 4587 3163 4669 ubi‘
3190 4589 3480 4669 Augustin:

1886 4655 2132 4716 ordinem
2167 4655 2445 4725 imprt'Ss‘ﬂi
2473 4661 2557 4714 hic
2586 4655 2833 4715 lectionis
2864 4658 3100 4723 praefert.
3123 4655 3329 4709 Cmtera
3364 4657 3484 4723 pari

1888 4733 2065 4786 (lentio
2092 4748 2391 4796 consensu,
2418 4744 2471 4784 tu
2500 4740 2966 4796 autem'pemtancs
2987 4770 3000 4795 ,
3035 4738 3081 4778 et
3111 4742 3283 4779 omnes
3312 4728 3441 4779 sicut
3460 4769 3477 4789 ,

1889 4812 1997 4858 etc.
2026 4805 2110 4869 Et,
2144 4802 2219 4856 Tu
2242 4820 2359 4857 vero
2382 4803 2516 4856 idem
2541 4804 2649 4871 ipse
2669 4817 2741 4855 es.
2770 4800 2992 4853 Domum
3022 4807 3297 4866 postremo
3324 4812 3487 4851 versu

1887 4889 2051 4929 voces
2075 4875 2141 4927 ibi
2168 4883 2221 4927 et
2245 4873 2420 4927 swculi
2453 4876 2654 4935 pariter
2678 4878 2875 4922 tacent.

1966 4943 2289 4999 hlnversum
2324 4945 2375 4997 in
2430 4943 2673 4995 Romana
2711 4937 2944 4993 editione
2997 4937 3188 4990 horum
3234 4951 3491 4990 versuum

1895 5015 2140 5069 ordinem
2170 5013 2499 5069 Veronensis
2536 5012 2687 5077 juxta
2717 5006 3072 5074 Augustinum
3107 5022 3209 5061 ms.
3240 5008 3307 5059 ad
3340 5006 3490 5077 hunc

1896 5086 2147 5142 modum.
2174 5076 2649 5156 ipaucis‘quoque
2667 5078 2885 5156 mutatis
2933 5077 3142 5140 verbis,
3189 5076 3425 5156 restituit
3471 5092 3486 5129 :

1896 5157 1999 5223 Qui
2047 5148 2258 5210 redimet
2318 5153 2381 5223 de
2423 5148 2748 5223 corruptione
2794 5148 2951 5223 vitam
3007 5156 3150 5223 tuan
3175 5148 3337 5223 :“qtti
3397 5160 3484 5222 (o-

1897 5216 2047 5281 rwonat
2099 5237 2145 5278 te
2192 5227 2245 5276 in
2288 5216 2615 5274 miseratione
2665 5230 2709 5272 et
2762 5217 3142 5294 misericordia.
3191 5216 3292 5280 Qui
3340 5216 3497 5294 satiat

1900 5300 1952 5352 in
1984 5296 2127 5349 bonis
2157 5291 2465 5346 desiderium
2490 5296 2634 5339 luunt
2666 5304 2683 5340 :
2733 5285 3055 5340 renovabitur
3099 5286 3230 5338 sicut
3258 5285 3449 5353 aquila:
3476 5321 3493 5343 .

1902 5377 2005 5422 etc.
2040 5363 2239 5417 Deinde
2266 5360 2413 5431 solus
2440 5356 2807 5431 Veronensis,
2835 5355 3080 5431 iniuriam
3106 5352 3491 5431 accipientibus.

1906 5436 2072 5489 Notas
2120 5432 2281 5501 fecisti
2311 5429 2420 5502 uias
2450 5436 2560 5502 tuas
2595 5426 2795 5502 Moysi,
2846 5423 2953 5478 etc.
2986 5423 3277 5502 Miseratus
3308 5431 3351 5475 et
3366 5440 3380 5500 ί.
3400 5423 3499 5471 mi-

1906 5492 2129 5559 sericors
2167 5499 2450 5558 Dominus,
2501 5492 2809 5563 longanimis
2863 5501 2908 5545 et
2939 5492 3157 5547 multum
3210 5492 3501 5569 misericor-

1908 5576 2009 5627 dite
2039 5589 2055 5625 :
2082 5588 2189 5640 quo
2228 5570 2448 5625 demum
2497 5562 2771 5635 postremo
2816 5576 2974 5617 versu
3020 5578 3142 5619 eum
3199 5562 3505 5633 Augustino

1912 5646 2200 5701 cos-sentit.
