3936 6180
461 223 566 286 3οἳ

1458 230 1517 286 8.
1561 225 1938 286 lllERONYMl
1975 226 2210 287 DIVINA
2249 227 2725 290 BIBLIOTHECA.

536 346 641 412 Qui
682 347 846 418 replet
891 347 946 402 in
994 346 1140 401 bonis
1160 343 1472 401 desiderium
1496 352 1687 400 tuum:
1735 342 2060 400 renovabitur
2085 346 2135 406 Α
2235 344 2339 412 Qui
2370 355 2598 401 coronat
2625 346 2754 402 tein
2779 345 3132 402 miseratione
3153 352 3210 403 et
3229 345 3642 404 misericordia:
3670 363 3749 406 re-
3814 427 3822 432 _

464 448 519 493 ut
541 438 730 508 aquin
759 441 1008 510 juventus
1033 447 1141 493 tua.

539 528 761 583 Faciens
809 528 1187 583 misericordias
1231 527 1517 594 Dominus,
1554 537 1600 583 et
1645 528 1902 598 judicium
1948 543 2060 582 om-

467 623 615 676 nibus
643 623 894 687 iniuriam
922 621 1255 692 patientibus.
1282 629 1309 658 ⁸

535 713 704 769 Notas
737 714 856 784 fecit
886 715 996 768 vias
1019 731 1142 768 suas
1169 713 1344 786 Moysi
1366 729 1386 768 :
1410 714 1536 784 ﬁliis
1580 712 1749 770 Israel
1775 715 2058 772 voluntates

463 823 607 860 suas.

536 898 812 954 Hiscrator
873 907 923 954 et
977 898 1269 955 misericors
1317 896 1606 964 Dominus,
1661 899 1965 970 longanimis
2009 909 2058 955 et

459 995 677 1049 multum
696 991 1007 1046 misericors.

529 1083 654 1140 Non
676 1084 730 1139 in
756 1093 1057 1155 perpetuum
1077 1084 1330 1140 irascetur
1343 1099 1364 1140 :
1391 1099 1551 1152 neque
1571 1084 1626 1139 in
1645 1092 1895 1140 mternum
1916 1100 2053 1140 com-

455 1175 761 1232 minabitur.

526 1268 651 1324 Non
705 1267 992 1324 secundum
1037 1274 1247 1339 peccata
1293 1276 1471 1322 nostra
1510 1267 1630 1340 fecit
1682 1266 1870 1325 nobis:
1891 1282 2053 1341 neque

452 1361 732 1418 secundum
757 1360 1056 1432 iniquitates
1085 1367 1289 1414 nostras
1316 1358 1554 1414 retribuit
1581 1359 1748 1415 nobis.

527 1453 783 1522 Quoniam
829 1452 1112 1506 secundum
1157 1449 1488 1507 altitudinem
1527 1452 1642 1506 cteli
1667 1467 1700 1505 a
1742 1460 1909 1520 terra,
1938 1468 2051 1509 cor-

453 1546 710 1602 roboravit
729 1543 1140 1599 misericordiam
1168 1559 1319 1598 suam
1345 1560 1502 1615 super
1534 1544 1766 1601 timentes
1789 1562 1865 1601 se.

2165 438 2452 493 novabitur
2483 439 2623 494 sicut
2651 440 2851 510 aquilae
2877 439 3144 510 juventus
3173 447 3285 495 tua.

2237 531 2463 588 Faciens
2493 533 2897 588 misericordias
2918 533 3180 589 Dominus
3215 549 3229 587 :
3261 542 3316 589 et
3346 531 3612 602 judicium
3636 551 3748 591 om-

2163 625 2322 680 nibus
2347 625 2598 696 injuriam
2630 628 2987 697 patientibus.

2231 716 2398 773 Notas
2427 717 2558 775 fecit
2599 719 2716 775 vias
2749 733 2878 775 suas
2909 720 3078 791 Moysi
3112 735 3126 773 :
3159 719 3287 776 ﬁliis
3334 719 3506 777 lsrael
3560 723 3752 778 volun-

2163 817 2300 864 lates
2331 824 2484 866 502$.

2229 901 2537 958 Misericors
2564 912 2620 958 et
2643 903 2929 960 miseratur
2958 903 3248 975 Dominus,
3286 905 3503 978 patiens
3529 915 3586 963 et
3614 909 3752 964 mul-

2161 1004 2272 1050 tum
2307 996 2640 1051 misericors.

2228 1085 2347 1142 Non
2376 1088 2431 1144 in
2462 1086 2622 1144 ﬁnem
2654 1088 2922 1144 irascetur
2955 1103 2972 1148 :
3017 1100 3196 1159 neque
3225 1086 3280 1144 in
3312 1097 3584 1146 aeternum
3614 1089 3749 1147 indi-

2155 1181 2435 1253 goabitur.

2225 1273 2344 1330 Non
2371 1273 2670 1330 secundum
2709 1281 2930 1346 peccata
2960 1280 3148 1330 nostra
3179 1271 3309 1328 fecit
3337 1271 3496 1330 nobis
3521 1289 3537 1330 :
3573 1288 3750 1346 neque

2154 1365 2450 1423 secundum
2476 1366 2792 1437 iniquitates
2818 1374 3032 1422 nostras
3061 1365 3317 1422 retribuit
3338 1365 3521 1421 nobis.

2224 1460 2359 1531 Quia
2390 1461 2517 1534 [Με.
2550 1459 2826 1534 quoniam]
2856 1459 3154 1516 secundum
3185 1458 3531 1516 altitudinem
3555 1459 3680 1517 cteli
3712 1475 3742 1516 τι

2155 1561 2321 1621 terra,
2371 1553 2714 1610 conﬁrmavit
2771 1551 3034 1608 Dominus
3096 1549 3530 1608 misericordiam
3591 1567 3745 1608 suam

2153 1657 2321 1716 super
2349 1645 2604 1700 timentes
2624 1659 2772 1700 eum.

526 1725 788 1790 Quantum
824 1722 980 1777 distat
1023 1729 1164 1776 ortus
1207 1721 1270 1777 ob
1316 1723 1611 1778 occidente:
1657 1723 1808 1796 longe
1849 1726 1971 1797 fecit
2014 1743 2048 1785 a
2074 1729 2124 1792 Β
2221 1735 2493 1803 Quantum
2523 1735 2693 1791 distat
2732 1735 2918 1792 oriens
2943 1735 3012 1792 ab
3043 1734 3069 1773 ά
3101 1749 3299 1793 occasu
3333 1753 3346 1790 :
3392 1735 3670 1810 elongavit
3716 1751 3747 1791 a

452 1816 595 1871 nobis
618 1813 915 1885 iniquitates
938 1823 1163 1868 nostras.

519 1905 791 1973 Quomodo
843 1905 1110 1958 miseretur
1168 1912 1312 1973 pater
1361 1905 1623 1976 filiorum,
1676 1908 1916 1966 misertus
1971 1922 2049 1971 est

453 1999 708 2056 Dominus
734 1998 1030 2053 timentibus
1051 2013 1127 2066 se,
1149 1999 1395 2069 quoniam
1417 1999 1530 2069 ipse
1562 2002 1797 2074 cognovit
1832 2003 2049 2076 ﬁgmen-

453 2104 563 2146 tum
591 2102 846 2146 nostrum.

521 2185 846 2241 Recordatus
869 2193 976 2252 est,
1029 2183 1271 2256 quoniam
1290 2183 1462 2254 pulvis
1486 2201 1662 2242 sumus
1685 2202 1705 2242 :
1736 2188 1888 2244 homo
1915 2190 2049 2246 sicut

341 2271 354 2285 ’
445 2281 623 2350 fenum
649 2279 756 2334 dies
782 2281 895 2351 ejus
918 2293 938 2332 :
977 2285 1237 2347 tamquam
1263 2280 1362 2348 ﬂos
1412 2279 1529 2351 agri
1554 2280 1631 2334 sic
1659 2281 1936 2350 efﬂorebit.

435 2444 440 2451 '
517 2441 772 2508 Quoniam
801 2440 1012 2511 spiritus
1056 2441 1387 2507 pertransibit
1429 2441 1484 2495 in
1530 2442 1656 2510 illo,
1688 2453 1736 2498 et
1776 2461 1880 2501 non
1917 2447 2042 2504 sub-

441 2533 625 2592 sistet:
647 2543 695 2590 et
722 2549 825 2604 non
848 2542 1117 2604 cognoscet
1133 2534 1363 2604 amplius
1389 2534 1555 2590 locum
1578 2553 1751 2594 suum.

514 2625 879 2682 Misericordia
905 2635 1079 2682 autem
1107 2625 1320 2682 Domini
1361 2628 1426 2695 ab
1454 2638 1678 2696 ceterno,
1709 2639 1757 2686 et
1799 2647 1960 2704 usque
1986 2632 2041 2692 in

446 2728 696 2790 reternum
725 2734 881 2784 super
900 2718 1134 2773 timentes
1161 2734 1299 2775 eum.

511 2807 580 2863 Et
610 2808 812 2876 iustitia
830 2806 974 2864 illius
1016 2807 1072 2862 in
1100 2807 1238 2877 ﬁlios
1271 2809 1533 2882 ﬁliorum,
1577 2808 1659 2867 Itis
1704 2813 1794 2884 qui
1839 2824 2042 2872 servant

441 2912 800 2960 testamentum
829 2903 967 2974 ejus.

514 2995 580 3052 lt't
617 3011 869 3055 memores
911 3002 1034 3051 sunt
1075 2995 1443 3054 mandatorum
1489 2997 1679 3071 ipsius,
1724 2999 1795 3054 ad
1842 2999 2041 3072 facien-

435 3091 561 3146 dum
588 3104 671 3143 ea.

505 3178 763 3233 Dominus
790 3178 844 3231 in
871 3176 996 3232 coelo
1026 3178 1224 3248 paravit
1263 3180 1441 3237 sedem
1483 3199 1635 3240 suam
1658 3200 1678 3240 :
1719 3195 1769 3243 et
1813 3205 2031 3262 regnum

436 3271 600 3349 ipsius
629 3269 860 3324 omnibus
889 3267 1240 3322 dominabitur
1261 3285 1280 3324 :
1307 3269 1335 3310 ιι

502 3362 795 3420 Benedicite
820 3361 1066 3442 Domino,
1091 3380 1264 3419 omnes
1285 3366 1458 3437 angeli
1485 3371 1639 3440 ejus:
1669 3380 1900 3442 potentes
1924 3377 2028 3432 vir-

429 3468 558 3529 tute,
587 3459 829 3529 facientes
860 3439 1068 3510 ver‘bum
1093 3455 1258 3526 illius,
1282 3457 1350 3511 ad
1376 3439 1687 3518 audiendam
1715 3481 1886 3522 vocem
1911 3486 2021 3532 ser-

428 3565 639 3607 monum
662 3550 794 3619 ejus.

499 3641 796 3714 Benedicite
838 3639 1081 3709 Domino,
1135 3657 1308 3700 omnes
1354 3644 1565 3701 virtutes
1604 3647 1755 3718 ejus:
1804 3652 2027 3708 ministri

429 3742 564 3811 ejus,
595 3735 683 3808 qui
715 3734 886 3806 facitis
907 3732 1220 3791 voluntatem
1247 3738 1378 3808 ejus.

495 3830 790 3886 Benedicitc
819 3828 1037 3885 Domino
1067 3831 1238 3884 omnia
1266 3847 1424 3902 apera
1449 3837 1582 3906 ejus,
1628 3838 1681 3892 in
1713 3841 1854 3896 onmi
1899 3841 2014 3900 loco

422 3923 786 3984 dominationis
812 3926 948 3995 ejus,
979 3923 1207 3993 benedic,
1247 3925 1420 3984 anima
1451 3945 1584 4000 mea,
1614 3929 1859 3994 Domino,

2058 3104 2106 3169 C

2153 1827 2313 1884 nobis
2334 1827 2648 1898 iniquitates
2675 1834 2913 1883 nostras.

2221 1921 2374 1976 Sicut
2399 1920 2690 1976 miseretur
2721 1927 2874 1989 pater
2897 1918 3044 1986 ﬁliis,
3085 1919 3158 1975 ita
3185 1919 3314 1992 Uis.
3344 1918 3444 1992 sic]
3488 1922 3750 1978 misertus

2149 2021 2234 2070 est
2276 2013 2538 2069 Dominus
2579 2011 2903 2069 timentibus
2951 2026 3058 2069 se:
3111 2011 3240 2084 quia
3289 2011 3416 2084 [ιιι.
3462 2013 3746 2087 quoniam]

2149 2107 2264 2177 ipse
2286 2105 2412 2162 fecit
2439 2106 2756 2176 ﬁgmentum
2783 2113 3055 2160 nostrum.
3477 2159 3486 2170 ,

2219 2199 2511 2261 Memento,
2537 2195 2783 2263 Domine,
2815 2195 2959 2267 quod
2993 2196 3169 2268 pulvis
3192 2211 3386 2253 sumus
3403 2238 3418 2266 ,
3441 2196 3611 2256 homo
3636 2198 3745 2255 sic-

2147 2297 2206 2345 ut
2262 2289 2389 2362 [Με.
2425 2290 2718 2362 tamquam]
2749 2289 2931 2344 fenum
2954 2289 3073 2345 dies
3103 2289 3224 2359 ejus
3249 2290 3269 2363 [
3293 2288 3395 2344 Ms.
3431 2291 3618 2362 illius]
3650 2299 3748 2348 :et

2144 2382 2287 2438 sicut
2315 2381 2416 2438 ﬁos
2443 2383 2556 2453 agri
2588 2383 2662 2438 ita
2693 2381 2959 2438 eiﬁorebit
2991 2382 3120 2454 [Ms.
3154 2381 3416 2452 ﬁorebit].

2214 2476 2350 2544 Quia
2397 2475 2619 2548 spiritus
2661 2478 2979 2548 pertransiit
3011 2478 3082 2531 ab
3118 2491 3207 2546 eo,
3232 2486 3288 2533 et
3329 2492 3439 2532 non
3487 2477 3646 2534 erit:
3689 2486 3746 2534 ct

2143 2582 2252 2624 non
2272 2577 2564 2638 cognoscet
2591 2569 2822 2638 amplius
2851 2567 3030 2624 locum
3063 2583 3245 2623 suum.

2214 2654 2584 2715 Misericordia
2614 2668 2793 2717 autem
2818 2659 3035 2715 Domini
3061 2675 3089 2714 a
3119 2661 3324 2717 s:cculo
3347 2671 3454 2730 est,
3484 2671 3542 2719 et
3563 2677 3740 2735 usque

2141 2750 2198 2808 in
2225 2750 2486 2809 smculum
2512 2751 2697 2807 saeculi
2723 2767 2888 2823 super
2917 2753 3177 2809 timentes
3209 2767 3354 2810 eum.

2212 2841 2507 2911 Etjustitia
2535 2841 2656 2912 ejus
2688 2855 2858 2912 super
2885 2843 3028 2906 ﬁlios
3073 2844 3332 2911 ﬁliorum,
3368 2846 3743 2903 custodienti-

2139 2935 2242 2992 bus
2284 2943 2666 2991 testamentum
2720 2935 2840 3004 ejus
2879 2951 2895 2991 :
2944 2944 3002 2992 et
3049 2937 3313 2993 memoria
3366 2939 3739 2996 retinentibus

2141 3026 2395 3084 mandata
2421 3027 2560 3099 ejus,
2589 3037 2648 3084 ut
2671 3028 2876 3086 faciant
2903 3044 2988 3086 ea.

2208 3206 2472 3263 Dominus
2497 3205 2552 3263 in
2577 3207 2718 3264 caelo
2745 3206 2955 3278 paravit
2982 3205 3166 3264 sedem
3195 3222 3388 3265 suam:
3416 3217 3475 3266 et
3501 3224 3734 3282 regnum

2131 3299 2250 3372 ejus
2277 3299 2520 3358 omnium
2549 3299 2938 3356 dominabitur.

2202 3391 2516 3449 Benedicite
2547 3393 2856 3458 Dominum,
2886 3407 3080 3450 omnes
3108 3393 3284 3465 angeli
3306 3394 3449 3464 ejus,
3479 3405 3736 3466 petentes

2126 3488 2325 3552 virtute
2345 3485 2436 3559 qui
2465 3485 2638 3542 facitis
2667 3485 2893 3544 verbum
2925 3486 3065 3560 ejus,
3094 3485 3162 3542 ad
3189 3487 3510 3544 audiendam
3536 3504 3734 3560 vocem

2124 3595 2438 3636 sermonum
2468 3579 2606 3648 ejus.

2195 3672 2504 3727 Benedicite
2548 3669 2858 3734 Dominum,
2903 3684 3096 3725 omnes
3121 3670 3346 3726 virtutes
3372 3670 3533 3741 ejus:
3569 3672 3733 3729 mini-

2119 3763 2218 3814 stri
2249 3761 2390 3830 ejus,
2419 3762 2508 3831 qui
2543 3759 2717 3815 facitis
2744 3759 3074 3814 voluntatem
3107 3760 3241 3830 ejus.

2191 3854 2502 3910 BCIlCdiCile
2522 3853 2807 3911 Dominum
2829 3853 3008 3909 omnia
3034 3869 3198 3926 opera
3220 3855 3338 3926 ejus
3361 3857 3413 3912 in
3436 3857 3582 3915 omni
3604 3860 3729 3914 loco

2113 3947 2496 4007 dominationis
2525 3947 2680 4019 ejus:
2727 3947 2971 4016 benedic,
3008 3949 3182 4002 anima
3217 3965 3355 4017 mea,
3411 3951 3724 4024 Dominum.

1775 4056 2137 4126 PSALMUS
2180 4063 2315 4128 Cll]
2329 4107 2342 4122 .

971 4155 1032 4196 σξη
1063 4155 1161 4196 Irst
1191 4151 1212 4180 ο
1237 4158 1399 4200 ωνιι)
1424 4146 1445 4215 ζ

453 4309 456 4311 Α
480 4234 725 4301 Benedic,
752 4232 929 4287 anima
957 4249 1092 4300 mea,
1125 4233 1386 4292 Domino:
1423 4238 1646 4299 Domine
1673 4245 1815 4305 Deus
1845 4267 2011 4323 meus,

413 4329 775 4404 ngniﬁcatus
803 4344 857 4382 es
882 4327 1222 4384 vehementer.

473 4421 860 4491 Confrssionem
883 4429 932 4477 et
975 4422 1211 4478 decorem
1255 4424 1510 4484 induisti:
1559 4433 1776 4494 amictus
1815 4439 2010 4498 lumine

409 4515 544 4571 sicut
572 4517 887 4572 vestimento.

2611 4174 2634 4202 ⁸
2664 4177 2902 4222 ΡεΑιιιυε
2925 4179 3025 4222 ινει
3051 4179 3232 4222 υινιυ.

2190 4254 2458 4323 Benedic,
2505 4257 2685 4314 anima
2731 4271 2872 4325 mea,
2924 4259 3248 4315 Dominum:
3301 4257 3531 4318 Domine
3576 4261 3722 4320 Deus

2118 4361 2293 4413 meus,
2322 4347 2694 4418 magniﬁcatus
2721 4365 2780 4406 es
2811 4351 3186 4410 vehementer.

2188 4439 2599 4498 Conlessionem
2624 4452 2680 4500 et
2697 4443 2950 4502 decorem
2974 4444 3196 4503 induisti
3222 4465 3235 4503 :
3269 4446 3500 4505 amictus
3529 4449 3717 4508 lumen

2118 4534 2259 4592 sicut
2285 4537 2691 4593 vestimentum.

474 4607 774 4666 Επιεηάεησ
802 4609 986 4667 αείιυη
1013 4609 1145 4665 δίεπε
1174 4610 1514 4686 Ρεηθηιεᾳιιὶ
1534 4620 1657 4691 tegis
1678 4622 1824 4694 aquis
1845 4642 2002 4700 supe-
2035 4584 2088 4648 υ
2180 4628 2492 4686 Extendens
2533 4631 2731 4687 coelum
2781 4631 2922 4690 sicut
2967 4632 3203 4703 pellem:
3252 4633 3348 4706 qui
3392 4630 3413 4673 τ
3465 4633 3594 4707 tegit
3655 4635 3713 4692 in

404 4702 546 4758 riora
568 4706 704 4775 ejus.

473 4795 572 4863 Qui
599 4796 749 4868 ponis
773 4795 956 4851 nubem
975 4809 1246 4851 ascensum
1271 4803 1416 4852 tuum
1435 4813 1456 4854 :
1479 4800 1569 4874 qui
1589 4803 1824 4862 ambulas
1848 4826 2004 4883 super

2109 4722 2266 4793 aquis
2291 4723 2574 4794 superiora
2602 4725 2740 4794 ejus.

2178 4815 2280 4885 Qui
2329 4815 2481 4886 ponit
2519 4815 2714 4872 nubem
2763 4830 3047 4874 ascensum
3094 4829 3293 4874 suum:
3339 4817 3434 4889 qui
3461 4820 3712 4877 ambulat

400 4907 594 4964 pennas
618 4898 902 4950 ventorum.

464 5008 493 5070 9
523 4997 687 5070 Addit
708 4998 889 5070 Palat.
905 5013 1010 5054 ms.
1044 4998 1378 5070 Diapsalma.
1839 5030 1859 5048 ι

463 5068 834 5156 ξιννΙ-ιβςιρῐηρίο
863 5068 1168 5156 Diapsalma
1197 5071 1629 5156 P_ala_tinus_ms._
1664 5081 1942 5156 suiiijungit
1966 5105 1981 5143 :

391 5141 769 5226 subsequentis
797 5141 976 5226 autem
1005 5143 1260 5226 versiculi
1281 5145 1457 5201 altero
1486 5141 1830 5210 ltemisticb'io
1857 5141 1985 5226 pro;

387 5226 592 5335 agmen‘
618 5210 761 5266 illius
787 5213 1004 5282 sequior
1031 5228 1100 5268 ex
1144 5214 1336 5271 eodem
1383 5232 1486 5274 ms.
1523 5236 1726 5301 manus
1777 5210 1983 5288 temere

387 5298 414 5335 a
459 5296 565 5335 rasn
599 5321 612 5335 .

385 5292 612 5337 abrasit.

455 5364 479 5440 ξ
511 5354 819 5440 ξδνομιοῃιεη
846 5349 1524 5440 dumtaxatipsifalatin.
1559 5379 1660 5421 ms.
1685 5367 1916 5440 jugulat.

448 5423 474 5461 "
509 5424 707 5507 "sit"?
753 5438 876 5507 ειεπη
924 5422 1222 5507 Αιεκιιειίιίρ
1270 5429 1568 5507 Veronens.

374 5505 484 5549 tum
539 5496 901 5578 distatroriens
947 5485 1052 5578 ab:
1073 5499 1366 5578 occidente,
1392 5485 1568 5578 angi
1605 5485 1971 5578 $7.3};

411 5577 582 5640 eccata
613 5577 830 5640 nostra;
877 5575 988 5640 tum
1021 5565 1229 5640 duobus
1273 5572 1341 5624 ab
1392 5565 1772 5634 ltocvvetzsibus
1820 5565 1969 5640 solus

421 5634 706 5722 eroncnsis
720 5636 1027 5722 E‘Quoniam.
1038 5639 1571 5722 sp?ritus.pertransiit
1593 5649 1649 5722 in
1669 5666 1728 5702 eo
1746 5695 1760 5717 ,
1784 5634 1969 5722 et

373 5719 477 5757 ηοη
524 5704 642 5769 erit,
685 5711 790 5758 etc.
824 5713 984 5772 atque
1017 5704 1208 5760 iterum
1259 5704 1426 5766 ferme
1469 5728 1590 5768 curn
1625 5704 1964 5792 Augustino;

2106 4923 2272 4981 super
2299 4923 2506 4982 pennas
2534 4919 2842 4967 ventorum.

2087 5021 2614 5097 Misericordiarvero
2661 5025 2869 5080 Domini
2914 5043 2946 5080 a
2988 5024 3178 5082 saeculo
3227 5042 3386 5097 usque
3429 5027 3490 5082 in
3532 5043 3699 5084 secu—

2089 5092 2195 5168 tam
2234 5111 2403 5168 super
2441 5096 2674 5168 timentes
2721 5113 2837 5151 eum
2872 5113 2891 5151 :
2938 5112 3153 5168 unoque
3183 5092 3472 5166 interjeeto
3505 5115 3703 5165 versu,

2089 5161 2345 5241 Dominus
2404 5166 2600 5237 parebit
2660 5168 3030 5241 (Augustinus
3067 5161 3277 5236 'nliique
3323 5161 3592 5241 paravit)
3648 5161 3706 5226 in

2085 5233 2210 5310 ctelo
2239 5233 2483 5292 thronum
2516 5233 2680 5292 suum'
2693 5250 2739 5292 et
2762 5233 2978 5310 regnum
3003 5240 3135 5310 ejus,
3155 5233 3289 5304 etc.;
3313 5233 3368 5294 et
3386 5233 3697 5308 insequenti

2085 5304 2226 5371 alio,
2272 5317 2502 5385 potentes
2546 5304 2937 5385 fortitudinem,
2983 5304 3477 5385 facientesverbum
3525 5304 3638 5385 ejus
3667 5329 3692 5366 .-

2084 5386 2143 5429 ιιι
2169 5386 2227 5452 et_
2253 5379 2470 5452 demum
2491 5421 2506 5445 ,
2538 5379 2779 5450 facientes
2816 5382 3131 5435 voluntatem
3159 5380 3321 5452 ipsius
3342 5424 3356 5447 ,
3378 5391 3487 5437 etc.

2078 5514 2092 5527 θ
2157 5456 2181 5527 εξ
2208 5447 2266 5527 In
2284 5447 2580 5527 Veronensi
2611 5467 2723 5527 ms._
2744 5468 2938 5507 nomen
2960 5447 3199 5527 lfsalmu's
3215 5468 3320 5506 non
3336 5462 3440 5527 est;
3460 5461 3550 5508 est
3562 5469 3690 5508 vero

2077 5521 2130 5570 in
2160 5525 2309 5592 textu
2337 5521 2489 5592 nimis
2519 5538 2617 5592 pro
2645 5522 2962 5578 vehementer
2980 5524 3129 5591 juxta
3157 5524 3544 5591 Augustinum.
3563 5534 3690 5580 utet

2073 5588 2216 5660 quod
2242 5590 2505 5660 sequitur,
2520 5588 2932 5648 circumamictus
2953 5588 3117 5646 lucem
3141 5588 3272 5646 sicut
3303 5596 3678 5650 vestimentum.

2149 5657 2167 5696 ί
2199 5657 2420 5732 Rectius
2451 5663 2622 5717 ferme
2652 5663 2795 5718 idem
2827 5679 2925 5720 ms.
2951 5664 3004 5719 in
3033 5663 3268 5718 secunda
3296 5679 3525 5732 persona
3556 5666 3672 5718 haec

2071 5727 2181 5785 duo
2207 5728 2384 5799 aifert,
2425 5734 2513 5800 qui
2560 5736 2808 5805 protegis,
2858 5745 2914 5793 et
2963 5749 3112 5801 mox,
3163 5735 3250 5803 qui
3296 5727 3452 5801 ponis
3503 5737 3689 5788 nubem
