3936 6180
521 242 625 301 311

1539 238 1600 296 S.
1639 236 2030 297 BlERONYMl
2067 238 2304 299 DIVINA
2343 239 2829 302 BIBLIOTHECA.

3718 252 3814 314 5|!

592 357 714 413 Hoc
736 373 878 413 mare
902 371 1140 428 magnum
1166 361 1216 409 et
1246 353 1537 424 spatiosum
1564 361 1594 393 ι
1624 369 1688 411 -ιυ
1709 354 1946 411 manibus
1973 356 2130 426 :illic
2153 363 2208 424 Α
2304 356 2421 415 Hoc
2455 372 2604 415 mare
2645 374 2898 432 magnum
2935 372 2992 420 et
3030 361 3372 435 spatiosum:
3414 364 3538 422 illic
3575 363 3700 439 [ιιι.
3730 368 3813 443 ibi]

521 452 751 522 reptilia,
784 465 999 521 quorum
1020 464 1122 502 non
1151 456 1228 502 est
1255 463 1518 504 numerus.

600 542 864 599 Animalia
892 540 1084 613 pusilla
1108 555 1227 595 cum
1268 541 1493 612 magnis,
1527 539 1640 596 illic
1683 557 1837 598 naves
1863 552 2129 614 pertrans-

533 637 698 691 ibunt.

528 637 768 784 “ignium
794 727 890 783 iste
914 743 1069 798 quem
1092 727 1332 799 formasti
1355 728 1426 782 ad
1454 725 1790 782 illudendum
1817 727 1865 782 εί
1886 743 1905 782 -'
1953 726 2128 785 0mm.“

523 838 559 877 a
585 829 632 876 te
658 827 975 890 exspectant,
1005 828 1062 874 ut
1087 817 1177 875 des
1203 817 1314 875 illis
1339 833 1511 879 escam
1537 818 1593 874 in
1621 827 1873 891 tempore.

591 1002 764 1058 Dante
788 1010 835 1057 te
855 1001 968 1057 illis
992 1002 1237 1074 colligent
1257 1020 1276 1057 :
1306 1001 1571 1075 aperiente
1606 1010 1656 1057 te
1694 1018 1907 1059 manum
1953 1010 2123 1075 tuam,

523 1108 587 1149 σι-
622 1094 800 1148 omnia
829 1094 853 1163 ζ
886 1092 1239 1165 implebuntur
1262 1093 1511 1149 bonitate.

590 1187 864 1243 Avertente
883 1195 1061 1243 autem
1079 1196 1128 1242 te
1148 1187 1358 1258 faciem,
1388 1186 1734 1242 turbabuntur
1749 1202 1773 1244 :
1796 1188 2001 1259 auferes
2018 1191 2129 1262 spi-

520 1281 680 1336 ritum
706 1294 911 1348 eorum,
935 1292 987 1334 et
1016 1279 1285 1350 deficient,
1310 1287 1363 1335 et
1389 1279 1443 1335 in
1471 1278 1737 1351 pulverem
1771 1298 1926 1337 suum
1959 1299 2130 1339 rever-

524 1382 718 1431 tentur.

590 1466 813 1522 Emittes
841 1464 1098 1539 Spiritum
1124 1473 1291 1532 tuum,
1318 1473 1367 1521 et
1389 1464 1699 1522 creabantur
1720 1482 1741 1522 :
1768 1473 1819 1522 et
1857 1467 2125 1525 renovabis

522 1561 713 1634 facient
737 1570 909 1627 teme,
1222 1606 1225 1607 ν

595 1654 681 1711 Sit
709 1654 880 1727 gloria
907 1654 1121 1713 Domini
1151 1656 1210 1712 in
1236 1654 1482 1712 secutum
1504 1670 1525 1710 :
1564 1654 1828 1711 (celabitur
1867 1651 2126 1713 Dominus

524 1746 584 1801 in
609 1746 851 1819 operibus
879 1749 1009 1803 suis.

2142 480 2151 489 -
2231 450 2467 521 reptilia,
2498 466 2732 522 quorum
2760 468 2868 509 non
2893 464 2978 511 est
3013 470 3292 524 numerus,
3332 456 3596 514 animalia
3636 460 3807 530 pusilla

2230 537 2259 580 ἀ
2288 549 2345 599 et
2368 557 2584 614 magna,
2614 542 2726 600 illic
2755 558 2920 603 naves
2946 547 3377 618 pertransibunt.

2302 727 2480 786 Draco
2504 727 2610 785 iste
2635 742 2797 800 quem
2823 727 3071 785 formasti
3100 728 3169 785 ad
3198 729 3543 787 illndendum
3583 731 3674 786 ei:
3709 747 3814 788 om-

2230 819 2321 877 nia
2348 835 2380 876 a
2410 829 2463 877 te
2500 829 2838 892 exspectant,
2879 821 3129 893 Domine,
3168 832 3227 879 ut
3269 833 3331 880 tu
3365 824 3464 882 des
3504 838 3688 882 escam
3723 827 3816 886 illis

2230 912 2289 970 in
2316 919 2587 985 tempore.

2302 1005 2476 1062 Dante
2497 1014 2573 1070 te,
2603 1005 2678 1063 illi
2701 1006 2995 1079 colligant}:
3030 1008 3313 1080 aperiente
3340 1015 3395 1066 te
3415 1023 3642 1067 manum
3662 1018 3815 1081 tuam,

2230 1099 2412 1156 omnia
2440 1098 2799 1168 replebantur
2828 1099 3098 1156 ubertate.

2301 1193 2597 1248 Avertente
2641 1200 2825 1249 autem
2870 1200 2925 1248 te
2970 1191 3164 1247 faciem
3216 1199 3382 1259 tuam,
3428 1190 3811 1250 turbabuntur:

2229 1282 2446 1339 auferes
2471 1283 2722 1354 spiritum
2752 1297 2966 1352 eorum,
2990 1293 3048 1339 et
3074 1282 3353 1351 deﬁcient,
3378 1292 3435 1341 et
3462 1285 3519 1341 in
3552 1285 3813 1356 pulverem

2229 1386 2387 1430 suum
2413 1382 2758 1432 revertentur
2782 1373 2913 1449 [ιιι.
2942 1374 3380 1448 convertentur].

2303 1467 2508 1524 Emitte
2536 1469 2798 1538 Spiritum
2829 1477 3003 1534 tuum,
3033 1477 3090 1524 et
3118 1468 3470 1538 creabantur,
3500 1478 3560 1527 et
3598 1484 3814 1529 renova-

2228 1561 2314 1619 bis
2341 1561 2471 1637 [Ms.
2499 1560 2806 1636 iunovabis]
2833 1561 3025 1619 faciem
3052 1569 3237 1619 terra.

2300 1654 2386 1711 Sit
2405 1655 2578 1726 gloria
2605 1654 2822 1710 Domini
2851 1654 2906 1710 in
2943 1654 3253 1726 °,saeculum
3293 1655 3523 1713 seculi:
3566 1656 3813 1716 laetabitur

2230 1746 2490 1804 Dominus
2517 1747 2571 1803 in
2599 1748 2854 1836 operibus
2881 1746 3017 1804 suis.

602 1838 708 1906 Qui
753 1840 962 1912 respicit
990 1849 1211 1909 terram,
1241 1849 1290 1897 et
1335 1855 1394 1897 -ι-
1420 1840 1450 1881 ι’
1484 1842 1615 1913 facit
1643 1843 1811 1913 eam:
1856 1850 2072 1899 tremere
2098 1858 2120 1899 :
2147 1844 2198 1905 B
2295 1841 2399 1910 Qui
2445 1841 2667 1913 respicit
2719 1850 2942 1910 terram,
2995 1840 3207 1899 etfacit
3250 1855 3374 1900 eam
3400 1844 3689 1902 tremere':
3717 1846 3799 1919 qui

527 1930 619 2002 qui
649 1932 820 2003 tangit
849 1943 1045 1989 montes
1065 1976 1081 2004 ,
1109 1943 1158 1990 et
1180 1934 1457 2008 fumigant.

600 2020 835 2078 Cantabo
870 2023 1096 2081 Domino
1133 2026 1190 2081 in
1236 2026 1341 2080 vita
1383 2042 1496 2081 mea
1525 2044 1546 2082 :
1595 2028 1821 2101 psallam
1860 2027 1970 2084 Deo
2015 2044 2125 2085 meo

532 2115 786 2185 quamdiu
806 2131 946 2171 sum.

600 2204 905 2261 Jucnndum
933 2207 1002 2262 sit
1028 2207 1074 2263 ei
1097 2209 1357 2281 eloquium
1383 2209 1554 2267 meum
1583 2227 1604 2268 :
1624 2227 1715 2284 ego
1757 2228 1875 2267 vero
1896 2210 2124 2267 delecta-

528 2298 623 2352 bor
641 2300 697 2351 in
717 2295 963 2354 Domino.

598 2384 862 2457 Deﬁciant
873 2398 1211 2460 peccatoresa
1236 2392 1398 2464 terra,
1422 2404 1472 2452 et
1492 2395 1655 2469 iniqui
1669 2395 1746 2453 ita
1770 2405 1827 2453 ut
1852 2413 1957 2453 non
1976 2396 2079 2454 sint
2102 2413 2123 2454 :

527 2480 768 2552 benedic,
798 2484 976 2543 anima
1000 2501 1117 2543 mea
1142 2528 1158 2559 ,
1198 2487 1445 2548 Domino.

2229 1934 2403 2004 tangit
2433 1941 2670 2002 montes,
2702 1942 2759 1990 et
2787 1933 3152 2005 tumigabunt.

2300 2024 2547 2081 Cantabo
2600 2024 2828 2081 Domino
2876 2023 2932 2081 in
2964 2024 3075 2081 vita
3099 2040 3222 2084 mea
3252 2043 3269 2084 :
3295 2027 3526 2099 psallam
3555 2030 3670 2088 Deo
3695 2046 3804 2089 meo

2231 2117 2492 2189 quamdiu
2523 2130 2643 2174 ero.

2305 2210 2502 2268 Suavis
2525 2210 2597 2267 sit
2622 2209 2675 2267 ei
2705 2210 2943 2268 laudatio
2970 2227 3092 2271 mea
3108 2230 3124 2271 :
3140 2228 3242 2288 ego
3264 2230 3398 2274 vero
3424 2217 3738 2277 delectabor
3760 2222 3806 2278 in

2234 2302 2487 2361 Domino.
2732 2289 2736 2292 ⁴

2302 2396 2566 2455 Deliciant
2591 2405 2907 2468 peccatores
2927 2413 2957 2455 a
2989 2408 3157 2469 terra,
3180 2412 3239 2460 et
3265 2400 3437 2475 iniqui
3465 2402 3600 2478 uls.
3624 2406 3812 2479 injusti]

2227 2489 2302 2546 ita
2335 2496 2528 2546 utnon
2552 2490 2662 2546 sint
2689 2505 2705 2545 :
2736 2489 2988 2559 benedic,
3014 2492 3195 2549 anima
3221 2508 3367 2563 mea,
3400 2493 3711 2554 Dominum.

1891 2623 2254 2693 PSALMUS
2302 2623 2465 2688 CIV.

1182 2740 1472 2785 ALLBLDIA.

599 2813 931 2887 Conﬁtemini
969 2814 1229 2888 Domino,
1265 2832 1324 2875 αε-
1360 2826 1410 2874 et
1441 2817 1466 2887 ζ
1503 2817 1736 2876 invocata
1761 2834 1949 2877 nomen
1979 2820 2125 2893 ejus:

526 2908 836 2963 annuntiate
852 2908 988 2963 inter
1004 2918 1180 2982 gentes
1209 2923 1369 2981 opera
1397 2910 1532 2983 ejus.

2864 2730 3151 2785 ALLELUlA.

2303 2816 2654 2875 Conﬂtemini
2706 2818 2962 2890 Domino,
3007 2830 3065 2878 et
3103 2822 3353 2881 invocata
3406 2839 3608 2885 nomen
3658 2827 3809 2900 ejus:

2230 2909 2551 2968 annuntiate
2619 2910 2765 2968 inter
2812 2922 3004 2985 gentes
3062 2913 3190 2988 [Ms.
3247 2916 3302 2972 in
3328 2917 3610 2992 gentibus]
3663 2935 3809 2992 opera

2231 3018 2374 3076 ejus.

533 3077 539 3083 ”
570 3086 818 3193 -Cantate
848 3088 919 3156 ei,
954 3096 1004 3144 et
1029 3090 1242 3161 psallite
1267 3091 1317 3146 ei
1348 3106 1369 3148 :
1399 3102 1609 3151 narrate
1648 3094 1827 3151 omnia
1864 3094 2126 3151 mirabilia
2153 3132 2202 3200 c
2301 3096 2528 3155 Cantate
2552 3097 2628 3169 ei,
2646 3105 2704 3157 et
2730 3098 2951 3172 psallite
2976 3099 3029 3156 ei
3054 3117 3069 3155 :
3100 3108 3321 3160 narrate
3347 3103 3536 3161 omnia
3557 3104 3809 3162 mirabilia

531 3181 665 3247 eius.

601 3268 925 3326 Laudamini
943 3272 1002 3327 in
1038 3274 1243 3330 nomine
1262 3265 1442 3331 saneto
1473 3280 1584 3351 ejus
1610 3294 1630 3335 :
1656 3280 1857 3337 ltetetur
1877 3296 1967 3337 cor
1985 3295 2127 3353 quat-

530 3362 754 3417 rentium
779 3360 1083 3419 Dominum.

605 3454 835 3520 Quzrite
848 3453 1156 3527 Dominum,
1187 3466 1237 3515 et
1260 3461 1640 3531 conﬁrmamini
1666 3480 1687 3522 :
1706 3467 1919 3537 quarite
1939 3469 2126 3540 {aciem

531 3550 645 3621 ejus
673 3564 894 3619 semper.
926 3560 949 3590 ε

611 3642 922 3698 Mementote
941 3641 1262 3701 mirabilium
1282 3646 1398 3719 ejus
1415 3662 1531 3721 qum
1545 3648 1665 3721 fecit
1694 3666 1714 3707 :
1735 3649 1975 3724 prodigia
1989 3654 2121 3727 ejus,

529 3742 583 3789 et
600 3733 807 3807 judicia
836 3735 945 3789 oris
971 3737 1102 3809 ejus.

602 3827 794 3883 Semen
817 3827 1081 3884 Abraham
1122 3831 1254 3886 set-ri
1290 3831 1404 3905 ejus
1435 3849 1455 3890 .·
1476 3833 1574 3905 ﬁlii
1611 3834 1775 3893 Iacob
1801 3838 1947 3895 electi
1985 3843 2120 3910 eius.

533 3916 561 3979 ι’
611 3915 738 3987 Ipse
767 3917 1020 3975 Dominus
1055 3919 1194 3976 Deus
1223 3933 1428 3993 noster,
1462 3926 1519 3981 in
1550 3929 1784 3985 universa
1815 3937 1951 3987 terra
1970 3933 2123 4004 judi-

530 4025 612 4065 cta
636 4026 769 4080 ejus.

600 4101 807 4159 Memor
830 4104 929 4176 fuit
960 4107 1014 4161 in
1039 4108 1285 4165 saeculum
1309 4114 1605 4169 testamenti
1633 4115 1755 4169 sui:
1781 4116 1915 4172 uerbi
1932 4157 1947 4184 ,
1977 4118 2120 4190 quod

525 4196 789 4252 mandavit
813 4197 870 4252 in
890 4197 1035 4255 mille
1059 4205 1435 4272 generationes.

2234 3207 2372 3264 ejus.

2303 3285 2627 3344 Laudamini
2665 3288 2723 3345 in
2759 3286 2985 3346 nomine
3036 3295 3228 3346 sancto
3282 3287 3450 3361 ejus:
3483 3289 3699 3349 laetetur
3721 3304 3808 3349 cor

2232 3380 2596 3453 quaerentium
2624 3380 2935 3438 Dominum.

2302 3470 2542 3540 Quarite
2596 3473 2911 3542 Dominum,
2938 3479 2997 3530 et
3038 3470 3059 3513 ι
3092 3471 3502 3533 conﬂrmamini
3540 3490 3558 3533 :
3594 3475 3805 3549 quaerite

2230 3561 2427 3619 faciem
2458 3562 2577 3633 ejus
2598 3576 2840 3635 semper.
3774 3570 3799 3588 ‘

2299 3657 2625 3715 Mementote
2653 3657 2981 3716 mirabilium
3011 3656 3152 3732 ejus,
3183 3673 3307 3734 qua
3358 3659 3495 3720 fecit
3522 3678 3537 3721 :
3567 3658 3800 3735 prodigia

2225 3758 2280 3807 et
2302 3748 2508 3820 judicia
2528 3750 2642 3806 oris
2667 3750 2812 3821 ejus.

2293 3841 2494 3899 Semen
2519 3842 2797 3899 Abraham
2824 3843 2969 3901 servi
2991 3843 3112 3915 ejus
3129 3842 3254 3901 :lilii
3281 3844 3454 3903 Iacob
3481 3844 3637 3903 electi
3664 3843 3792 3914 ejus.

2295 3933 2417 4003 Ipse
2443 3942 2468 3982 8
2501 3934 2765 3991 Dominus
2811 3935 2950 3992 Deus
2998 3944 3187 3993 uoster
3217 3952 3234 3991 :
3266 3936 3323 3993 in
3369 3936 3622 3995 universa
3667 3944 3801 3993 terra

2217 4026 2421 4098 judicia
2448 4027 2590 4097 ejus.
3488 4050 3491 4055 ’

2289 4119 2496 4177 Memor
2544 4120 2644 4177 fuit
2689 4120 2743 4177 in
2794 4122 3056 4179 saculum
3117 4126 3428 4182 testamenti
3474 4125 3558 4183 sui
3589 4142 3604 4180 :
3631 4122 3792 4192 verbi,

2214 4212 2362 4285 quod
2391 4213 2673 4270 mandavit
2698 4214 2751 4270 in
2784 4214 2933 4273 mille
2958 4218 3371 4289 generationes.

594 4388 621 4417 ⁸
637 4376 1405 4479 ἔίῗιξςοιιξῇξθοὲῗ.ξξῑθέξςξ
1433 4387 1788 4479 πρεπῆ),
1817 4405 1937 4479 ms.‘
1952 4394 2113 4479 o'mit-
2137 4397 2194 4459 1)
2215 4406 2270 4479 et
2300 4398 2650 4479 subsequenti
2678 4415 2868 4479 versu,
2890 4382 3139 4471 quamdiu
3161 4402 3272 4455 rivo
3298 4401 3606 4479 (Augustin.
3616 4374 3794 4479 ξείνη).

518 4448 603 4522 tit.
637 4448 868 4522 Sanetus
912 4453 1026 4522 ipse
1067 4454 1228 4510 Pater
1266 4457 1429 4521 epist.
1477 4459 1545 4514 ad
1589 4458 1852 4518 Sunniam
1887 4472 1942 4519 et
1982 4448 2114 4522 Fre-

514 4519 707 4603 telnm:
734 4519 944 4603 Dicitis,
965 4523 1168 4603 inquit:
1192 4526 1244 4603 in
1267 4519 1473 4603 Graeco,
1486 4530 1766 4603 inanibus,
1791 4551 1892 4588 non
1912 4519 2113 4603 haberi,

515 4598 565 4663 et
590 4606 681 4663 ego
708 4592 847 4663 noui.
878 4591 986 4648 Sed
1012 4591 1076 4648 ea:
1105 4595 1366 4651 Hebraico
1393 4591 1850 4660 et'Tlteodotionis
1893 4591 2116 4663 editione

512 4658 569 4714 in
586 4659 941 4733 Septuaginta
961 4664 1056 4719 sub
1076 4667 1320 4721 asterisco
1351 4670 1584 4723 additum
1608 4682 1703 4728 est.

586 4728 614 4767 δ
647 4728 851 4786 lteruin
883 4735 1059 4790 minus
1089 4745 1237 4816 recte
1264 4737 1537 4816 Palatinus
1567 4756 1669 4816 tus.
1694 4754 1749 4800 ct
1768 4745 1894 4801 Cari
1922 4746 2110 4816 editio,

514 4798 585 4881 ad
613 4816 727 4881 eam
745 4815 1049 4881 pronomen
1079 4805 1239 4861 unice
1265 4798 1716 4881 confodiendum,
1726 4798 1948 4872 obelu—m‘
1962 4798 2114 4876 itide

513 4870 867 4995 Inransfzquut.
900 4873 1068 4931 Addit
1120 4888 1387 4947 prmterea
1416 4881 1652 4938 Palatio.
1687 4870 1742 4942 in
1774 4870 2112 4946 nhe'ié’rsué

573 4958 685 4995 ιανε
746 4959 847 4995 ma.

573 4958 847 5011 rapsatma.

514 5022 617 5134 “ne.
649 5016 829 5137 $3308
860 5014 949 5070 hic
971 5016 1024 5072 in
1050 5018 1174 5074 libri
1201 5020 1326 5076 albo
1359 5021 1668 5095 Diapsahna
1703 5029 1928 5101 apponit
1954 5030 2112 5087 Pala-

580 5150 1128 5240 iye’t‘onensisﬂms“
1162 5162 1357 5231 pusilla
1387 5181 1505 5240 cum
1545 5169 1768 5240 magnis,
1803 5179 1913 5226 tum
1957 5171 2108 5240 juxta

506 5218 1030 5314 gugnstintrmhillic
1051 5218 1202 5314 naves
1228 5218 1932 5314 commeabant.

504 5291 714 5380 punisti
748 5294 819 5380 ad
848 5296 1173 5380 illudendum
1193 5304 1616 5380 eis(.a_n_gust_in.,
1644 5291 1692 5364 ei
1703 5291 1770 5380 )“5
1787 5291 1984 5366 omnia.
1997 5291 2110 5369 Ii;

504 5372 830 5453 exspectant;
864 5364 1099 5453 Domine,
1126 5380 1181 5424 ut
1205 5364 1301 5453 des:
1318 5364 1426 5430 illis
1455 5364 1623 5453 cibum
1658 5364 1719 5434 in'
1750 5364 1981 5453 tempore
2002 5364 2143 5453 VopZ'

502 5442 747 5520 p'ortuno.
780 5434 955 5520 Dante
980 5448 1035 5520 te
1053 5442 1149 5520 eis,
1176 5443 1425 5520 colligunt
1454 5434 1987 5520 (Augustinusfcum
2017 5434 2109 5510 d2.

504 5498 644 5597 ieris
669 5503 1039 5597 eis,.colliqent
1052 5509 1098 5577 ),
1126 5498 2103 5597 aperienteautenft—e

501 5574 741 5625 universa
763 5574 1109 5643 implebantur
1135 5574 1378 5639 bonitate.

579 5642 976 5723 :AEQt-le‘ltic
1021 5647 1175 5712 juxta
1224 5651 1587 5723 AugustinUm
1639 5661 1936 5721 Verunens.
1991 5682 2100 5723 ms.

499 5706 675 5770 ἅπλῶς
702 5706 869 5765 habet
900 5712 953 5766 in
994 5706 1261 5772 aiternum.

2219 4469 2408 4593 gnaris
2432 4473 2498 4525 sit
2522 4472 2570 4526 ei
2595 4471 2875 4544 disputatio
2894 4469 3011 4525 mea
3031 4487 3050 4526 :
3078 4487 3173 4544 ego
3198 4469 3370 4527 autem
3406 4469 3723 4544 facundabor
3748 4475 3797 4524 in

2275 4555 2466 4593 ommo.

2275 4555 2466 4596 ommo.

2295 4609 2812 4687 ‘_Vcronens.ms.,
2837 4612 3253 4668 conroboramini
3278 4630 3299 4670 :
3330 4614 3385 4668 in
3418 4632 3580 4687 quem
3624 4614 3790 4687 locum

2215 4679 2680 4757 S._Augustinus,
2726 4699 2895 4757 quem
2939 4698 3107 4753 penes
3141 4696 3226 4757 est
3261 4679 3655 4757 confoftamini,
3684 4679 3795 4737 Hoc

2214 4754 2372 4819 enim,
2398 4756 2590 4832 inquit,
2621 4756 2685 4808 de
2713 4752 3650 4832 G_rteco_e.rpressiu_s_interpretatum
3693 4761 3789 4832 est.

2213 4824 2443 4904 quamvis
2466 4822 2672 4904 uerbum
2696 4822 3132 4904 minus_Latim_mt
3154 4822 3410 4904 videatur.
3446 4827 3601 4904 Untlc
3624 4833 3675 4881 et
3696 4822 3789 4904 alii

2215 4893 2430 4972 codices
2478 4896 2704 4972 habent,
2745 4896 3127 4972 conﬁrmantini
3153 4912 3172 4972 ς
3201 4896 3316 4972 alii,
3371 4893 3784 4972 corroborantfnf'.

2214 4964 2577 5047 Sttbseqttcnti
2627 4980 2785 5023 versu
2845 4963 3046 5037 pariter
3114 4966 3237 5038 plus
3299 4963 3503 5024 habent
3570 4963 3791 5039 prodigia

2210 5046 2516 5181 ῳΐῖιᾷἶῗίῖι
2543 5107 2848 5181 Veronens.
2873 5122 2975 5162 ms.
2998 5117 3094 5163 est.
3118 5107 3273 5181 Legit
3318 5124 3451 5181 vero
3494 5110 3642 5181 juxta
3665 5102 3791 5181 _Au-

2198 5177 2506 5247 ‘gustinum,
2534 5179 2587 5232 in
2617 5178 2757 5250 omni
2785 5190 2921 5250 terra
2951 5193 2970 5232 :
2994 5186 3107 5233 tum
3153 5174 3341 5247 habet,
3373 5174 3577 5235 Memor
3605 5175 3695 5250 fuit
3734 5174 3783 5225 in

2211 5255 2479 5313 teternum,
2507 5249 2597 5305 ubi
2653 5248 2938 5319 Augustin.
2972 5251 3058 5303 cui
3089 5250 3351 5316 impressa
3379 5251 3537 5306 lectio
3563 5248 3614 5303 in
3639 5259 3785 5301 stren-

2213 5320 2319 5370 tnm
2350 5320 2631 5388 probatur,
2662 5322 2785 5383 Alii,
2806 5319 3000 5389 inquit,
3030 5320 3231 5374 codices
3257 5320 3446 5375 habent
3466 5324 3518 5375 in
3535 5328 3778 5376 teternItM.

2210 5389 2350 5458 quod
2369 5406 2432 5444 ex
2452 5389 2889 5462 ambigquer
2908 5392 3103 5461 factum
3121 5399 3218 5445 est.
3243 5391 3602 5462 Subsequenti
3617 5399 3776 5462 versu,

2211 5456 2259 5533 et
2274 5462 2562 5532 jnramenti
2593 5456 2685 5516 'sui
2704 5532 2709 5533 γ
2730 5461 2840 5533 ipsi
2859 5456 3033 5533 Isaac,
3065 5470 3113 5515 ct
3142 5463 3324 5515 statuit
3353 5456 3487 5516 illud
3512 5463 3607 5533 ipsi
3632 5456 3780 5511 Jarob

2209 5528 2609 5603 inprweeptum,
2631 5542 2678 5585 et
2688 5528 2795 5603 ipsi
2810 5529 2977 5603 Israel
2998 5532 3053 5583 in
3068 5537 3446 5603 testamentum,
3464 5528 3593 5595 διὸ..
3605 5540 3776 5603 quem-

2212 5594 2501 5682 admodum
2534 5594 2606 5682 _et
2649 5594 2723 5657 ab
2745 5600 3051 5682 Augustino
3096 5600 3335 5682 lectum,
3390 5594 3497 5682 non
3550 5594 3775 5682 equitium

2214 5669 2307 5743 ubi
2334 5670 2484 5743 locus
2533 5675 2637 5729 iste
2670 5669 3015 5743 proponitur,
3049 5671 3146 5726 sed
3178 5672 3269 5729 ubi
3301 5674 3564 5743 repetitur
3589 5670 3640 5725 iu
3666 5669 3771 5736 ipsa

2215 5740 2595 5815 Enarratione,
2624 5740 2966 5817 perspicuum
3010 5748 3116 5798 est.
