3936 6180
181 218 280 275 515

1421 227 1627 285 LIBER
1665 230 2105 295 PSALMORUM.

3324 256 3430 317 δη

251 332 391 399 Quod
419 332 650 405 disposuit
692 336 765 389 ad
807 334 1105 393 Abraham:
1140 347 1187 393 et
1215 340 1501 412 juramenti
1542 345 1624 400 sui
1660 346 1729 400 ad
1754 350 1805 411 Α
1903 350 2414 425 Quoddisposuitad
2429 356 3037 431 Abraham,juramcnti
3054 362 3138 420 sui
3153 363 3221 419 ad
3243 365 3425 425 Isaac:

182 421 344 478 Isaac.

242 516 486 571 Etstatuit
523 518 655 573 illud
695 520 858 575 Iacob
886 522 938 576 in
979 535 1334 597 pra‘ceptum:
1367 537 1412 583 et
1463 528 1633 585 Israel
1678 532 1731 585 in

174 618 502 662 testamentum
528 621 803 667 a’teruum.

230 703 402 758 Dicens
428 721 447 758 :
470 704 587 760 Tibi
611 708 745 763 dabo
772 718 959 766 terram
985 711 1261 784 Chanaan,
1295 717 1583 788 funiculum
1616 722 1723 777 liceo

169 796 373 851 reditatis
400 809 597 854 cestrte.
634 810 663 838 ι

224 886 337 941 Cum
355 900 519 943 essent
548 908 755 948 nurnero
784 894 941 961 breui,
956 898 1278 967 paucissimi,
1300 910 1347 956 et
1386 903 1569 959 incola:
1590 906 1722 973 eius.

221 979 279 1032 Et
334 986 735 1047 pertransiertmt
782 990 848 1042 de
884 1000 1033 1059 gente
1066 990 1118 1045 in
1160 1004 1383 1063 gentem,
1407 1011 1467 1052 -ε-
1501 1008 1550 1052 et
1583 999 1604 1067 ζ
1662 1001 1727 1055 de

161 1086 293 1141 regno
315 1072 381 1125 ad
407 1077 662 1145 papulum
686 1078 929 1137 alterum.
1256 1112 1261 1145 ε

218 1164 325 1219 Non
356 1168 565 1237 reliquit
598 1170 851 1226 hominem
884 1190 1067 1230 nocere
1107 1177 1179 1231 eis
1212 1193 1232 1232 :
1256 1186 1305 1233 et
1332 1180 1581 1251 corripuit
1629 1198 1723 1253 pro

156 1255 214 1308 eis
232 1272 385 1329 reges.

212 1346 376 1402 Nolite
398 1359 613 1421 tangere
640 1354 857 1412 christos
882 1372 1019 1413 meos
1046 1368 1136 1414 :et
1162 1358 1190 1399 δ
1217 1375 1275 1416 σε
1310 1362 1364 1416 in
1402 1363 1424 1431 ζ
1456 1364 1719 1436 prophetis

151 1441 255 1494 meis
276 1443 433 1498 nolite
460 1444 758 1520 malignari.

152 1569 159 1577 .
209 1531 269 1585 Et
294 1536 485 1589 vocavit
512 1539 700 1607 famem
721 1558 875 1613 super
889 1552 1079 1599 terram
1112 1561 1171 1602 -ξ-
1213 1558 1263 1603 et
1293 1549 1314 1617 ζ
1348 1566 1496 1605 omne
1540 1551 1720 1621 ﬁrtna~

148 1634 343 1679 mentum
365 1629 516 1698 panis
548 1633 806 1688 contrivit.

206 1715 339 1771 Misit
383 1730 502 1775 ante
547 1739 636 1779 eos
680 1724 848 1781 virum
876 1743 895 1783 :
924 1729 979 1783 in
1022 1747 1224 1787 scrtum
1275 1737 1597 1794 venundatus
1632 1748 1709 1796 est

148 1805 336 1879 Ioseph.

204 1898 607 1961 Ilumiliaverunt
644 1912 700 1965 in
743 1915 1075 1984 compedibus
1111 1920 1267 1988 pedes
1316 1924 1469 1993 ejus,
1516 1925 1710 1994 ferrum

146 1997 407 2062 pertransiit
428 2010 448 2036 ε
483 2004 714 2058 animant
748 2008 860 2076 ejus
889 2024 909 2062 :
932 2010 1096 2065 donec
1132 2014 1320 2070 veniret
1346 2016 1549 2071 verbum
1572 2020 1706 2087 ejus.

203 2285 462 2358 Eloquium
493 2291 713 2349 Domini
742 2297 1085 2368 inﬂammarit
1126 2318 1240 2357 eum
1272 2320 1291 2359 :
1316 2306 1452 2361 misit
1494 2324 1613 2378 rex,
1662 2320 1711 2365 et

145 2379 265 2433 solrit
282 2399 409 2451 eum,
444 2388 695 2460 princeps
716 2392 1053 2463 populorum,
1073 2407 1123 2449 et
1145 2399 1340 2453 dimisit
1355 2417 1492 2456 eum.

201 2469 457 2532 Constituit
498 2496 621 2534 eum
657 2482 926 2541 dominum
965 2487 1151 2545 domus
1176 2508 1302 2561 sua,
1344 2501 1392 2548 et
1426 2496 1711 2569 principem

147 2574 285 2619 omnis
313 2574 658 2639 possessionis
680 2593 809 2633 suta.

205 2659 261 2715 Ut
317 2666 545 2721 erudiret
597 2670 858 2742 principes
900 2676 1011 2746 ejus
1058 2676 1190 2733 sicut
1229 2680 1558 2753 semetipsum
1610 2692 1710 2741 :et

142 2770 259 2808 senes
285 2760 393 2829 ejus
421 2761 759 2828 prudentiam
788 2764 1014 2822 doceret.

203 2847 255 2901 Et
286 2850 506 2906 intrauit
569 2852 745 2911 Israel
774 2856 801 2894 ἀ
837 2874 897 2915 σξη
934 2861 988 2914 in
1016 2861 1037 2930 ζ
1069 2860 1366 2935 Λῑσῃρωηι
1397 2882 1416 2921 :
1462 2876 1509 2922 et
1548 2866 1707 2924 Iacob

142 2943 287 2997 accola
305 2947 400 3014 {uit
430 2952 493 3001 in
518 2958 656 3005 terra
683 2950 870 3007 Citam.

198 3034 255 3090 Et
294 3044 431 3095 auxit
488 3044 743 3114 populum
789 3065 940 3103 suum
980 3050 1347 3110 vehementer:
1389 3063 1439 3109 et
1478 3056 1707 3127 ﬁrmauit

141 3143 230 3181 eum
248 3148 394 3205 super
412 3137 659 3192 inimicos
686 3142 821 3212 ejus.

1835 446 2026 501 statuit
2048 448 2175 503 illud
2206 448 2375 506 Jacob
2402 452 2455 509 in
2481 464 2812 527 praeceptum
2845 466 2939 514 :et
2978 457 3143 516 Israel
3178 460 3233 515 in
3264 471 3429 518 testa-

1834 546 2074 595 mentum
2102 550 2269 597 113161⁵1]
2279 558 2387 600 um.

1904 728 2103 786 Dicens
2147 746 2163 786 :
2203 732 2323 788 Tibi
2361 732 2504 790 dabo
2543 742 2744 791 terram
2782 735 3060 805 Chanaan,
3121 738 3423 795 funiculum

1833 822 2169 882 hmreditatis
2198 838 2418 885 vestra}.

1900 914 2035 972 Cum
2066 928 2253 976 essent
2284 930 2308 958 ε
2341 922 2395 976 in
2420 937 2649 978 numero
2692 922 2869 989 brevi,
2906 924 3238 994 paucissimi,
3262 936 3315 979 ct
3339 925 3424 981 in-

1827 1010 1965 1064 cola:
1993 1011 2047 1065 itt
2073 1027 2135 1067 ea
2170 1030 2182 1066 :
2212 1022 2269 1070 et
2296 1016 2730 1086 pertransierunt
2752 1017 2821 1074 de
2847 1026 3011 1089 gente
3037 1018 3344 1089 ingentem,
3366 1029 3423 1077 et

1826 1100 1894 1159 dc
1919 1120 2086 1175 regno
2112 1107 2179 1162 ad
2216 1109 2477 1179 populum
2501 1110 2758 1168 alterum.

1895 1195 2013 1251 Non
2072 1200 2325 1269 permisit
2376 1200 2654 1261 hominem
2682 1217 2882 1264 nocere
2904 1207 2985 1264 eis
3018 1222 3033 1264 :
3066 1215 3123 1266 et
3152 1208 3419 1280 corripuit

1826 1302 1923 1358 pro
1947 1291 2028 1347 eis
2056 1307 2233 1363 rcges.

1894 1382 2073 1439 Nolite
2123 1393 2350 1457 tangere
2386 1386 2625 1447 christos
2661 1406 2819 1450 meos

1824 1476 1960 1531 meis
1988 1476 2159 1533 nolite
2187 1480 2497 1550 malignari.

1894 1568 1961 1623 Et
1982 1569 2194 1626 voeavit
2232 1570 2433 1628 famem
2462 1588 2628 1645 super
2655 1584 2859 1631 terram
2886 1593 2901 1631 :
2934 1577 3064 1651 [11s.
3097 1587 3201 1636 tac.
3252 1579 3328 1653 et]
3361 1588 3418 1638 et

1822 1674 1989 1718 omne
2018 1662 2417 1720 ﬁrmamentum
2449 1665 2604 1736 panis
2640 1666 2916 1725 contrivit.

2863 1410 2878 1448 :
2925 1401 2983 1451 et
3034 1392 3090 1449 itt
3138 1393 3417 1466 prophetis

1741 1824 1791 1887 Β
1895 1842 2041 1899 Misit
2078 1852 2205 1900 ante
2232 1858 2331 1901 eos
2359 1845 2536 1902 virum
2563 1846 2693 1919 [Με.
2750 1848 3075 1923 hominem],
3109 1852 3164 1908 in
3194 1863 3412 1910 servum

1819 1936 2161 1993 venundatus
2186 1946 2272 1994 est
2299 1939 2501 2010 Ioseph
2528 1956 2543 1994 :
2576 1940 3011 1999 humiliaverunt
3055 1945 3109 2001 in
3137 1947 3413 2016 compedi-

1814 2027 1914 2083 bus
1943 2027 2112 2098 pedes
2136 2032 2254 2099 ejus
2282 2047 2296 2084 :
2323 2030 2526 2087 ferrum
2555 2034 2912 2103 pertransivit
2945 2035 2963 2074 ί
2995 2036 3235 2093 animam
3264 2038 3407 2109 ejus,

1813 2118 1988 2175 donec
2017 2120 2222 2177 veniret
2274 2122 2498 2178 verbum
2547 2124 2712 2193 ejus:
2749 2123 3029 2197 eloquium
3082 2126 3300 2185 Domini
3326 2128 3410 2185 in-

1813 2211 2113 2268 ﬂammavit
2142 2228 2291 2271 eum.

1884 2305 2026 2360 Misit
2055 2320 2172 2373 rex,
2209 2314 2262 2362 et
2293 2306 2455 2364 solvit
2484 2322 2609 2365 eum
2635 2324 2652 2369 ;
2685 2310 2940 2383 princeps
2971 2313 3319 2384 pOpulorum,
3349 2325 3406 2373 et

1813 2394 2021 2452 dimisit
2037 2413 2187 2453 eum.

1885 2492 1952 2547 Et
1978 2491 2105 2564 [51s.
2138 2502 2237 2546 tac.
2271 2492 2347 2564 et]
2374 2492 2656 2550 constituit
2692 2510 2814 2551 cum
2870 2495 3152 2554 dominum
3212 2497 3408 2555 domus

1812 2601 1948 2652 suae,
1973 2594 2031 2642 et
2057 2586 2353 2657 principem
2376 2588 2553 2643 omnis
2592 2589 2958 2660 possessionis
2988 2606 3122 2646 suat.

1885 2680 1955 2737 Ut
1993 2680 2241 2736 erudiret
2282 2680 2554 2752 principes
2597 2696 2725 2739 suos
2771 2683 2913 2739 sicut
2937 2682 3065 2756 [διε.
3102 2685 3176 2739 ita
3206 2684 3408 2759 ut]st-i-

1812 2790 1967 2847 psum
2002 2794 2017 2832 :
2046 2784 2101 2831 et
2130 2785 2155 2823 ε
2178 2775 2425 2832 seniores
2451 2791 2582 2831 suos
2613 2775 2961 2843 prudentiam
2992 2779 3240 2836 doceret.

1884 2869 1949 2923 Et
1983 2869 2205 2923 intravit
2238 2867 2403 2923 Israel
2424 2867 2480 2923 in
2508 2867 2801 2941 Egyptum
2830 2878 2917 2928 :ct
2942 2870 3113 2927 Jacob
3145 2870 3406 2927 habitavit

1813 2959 1866 3014 in
1896 2969 2041 3015 terra
2062 2959 2255 3015 Cham.

1885 3052 1951 3107 Et
1977 3052 2129 3108 auxit
2165 3054 2426 3124 populum
2471 3068 2629 3109 suum
2678 3050 2840 3109 nimis
2874 3068 2887 3108 :
2918 3060 2973 3109 et
3004 3050 3031 3091 ιι
3059 3051 3404 3109 conﬁrmavit

1812 3160 1934 3200 cum
1961 3159 2126 3214 super
2152 3145 2401 3201 inimicos
2432 3147 2574 3216 ejus.

195 3221 435 3281 Convertit
482 3245 569 3283 cor
606 3247 808 3300 eorum,
857 3242 911 3289 ut
945 3235 1148 3292 odirent
1180 3238 1434 3311 populum
1464 3241 1578 3311 eius
1609 3257 1626 3295 :
1652 3252 1701 3297 et
1731 3216 1777 3280 (ἶ
1878 3235 2159 3293 Convertit
2186 3252 2283 3292 cor
2320 3252 2532 3305 eorum,
2574 3246 2633 3293 ttt
2672 3237 2886 3294 odirent
2919 3236 3174 3311 populum
3220 3237 3337 3309 ejus
3378 3253 3394 3294 :

141 3314 287 3371 dolum
312 3322 539 3390 facerent
566 3323 619 3376 in
650 3340 821 3381 servos
852 3330 986 3400 ejus.

195 3454 219 3530 ξ
252 3458 489 3515 Alterum
521 3459 829 3530 Diapsalma
852 3462 993 3519 idem
1020 3479 1120 3520 ms.
1154 3474 1400 3523 annotat.
1434 3465 1571 3522 Tum
1622 3466 1700 3521 al-

142 3522 279 3607 terius
306 3530 370 3586 ab
400 3533 510 3586 ltoc
541 3522 1074 3607 versiculipriorcm
1101 3534 1167 3589 Et
1189 3538 1444 3607 copulant
1466 3538 1697 3603 senae...

193 3596 393 3678 {Carus
421 3609 472 3678 e_t
501 3603 776 3671 copulam,
810 3596 1087 3660 Palatinus
1118 3621 1219 3661 ms.
1264 3596 1695 3678 subsequentem

138 3668 317 3756 otiolum
336 3713 350 3735 ,
380 3668 823 3756 minusluterque
844 3686 1016 3756 recte,
1049 3678 1323 3756 omittunt.

199 3740 293 3822 fin
324 3751 476 3822 recto
498 3740 1148 3822 anima,_jux_ta_Gr:ccum
1180 3752 1209 3809 ἡ
1236 3748 1414 3822 ψυχή,
1447 3750 1695 3821 aliosque

139 3805 322 3881 Latinos
346 3814 537 3875 libros,
570 3805 791 3881 prmiett
810 3817 1078 3873 Palatinus
1106 3805 1207 3873 ms.

193 3878 214 3916 ἀ
239 3882 354 3961 Sine
384 3878 774 3961 obeloﬁ'legitur
800 3885 853 3940 in
872 3888 1064 3961 eodem
1096 3906 1196 3943 ms.
1227 3891 1283 3945 in
1307 3907 1415 3961 quo
1436 3901 1492 3947 et
1507 3890 1696 3947 subsc-

139 3956 288 4024 qucnti
314 3956 494 4009 versui
530 3954 836 4024 Diapsalma
865 3960 1222 4013 subnectitur.
1249 3954 1506 4016 Neutrum
1532 3963 1691 4016 bene.

196 4032 215 4058 ε
239 4023 445 4099 _Veron.
467 4042 573 4080 nts.
590 4023 716 4099 ipsi,
739 4042 835 4097 pro
860 4029 935 4081 in.
963 4029 1304 4086 Recolendus
1324 4047 1485 4099 porro
1510 4043 1564 4087 et
1588 4032 1699 4086 Au-

138 4095 300 4156 gustini
343 4099 495 4151 locus
528 4113 542 4149 :
577 4095 837 4151 Nonnulli
876 4112 1049 4153 autent
1096 4102 1297 4156 codices
1325 4095 1549 4166 vltabent,
1594 4120 1698 4155 non

138 4166 419 4239 paucissimi
450 4176 505 4221 et
536 4168 749 4239 incoho,
809 4171 898 4222 sed
952 4174 1308 4239 paucissimos
1365 4181 1420 4225 et
1465 4173 1695 4227 incolas.

141 4230 219 4313 libi
244 4247 447 4313 apparet
472 4254 579 4303 eos,
602 4237 691 4307 qui
716 4239 816 4291 ista
844 4242 916 4295 ita
945 4230 1266 4313 interpretati
1296 4251 1432 4307 sunt,
1462 4242 1696 4296 Graecam

138 4306 828 4385 {tuisselocutionemsecutom
858 4326 975 4385 quin
1003 4306 1275 4382 transferri
1297 4330 1399 4368 non
1420 4306 1610 4385 potest
1641 4315 1694 4366 in

138 4372 361 4441 Latinum,
391 4380 497 4455 nisi
524 4396 641 4455 cum
670 4396 729 4433 ea
746 4372 1087 4455 absurditate,
1138 4372 1254 4450 aute
1305 4372 1453 4455 ferri.
1474 4385 1684 4437 omnino

137 4459 219 4497 non
239 4454 409 4513 possit.
435 4450 497 4505 Si
525 4451 659 4503 enim
685 4458 845 4505 totam
872 4454 1038 4521 ipsam
1069 4450 1381 4508 locutionem
1405 4455 1684 4521 transferre

138 4528 364 4585 Conantur,
390 4522 577 4574 dicturi
606 4537 804 4585 sumus,
831 4522 885 4576 ln
904 4539 1104 4578 eocsse
1128 4526 1248 4578 illos
1276 4540 1505 4579 numero
1535 4526 1683 4579 brevi

140 4590 462 4659 paucissimos
496 4603 549 4645 et
570 4592 778 4647 incolas
806 4594 856 4648 itt
885 4609 968 4648 ea.
990 4594 1143 4659 Quorl
1173 4606 1342 4649 autem
1361 4600 1431 4647 ait
1452 4595 1688 4659 Graecus,

138 4652 181 4708 In
211 4676 275 4735 eo
319 4678 437 4718 esse
464 4662 609 4726 illos,
641 4664 739 4716 hoc
758 4674 828 4717 est
858 4652 1079 4730 Latt'nwe,
1111 4666 1244 4720 Cum
1294 4676 1479 4722 essent
1513 4684 1524 4718 :
1555 4652 1692 4735 quod

136 4729 426 4807 rerbum‘non
455 4742 620 4807 potest
645 4750 793 4807 casus
820 4737 1142 4807 accusativus
1162 4739 1326 4807 sequi,
1346 4740 1434 4790 sed
1456 4729 1693 4790 nomina-

138 4796 261 4874 tnirus.
289 4802 411 4868 Quis
451 4796 588 4858 enim
632 4806 793 4868 dicat,
823 4803 951 4859 Cum
974 4818 1137 4861 essent
1167 4796 1548 4874 paucissimos?
1576 4810 1687 4871 sed,

137 4865 442 4946 Campessent
487 4865 814 4946 paucissimi.
849 4876 1105 4945 Sequitur
1161 4865 1211 4932 in
1242 4881 1432 4933 eodem
1463 4893 1564 4933 ms.
1600 4895 1612 4930 :
1640 4865 1689 4931 et

138 4944 417 5020 transierth
441 4944 505 4999 de
531 4954 681 5020 gente
705 4948 758 4999 in
788 4944 1010 5014 gentem,
1042 4948 1107 5002 de
1157 4966 1313 5020 regno
1339 4950 1393 5002 in
1432 4950 1683 5019 populum

137 5012 344 5070 alterum.
377 5012 636 5090 Tumjsed
662 5012 855 5090 arguit,
888 5034 985 5086 pro
1006 5029 1054 5072 et
1074 5012 1341 5090 corripuit,
1376 5012 1443 5074 δι’
1456 5012 1681 5089 maligne

137 5096 278 5161 ρας-τε.
303 5103 395 5161 pro
419 5087 700 5161 malignari
727 5087 747 5142 ὲ
782 5091 983 5158 quibus
1010 5090 1145 5145 locis
1190 5087 1261 5145 ab
1291 5087 1679 5161 Augustiniana

137 5148 335 5222 lectione
364 5148 576 5222 lout:qu
601 5158 735 5212 abit.

200 5221 412 5301 '_llabet
450 5221 785 5284 Veronensis
835 5244 936 5284 ms.
988 5231 1039 5285 in
1086 5242 1235 5287 recto
1258 5233 1453 5293 anima,
1482 5249 1583 5301 qua
1616 5234 1684 5289 de

138 5289 334 5365 lectione
350 5301 414 5352 ad
445 5302 753 5365 Oppositum
781 5303 1088 5356 columnam
1112 5305 1366 5358 diximus.
1402 5289 1539 5359 Tum
1571 5305 1683 5359 elo-

139 5364 285 5441 {tttium
312 5364 517 5423 Domini
543 5370 723 5439 ignivit
750 5387 888 5439 eum,
934 5389 1037 5441 quo
1066 5375 1133 5429 de
1155 5375 1323 5429 verbo
1352 5375 1589 5430 diximus
1615 5376 1681 5430 ad

140 5430 816 5515 l:s:t|t_n._t,ut-Augustinus
848 5430 900 5496 in
946 5430 1087 5515 hunc
1146 5447 1343 5509 locum,
1400 5447 1681 5515 Eloquium

139 5499 316 5562 Domini
345 5499 696 5585 inﬂammavit
746 5527 872 5585 eum
903 5530 916 5566 :
948 5514 1029 5569 vel
1052 5519 1197 5584 'quod
1221 5499 1383 5585 magis
1414 5499 1486 5569 de:
1506 5499 1682 5571 ἀναξιοὶῶ

140 5587 395 5653 εξρνωδαηι
416 5584 506 5636 alii
531 5582 734 5637 codices
762 5583 973 5651 habent,
999 5582 1282 5657 Eldquium
1303 5582 1517 5641 Domini
1545 5588 1682 5657 igni-

140 5654 201 5695 νιι
225 5665 354 5704 cum.

200 5725 218 5761 ε
252 5719 481 5779 Pressius
509 5724 575 5781 ad
602 5723 851 5784 Graecum
880 5725 1018 5784 idem
1059 5744 1189 5797 ms.,
1220 5738 1266 5785 ct
1306 5729 1530 5786 seniores
1559 5731 1676 5798 eius

1809 3337 1865 3385 ct
1891 3328 2075 3385 dolum
2106 3327 2349 3385 lacerent
2376 3329 2429 3384 in
2458 3343 2649 3385 servos
2675 3329 2819 3401 ejus.

1806 3464 2057 3537 sapientes
2084 3464 2294 3537 faceret.
2328 3461 2499 3529 Quam
2540 3478 2640 3535 ego
2684 3462 2971 3537 lectionem
3014 3463 3083 3520 ab
3112 3464 3399 3534 Augustini

1807 3532 2161 3606 Enarratio'jte
2184 3532 2551 3606 Veronensem
2578 3532 2964 3606 fantiqnarium
2995 3537 3155 3591 velim
3180 3532 3389 3591 deseri-

1803 3610 1998 3677 psisse.
2062 3602 2297 3677 Grteeus,
2338 3604 2531 3677 inquit,
2570 3602 2749 3677 habet,
2788 3604 3140 3677 Etiscniores
3162 3606 3283 3677 ejus
3311 3622 3402 3661 sn-

1802 3673 2059 3748 iticntiam
2092 3674 2333 3748 do_ccret.
2370 3673 2525 3748 Quod
2567 3676 2707 3748 omni
2759 3676 2912 3748 modo
2949 3676 3019 3731 ad
3063 3673 3268 3731 verbum
3322 3678 3399 3732 ita

1800 3744 1905 3803 dici
1930 3753 2119 3814 posset,
2147 3744 2408 3816 Erudiret
2427 3746 2700 3812 principes
2722 3746 2841 3815 ejus
2868 3748 3394 3816 sicutsetnetipsutn,

1799 3830 1854 3874 et
1880 3813 2127 3873 seniores
2155 3816 2278 3892 ejus
2296 3813 2569 3892 sapientes
2598 3813 2819 3892 lact-ret.
2847 3813 3231 3892 npscéuripooc
3253 3813 3399 3874 enim

1802 3889 1984 3953 habet,
2036 3901 2171 3953 quos
2213 3884 2397 3962 dicere
2437 3884 2675 3939 solemus
2700 3884 2967 3962 seniores,
3003 3884 3396 3962 ηυηγέροντας,

1802 3960 1853 4013 id
1885 3968 1987 4017 est,
2030 3971 2189 4010 senes
2218 3971 2231 4009 :
2263 3957 2467 4027 σοφίσαι
2518 3964 2719 4023 autem,
2778 3958 2919 4024 quod
2963 3975 3069 4012 uno
3097 3957 3261 4014 verbo
3291 3960 3396 4013 La-

1806 4031 1918 4083 tine
1963 4028 2065 4081 dici
2100 4043 2207 4080 non
2234 4033 2446 4097 potest,
2477 4041 2507 4079 a
2537 4028 2801 4097 sapientia
2854 4029 3055 4084 dictqu
3112 4041 3219 4091 est,
3273 4047 3397 4097 qua:

1803 4103 1955 4175 σοφία
1987 4098 2189 4178 (innec.
2213 4095 2414 4177 dicitur
2442 4114 2453 4177 ξ
2478 4095 2637 4178 nona
2669 4100 2981 4178 prudentia,
3005 4116 3126 4178 qute
3156 4095 3395 4178 ppu-inci;

1804 4166 2125 4241 appellanti.
2158 4167 2417 4236 Sequitur
2441 4166 2493 4241 in
2520 4166 2713 4241 eodem
2734 4186 2849 4241 ms.
2883 4186 2897 4225 :
2932 4170 3000 4224 Et
3025 4166 3257 4225 intro't'rit
3309 4171 3397 4224 ls-

1804 4235 1914 4295 τὰζί
1944 4242 1997 4293 in
2030 4235 2343 4308 lEgyptum,
2380 4248 2429 4291 et
2454 4235 2624 4291 Iacob
2650 4238 2899 4295 habitavit
2928 4243 2981 4294 in
3019 4250 3155 4294 terra
3180 4242 3392 4296 Chana-

1801 4330 1907 4375 am,
1937 4324 2035 4381 pro
2060 4308 2242 4363 Citam.
2270 4308 2485 4381 Quade
2518 4311 2749 4381 lectione
2797 4312 2989 4365 iterum
3014 4310 3346 4378 Augustinus
3376 4329 3389 4364 :

1796 4382 1919 4449 Hic,
1944 4380 2144 4451 inquit,
2173 4380 2493 4450 apertissime
2514 4380 2935 4451 demonstrantur
2958 4391 3054 4443 est,
3095 4384 3158 4432 de
3198 4382 3393 4435 semine

1790 4454 1951 4508 Citam
1972 4448 2070 4521 ﬁlii
2098 4448 2229 4516 Noe,
2262 4453 2409 4520 cujus
2447 4452 2730 4521 primitivus
2765 4452 2865 4521 fuit
2896 4448 3143 4521 Chanaan
3172 4490 3186 4511 ,
3235 4466 3389 4503 exor-

1789 4535 1893 4578 tam
1918 4526 2078 4593 fuisse
2105 4523 2258 4574 etiam
2288 4529 2462 4593 gentes
2481 4520 2883 4593 gyptiorum.
2923 4520 3152 4573 Proinde
3182 4521 3237 4593 in
3266 4522 3387 4590 qui-

1797 4596 1891 4649 bus
1911 4590 2173 4648 codicibus
2201 4590 2299 4644 hoc
2328 4591 2442 4643 loco
2471 4590 2660 4661 legitur
2689 4591 2968 4655 Chanaan,
3006 4591 3388 4645 emendandum

1797 4676 1897 4719 est.
1926 4666 2115 4718 Melius
2128 4674 2297 4715 autem
2322 4662 2719 4731 interpretatum
2740 4674 2834 4728 est,
2869 4663 3051 4715 accola
3082 4661 3204 4721 luit.
3234 4680 3390 4732 quant

1796 4739 1925 4791 sicut
1950 4736 2042 4790 alii
2066 4736 2265 4787 codices
2288 4732 2492 4797 habent,
2526 4732 2866 4797 inltahitavit,
2908 4732 3045 4801 quod
3072 4734 3387 4785 tantumdem

1796 4818 1945 4872 esset,
1978 4810 2020 4862 si
2042 4817 2087 4858 et
2109 4804 2282 4858 incola
2310 4805 2588 4868 diceretur,
2616 4803 2747 4857 nihil
2770 4806 2905 4856 enim
2934 4801 3085 4855 aliud
3103 4803 3383 4871 signiﬁcat.

1797 4877 1942 4931 Nam
1972 4880 2198 4943 idipsutn
2242 4883 2315 4929 est
2348 4877 2555 4928 verbum
2580 4875 2634 4926 in
2658 4872 2841 4928 Grieco
2860 4875 2961 4927 isto
2988 4872 3126 4936 loco,
3150 4874 3289 4943 quod
3312 4884 3384 4927 cst

1793 4959 1841 5004 et
1866 4950 2122 5021 superius,
2148 4948 2231 5002 ubi
2262 4947 2455 5021 dictum
2478 4954 2571 5009 est,
2605 4943 2941 5021 Baucis-simi,
2972 4954 3018 4997 et
3040 4945 3225 4997 incola:
3249 4947 3383 5021 ejus.

1786 5014 1955 5075 Porro
1987 5021 2241 5089 intelligis
2270 5058 2285 5081 ,
2317 5015 2540 5089 Lector,
2568 5016 2808 5089 noluisse
2834 5014 3202 5089 Veronensetn
3243 5014 3388 5089 anti-

1784 5094 2033 5160 quarium
2068 5085 2280 5146 ltic'loci
2314 5086 2726 5158 Angusuniana:
2760 5086 3046 5140 sententia:
3073 5099 3137 5138 ae
3162 5085 3380 5141 lectioni

1789 5166 2039 5218 obsceni.

1862 5179 2125 5288 :63:in
2154 5231 2347 5283 iterum
2374 5228 2675 5289 Veroneus.
2702 5224 2891 5293 codex,
2947 5224 3017 5278 Et
3066 5226 3379 5296 eonfortavit

1788 5322 1923 5359 eum.
1949 5306 2085 5357 'l‘um
2107 5299 2650 5364 subsequentiversu,
2670 5306 2725 5349 ut
2748 5299 2937 5352 odisset
2962 5299 3208 5368 populum
3236 5299 3370 5366 ejus,

1793 5387 1836 5429 et
1855 5375 2187 5429 insidiaretur
2213 5370 2263 5420 in
2287 5369 2447 5421 servis
2472 5369 2607 5438 ejus,
2632 5383 2768 5437 quas
2796 5369 3060 5423 lectiones
3092 5376 3279 5435 utpote
3306 5370 3374 5420 ab

1792 5447 1873 5501 his
1899 5458 2032 5512 quas
2078 5438 2357 5518 proferunt
2408 5438 2733 5518 Latinilibrj
2761 5441 2849 5518 alii
2881 5438 3375 5518 otnnes.dit'crsas.

1789 5527 1844 5569 ttt
1870 5508 2087 5569 etalias
2107 5509 2157 5562 id
2191 5523 2359 5575 genus
2388 5525 2551 5577 saepe,
2580 5509 2721 5563 haud
2747 5510 3027 5565 debuisset
3052 5508 3172 5574 ejus
3191 5508 3305 5561 edit
3345 5526 3370 5563 r

1785 5582 2027 5640 Psalterii
2054 5582 2243 5633 tacitus
2256 5578 2617 5645 dissimulare,
2642 5596 2763 5634 cunt
2790 5581 2856 5635 ad
2878 5594 2970 5635 eas
2993 5578 3366 5646 exponendas,

1782 5670 1905 5725 qua:
1955 5650 2251 5731 nilti‘lﬂle're
2294 5660 2441 5715 sunt,
2493 5650 2760 5731 _llcl_)t_':eos
2800 5652 3023 5731 codices
3049 5661 3100 5701 ct
3125 5646 3372 5731 gneneus,

1784 5716 1948 5782 immo
1979 5733 2032 5781 ct
2060 5716 2369 5791 Chobi-stos,
2403 5734 2457 5779 et
2479 5723 2769 5792 Arabicos,
2800 5722 3069 5815 Persicos,
3103 5716 3371 5786 Aﬂthiapi-
