3936 6180
527 251 637 310 815

1526 246 1585 304 S.
1627 242 2008 302 HIERONYMI
2049 245 2281 304 DIVINA
2320 245 2805 308 BIBLIOTIIECA.

3706 251 3796 308 816

599 361 745 421 Misit
786 363 1005 436 Hogsen
1065 376 1266 419 servum
1306 375 1498 426 suum,
1547 360 1726 417 Aaron
1773 377 1926 432 quem
1973 362 2125 433 elegit
2153 365 2208 426 Α
2301 364 2445 420 Misit
2467 365 2706 438 Moysem
2728 380 2948 423 servum
2978 375 3230 434 suum,et
3265 364 3395 440 Uis.
3424 353 3797 440 tuc.etJAaron

538 473 732 528 ipsum.

607 549 790 604 Posuit
815 550 871 604 in
899 550 974 605 eis
1011 545 1161 602 verba
1182 547 1450 619 signorum
1485 563 1701 602 suorum
1763 555 1810 602 et
1853 545 2125 619 prodigio-

532 659 648 698 rum
679 643 730 695 in
753 650 893 695 terra
921 639 1106 696 Citam.

605 732 751 788 Misit
795 731 1052 801 tenebras,
1111 739 1162 789 et
1191 731 1507 800 obscuravit,
1538 741 1588 787 et
1629 748 1733 788 non
1802 731 2127 788 exacerbavit

527 841 790 882 sermones
813 842 956 880 81108.

601 916 863 973 Convertit
907 934 1068 988 aquas
1112 933 1292 974 eorum
1331 918 1388 974 in
1431 918 1737 991 sanguinem
1763 934 1784 974 :
1841 927 1891 974 et
1940 918 2128 974 occidit

533 1013 700 1083 pisces
729 1029 928 1068 eorum.

596 1098 782 1156 Edidit
819 1111 846 1140 ι
877 1112 1014 1158 terra
1053 1119 1231 1160 eorum
1277 1119 1457 1173 ranas,
1509 1104 1564 1160 in
1611 1105 1954 1176 penetralibus
2004 1104 2127 1178 [Ms.

527 1196 960 1271 penetrabilibus]
986 1212 1166 1271 regum
1194 1198 1448 1268 ipsorum.

595 1287 761 1355 Dixit,
785 1297 832 1344 et
853 1287 985 1343 venit
1014 1286 1043 1327 δ
1068 1289 1374 1361 ctenomyia,
1412 1303 1474 1344 οι-
1504 1297 1553 1344 et
1588 1289 1610 1358 ζ
1652 1288 1904 1360 cinipltes,
1932 1288 1987 1346 in
2017 1305 2131 1347 ont-

524 1380 676 1436 nibus
704 1381 896 1452 ﬁnibus
930 1396 1126 1436 eorum.

599 1471 786 1528 Posuit
815 1473 1016 1544 pluvias
1045 1489 1226 1528 eorum
1257 1473 1584 1545 grandinem,
1615 1473 1787 1546 ignem
1829 1475 2134 1532 comburen-

526 1574 631 1622 tem
652 1569 706 1622 in
741 1576 878 1622 terra
895 1567 1148 1640 ipsorum.

599 1660 667 1715 Et
697 1661 947 1733 percussit
974 1661 1150 1716 vineas
1194 1675 1376 1717 eorum
1423 1668 1474 1716 et
1521 1660 1773 1730 ﬁculneas
1817 1677 1996 1718 eorum
2017 1678 2038 1720 :
2085 1675 2133 1721 et

527 1755 764 1810 contrivit
789 1754 991 1826 lignum
1019 1754 1202 1824 finium
1229 1771 1426 1811 eorum.

600 1843 768 1915 Dixit,
797 1855 846 1901 et
870 1845 1004 1902 venit
1033 1845 1254 1916 locusta,
1289 1855 1335 1902 et
1364 1847 1613 1916 bruchus,
1647 1856 1671 1887 α
1704 1850 1856 1922 cujus
1884 1864 1989 1905 non
2018 1858 2128 1906 erat

531 1952 796 1995 numerus.
1882 1935 1889 1940 ’

605 2029 674 2085 Et
699 2032 916 2089 comedit
940 2048 1090 2089 omne
1113 2036 1290 2106 fenum
1308 2033 1362 2088 in
1391 2042 1526 2090 terra
1555 2037 1821 2104 eorum
1837 2041 1885 2089 et
1909 2032 2128 2090 comedit

537 2135 598 2178 οε-
633 2137 834 2178 omnem
865 2125 887 2193 ζ
917 2124 1139 2195 fructum
1167 2134 1316 2180 terra:
1342 2139 1541 2206 eorum.

604 2235 672 2291 Et
693 2239 940 2308 percussit
963 2255 1112 2294 omne
1138 2239 1532 2311 primogenitum
1553 2239 1606 2294 in
1633 2247 1772 2296 terra
1793 2256 1990 2309 eorum,
2020 2243 2128 2314 pri-

531 2329 701 2384 mitias
728 2331 893 2384 omnis
915 2329 1106 2385 laboris
1137 2347 1334 2387 eorum.

604 2423 668 2478 Et
695 2426 872 2480 eduxit
900 2442 985 2482 eos
1011 2443 1124 2482 cum
1156 2435 1368 2499 argento
1398 2437 1444 2482 et
1471 2445 1602 2482 auro
1625 2443 1645 2483 :
1674 2436 1723 2483 et
1767 2445 1870 2485 non
1918 2440 2029 2486 erat
2073 2431 2128 2486 in

525 2517 756 2573 tribubus
781 2535 956 2573 eorum
979 2519 1237 2590 inﬁrmus.

599 2609 799 2666 Lattata
827 2618 900 2666 est
927 2610 1188 2684 Egyptus
1218 2611 1270 2666 in
1298 2611 1616 2682 profectione
1645 2628 1819 2667 eorum
1843 2629 1862 2667 :
1893 2614 2013 2685 quia
2047 2615 2124 2669 in-

522 2701 698 2756 cubuit
728 2704 880 2757 timor
905 2719 1082 2758 eorum
1106 2719 1262 2775 super
1289 2721 1394 2759 eos.

599 2794 863 2866 Expandit
888 2794 1072 2849 nubem
1097 2796 1148 2849 in
1171 2796 1531 2868 protectionem
1553 2811 1608 2852 -s~
1635 2811 1814 2851 eorum
1842 2797 1864 2866 ζ
1889 2806 1936 2852 et
1959 2799 2127 2871 ignem

523 2897 578 2942 ut
609 2889 798 2943 luceret
829 2886 856 2924 ἀ
891 2903 942 2944 σθ
981 2889 1055 2944 eis
1087 2905 1177 2956 per
1211 2889 1232 2959 ζ
1263 2899 1478 2946 noctem.

600 2981 864 3038 Petierunt
887 2998 907 3038 :
935 2991 984 3038 et
1015 2984 1151 3040 venit
1181 2985 1460 3046 coturnix:
1486 2991 1533 3040 et
1568 3002 1703 3056 pane
1730 2985 1843 3040 coeli
1871 2985 2127 3042 saturavit

530 3088 636 3126 (’08.

2230 472 2392 529 quem
2419 459 2585 530 elegit
2615 459 2816 530 ipsum.

2300 549 2492 606 Posuit
2513 553 2569 606 in
2589 551 2669 608 eis
2692 555 2862 608 verba
2887 542 3171 622 signorum
3193 562 3440 617 suorum,
3468 557 3524 606 ct
3549 551 3797 624 prodigio

2229 658 2350 698 rum
2381 653 2404 680 °
2432 658 2656 700 suorum
2690 645 2746 700 in
2776 654 2919 701 terra
2942 643 3138 700 Cbam.

2302 735 2444 791 Misit
2469 736 2748 804 tenebras,
2777 745 2835 794 et
2860 735 3176 793 obscuravit
3203 750 3302 793 eos
3326 753 3340 792 :
3367 735 3494 807 quia
3524 737 3801 795 exacerba-

2227 838 2425 884 vcruut
2451 843 2734 884 sermones
2754 828 2894 900 ejus.

2300 917 2584 976 Convertit
2613 935 2784 992 aquas
2811 935 3004 978 eorum
3028 920 3082 976 in
3110 918 3434 991 sanguinem
3459 933 3474 976 :
3506 925 3565 975 et
3618 919 3800 977 occidit

2234 1011 2416 1084 pisces
2443 997 2661 1068 eorum.

2309 1102 2328 1143 τ
2355 1104 2498 1162 Misit
2519 1113 2667 1162 terra
2695 1117 2885 1162 eorum
2909 1116 3097 1171 ranas,
3133 1103 3189 1161 in
3215 1099 3486 1161 cubilibus
3515 1115 3695 1174 regum
3725 1105 3800 1176 ip.

2233 1210 2443 1252 eorum.

2304 1288 2474 1356 Dixit,
2487 1296 2545 1346 et
2564 1289 2714 1348 venit
2731 1289 3018 1364 cynomyia
3039 1296 3096 1347 et
3113 1287 3363 1362 cinipbes
3390 1289 3521 1363 [ινδ.
3540 1287 3804 1362 scyuiles],

2232 1380 2286 1437 in
2319 1381 2572 1438 omnibus
2601 1381 2798 1439 ﬁnibus
2823 1397 3036 1438 eorum.

2306 1474 2494 1530 Posuit
2523 1473 2733 1546 pluvias
2751 1489 2940 1532 eorum
2965 1475 3017 1531 in
3038 1473 3383 1547 grandinem,
3401 1483 3459 1532 et
3479 1473 3654 1547 ignem
3672 1487 3810 1531 com-

2235 1567 2522 1625 burentem
2553 1569 2609 1625 in
2642 1579 2786 1626 terra
2818 1570 3082 1640 ipsorum.

2307 1661 2378 1720 Et
2414 1662 2683 1736 percussit
2728 1663 2916 1720 vineas
2959 1675 3154 1719 eorum
3191 1669 3250 1718 et
3295 1659 3560 1722 ﬁculnea:
3589 1674 3807 1718 eorum:

2153 1751 2202 1813 B
2229 1761 2255 1803 Β
2282 1761 2337 1812 et
2361 1752 2618 1810 contrivit
2647 1768 2808 1811 omne
2833 1753 3040 1827 lignum
3073 1753 3262 1809 ﬁnium
3294 1767 3511 1810 eorum.

2309 1848 2502 1918 Dixit,
2582 1856 2640 1905 et
2705 1848 2853 1906 venit
2912 1847 3122 1905 locusta
3188 1855 3246 1904 et
3307 1846 3553 1904 bruchus
3587 1888 3602 1914 ,
3673 1846 3812 1918 cujus

2233 1958 2342 2002 non
2391 1948 2510 2002 erat
2589 1957 2851 2001 numerus
2897 1958 2913 1999 :
2967 1950 3022 2000 et
3085 1939 3326 1999 comedit
3395 1955 3562 1998 omne
3638 1938 3807 1996 fetuum

2232 2045 2392 2092 terra:
2425 2048 2637 2103 eorum,
2666 2031 2695 2072 ιι
2724 2043 2780 2091 et
2826 2032 3066 2090 comedit
3113 2046 3331 2090 omnem
3379 2031 3618 2088 fructum
3670 2040 3813 2088 terra

2230 2141 2416 2184 eorum
2426 2167 2439 2181 .

2305 2241 2372 2296 Et
2399 2239 2666 2312 percussit
2695 2253 2858 2297 omne
2882 2239 3302 2312 primogenitum
3329 2238 3384 2294 in
3408 2248 3558 2294 terra
3584 2236 3810 2310 Egypti,

2230 2333 2497 2406 primitias
2527 2332 2706 2388 omnis
2736 2332 2942 2388 laboris
2964 2347 3178 2389 eorum.

2305 2426 2370 2480 Et
2396 2423 2586 2481 eduxit
2615 2439 2712 2480 eos
2744 2425 2797 2480 in
2841 2434 3067 2497 argento
3097 2432 3151 2481 et
3180 2438 3314 2481 auro
3348 2440 3364 2478 :
3403 2432 3458 2480 et
3486 2439 3599 2481 non
3629 2433 3742 2482 erat
3767 2423 3812 2478 in

2230 2516 2478 2574 tribubus
2509 2531 2700 2573 eorum
2729 2517 3001 2573 inﬁrmus.

2301 2611 2503 2668 Lunata
2533 2619 2617 2667 est
2644 2611 2913 2682 rEgyptus
2956 2611 3010 2666 in
3058 2608 3396 2680 profectione
3425 2624 3620 2667 eorum
3656 2627 3670 2665 :
3702 2609 3812 2684 quia

2228 2703 2426 2759 cecidit
2450 2700 2615 2756 timor
2643 2716 2831 2758 eorum
2856 2716 3024 2771 super
3043 2715 3160 2758 eos.

2301 2793 2576 2865 Expandit
2599 2793 2798 2851 nubem
2819 2793 2871 2849 in
2896 2792 3290 2865 protectioncm
3315 2809 3508 2850 eorum
3534 2809 3552 2851 :
3575 2800 3631 2851 et
3653 2792 3814 2866 ignem

2228 2897 2287 2942 ut
2313 2887 2522 2943 luceret
2549 2888 2629 2943 eis
2660 2902 2756 2958 per
2781 2894 3022 2942 noctem.

2299 2979 2586 3035 Petierunt
2611 2991 2839 3046 carnes,
2864 2985 2921 3034 et
2947 2977 3095 3034 venit
3123 2975 3377 3033 coturnix
3410 2993 3424 3031 :
3456 2984 3515 3034 et
3544 2992 3684 3049 pane
3705 2974 3814 3032 cteli

2229 3072 2494 3127 saturavit
2519 3084 2638 3128 eos.

599 3161 808 3236 Dirupit
829 3173 1048 3236 petram,
1073 3173 1119 3222 et
1138 3167 1398 3237 ﬂuxerunt
1428 3183 1617 3240 aqum:
1647 3167 1882 3224 abierunt
1908 3169 1961 3225 in
1988 3169 2124 3225 sicco
2152 3136 2201 3202 Ο
2301 3163 2510 3234 Dirttpit
2538 3171 2770 3234 petram,
2797 3171 2853 3221 et
2879 3162 3154 3222 ﬂuxerunt
3192 3178 3352 3236 aqua
3387 3179 3401 3219 :
3442 3163 3458 3202 ί
3488 3170 3552 3220 ct
3579 3163 3814 3220 abierunt

526 3255 768 3327 ﬂumina.

525 3591 749 3659 corque,
780 3591 864 3659 Jac
911 3576 955 3659 si
1003 3575 1091 3659 qui
1123 3575 1217 3636 alii
1247 3585 1393 3647 sunt,
1421 3577 1475 3634 in
1517 3586 1698 3650 partes
1730 3591 1889 3639 vocet
1934 3599 1998 3642 ac
2029 3590 2116 3659 ju-

527 3647 653 3704 beat
697 3647 885 3702 Latine
916 3647 1082 3717 loqui.

601 3728 626 3756 ο
657 3719 816 3774 Juxta
851 3720 1176 3791 titlezumss.
1206 3719 1457 3776 codicum
1492 3722 1736 3791 epistola:
1764 3723 1829 3778 ad
1859 3724 2032 3784 Sunn.
2065 3740 2122 3787 et

527 3789 726 3845 Ft'etel.
754 3789 1362 3862 videturillierouymus
1391 3792 1479 3847 hic
1514 3789 1712 3862 legisse
1740 3833 1756 3859 ,
1799 3793 1954 3850 Dedit
1983 3811 2119 3858 terra

522 3875 701 3934 eorum
759 3877 932 3934 ranas.
970 3861 1294 3934 Psalterium
1345 3861 1682 3918 Caruulense
1731 3866 1904 3934 prima
1958 3887 2117 3928 manu

527 3930 735 3994 habuit,
786 3932 847 3984 lt‘t
877 3932 1052 3996 dedit,
1082 3941 1186 3988 etc.
1208 3975 1221 3994 ,
1249 3934 1390 4002 quod
1415 3944 1674 3990 mutatura
1706 3930 1790 3990 est
1827 3938 1878 3992 iu
1915 3939 2112 3998 Edidit.

526 4002 661 4056 Male
689 4010 867 4075 autem
892 4074 898 4075 γ
922 4007 972 4054 iu
1001 4003 1193 4058 eodem
1228 4020 1329 4060 ms.
1362 4006 1558 4075 legitur
1587 4009 1898 4073 coniunctio
1927 4022 1973 4066 et
1999 4051 2014 4075 ,
2063 4015 2116 4070 id

521 4082 599 4126 cst
629 4112 644 4134 ,
691 4070 756 4127 Et
784 4074 920 4127 misit
950 4083 1108 4140 tetra,
1140 4085 1277 4142 elc.,
1319 4070 1610 4134 secundum
1640 4070 1938 4138 liotuauuut
1971 4070 2118 4142 Psal-

529 4145 742 4197 terium.
773 4145 951 4199 Mur.

594 4212 622 4253 δ
650 4214 725 4268 Ex
768 4216 936 4271 veteri
981 4230 1173 4272 errore
1219 4216 1482 4274 scribitur.
1533 4219 1585 4274 in
1633 4219 1870 4278 Palatin.
1923 4226 2118 4285 codice

524 4286 999 4362 cgnomia;_minus
1024 4297 1205 4362 autem
1229 4289 1370 4362 male
1391 4291 1671 4362 sciniphes,
1705 4307 1806 4361 pro
1835 4293 2071 4362 ciniphes
2095 4315 2115 4353 :

530 4359 742 4433 tametsi
777 4358 1013 4427 placeret
1034 4359 1306 4430 impendio
1330 4360 1500 4432 magis
1519 4358 1800 4433 sciniplies,
1828 4379 1895 4420 ex
1918 4358 2108 4424 (ΖΙ-ποθ

529 4449 753 4483 σκνιωες.

447 4491 456 4498 ’
526 4449 811 4576 Ῐκξιξξέεῑ
841 4499 981 4576 idem
1027 4516 1130 4556 ms.
1175 4517 1470 4573 pronomen
1502 4507 1654 4576 cujus
1679 4546 1692 4568 ,
1740 4507 1886 4576 quod
1925 4525 2027 4566 nec
2053 4512 2106 4566 in
2138 4478 2186 4538 θ

526 4567 754 4644 Hebraeo
773 4570 988 4644 quidem
1021 4567 1238 4642 proprie
1267 4584 1508 4629 resonat.
1544 4567 1836 4644 Perperam
1869 4595 2018 4642 vero.
2051 4591 2110 4638 ut

522 4648 578 4693 et
603 4639 794 4702 Carus,
825 4639 1177 4713 subscq'ucnti
1203 4659 1364 4699 versu
1393 4646 1445 4699 in
1471 4639 1912 4713 paup-{sitionem
1939 4639 2104 4708 obolo

521 4719 808 4784 pramotat,
829 4721 882 4767 et
900 4714 993 4784 qui
1025 4714 1397 4784 subsequitur.
1425 4718 1748 4772 asteriscum
1765 4721 1988 4778 omittit.
2011 4723 2108 4778 De-

519 4782 689 4862 nique
711 4782 1228 4862 apptmitiusequeu':
1245 4787 1288 4840 is
1314 4785 1542 4842 alterius
1561 4787 1620 4862 in
1645 4789 1751 4862 line
1772 4788 2100 4862 Diapsalma.

591 4853 620 4894 ἀ
649 4852 818 4929 Carus
857 4852 1274 4929 c_utn_P.alatino
1320 4871 1422 4910 ms.
1482 4860 1639 4913 unice
1685 4860 1756 4918 eis
1809 4852 2106 4929 pronomen

521 4922 1539 5006 retuocotil'odit‘TttnLuuointerjecto
1567 4944 1748 5006 versu,
1781 4922 1942 5006 verba
1965 4936 2106 5006 quod

522 4989 722 5075 habuit,
755 4994 873 5075 sine
901 4995 1062 5052 obelo
1091 4997 1366 5056 Palatinus
1387 4989 1490 5055 ius.
1526 5000 1658 5069 legit
1685 5018 1700 5056 :
1729 4989 1870 5075 quod
1893 4989 2102 5068 cer’tuui

522 5074 603 5115 est
635 5064 911 5121 mendum.

519 5201 532 5214 .
596 5136 620 5163 θ
659 5133 904 5216 Alterum
931 5137 1033 5194 hoc
1058 5156 1268 5194 suorum
1302 5157 1599 5216 pronomen
1633 5157 1756 5199 cum
1783 5143 2104 5216 Augustino.

519 5205 743 5285 ipsoque
771 5205 999 5285 lle‘brmo
1023 5220 1181 5285 textu
1212 5205 1314 5285 ny:
1354 5212 1668 5285 Veronens.
1715 5205 1894 5270 tacet:
1939 5205 2107 5273 Porro

521 5278 786 5354 sequitur,
822 5274 888 5328 Et
916 5279 1055 5354 misit
1087 5274 1337 5354 tenebms,
1363 5296 1410 5339 et
1439 5284 1887 5354 contenebricavit,
1913 5299 1959 5342 et
1979 5306 2105 5344 exa-

519 5347 1030 5429 cerbaveruntmerba
1071 5353 1222 5429 eius:
1245 5353 1310 5406 ad
1341 5354 1611 5429 Graecum,
1663 5347 1896 5412 maxime
1927 5361 2019 5429 qui
2053 5361 2104 5416 iu

521 5416 709 5497 codice
741 5415 1001 5497 Vaticano
1047 5415 1333 5497 cuilibetur
1361 5441 1376 5477 :
1432 5415 1745 5491 ἐξαπέὰτειλε
1779 5415 1984 5497 exoro},
2021 5415 2109 5488 xui

521 5485 905 5570 temptamenti
928 5495 1402 5570 rrgptrriupavuv,_u.
1433 5485 1484 5553 τί
1505 5497 1554 5549 λ.
1583 5497 1690 5553 Sed
1717 5501 1835 5570 ctiu

520 5557 661 5630 quod
713 5563 899 5630 uoster
928 5557 1500 5630 ait'cont'euebricare,
1527 5582 1636 5621 uno
1667 5569 1833 5624 verbo
1883 5557 2108 5630 resonai

717 5621 1100 5709 ⁸(ἐξιρςβιιηηιςηιι
1123 5631 1294 5709 inquit
1321 5621 1519 5709 August
1532 5621 1685 5702 inus,
1701 5621 1939 5709 ieiuni
1950 5621 2108 5696 iu‘di:

517 5691 676 5745 v'ersis
703 5691 969 5794 codicibu:
991 5698 1130 5761 varie
1159 5691 1365 5769 legitur.
1399 5691 1503 5759 Xlii
1527 5691 1744 5776 namque
1765 5691 2003 5780 habent;

2229 3255 2286 3312 in
2313 3257 2462 3314 sicco
2486 3255 2732 3312 ﬁumina.

2221 3593 2690 3652 exacerbaverunt
2743 3605 3030 3651 sermones
3085 3590 3226 3661 ejus.
3263 3589 3370 3645 Alii
3394 3606 3558 3660 vero,
3604 3589 3672 3646 Et
3715 3601 3810 3644 non

2221 3665 2682 3722 exacerbaveruut
2714 3678 2999 3720 sermones
3023 3663 3164 3732 ejus.
3199 3661 3306 3718 Sed
3333 3662 3475 3734 quod
3497 3663 3647 3733 prius
3669 3661 3776 3734 diri
3794 3701 3809 3727 ,

2220 3737 2274 3790 in
2301 3737 2538 3809 pluribus
2569 3734 3010 3809 iuvenimus._llbi
3057 3731 3226 3809 autem
3259 3731 3442 3788 addita
3465 3731 3549 3809 est
3594 3731 3814 3806 negativa

2219 3805 2501 3879 particula,
2529 3809 2613 3862 vix
2641 3809 2770 3862 duos
2799 3807 2996 3879 codices
3027 3807 3282 3879 potuimus
3309 3805 3558 3879 reperire,
3598 3805 3704 3879 etc.

2298 3877 2317 3958 ς
2347 3878 2403 3934 lu
2434 3877 2733 3958 γενομεηεί
2752 3893 2878 3958 ms.,
2905 3871 3318 3958 Et‘e’ructuubit,
3339 3871 3464 3958 qua:
3484 3874 3653 3958 lectio
3673 3889 3699 3926 a
3727 3871 3817 3954 ba-

2223 3946 2351 4003 tinis
2375 3991 2389 4013 ,
2419 3948 2650 4017 aliisque
2676 3949 2932 4003 omnibus
2965 3947 3120 4002 libris
3144 3944 3429 4017 dissentit,
3465 3955 3638 4017 atque
3667 3944 3814 4017 unice

2223 4019 2413 4078 Graeco
2441 4060 2454 4084 ,
2488 4013 2580 4088 qui
2612 4021 2663 4075 in
2694 4019 2943 4088 Opposita
2992 4017 3110 4084 ejus
3139 4015 3342 4072 codicis
3387 4017 3586 4086 pagina
3618 4013 3814 4088 Latinis

2224 4085 2573 4162 prmscript'us
2601 4100 2686 4146 est
2724 4085 2952 4162 litteris,
2985 4099 3295 4162 eatefeuxuto
3315 4128 3330 4154 ,
3359 4085 3658 4162 Consonat.
3692 4085 3816 4140 Vide

2223 4157 2608 4234 l'lierony'mum
2638 4163 2688 4214 iu
2713 4161 2941 4234 epistola
2969 4159 3034 4213 ad
3062 4158 3479 4234 διχηιιὶᾳιηκεις.
3514 4157 3682 4221 Tum,
3705 4169 3808 4234 uno

2220 4228 2504 4300 interjeéto
2536 4247 2725 4297 versu,
2753 4228 2910 4286 idem
2940 4245 3068 4298 ms.,
3104 4229 3284 4284 Posuit
3313 4229 3518 4298 pluvias
3557 4244 3748 4300 eorum
3763 4228 3812 4279 in

2218 4297 2470 4373 grandine
2493 4344 2508 4367 ,
2553 4304 2721 4374 ignem
2758 4312 2989 4357 urentem
3010 4341 3026 4366 ,
3059 4297 3179 4355 etc.
3206 4315 3221 4365 ;
3255 4297 3650 4374 etginsequenti
3678 4297 3808 4363 alio,

2219 4369 2390 4428 vineas
2421 4369 2597 4443 eorum
2621 4383 2666 4426 et
2687 4372 2840 4443 [iceta
2863 4388 3064 4443 eorum,
3089 4381 3138 4443 et
3157 4370 3392 4443 contrivit
3421 4387 3581 4443 omne
3598 4369 3813 4443 lignum,

2214 4443 2448 4506 etc.,ubi
2475 4441 2605 4499 illud
2630 4439 2777 4498 omne
2801 4441 3103 4506 abundare,
3129 4441 3182 4496 in
3214 4440 3430 4496 laudata
3460 4439 3528 4496 ad
3552 4440 3816 4495 Suuuiam

2216 4514 2448 4584 epismla
2479 4515 2840 4584 Hieronymus
2868 4512 3073 4584 dueuit.

2287 4595 2312 4632 ϐ
2352 4583 2560 4640 Nomen
2610 4579 2758 4638 om'ue
2807 4583 3046 4639 additum
3095 4600 3159 4640 ac
3205 4582 3542 4650 superﬂuum
3577 4579 3818 4636 declarat

2218 4653 2607 4725 Hieronymus;
2654 4669 2757 4712 nec
2800 4654 3031 4709 habetur
3073 4653 3127 4710 in
3166 4649 3429 4725 Psaitct'io
3459 4649 3813 4725 (Iaruuteusi.

2213 4722 2485 4782 Intactum
2515 4735 2698 4782 tamen
2731 4726 3020 4790 voluimus,
3053 4724 3196 4794 quod
3233 4724 3444 4795 legatur
3475 4725 3526 4777 in
3554 4739 3664 4779 ms.
3689 4722 3811 4777 Sor-

2214 4796 2432 4868 bouico,
2452 4798 2624 4868 inque
2650 4797 2800 4868 edito
2830 4796 2974 4852 Cari.
3008 4797 3191 4852 MART.

2282 4869 2312 4909 ιι
2339 4865 2562 4925 Sull‘ecit
2609 4867 2661 4922 in
2706 4867 3001 4924 Vcroncusi
3049 4882 3152 4923 ms.
3197 4865 3419 4936 sequior
3467 4880 3671 4926 manus
3702 4866 3813 4921 haec

2211 4939 2374 4994 verba
2392 4980 2406 5004 ,
2452 4947 2498 4992 et
2525 4938 2742 4992 comedit
2771 4955 2969 4993 omnem
2995 4940 3222 5008 fructum
3251 4947 3400 5008 terrm
3439 4953 3622 5008 eorum
3641 4979 3653 4995 .
3695 4951 3812 5008 quae

2205 5008 2413 5078 jamdiu
2444 5009 2572 5064 olim
2609 5010 2679 5064 ab
2705 5011 2829 5064 aliis
2863 5007 3077 5080 quoque
3105 5007 3314 5065 Latinis
3347 5007 3536 5080 libris,
3558 5007 3811 5080 solemni

2209 5080 2644 5148 antiquariorum
2676 5080 2847 5149 lapsu,
2881 5079 2954 5134 ob
2985 5079 3227 5150 ejusdem
3250 5079 3606 5150 pronominis
3633 5094 3809 5150 eorum

2212 5147 2492 5206 recursum
2517 5195 2531 5219 ,
2565 5147 2815 5205 videnlur
2855 5147 3146 5206 excidisse.
3199 5149 3280 5206 Ab
3320 5149 3439 5218 ipso
3482 5161 3674 5204 autem
3708 5147 3810 5202 lio-

2211 5237 2373 5276 mauo
2396 5223 2659 5278 Psalterio
2683 5221 2896 5288 abesse,
2923 5229 3167 5276 notatum
3191 5219 3406 5275 Nobilio
3429 5230 3532 5274 est.
3562 5220 3693 5276 Mox
3718 5233 3810 5289 pro

2211 5293 2265 5347 in
2297 5302 2434 5347 terra
2455 5291 2710 5363 Js‘gypti,
2743 5293 2906 5363 habet
2938 5291 3078 5363 idem
3127 5306 3230 5345 ms.
3263 5292 3313 5342 in
3333 5299 3480 5363 _t__erra
3503 5308 3696 5363 eorum
3718 5305 3735 5342 :
3758 5297 3808 5342 ct

2215 5372 2342 5432 post
2374 5358 2818 5426 uuum'itersum,
2851 5360 3150 5417 Jocunduta
3193 5371 3269 5418 est
3302 5358 3569 5432 gyptus
3605 5362 3662 5414 in
3692 5375 3806 5432 pro-

2214 5430 2438 5504 fectione
2474 5451 2678 5498 eorum,
2722 5435 3003 5501 quoniam,
3037 5442 3144 5488 etc.
3191 5441 3302 5488 tum
3335 5430 3645 5504 insequenti
3680 5431 3805 5489 alio.

2213 5499 2418 5573 ignem,
2463 5515 2516 5558 ttt
2553 5504 2876 5559 illuminaret
2905 5499 2997 5558 eis»
3017 5521 3109 5570 per
3147 5511 3365 5556 noctem.
3402 5499 3678 5556 Petierunt
3709 5541 3726 5566 ,
3766 5509 3808 5552 et

2213 5577 2346 5630 venit
2373 5576 2656 5630 coturnix:
2681 5589 2802 5645 qmc
2836 5574 3130 5630 maximam
3165 5582 3372 5643 partem
3403 5573 3473 5626 ab
3501 5573 3808 5643 Augustino

2214 5645 2563 5700 dissentiunt.

2297 5715 2311 5754 ί
2355 5717 2496 5772 Idem
2531 5733 2658 5788 ms.,
2701 5728 2747 5772 el
2771 5715 3157 5774 a-ubulaverunt
3202 5714 3255 5770 in
3296 5713 3524 5772 siccitate
3558 5713 3801 5784 ﬂumina,
