3936 6180
106 249 201 305 517

1385 239 1588 297 LIBER
1628 238 2074 297 PSALMORUM.

3294 243 3397 301 E18

163 362 419 430 Quoniam
447 380 635 419 memor
654 362 754 433 fuit
784 359 922 416 verbi
952 356 1119 415 sancti
1151 357 1231 413 sui
1258 370 1276 411 ε
1310 370 1371 412 σι-
1405 356 1544 427 quod
1587 355 1683 409 Ita-
1710 357 1764 417 A
1857 356 1992 423 Quia
2018 370 2228 412 memor
2260 354 2357 411 fuit
2376 355 2530 412 verbi
2558 353 2736 411 sancti
2761 353 2845 410 sui
2872 372 2883 407 :
2908 353 3053 427 quod
3074 354 3290 413 locutus
3313 368 3393 415 est

95 456 191 510 buit
224 459 246 526 ζ
275 459 347 511 ad
376 458 633 513 Abraham
661 473 878 529 puerum
908 470 1078 509 suum.

154 547 220 601 Et
259 550 433 603 eduxit
472 552 728 620 populum
773 563 923 603 suum
967 547 1022 600 in
1064 544 1405 600 exsultatione
1428 557 1448 597 :
1480 557 1525 598 σθ
1574 550 1621 597 et
1655 543 1676 611 ζ

96 642 261 697 electos
288 658 412 695 suos
442 644 497 696 in
528 644 739 697 lwtitia.

156 731 216 786 Et
233 733 375 787 dedit
398 734 508 789 illis
531 735 768 806 regiones
793 732 1052 805 gentium:
1077 738 1124 784 et
1152 729 1354 785 labores
1370 726 1677 799 populorum

92 829 435 898 possederunt.

152 920 212 976 Ut
237 921 539 977 custodiant
559 919 965 994 justificationes
992 918 1105 989 ejus
1130 930 1149 972 :
1176 923 1226 971 et
1256 914 1417 987 legent
1444 913 1557 983 ejus
1592 928 1674 968 re-

1790 448 1855 502 ad
1886 448 2155 504 Abraham
2185 464 2410 520 puerum
2440 465 2620 504 suum.

1860 543 1929 598 Et
1954 542 2141 598 eduxit
2164 542 2417 613 populum
2442 556 2599 598 suum
2632 542 2685 597 in
2708 541 3072 598 exsultatione
3103 558 3118 596 :
3164 549 3222 597 et
3266 540 3380 597 elc-

1785 636 2063 703 ctosfsuos
2092 634 2143 688 in
2168 634 2377 689 ltetitia.

1857 727 1922 781 Et
1947 725 2096 781 dedit
2123 726 2202 782 eis
2231 727 2481 797 regiones
2501 726 2743 798 gentium
2778 744 2791 779 :
2823 734 2879 783 et
2904 724 3122 782 labores
3148 725 3374 796 popttlo-
3426 792 3430 796 θ

1782 833 1900 873 rum
1931 817 2316 886 possederunt.

1851 909 1924 966 Ut
1948 908 2262 966 custodiant
2298 908 2718 978 iustiﬁcationes
2755 908 2875 981 ejus
2904 926 2919 964 :
2950 917 3008 966 et
3047 908 3222 980 legem
3253 906 3373 979 ejus

1781 1003 2087 1074 exquirant.
2118 1002 2420 1059 ALLBLUIA.

86 1016 291 1084 genam.

1439 1183 1801 1248 PSALMUS
1848 1182 1974 1247 CV.

2432 1317 2716 1359 ALLELUIA.

1843 1396 2193 1452 Conﬁtemlni
2228 1395 2478 1465 Domino,
2512 1396 2769 1467 quoniam
2795 1389 2823 1430 ἀ
2853 1392 3027 1449 bonus
3061 1409 3074 1448 :
3104 1392 3363 1465 quoniam

1771 1487 1823 1545 in
1848 1489 2107 1545 sarculum
2136 1487 2517 1545 misericordia
2546 1487 2689 1557 eius.

148 1599 266 1663 Quis
285 1597 520 1669 loquetur
541 1596 800 1667 potentias
831 1593 1083 1649 Domini?
1111 1588 1319 1645 auditas
1352 1585 1504 1658 faciet
1554 1599 1665 1639 om-
1840 1582 1973 1648 Quis
2022 1582 2274 1653 loquetur
2319 1580 2589 1651 potentias
2635 1578 2887 1635 Domini?
2931 1576 3143 1634 auditas
3201 1576 3364 1635 faciet

98 1708 171 1745 ucs
199 1690 366 1743 laudes
391 1689 503 1758 ejus
520 1690 545 1742 .9
1693 1742 1739 1758 ﬁ
1766 1686 1955 1728 omnes
1980 1671 2165 1729 laudes
2192 1671 2347 1742 ejus?

151 1742 719 1849 Beatiquicustodiunt
746 1778 1043 1852 judicium:
1085 1782 1131 1831 et
1172 1772 1369 1845 faciunt
1401 1766 1664 1842 justitiam
1693 1742 1741 1806 Β
1841 1766 1992 1822 Beati
2044 1769 2133 1837 qui
2164 1765 2478 1822 custodiunt
2518 1764 2783 1836 judicium
2820 1780 2833 1819 :
2866 1771 2920 1821 et
2962 1761 3167 1820 faciunt
3198 1761 3362 1833 justi-

1773 1856 1876 1913 tias
1902 1854 2029 1929 [11s.
2057 1855 2345 1930 justitiam]
2377 1856 2431 1913 in
2463 1856 2902 1926 omnitempore.

1840 1947 2115 2004 Memento
2144 1948 2359 2015 nostri,
2392 1947 2653 2013 Domine,
2706 1946 2757 2001 in
2794 1943 3135 2017 bcneplaeito
3171 1944 3355 2016 populi

1770 2039 1845 2095 tui
1876 2055 1891 2096 :
1924 2048 1979 2096 et
2009 2040 2170 2095 visita
2201 2055 2301 2096 nos
2331 2038 2386 2095 in
2414 2039 2638 2095 salutari
2671 2047 2785 2094 tuo.

1840 2130 1921 2187 Ad
1970 2130 2259 2188 videndum
2305 2129 2360 2186 in
2393 2130 2639 2187 bonitate
2668 2131 2965 2185 electorum
2994 2138 3211 2184 tuorum
3245 2145 3259 2182 :
3289 2127 3358 2184 ad

1771 2223 2061 2279 laetandum
2096 2225 2148 2279 in
2181 2223 2365 2279 laetitia
2391 2224 2568 2295 gentis
2595 2232 2723 2292 tum,
2751 2233 2808 2279 ut
2835 2222 3073 2279 lauderis
3096 2237 3217 2277 cttm
3249 2221 3359 2277 hu:-

1767 2316 1998 2372 reditate
2030 2325 2144 2371 tua.

1837 2405 2190 2462 Peccavimus
2217 2421 2341 2463 eum
2362 2405 2608 2477 patribus
2627 2404 2831 2461 nostris
2858 2420 2873 2458 :
2899 2403 3099 2473 injuste
3123 2403 3354 2474 egimus,

1766 2495 2101 2568 iniquitatem
2130 2498 2379 2554 fecimus.

1836 2590 2026 2646 Patres
2054 2592 2229 2646 nostri
2262 2594 2313 2647 in
2346 2590 2583 2663 Egypto
2612 2605 2720 2646 non
2765 2590 3160 2646 intellexerunt
3186 2588 3352 2643 mira-

684 1322 711 1352 ⁸
739 1328 1022 1370 unum.

141 1411 454 1483 Con/itemini
503 1410 748 1475 Domino,
792 1408 1037 1478 quoniam
1082 1404 1291 1460 bonus:
1321 1400 1567 1475 quoniam
1615 1399 1670 1454 in

90 1505 307 1557 suculam
339 1503 696 1556 misericordia
721 1505 856 1573 ejus.

97 1871 139 1925 iu
164 1873 290 1926 omni
318 1880 555 1945 tempore.

154 1964 390 2019 Memento
413 1964 598 2028 nostri.
624 1960 864 2029 Domine,
891 1960 945 2016 in
977 1956 1298 2031 beneplacito
1336 1952 1515 2027 populi
1545 1952 1661 2008 tui:

101 2059 224 2113 risita
249 2076 336 2113 nos
360 2061 409 2112 in
437 2059 662 2113 salutari
694 2066 801 2112 tuo.

153 2150 224 2202 Ad
245 2151 502 2203 ridendum
520 2150 574 2203 in
596 2149 823 2203 bonitate
842 2146 1117 2201 electorum
1133 2153 1333 2197 tuorum
1358 2156 1375 2195 :
1396 2139 1463 2195 ad
1481 2139 1659 2194 la'tano

98 2241 197 2293 dum
209 2242 257 2294 in
269 2243 435 2295 latitia
447 2241 614 2313 gentis
627 2250 746 2307 tute,
765 2249 819 2292 ut
838 2237 1062 2292 lauderis
1078 2252 1193 2290 cum
1212 2234 1503 2289 lttereditate
1516 2228 1661 2284 tua)

153 2396 457 2452 Peccavimus
501 2414 621 2453 cum
666 2398 897 2469 patribus
944 2395 1174 2450 nostris:
1212 2394 1409 2465 injuste
1437 2391 1655 2463 egimus,

96 2490 387 2559 iniquitatem
413 2493 648 2561 fecimus.

153 2579 321 2637 Patres
344 2585 500 2637 nostri
530 2584 583 2637 in
616 2583 853 2653 Egypto
874 2598 976 2636 non
1005 2579 1367 2639 intellraterunt
1396 2576 1661 2631 mirabilia

92 2680 167 2725 tua
180 2691 195 2727 :
207 2691 303 2730 non
319 2677 522 2744 [uerunt
544 2692 787 2731 memores
802 2673 1147 2729 multitudinis
1159 2670 1524 2726 misericordia:
1537 2680 1657 2726 tute.

146 2851 207 2905 Et
232 2854 549 2911 irritavcrunt
575 2856 907 2910 ascendentes
934 2864 954 2892 ε
988 2856 1052 2923 >3<
1080 2852 1133 2906 in
1164 2867 1301 2909 mare
1334 2853 1357 2921 ζ
1387 2866 1526 2906 mare
1550 2849 1659 2907 Ru-

105 2943 260 2997 brum.

149 3034 213 3089 Et
242 3038 444 3092 suleavit
472 3053 558 3093 eos
579 3044 788 3109 propter
812 3050 994 3091 nomen
1019 3050 1171 3091 suum
1192 3050 1213 3089 :
1248 3042 1301 3088 ut
1327 3042 1504 3089 notam
1527 3034 1661 3103 [ace-

89 3138 156 3181 ret
178 3132 445 3199 potentiam
474 3148 643 3187 suam.

143 3219 203 3272 Et
230 3222 471 3292 increpuit
510 3239 654 3278 mare
696 3220 951 3288 Rubrum,
997 3228 1044 3273 et
1092 3218 1405 3273 exsiccatum
1444 3228 1558 3273 est:
1602 3226 1651 3274 ct

83 3308 276 3366 deduxit
298 3330 376 3368 eos
400 3315 450 3368 in
478 3314 677 3385 abyssis
705 3314 836 3367 sicut
864 3312 916 3366 in
945 3312 1168 3367 deserto.

143 3400 203 3455 Et
232 3407 433 3459 salvasit
456 3424 543 3461 eos
569 3407 632 3461 de
657 3422 812 3460 manu
851 3406 1137 3461 odientium
1157 3421 1177 3460 .'
1225 3412 1272 3461 et
1313 3403 1527 3460 redemit
1569 3420 1655 3461 eos

88 3492 138 3546 de
160 3512 305 3551 manu
331 3499 545 3553 inimici.
778 3570 783 3575 .
1145 3552 1159 3563 ,

144 3588 205 3642 Et
247 3595 435 3659 operuit
475 3610 608 3663 aqua
660 3591 962 3645 tribulantes
1011 3606 1134 3648 eos:
1184 3605 1316 3644 unus
1356 3606 1420 3644 ea:
1449 3591 1520 3645 eis
1548 3606 1649 3646 nou

88 3686 320 3739 remansit.

93 3820 133 3865 rt
155 3814 438 3885 insequenti
468 3830 652 3875 versu.
688 3815 825 3886 quod
853 3815 921 3869 ad
949 3814 1226 3877 Abraham,
1259 3818 1628 3886 prmtermisso

94 3886 230 3957 [vrbo
256 3890 440 3943 locutus
476 3899 592 3954 est,
639 3888 783 3957 quod
828 3902 1005 3957 neque
1052 3886 1281 3941 habetur
1319 3888 1373 3943 in
1412 3888 1625 3943 Grzneo.

95 3952 223 4016 Tum,
266 3959 451 4017 labores
477 3952 787 4026 populorum
829 3952 1124 4012 Ittereditate
1164 3960 1515 4023 possederunt.
1560 3959 1627 4013 Ut

93 4030 755 4114 cutodiant‘justi-Iicationes
786 4038 942 4114 tunsl,
968 4038 1019 4110 'et
1046 4029 1232 4114 legem,
1268 4036 1354 4113 etc
1386 4068 1402 4095 ,
1440 4030 1625 4114 tacito,

96 4100 207 4219 quod
250 4106 297 4219 in
337 4098 438 4157 line
482 4100 752 4169 habetur,
789 4100 1033 4154 Alleluia.
1066 4098 1305 4169 Longius
1341 4102 1531 4155 iterum
1560 4100 1628 4158 ab

102 4208 111 4218 .
135 4186 245 4219 usus
271 4188 374 4219 tnn.

102 4174 374 4238 Augustino.

154 4250 173 4275 ³
196 4240 459 4296 Geminum
490 4252 570 4297 est
596 4241 649 4295 in
674 4241 916 4296 Palatino
947 4255 1049 4295 ms.
1080 4239 1327 4295 Alleluia.

150 4307 173 4346 ³³
197 4312 371 4367 Subdit
398 4313 482 4367 hic
512 4312 656 4367 idem
690 4327 790 4365 ms.
828 4312 1148 4383 Biapsalma.

156 4390 174 4417 ε
198 4383 351 4437 Minus
391 4386 529 4438 bene
574 4383 718 4437 idem
763 4398 865 4437 ms.
902 4384 1058 4437 unice
1097 4382 1149 4434 in
1183 4382 1623 4452 prmpmitionem

103 4455 315 4506 asterisco
344 4454 595 4509 illustrat.
631 4455 814 4520 Neque
843 4456 927 4508 hic
956 4464 1156 4515 tamen,
1187 4453 1282 4507 sed
1314 4452 1625 4516 statim,ubi

104 4524 295 4592 fecundo
318 4526 513 4579 dicitur
544 4540 715 4588 mare,
746 4523 799 4578 in
832 4539 898 4579 eo
922 4522 1246 4591 exemplari,
1280 4524 1422 4592 quod
1454 4528 1483 4576 II

108 4586 171 4663 bat
193 4595 492 4663 Augustinus
522 4596 594 4648 ob
625 4586 833 4659 oculos,
862 4586 1154 4649 asterisc'us
1189 4586 1621 4663 prm'ponebattlr.

108 4660 437 4736 Codezfinquit
459 4708 474 4727 .
502 4683 655 4734 quem
682 4666 915 4719 intuebar
933 4706 947 4726 ,
974 4665 1047 4718 sic
1078 4660 1410 4736 habebatlEt
1445 4666 1626 4719 irrita-

108 4742 255 4807 lerunt
280 4735 627 4794 ascendentes
670 4738 722 4790 in
760 4752 929 4801 utare,
961 4750 1113 4807 mare
1150 4735 1449 4807 rliubrttm),
1482 4746 1527 4790 et
1547 4736 1626 4790 Itis

108 4806 219 4875 {uide
234 4824 261 4857 ιι
290 4809 480 4862 duobus
502 4809 668 4863 verbis
700 4807 927 4873 ultimis,
957 4806 1094 4874 quod
1122 4806 1317 4860 dictum
1351 4806 1454 4875 est,
1488 4824 1627 4861 mare

112 4868 318 4950 llubrnm,
353 4879 503 4933 stella
551 4884 719 4950 fuerat
768 4868 1090 4950 praenotata;
1129 4893 1230 4950 qua
1268 4868 1630 4950 signiﬁcantur

111 4948 249 5009 quin
272 4948 479 5005 Hebraeo
507 4948 627 5004 sunt
646 4991 659 5015 ,
684 4957 733 5004 et
762 4949 815 5002 in
836 4948 1259 5018 interpretatione
1288 4948 1630 5019 Septuaginta

111 5028 181 5070 non
197 5031 312 5073 lttltl.
1191 5058 1197 5063 ο

157 5086 177 5124 δ
201 5089 246 5143 In
277 5090 566 5146 Veronensi
600 5089 865 5145 Psalterio
884 5129 901 5153 ,
932 5090 1174 5151 quoniam
1216 5089 1405 5143 bonum
1432 5098 1504 5143 est
1530 5107 1550 5144 .'
1577 5100 1632 5147 et

110 5167 196 5222 post
215 5159 333 5218 duos
355 5177 570 5227 versus,
600 5159 833 5229 Domine,
859 5163 911 5214 in
934 5160 1066 5215 bono
1092 5158 1285 5231 placito
1304 5161 1493 5231 populo
1518 5171 1624 5216 tuo.

159 5231 247 5286 'S.
284 5233 389 5301 ipse
437 5232 600 5287 Pater
642 5232 804 5301 epist.
844 5232 910 5285 ad
950 5230 1243 5296 Snmiiam,
1285 5230 1417 5293 etc'.,
1442 5230 1626 5287 Dicitis

107 5302 268 5365 quodin
294 5301 469 5359 Graeco
492 5303 830 5356 inveneritis:
857 5302 921 5357 Et
954 5319 1060 5356 non
1090 5301 1306 5357 fuerunt
1333 5318 1621 5357 memores.

110 5370 433 5445 Eltonjunctio
460 5376 729 5445 superﬂua
756 5384 848 5427 est.

160 5442 173 5480 ί
200 5442 319 5499 Idem
344 5442 648 5499 Verenttns.
681 5459 807 5507 ms.,
838 5444 1245 5497 amaricaverunt
1272 5444 1622 5510 ascendentes,

108 5522 203 5585 ste,
222 5517 281 5569 de
300 5532 403 5585 quo
435 5532 535 5569 nos
564 5515 732 5569 verbo
756 5514 988 5568 diximus
1016 5517 1287 5582 superius,
1314 5530 1411 5568 nec
1432 5516 1619 5570 semel.

111 5582 365 5655 lloeautein
410 5588 532 5640 loco
577 5586 750 5655 ipsius
789 5596 871 5640 est
899 5585 957 5640 S.
997 5584 1171 5639 Patris
1212 5586 1434 5653 insignis
1470 5600 1593 5640 reco

108 5652 227 5709 lentia
262 5659 524 5725 sententia
551 5652 773 5710 eitoties
819 5657 1027 5710 laudata
1069 5656 1227 5725 epist.
1263 5652 1621 5711 ad’Sunniam

108 5733 147 5778 et
167 5725 427 5787 Fretelam.
460 5724 531 5783 In
554 5726 757 5793 eodem,
787 5725 851 5783 Et
878 5724 1231 5785 irritaverant
1265 5727 1623 5785 ascendentes

1765 2681 1895 2738 bilia
1928 2684 2057 2756 [31s.
2105 2685 2468 2758 admirabilia]
2506 2695 2594 2741 tua
2629 2703 2642 2739 :
2676 2694 2731 2741 et
2769 2694 2791 2722 °
2842 2699 2949 2738 non
2990 2682 3209 2739 fuerunt
3235 2696 3349 2738 me-

1766 2789 1947 2831 mores
1975 2776 2339 2833 multitudinis
2364 2776 2756 2834 misericordiae
2786 2785 2913 2831 tute.

1840 2866 1909 2921 Et
1937 2865 1957 2902 ί
2011 2868 2361 2924 irritavernnt
2410 2870 2768 2925 ascendentes
2811 2869 2862 2922 in
2902 2866 3143 2923 Rubrum
3174 2881 3355 2935 mare,

1763 2967 1819 3014 et
1843 2958 2095 3015 liberavit
2120 2975 2217 3015 eos
2245 2970 2468 3031 propter
2492 2974 2689 3016 nomen
2717 2974 2873 3014 suum
2920 2976 2934 3013 :
2969 2967 3027 3013 ut
3056 2966 3237 3012 notam
3266 2956 3337 3033 la-

1764 3060 1919 3107 ceret
1941 3050 2021 3107 eis
2043 3052 2345 3123 potentiam
2376 3066 2553 3108 suam.

1682 3143 1729 3205 C

1830 3228 1895 3283 Et
1925 3229 2227 3299 increpavit
2250 3244 2403 3286 mare
2433 3228 2675 3286 Rubrum
2703 3276 2716 3301 ,
2750 3236 2804 3286 et
2831 3228 3093 3284 siccatum
3120 3233 3207 3284 est
3240 3242 3253 3282 :
3286 3230 3343 3281 et

1756 3320 1949 3377 eduxit
1976 3336 2070 3377 eos
2098 3322 2151 3377 in
2177 3323 2334 3393 aquis
2364 3324 2549 3378 multis
2570 3324 2715 3378 sicut
2742 3322 2796 3377 in
2829 3322 3071 3377 deserto.

1831 3414 1895 3470 Et
1926 3415 2176 3471 liberavit
2226 3430 2322 3470 eos
2349 3414 2417 3471 de
2457 3431 2616 3470 manu
2657 3414 2957 3470 odicntium
2986 3456 3001 3480 ,
3029 3419 3084 3466 et
3117 3408 3349 3465 redemit

1759 3521 1856 3562 eos
1879 3506 1949 3562 de
1970 3520 2134 3561 manu
2165 3505 2510 3563 inimicorum
2544 3524 2557 3560 :
2588 3517 2642 3562 et
2667 3506 2881 3576 operuit
2912 3518 3051 3576 aqua
3082 3501 3336 3557 tribu'an-

1759 3606 1840 3653 tes
1861 3613 1978 3663 eos,
2006 3614 2145 3654 unus
2174 3615 2241 3654 ex
2267 3598 2346 3655 eis
2375 3614 2479 3654 non
2505 3599 2784 3655 remansit.

1733 3816 1784 3871 in
1818 3831 1988 3881 mare,
2019 3832 2169 3873 mare
2192 3816 2460 3873 Rubrum.
2512 3818 2618 3874 Pro
2660 3834 2757 3885 quo
2787 3818 2839 3873 in
2868 3817 3047 3875 (Στατεο
3078 3818 3328 3874 invenisse

1732 3905 1839 3966 vos.
1863 3888 2039 3966 dicitis
2068 3930 2082 3954 ,
2130 3892 2215 3943 καὶ
2258 3893 2631 3966 παρεπίκραναν
2664 3905 2679 3942 :
2730 3901 2778 3966 et
2832 3890 3024 3960 putatis
3062 3889 3267 3966 verbum
3296 3906 3323 3943 ε

1733 3959 1883 4012 verbo
1920 3958 2100 4013 debere
2144 3958 2417 4027 transferri
2448 4003 2461 4027 ,
2483 3958 2551 4015 "et
2583 3958 3039 4015 amaricairerunt.
3076 3960 3181 4015 Sed
3214 3961 3322 4014 lucc

1733 4028 2083 4100 interpretatio
2115 4029 2451 4100 ambulationi
2485 4030 2767 4085 consimilis
2798 4042 2871 4085 est
2892 4073 2907 4096 ,
2932 4035 3037 4085 sive
3059 4032 3320 4085 annihila-

1732 4098 1877 4180 tioni.
1910 4099 2085 4180 Legite
2110 4098 2363 4180 Ezechiel,
2392 4112 2438 4180 et
2458 4104 2719 4158 invenietis
2740 4106 3172 4180 παραπίκρασμόν
3198 4102 3322 4180 irrit

1737 4170 2029 4246 tationemi,
2062 4182 2107 4225 et
2138 4172 2603 4228 exacerbationem
2622 4170 2829 4246 semper
2860 4170 3158 4246 expressum
3188 4190 3204 4225 :
3232 4172 3319 4227 ubi

1735 4240 2096 4319 Ilicilttr,oixoc
2110 4248 2548 4319 naparrtupaiku.
2575 4245 2627 4319 id
2645 4240 3308 4319 estétlomusexasperans.

1734 4316 2036 4382 Augustino
2056 4314 2236 4367 autem
2253 4314 2304 4367 in
2331 4314 2488 4382 nujus
2508 4315 2702 4370 Psalmi
2725 4316 3099 4375 Enarratione,
3128 4327 3316 4381 quem-

1731 4382 2019 4456 admodum
2077 4392 2134 4456 et
2172 4384 2304 4456 aliis
2345 4401 2464 4456 qua:
2514 4401 2677 4456 supra
2727 4394 2908 4456 notata
2941 4391 3100 4456 sunt,
3130 4383 3313 4456 _locis,

1735 4454 1955 4526 minime
1983 4455 2211 4526 verbum
2256 4452 2386 4509 illud
2414 4452 2721 4526 displicuit,
2754 4455 2970 4526 Plures,
3000 4452 3191 4526 inquit,
3224 4467 3311 4526 co-

1654 4546 1699 4607 D
1731 4524 1888 4607 dices,
1918 4541 2048 4607 quos
2070 4525 2321 4607 inspicere
2353 4520 2522 4607 potui,
2547 4539 2592 4580 et
2623 4526 2817 4607 erci,
2845 4536 2890 4579 et
2915 4520 3089 4607 lfatini
3117 4522 3192 4607 sic
3217 4520 3313 4576 Ita-

1728 4594 1841 4648 bsnt
1874 4590 1990 4669 Et
2034 4590 2415 4669 irritat‘erunt,
2446 4597 2522 4651 vel
2544 4599 2680 4669 quod
2714 4590 3094 4669 expressiusde
3131 4590 3311 4669 (ἔνωςο

1728 4674 1801 4718 est
1832 4681 1849 4718 :
1880 4666 1946 4719 Et
1984 4665 2422 4721 amaricaverunt
2451 4664 2811 4723 ascendentes
2843 4668 2895 4722 in
2929 4667 3115 4721 Rubro
3144 4664 3301 4721 mari.

1732 4734 1945 4807 Yidesis
1975 4747 2031 4792 et
2053 4752 2173 4807 qua:
2203 4737 2269 4791 ad
2294 4740 2597 4807 oppositam
2618 4739 2911 4795 Gallicana:
2931 4736 3192 4792 editimtis
3218 4750 3311 4788 cn.

1730 4804 1969 4880 lumnam
2010 4804 2380 4863 observamus.
2415 4808 2586 4865 Porro
2625 4813 2867 4880 sequitur
2899 4808 2950 4861 in
2980 4807 3170 4880 eodem
3203 4821 3307 4863 ms.

1732 4885 1778 4929 et
1812 4878 1979 4931 salvos
2010 4879 2127 4949 fecit
2159 4894 2246 4934 eos
2266 4920 2281 4945 ,
2327 4894 2424 4948 pro
2450 4877 2718 4944 liberavit,
2758 4889 2811 4934 et
2840 4886 2894 4931 ut
2920 4887 3098 4931 notam
3119 4877 3309 4949 faceret

1771 4946 2019 5019 alentium
2045 4966 2220 5015 suam,
2253 4946 2460 5019 absque
2488 4950 2561 5003 eis
2603 4952 2921 5018 pronomine
2962 4946 3304 5002 intermedin.

1782 5033 1893 5083 um,
1925 5029 1971 5074 et
1995 5022 2173 5076 eduxit
2198 5037 2284 5075 eos
2309 5018 2397 5090 per
2436 5021 2693 5089 abyssum,
2725 5022 2884 5083 sicut,
2917 5028 3050 5077 ete..
3081 5018 3169 5090 ubi
3200 5022 3309 5073 Au-

1730 5090 2000 5159 gustinus,
2032 5093 2277 5163 quidam,
2319 5091 2521 5163 inquit,
2567 5091 2785 5163 volentes
2814 5091 2968 5163 istum
3005 5089 3307 5163 versiculum

1732 5158 1893 5233 totum
1936 5158 2277 5233 interpretari,
2311 5160 2572 5233 dixerunt,
2617 5162 2680 5233 Et
2719 5160 2906 5233 eduxit
2945 5173 3040 5233 eos
3069 5159 3122 5233 in
3154 5158 3307 5233 aquis

1729 5231 1914 5302 multis
1940 5249 1954 5285 :
1983 5229 2103 5302 quit:
2141 5232 2401 5302 Romanae
2429 5229 2793 5302 editionioest
2834 5230 3014 5284 lectio.
3067 5230 3305 5302 Denique

1727 5300 1778 5354 in
1810 5298 2167 5357 eodem—mss
2204 5302 2271 5353 Et
2298 5298 2465 5371 salvos
2498 5299 2619 5371 fecit
2655 5301 2821 5370 eosﬁde
2846 5316 2999 5355 manu
3024 5316 3200 5353 eorum
3220 5301 3307 5371 qui

1733 5389 1815 5427 cos
1845 5374 2082 5436 oderunt,
2115 5383 2157 5424 et
2182 5369 2394 5422 redemit
2415 5384 2501 5420 eos
2528 5370 2592 5423 de
2622 5369 2775 5425 manu
2806 5372 3021 5435 inimici,
3050 5382 3095 5423 et
3122 5369 3305 5439 coope-

1731 5445 1853 5508 ruit,
1882 5449 2013 5504 etc.,
2046 5440 2191 5509 quod
2227 5442 2400 5510 ipsum
2430 5448 2672 5496 notatum
2702 5453 2783 5497 est
2816 5442 3143 5510 Ilipponensi
3192 5442 3306 5507 epi-

1729 5506 1892 5585 scopo
1915 5551 1929 5574 ,
1979 5506 2077 5565 ubi
2098 5512 2175 5563 ait
2207 5527 2219 5561 :
2250 5506 2301 5560 Η
2309 5524 2410 5585 unc
2448 5524 2651 5585 versum
2680 5530 2770 5585 per
2803 5506 3074 5585 circuitum
3095 5512 3305 5585 quidam

1730 5578 2043 5651 interpretati
2065 5590 2201 5642 sunt,
2233 5578 2383 5631 verba
2411 5579 2579 5633 minus
2613 5578 2801 5637 Latina
2827 5584 3041 5637 vitantes
3072 5600 3090 5636 :
3108 5578 3179 5636 Et
3198 5582 3307 5636 Sal-

1731 5669 1825 5726 vos
1867 5652 1995 5726 fecit
2023 5666 2131 5726 eos
2158 5652 2226 5706 de
2256 5661 2417 5726 manu
2448 5665 2645 5726 eorum
2692 5657 2782 5726 qui
2827 5657 3056 5711 oderant
3091 5670 3204 5712 eos.
3240 5653 3306 5709 Et

1729 5722 1958 5781 redemit
1982 5736 2077 5780 eos
2100 5721 2167 5783 de
2198 5734 2363 5780 manu
2388 5719 2613 5793 inimici,
2642 5719 2749 5783 (διὸ.
