3936 6180
125 204 203 261 521
1393 188 1600 249 LIBER
1636 187 2079 247 PSALMORUM.

3279 189 3389 247 322

186 318 245 374 Et
270 318 507 374 distinxit
536 331 596 372 -θ
633 316 690 370 in
722 314 741 382 ζ
777 313 923 368 labiis
954 311 1061 367 suis
1091 326 1110 367 :
1142 325 1243 365 non
1269 307 1687 381 disperdiderunt
1713 310 1766 371 Α
1862 304 1981 359 Non
1999 301 2662 374 disperdideruntgentcs,
2686 314 2819 372 quas
2839 300 3207 373 dixerat[bls.
3226 303 3383 373 dixit]

132 422 299 485 gentes,
328 428 458 481 quas
485 410 619 463 dixit
647 408 904 462 Dominus
926 404 1052 459 illis.

191 502 251 557 Et
285 502 545 558 commixti
585 508 710 554 sunt
747 500 881 553 inter
907 504 1099 567 gentes,
1126 504 1179 549 et
1208 494 1496 548 didicerunt
1534 507 1690 563 opera

137 611 307 661 eorum,
336 604 385 649 et
423 592 713 648 servierunt
757 588 1085 659 scnlptilibus
1134 603 1312 642 eorum
1342 602 1361 641 :
1390 595 1441 639 et
1491 585 1690 655 factum

138 696 193 743 est
216 686 309 740 illis
329 687 383 739 in
416 683 756 739 scandalum.

196 777 251 832 Et
268 776 661 831 immolarerunt
681 772 823 844 ﬁlios
847 787 991 839 suos,
1012 781 1060 826 et
1088 772 1224 840 filias
1251 786 1373 827 suas
1398 768 1691 825 damoniis.

197 868 292 922 lIEt
319 867 612 935 eluderunt
657 866 960 936 sanguinem
989 866 1307 919 innocentem
1334 879 1353 917 :
1382 861 1692 933 sanguinem

142 963 331 1031 ﬁliorum
356 974 592 1023 suorum,
624 968 671 1011 et
700 958 931 1026 ﬁliarum
965 971 1021 1011 οξ·
1057 972 1274 1010 suarum
1309 954 1326 1022 ζ
1355 970 1486 1025 quas
1522 952 1690 1006 sacri-

142 1056 381 1125 ﬁcaverunt
408 1050 742 1122 sculptilibus
768 1048 1039 1105 Chanaan.

199 1147 257 1201 Et
274 1146 455 1217 infecta
497 1153 574 1199 est
615 1155 752 1198 terra
782 1144 835 1197 in
874 1142 1230 1214 sanguinibus,
1264 1150 1309 1196 et
1333 1142 1694 1196 contaminata

141 1248 200 1294 est
224 1241 270 1292 in
296 1236 526 1310 operibus
554 1252 734 1292 eorum
760 1252 777 1289 :
808 1245 857 1289 et
880 1235 1125 1305 fornicati
1146 1244 1263 1289 sunt
1288 1235 1342 1289 in
1366 1234 1694 1289 adinventio-

141 1331 265 1386 nibus
290 1332 409 1385 suis.

199 1424 259 1479 Et
282 1423 307 1463 δ
334 1425 494 1479 iratus
519 1433 596 1477 est
612 1426 789 1494 furore
812 1420 1066 1477 Dominus
1092 1421 1145 1476 in
1172 1420 1422 1492 papulum
1453 1436 1623 1487 suum,
1648 1428 1697 1475 et

144 1515 431 1570 abominatus
452 1523 525 1570 est
545 1514 901 1570 hcreditatem
921 1529 1091 1569 suam.

1793 397 2056 453 Dominus
2084 396 2226 452 illis:
2250 405 2309 451 et
2328 396 2607 451 commixti
2634 404 2763 450 sunt
2791 395 2931 449 inter
2958 404 3147 465 gentes
3176 394 3302 467 [Ms.
3330 398 3383 452 in

1790 488 2104 560 gentibus],
2130 498 2185 544 et
2212 490 2519 546 didicerunt
2547 505 2712 560 opera
2744 505 2931 544 eorum
2950 531 2964 555 ,
2995 500 3050 545 et
3073 490 3387 546 servierunt

1793 581 2139 652 sculptilibus
2166 596 2381 649 eorum,
2414 593 2468 637 ct
2491 582 2693 637 factum
2714 592 2800 637 est
2829 580 2938 637 illis
2963 585 3015 636 iu
3046 581 3385 639 scandalum.

1865 765 1935 821 Et
1964 764 2386 821 immolaverunt
2422 764 2564 821 ﬁlios
2602 778 2731 820 suos
2759 772 2814 821 et
2844 764 2988 820 tilias
3022 780 3149 821 suas
3178 764 3386 821 daemo-

1796 858 1931 913 niis:
1965 868 2018 913 et
2050 857 2359 914 effuderunt
2386 858 2703 929 sanguinem
2748 858 3126 923 innocentem,
3166 860 3384 929 sangui-

1794 967 1917 1007 nem
1948 950 2179 1005 ﬁliorum
2212 965 2434 1005 suorum
2465 960 2521 1005 et
2544 950 2797 1019 filiarum,
2826 959 2849 987 θ
2874 965 3009 1021 quas
3038 950 3384 1008 sacrificave-

1795 1053 1923 1099 runt
1946 1042 2291 1113 sculptilibus
2319 1040 2600 1097 Chanaan.

1868 1133 2070 1190 Infecta
2102 1145 2184 1190 est
2212 1146 2354 1189 terra
2395 1136 2448 1188 in
2490 1133 2878 1205 sanguinibus,
2924 1141 2980 1189 et
3023 1134 3388 1190 contaminata

1796 1237 1881 1285 est
1909 1228 1963 1284 in
1992 1227 2253 1299 operibus
2279 1241 2490 1282 eorum.

1872 1412 1938 1467 Et
1965 1409 2220 1467 fornicati
2250 1419 2375 1467 sunt
2398 1410 2451 1466 in
2469 1408 2941 1467 observationibus
2966 1412 3115 1467 suis:
3145 1420 3198 1467 et
3223 1412 3392 1468 iratus

1798 1512 1885 1559 est
1903 1503 2086 1558 animo
2112 1502 2369 1558 Dominus
2401 1502 2453 1556 in
2486 1502 2743 1574 pupulum
2770 1516 2949 1571 suum,
2975 1511 3030 1558 et
3054 1503 3395 1560 abominatus

1800 1604 1886 1653 est
1913 1594 2283 1651 btereditatem
2313 1607 2491 1649 suam.

203 1701 259 1758 Et
283 1703 486 1758 tradidit
513 1719 601 1758 eos
624 1704 679 1758 in
702 1719 887 1758 manus
910 1702 1141 1775 gentium
1174 1709 1268 1757 :et
1290 1700 1548 1757 dominati
1576 1710 1697 1757 sunt
1729 1700 1776 1762 B
1871 1689 1943 1745 Εῑ
1980 1688 2204 1745 ῑηάίάίι
2240 1703 2338 1744 805
2374 1688 2427 1743 ill
2476 1703 2673 1744 manus
2712 1690 2995 1761 gentium:
3039 1699 3094 1747 Cl
3130 1690 3394 1747 dominati

144 1810 315 1863 eorum,
341 1798 427 1864 qui
456 1796 677 1849 oderunt
705 1810 813 1850 eos.

203 1888 262 1942 Et
282 1889 643 1943 tribularerunt
667 1904 751 1943 eos
771 1886 971 1941 inimici
992 1902 1187 1951 eorum,
1216 1895 1263 1940 et
1286 1885 1550 1942 ltumiliati
1575 1895 1697 1943 sunt

144 1980 223 2035 sub
241 1982 458 2036 mnibus
482 1997 662 2037 eorum
690 1997 709 2034 :
736 1996 871 2051 sa’pe
897 1978 1129 2033 liberauit
1156 1995 1259 2033 eos.

203 2073 305 2145 ipsi
321 2084 483 2129 autem
513 2073 942 2128 exacerbaverunt
974 2088 1023 2126 -:—
1057 2089 1173 2127 eum
1200 2073 1294 2140 :in
1319 2075 1536 2130 consilio
1562 2090 1661 2129 suo
1678 2090 1698 2129 :

146 2174 186 2219 ct
204 2166 438 2220 bumiliuti
464 2175 587 2219 sunt
610 2166 663 2219 in
689 2164 1049 2235 iniquitatibus
1078 2166 1209 2219 suis.

208 2258 269 2314 Et
310 2258 425 2312 ridit
468 2274 585 2312 cum
630 2257 1009 2311 tribularentur
1036 2272 1056 2311 :
1082 2267 1127 2311 et
1170 2257 1370 2312 audivit
1414 2258 1700 2313 orationem

150 2367 319 2405 eorum.

208 2442 270 2497 Et
297 2461 473 2501 memor
509 2446 610 2515 fuit
656 2443 943 2499 testamenti
969 2439 1049 2498 sui
1082 2456 1101 2498 :
1131 2451 1179 2499 et
1207 2442 1442 2512 paenituit
1468 2458 1585 2497 eum
1624 2458 1702 2499 se-

152 2536 344 2591 cundum
360 2536 741 2592 multitudinem
768 2536 1137 2591 misericordia!
1153 2552 1281 2590 sure.

214 2627 272 2682 Et
292 2629 421 2683 dedit
445 2645 531 2684 eos
555 2630 612 2683 in
646 2628 1059 2695 misericordias,
1089 2628 1143 2682 in
1170 2637 1446 2698 conspectu
1473 2626 1704 2682 omnium

154 2722 226 2789 qui
250 2731 472 2793 ceperant
492 2738 600 2778 eos.
634 2732 657 2761 ο

212 2812 377 2869 Salvos
398 2830 487 2868 nos
517 2816 623 2885 fac,
654 2812 873 2869 Domine
919 2811 1060 2867 Deus
1106 2824 1321 2867 noster:
1351 2820 1399 2867 et
1447 2827 1703 2885 congrega

152 2921 231 2961 nos
252 2907 310 2961 de
333 2908 641 2963 nationibus.

215 2997 275 3053 Ut
294 3000 618 3070 conﬁteamur
646 3000 846 3055 nomini
886 3008 1065 3055 sancto
1091 3008 1180 3054 tuo
1207 3013 1226 3054 :
1251 3008 1299 3055 et
1330 2998 1613 3071 gloriemur
1651 2997 1705 3052 in

154 3087 291 3144 laude
312 3102 408 3147 tua.

212 3181 502 3241 Benedictus
536 3187 794 3241 Dominus
818 3185 957 3241 Deus
982 3186 1151 3241 Israel
1175 3203 1207 3240 tt
1236 3186 1449 3252 saeculo,
1474 3194 1522 3240 et
1548 3197 1708 3254 usque

154 3274 199 3329 in
222 3279 441 3334 steculnm
472 3298 490 3335 :
520 3289 566 3335 et
588 3280 614 3317 ἀ
640 3281 777 3335 dicet
801 3282 971 3335 omnis
999 3280 1243 3351 populus,
1274 3275 1436 3346 Fiat,
1471 3291 1530 3332 σει
1559 3278 1650 3344 ﬁat
1680 3275 1702 3342 ζ

1734 3093 1786 3161 C

1800 1791 1927 1840 sunt
1956 1796 2147 1839 eorum
2165 1822 2179 1847 ,
2212 1782 2305 1852 qui
2329 1780 2559 1837 oderunt
2585 1795 2705 1836 eos.

1876 1874 1947 1931 Et
1972 1874 2371 1931 tribulaverunt
2403 1888 2501 1929 eos
2531 1872 2736 1929 inimici
2768 1888 2990 1941 eorum,
3020 1882 3075 1929 et
3119 1872 3392 1929 liumiliati

1800 1976 1929 2025 sunt
1950 1968 2052 2024 sub
2080 1966 2331 2023 manibus
2361 1982 2557 2023 eorum
2582 1983 2597 2021 :
2628 1981 2774 2037 saepe
2801 1962 2822 2001 ‘
2856 1966 3109 2022 liberavit
3132 1980 3251 2021 eos.

1875 2063 1981 2132 Ipsi
2020 2074 2201 2118 autem
2239 2062 2710 2117 cxaccrbaverunt
2739 2075 2864 2117 eum
2902 2061 2957 2115 in
2993 2060 3225 2118 consilio
3254 2075 3393 2115 suo:

1802 2166 1859 2214 et
1888 2156 2154 2211 ltumiliati
2184 2166 2313 2211 sunt
2342 2156 2397 2211 in
2422 2156 2539 2211 suis
2567 2154 2963 2224 iniquitatibus.

1876 2250 1944 2305 Et
1970 2248 2215 2320 respexit
2235 2264 2355 2317 eos,
2377 2263 2497 2305 cum
2522 2248 2943 2304 tribularentur:
2970 2264 3094 2303 cum
3116 2248 3401 2305 exaudiret

1804 2344 2083 2399 orationes
2113 2357 2325 2397 eorum.

1878 2437 1945 2491 Et
1983 2450 2194 2491 memor
2234 2434 2337 2489 fuit
2387 2432 2693 2490 testamenti
2730 2434 2853 2488 sui:
2886 2443 2941 2489 et
2974 2434 3226 2505 paenituit
3263 2450 3391 2491 eum

1806 2528 2105 2584 secundum
2138 2524 2539 2583 multitudinem
2570 2523 2963 2581 misericordia:
2990 2540 3123 2591 suae,

1880 2622 1949 2678 Et
1984 2621 2132 2679 dedit
2173 2637 2274 2678 eos
2315 2622 2369 2677 in
2410 2619 2844 2689 misericordias,
2878 2620 2933 2677 in
2955 2629 3249 2694 conspectu
3281 2638 3397 2680 om-

1807 2716 1957 2772 nium
1982 2716 2074 2787 qui
2100 2729 2197 2772 eos
2218 2723 2497 2786 ceperant.

1881 2808 2073 2864 Salvos
2103 2822 2205 2863 nos
2232 2806 2335 2875 lae,
2372 2806 2598 2862 Domine
2628 2804 2773 2860 Deus
2801 2812 3019 2871 noster,
3051 2814 3106 2861 et
3136 2819 3401 2876 congrcga

1809 2916 1909 2959 nos
1932 2902 2001 2958 de
2023 2900 2367 2957 nationibus:
2393 2908 2455 2954 ut
2474 2897 2832 2955 conﬁteamur
2850 2897 3055 2953 nomini
3074 2906 3367 2955 sanctetuo
3387 2944 3402 2970 ,

1809 3005 1865 3054 et
1889 2994 2179 3068 gloriemur
2204 2994 2258 3049 in
2287 2991 2447 3048 laude
2475 3000 2585 3048 tua.

1888 3179 2212 3237 Benedictus
2263 3179 2525 3235 Dominus
2558 3178 2702 3235 Deus
2750 3177 2916 3235 Israel
2972 3192 3001 3232 a
3054 3178 3277 3245 smeulo,
3319 3195 3409 3235 us-

1815 3291 1921 3346 que
1946 3278 1998 3331 iu
2027 3275 2285 3331 suculam
2309 3292 2319 3327 :
2350 3282 2404 3331 et
2423 3274 2586 3330 dicite
2608 3271 2785 3329 omnis
2808 3271 3062 3344 populus,
3086 3272 3203 3329 Fiat
3224 3272 3334 3329 tiat.

1520 3368 1880 3433 PSALMUS
1920 3367 2079 3431 CVI.

767 3469 1053 3510 ALLELUIA.

767 3470 832 3510 Αι.
941 3470 1053 3510 ou.

215 3526 514 3597 Conﬁtemini
538 3524 767 3584 Domino
790 3568 805 3593 ,
836 3470 1079 3599 353nm».
1107 3524 1271 3581 bonus
1314 3540 1332 3579 :
1373 3523 1620 3595 quoniam
1659 3525 1714 3580 in

156 3624 370 3675 iaculum
400 3622 752 3678 misericordia
780 3624 915 3693 ejus.

214 3712 384 3770 Dicant
404 3717 491 3787 qui
510 3714 767 3786 redemmi
786 3722 906 3768 sunt
926 3730 958 3768 a
978 3711 1221 3783 Domino,
1251 3728 1381 3781 quos
1410 3712 1624 3767 redemit
1647 3711 1711 3767 de

157 3822 292 3862 manu
319 3810 504 3863 inimici
534 3824 554 3863 :
578 3818 624 3863 et
648 3809 715 3863 de
729 3805 1023 3880 regionibus
1044 3805 1375 3875 congregavit
1402 3820 1511 3860 eos.

220 3958 243 3987 ⁸
270 3950 530 4010 immerito
557 3952 728 4009 Palat.
758 3967 861 4007 ms.
886 3961 937 4008 et
959 3951 1200 4007 voculam
1232 3950 1391 4007 obelo
1419 3957 1705 4019 praenatat,

157 4034 292 4089 quam
338 4036 513 4080 notam
552 4040 651 4094 pro
698 4025 1047 4093 subsequenti
1089 4023 1359 4094 asterisco
1400 4021 1706 4094 pronomini

158 4109 343 4149 suarum
383 4111 521 4153 novo
550 4092 739 4151 errore
773 4092 1020 4165 praeﬁgit.
1050 4094 1177 4165 Mox,
1215 4108 1313 4160 pro
1344 4092 1534 4161 infecta
1580 4092 1709 4165 legit

157 4166 416 4237 interfecta,
447 4184 569 4236 qua:
608 4162 1116 4237 vetusolim'lectio
1157 4164 1278 4218 fuit.
1318 4164 1487 4217 Carus
1511 4162 1706 4237 subse-

159 4234 347 4308 quentia
379 4234 539 4295 verba
590 4239 645 4291 in
693 4235 1031 4308 sanguinibus
1074 4250 1207 4308 veru
1253 4234 1703 4308 transverberat:

159 4305 306 4379 Palat.
336 4326 450 4379 qua:
479 4310 728 4377 sequitur
754 4304 861 4362 aiia
888 4309 943 4379 in
970 4306 1226 4379 operibus.
1252 4304 1461 4379 Neuter
1478 4304 1632 4379 bene.

219 4376 243 4414 ι’
267 4375 450 4458 lterum
482 4375 663 4434 minus
694 4390 840 4458 recte
874 4375 1047 4433 Carus
1164 4378 1411 4458 cupulam
1444 4375 1705 4458 ὀϐελέζειηε
1742 4395 1790 4458 D

163 4460 267 4502 mox
288 4452 447 4505 Palat.
464 4465 599 4518 ms.,
618 4450 813 4521 papqu
827 4465 941 4513 suo,
959 4450 1119 4521 proin
1136 4446 1710 4518 papitluntsuumlegit.

226 4528 245 4592 ξ
268 4523 417 4592 Addit
444 4518 628 4577 Palat.
654 4518 755 4576 uis.
782 4518 1115 4592 Diapsalma.
1272 4582 1275 4587 ⁴

222 4586 246 4624 ⁸³
283 4590 546 4647 Palatinus
576 4607 705 4657 ms.,
735 4601 782 4645 et
812 4586 946 4645 dicat
976 4590 1173 4656 omnis,
1209 4598 1315 4645 etc.

223 4659 240 4678 ⁸
263 4661 550 4718 [lelativum
578 4655 707 4733 quas
733 4663 788 4717 in
833 4663 1136 4733 Veronens.
1160 4655 1276 4715 ’ms.
1303 4659 1483 4733 tae._A
1517 4655 1717 4733 priori-

164 4728 252 4784 bus
277 4744 444 4789 autem
473 4728 636 4805 hujus
670 4731 1141 4805 yersiculiverbis
1169 4746 1266 4805 per
1290 4729 1498 4805 solidos
1524 4730 1716 4782 subse-

165 4813 359 4876 quentes
377 4801 606 4876 quatuor
637 4803 891 4876 abrasum
936 4802 989 4855 in
1033 4817 1099 4876 eo
1128 4801 1316 4876 codice
1346 4801 1505 4876 longa
1528 4810 1715 4854 vetus-

166 4875 260 4945 tate
278 4872 476 4942 foliu'm,
500 4875 721 4945 sequior
750 4887 941 4928 manus
966 4873 1223 4945 restituit.
1252 4872 1475 4945 Legitur
1507 4884 1713 4945 porro_:

167 4938 224 4992 Et
249 4938 497 5014 interfecta
514 4938 595 5001 esl
611 4954 752 4998 terra
774 4948 828 4999 in
853 4944 1103 5015 sanguine
1124 4942 1275 5014 (ms.,
1290 4938 1632 5015 sanguinem).
1655 4939 1719 5015 Et

167 5010 481 5070 contaminata
510 5027 585 5071 est
612 5026 754 5070 terra
793 5017 846 5070 in
887 5010 1353 5086 operibus'eornm.
1385 5010 1720 5086 Et‘fornicati

167 5095 264 5137 sunt
288 5088 335 5139 in
363 5088 810 5142 udinventionibus
834 5082 1023 5152 suis,et
1047 5086 1211 5138 iratus
1229 5094 1302 5138 est
1331 5084 1410 5136 ira
1443 5082 1718 5146 Dominus,

170 5162 257 5228 etc.
285 5156 429 5212 Nunc
458 5161 657 5214 iterum
694 5157 845 5228 juxta
876 5154 1265 5228 Augustinum,
1298 5155 1412 5209 sive
1429 5155 1541 5228 _qui
1598 5166 1722 5228 eum

172 5222 265 5295 lere
293 5232 632 5295 continenter
662 5222 947 5295 describit,
968 5222 1396 5282 Cassiodorium.
1428 5224 1527 5278 Est
1548 5224 1722 5295 enim

173 5293 330 5370 harum
370 5293 661 5370 lidejussor
703 5293 995 5353 lectionum
1026 5296 1085 5352 S.
1128 5297 1413 5370 episcOpns
1458 5294 1714 5370 inﬁtiar-

174 5368 369 5433 ratione.
398 5366 487 5425 lbi'
510 5389 525 5425 :
551 5371 621 5425 Et
652 5369 939 5423 interfecta
972 5380 1053 5421 est
1077 5376 1221 5421 terra
1256 5369 1309 5420 in
1339 5366 1711 5433 sanguinibus.

176 5432 470 5507 Putartmus,
506 5441 713 5512 inquit.
746 5438 1017 5512 scriptoris
1056 5453 1297 5512 errorem,
1327 5453 1539 5512 eumque
1559 5437 1719 5512 ⁸άὶίτε-

176 5521 316 5582 refluus
368 5505 462 5579 pro
512 5505 599 5567 eo'
620 5511 758 5582 quod
810 5520 904 5571 est,
936 5508 1155 5582 inlecta,
1178 5511 1380 5582 fecisse,
1410 5505 1715 5582 interfecta,

179 5575 255 5630 nisi
279 5575 561 5637 haberemus
592 5575 897 5650 bene/icium
928 5578 1041 5642 Dei,
1068 5580 1156 5650 qui
1180 5575 1485 5647 ‘Scripturas
1516 5576 1723 5650 suas_iit

181 5651 323 5709 multis
352 5655 539 5729 linguis
568 5670 681 5713 esse
716 5646 909 5722 coluit;
940 5646 1090 5724 utque
1118 5650 1189 5707 ita
1217 5646 1327 5709 esse
1346 5650 1614 5722 scriptum,
1642 5646 1725 5704 ln-

2552 3463 2767 3504 ιειυιλ.

2552 3463 2709 3504 ιειυι
2752 3485 2767 3501 .

1892 3520 2237 3579 Conﬂtemini
2268 3463 2549 3586 Domimi?
2566 3464 2818 3591 quoniam
2856 3528 2881 3567 κ
2906 3517 3079 3575 bonus
3107 3535 3123 3577 :
3155 3520 3408 3591 quoniam

1822 3618 1877 3674 in
1901 3618 2161 3674 smculum
2191 3612 2559 3670 misericordia
2589 3611 2727 3683 ejus.

1894 3711 2081 3766 Dicant
2104 3722 2247 3764 nunc
2260 3707 2353 3777 qui
2366 3705 2633 3776 redempti
2650 3712 2817 3760 sunta
2833 3702 3082 3771 Dom’no,
3103 3717 3237 3775 quos
3257 3704 3388 3763 rede

1822 3804 1919 3861 mit
1930 3802 1997 3860 de
2014 3817 2177 3859 manu
2202 3800 2404 3856 inimici
2425 3816 2440 3858 :
2462 3798 2595 3855 etde
2610 3796 2922 3869 regionibus
2937 3799 3410 3868 congregaviteos.

1814 3944 2042 4002 terfecta
2092 3946 2176 3995 est
2221 3944 2369 3991 terra
2424 3934 2477 3988 in
2530 3931 2906 4003 sanguinibus,
2942 3933 3187 4003 ittschIis
3220 3934 3413 3989 Graecis

1814 4014 2096 4076 codicibus,
2152 4007 2460 4062 videremus.
2512 4004 2576 4058 Et
2609 4003 2784 4076 paulo
2833 4012 2956 4076 post
2985 4005 3099 4067 :,Et
3164 4005 3414 4062 fornicati

1812 4096 1939 4143 sunt
1963 4085 2017 4139 in
2044 4074 2517 4135 adinventionibus
2540 4074 2673 4129 suis.
2698 4074 2813 4128 llas
2841 4075 2965 4127 dicit
2991 4076 3402 4143 adinvcntiones,

1811 4174 1940 4231 quas
1970 4153 2141 4209 σι’ωεὶ
2167 4146 2553 4231 ᾆμιτηᾷεύμᾳτα
2580 4144 2867 4231 appellant.
2902 4144 3039 4198 Nam
3074 4146 3172 4199 hoc
3203 4151 3412 4231 rei-bunt

1812 4215 1886 4284 est
1916 4230 1970 4283 in
2011 4220 2274 4278 calicibus
2322 4215 2536 4283 Grtecis,
2563 4215 2622 4271 et
2653 4216 2751 4270 hoc
2797 4215 2932 4279 loco,
2959 4226 3006 4268 ct
3035 4218 3300 4283 superius,
3327 4218 3416 4270 ubi

1813 4302 2009 4353 dictum
2037 4302 2134 4361 est,
2169 4292 2522 4361 lrritarverunt
2549 4302 2671 4342 eum
2696 4288 2750 4340 in
2772 4286 3251 4361 adiuventionibus
3275 4288 3410 4361 suis.

1821 4371 2061 4438 Denique
2108 4355 2196 4438 ubi
2228 4358 2652 4438 dieitur,_lratus
2700 4365 2784 4410 est
2830 4358 2911 4438 ira
2965 4356 3250 4438 Dominus,
3288 4355 3405 4410 tunc

1821 4424 1994 4496 notat:
2030 4424 2901 4502 Nolueruntguidantinterpretes
2948 4425 3110 4502 nostri
3137 4424 3271 4502 iram
3313 4441 3411 4490 po-

1820 4493 1968 4575 nér'e,’
1990 4511 2044 4563 in
2068 4522 2127 4561 eo
2164 4502 2300 4574 quod
2324 4493 2533 4575 G'rtecus
2560 4498 2707 4551 habet
2729 4493 2888 4575 (ξυμ.ρς
2910 4511 2929 4549 :
2959 4495 3049 4575 sed
3077 4493 3290 4575 quidam
3312 4512 3411 4575 po-

1820 4565 2037 4637 suerunt
2066 4565 2319 4639 mentem;
2346 4573 2557 4642 quidam
2585 4584 2703 4623 vero
2730 4565 3162 4639 indignationem,
3196 4565 3411 4634 quidam

1818 4655 2051 4708 animum
2071 4644 2392 4715 interpretati
2423 4651 2561 4694 sunt.

1837 4704 1935 4762 fuit
1952 4704 2009 4777 In
2038 4704 2228 4775 eodem
2260 4730 2361 4769 ms.
2386 4729 2520 4784 serpe
2539 4711 2674 4766 eruit
2693 4724 2808 4784 eos.
2830 4705 3136 4784 Ipsiautem
3165 4704 3415 4784 inaurari.

1820 4776 2057 4850 caverunt
2086 4804 2198 4843 eum
2237 4786 2290 4839 in
2319 4776 2536 4838 consilio
2573 4798 2688 4845 suo,
2719 4790 2766 4833 et
2793 4776 3052 4850 Itumiliati
3079 4785 3199 4829 sunt
3227 4779 3279 4828 in
3309 4778 3441 4850 ini-

1821 4848 2103 4937 quitatibus
2126 4859 2251 4913 suis.
2279 4854 2349 4909 Et
2376 4854 2617 4937 respeait,
2642 4866 2757 4937 cum
2780 4848 3174 4937 tribu/urentur,
3203 4861 3307 4937 etc.
3346 4848 3413 4903 Et

1826 4918 1948 5006 pust
1979 4947 2140 4987 unum
2172 4942 2387 5006 versum
2426 4918 2530 4977 :Et
2555 4918 2826 5006 dedit-eos
2871 4919 2925 4970 in
2961 4918 3416 5006 ¹ηξὶεειςὶξυνιζεατη,

1825 4987 1888 5061 in.
1901 4987 2177 5076 conspectu
2199 4994 2567 5076 omnittnt,“qui
2593 4990 2988 5076 captivaverant_
3005 5002 3091 5041 eos
3159 4987 3417 5070 denique,

1827 5059 2080 5149 congrega
2108 5088 2199 5126 nos
2229 5059 2553 5149 degentibus
2577 5059 2819 5149 κηρίῳ
2848 5059 2991 5140 quod
3022 5067 3080 5149 et
3112 5060 3420 5149 Augustino

1828 5127 2075 5203 niuium
2100 5151 2183 5198 est
2208 5127 2600 5203 ibi.VCongrega
2632 5147 2725 5183 nos
2755 5131 2818 5203 de
2847 5127 3168 5196 nationibus,
3202 5127 3310 5195 uel,
3343 5131 3417 5185 si-

1828 5200 1919 5275 cut
1945 5200 2037 5272 alii
2062 5213 2276 5269 codices
2297 5200 2500 5275 habent
2519 5200 2548 5264 ,“
2566 5201 2629 5253 de
2657 5200 2914 5275 gentibus.

1898 5270 1923 5335 ἐ
1952 5270 2096 5343 Cium
2128 5275 2427 5346 Augustino
2455 5270 2779 5346 Veronensis
2808 5285 2908 5323 ms.
2945 5310 2960 5334 ,
3011 5270 3256 5346 quoniam
3302 5284 3427 5322 sna-

1824 5361 1900 5414 vis
1928 5341 2023 5413 est.
2049 5356 2143 5415 Et,
2174 5341 2363 5401 Dicant
2389 5347 2477 5415 qui
2518 5341 2767 5415 redempti
2804 5350 2922 5394 sunt
2950 5357 2982 5393 α
3010 5341 3237 5415 Domino
3256 5378 3271 5404 ,
3301 5356 3428 5408 quos

1825 5410 2040 5483 redeiiiit
2070 5410 2313 5476 demauu
2334 5410 2693 5483 inimicorum,
2726 5410 2808 5483 de,
2836 5423 2944 5465 etc.
2984 5410 3061 5464 Ab
3103 5410 3346 5471 Oriente,
3385 5421 3430 5463 ει

1834 5480 2134 5559 Occidente,
2165 5500 2212 5544 et
2240 5483 2492 5559 Aquilone
2522 5492 2569 5534 et
2600 5480 2760 5559 Mari.
2799 5483 2865 5535 Et
2894 5489 3015 5549 post
3045 5489 3173 5559 tres
3206 5492 3432 5559 versus,

1836 5548 2135 5623 Elideduxil
2156 5575 2241 5613 eos
2262 5548 2316 5610 in
2342 5555 2477 5606 viam
2506 5548 3094 5622 rectam_(ms.,recta).
3114 5560 3188 5617 ut,
3204 5559 3312 5607 etc.
3344 5548 3431 5622 Et,

1836 5622 2191 5714 conﬁteantur
2221 5626 2446 5689 Domino
2475 5622 2825 5683 miserationes
2853 5622 2999 5695 eius,
3026 5633 3132 5688 etc.
