3936 6180
551 180 660 241 3ἳῖ

565 348 571 354 ,
628 299 674 353 Α
704 300 828 356 solis
856 308 970 355 ortu
992 305 1040 352 et
1061 309 1269 361 occasu,
1293 293 1356 348 ab
1389 291 1626 361 aquilone
1645 298 1692 344 et
1715 289 1866 344 mari.

633 391 958 448 Erraeerunt
983 393 1035 445 in
1069 388 1344 444 solitudine
1366 391 1421 440 in
1447 385 1702 454 inaquoso
1724 399 1742 436 :
1765 382 1902 437 ciant
1930 377 2148 434 ciuitatis
2210 403 2212 406 ν

561 487 842 542 habitaculi
865 502 965 540 non
993 487 1288 538 invenerant
1313 497 1332 536 :

636 579 930 633 Esurientes
953 586 998 631 et
1018 577 1244 630 sitientes
1269 574 1483 630 :anima
1509 587 1685 627 eorum
1705 571 1760 624 in
1782 568 1906 640 ipsis
1936 564 2144 637 defecit.

612 732 704 814 'Et
732 758 1080 814 clamauerunt
1117 755 1185 810 ad
1235 753 1514 808 Dominum
1535 791 1552 820 ,
1582 767 1699 805 cum
1730 741 2100 804 tribularentur
2129 759 2148 798 :

565 865 592 892 ⁸
619 868 683 910 σξ-
711 863 758 906 et
785 853 808 923 1
835 852 898 906 de
920 849 1303 906 necessitatibus
1331 861 1509 902 eorum
1533 843 1725 915 eripuit
1755 857 1860 896 eos.

635 1033 702 1087 Et
727 1031 940 1088 deduxit
961 1046 1048 1086 eos
1075 1029 1127 1084 in
1153 1029 1289 1084 uiam
1311 1035 1503 1080 rectam
1527 1040 1544 1080 :
1575 1030 1631 1077 ut
1659 1022 1790 1076 irent
1816 1019 1869 1073 in
1895 1015 2149 1072 ciuitatem

557 1125 909 1182 habitationis.

630 1222 984 1290 Confiteantur
1011 1217 1228 1271 Domino
1269 1209 1640 1269 misericordia:
1668 1209 1779 1280 ejus
1814 1222 1832 1260 :
1860 1215 1909 1260 et
1938 1202 2150 1259 mirabi-

553 1317 625 1372 lia
653 1318 767 1386 ejus
803 1312 930 1382 filiis
960 1309 1246 1364 hominum.

629 1410 766 1476 Quia
788 1406 995 1462 satiavit
1015 1402 1244 1457 animam
1268 1401 1500 1468 inanem,
1524 1405 1572 1478 et
1593 1396 1826 1450 animam
1839 1389 2148 1446 esurientem

553 1503 756 1559 satiavit
787 1501 953 1554 bonis.

631 1594 877 1652 Sedetttes
899 1591 926 1630 ι’
963 1606 1018 1646 -εν
1053 1591 1107 1644 in
1137 1591 1159 1658 1
1195 1587 1410 1644 tenebris
1439 1595 1486 1641 et
1512 1584 1696 1640 umbra
1717 1582 1928 1647 mortis,
1954 1580 2148 1635 uinctos

562 1703 623 1744 -εν
660 1688 714 1741 in
740 1688 762 1755 1
788 1685 1118 1740 mendicitate
1139 1690 1187 1736 et
1212 1685 1374 1753 ferro.

634 1781 771 1849 Quia
797 1777 1224 1834 exacerbaverunt
1240 1773 1443 1846 eloquia
1467 1770 1565 1829 Dei
1588 1788 1607 1832 :
1633 1781 1682 1827 et
1705 1766 1979 1826 consilium
2006 1765 2149 1822 nltiso

556 1875 674 1930 simi
696 1873 1043 1926 irritaverunt.

631 1964 700 2018 Et
728 1962 1056 2017 humiliatum
1077 1969 1149 2014 est
1175 1960 1228 2012 in
1251 1957 1509 2013 laboribus
1537 1972 1627 2012 cor
1650 1970 1830 2012 eorum
1850 1969 1870 2009 :
1899 1949 2151 2021 infirmati

555 2069 677 2113 sunt
708 2073 801 2110 nec
831 2056 929 2126 fuit
955 2054 1044 2125 qui
1069 2053 1360 2123 adiuvaret.

630 2147 698 2201 Et
740 2148 1089 2200 clamauerunt
1128 2143 1197 2197 ad
1237 2141 1551 2208 Dominum,
1587 2155 1705 2195 cum
1735 2137 2147 2194 tribularentur:

554 2249 607 2297 et
631 2239 694 2294 de
716 2235 1101 2292 necessitatibus
1123 2249 1298 2290 eorum
1317 2233 1555 2289 liberauit
1576 2247 1683 2288 eos.

550 2425 568 2474 ξ
627 2429 649 2458 ε
667 2416 735 2472 Et
765 2417 941 2472 eduxit
965 2430 1050 2470 eos
1076 2413 1141 2470 de
1169 2413 1408 2481 tenebris,
1435 2422 1482 2468 et
1505 2411 1686 2466 umbra
1713 2407 1894 2464 mortis
1923 2414 2010 2462 :et
2032 2404 2146 2459 uin-

550 2514 669 2569 cula
689 2525 869 2565 eorum
897 2507 1142 2576 disrupit.

623 2605 982 2674 Confiteantur
1008 2600 1232 2656 Domino
1256 2598 1622 2656 misericordia:
1649 2597 1784 2666 ejus,
1807 2603 1856 2650 et
1885 2591 2148 2648 mirabilia

545 2701 663 2771 ejus
689 2696 814 2764 filiis
841 2694 1125 2747 hominum.

621 2793 758 2860 Quia
783 2788 1024 2846 contrivit
1068 2796 1246 2859 portas
1273 2799 1434 2841 tureas
1473 2799 1492 2840 :
1522 2791 1570 2840 et
1599 2791 1762 2837 vectes
1788 2781 1986 2850 ferreos
2017 2792 2144 2833 con-

547 2887 724 2960 fregit.

620 2977 858 3049 Suscepit
888 2992 971 3032 eos
989 2973 1066 3034 de
1090 2976 1170 3028 uia
1200 2973 1490 3045 iniquitatis
1519 2985 1698 3028 eorum
1730 2985 1748 3025 :
1771 2976 1982 3040 prapter
2001 2966 2146 3040 inju-

547 3071 714 3126 stitias
739 3071 872 3123 enim
901 3065 926 3104 ἀ
960 3085 1079 3122 suas
1105 3067 1368 3122 ltumiliati
1393 3075 1534 3121 sunt.

625 3160 841 3216 Omnem
869 3175 1038 3214 escam
1076 3159 1368 3213 abominata
1406 3167 1478 3212 est
1509 3159 1687 3212 anima
1724 3171 1900 3213 eorum
1931 3161 2022 3209 :et
2048 3168 2143 3223 ap-

547 3253 1020 3326 prOpinquaoerunt
1045 3266 1204 3319 usque
1231 3250 1298 3303 ad
1324 3259 1499 3319 portas
1527 3251 1726 3303 martis.

620 3343 688 3398 Et
713 3343 1063 3398 clamauerunt
1093 3339 1162 3392 ad
1209 3339 1523 3406 Dominum,
1567 3355 1685 3392 cum
1730 3335 2142 3411 tribularentur:

553 3453 616 3494 ot-
641 3447 687 3492 et
716 3438 738 3506 1
771 3435 837 3490 dc
866 3433 1250 3488 necessitatibus
1277 3448 1453 3487 eorum
1475 3431 1706 3486 liberavit
1726 3447 1831 3484 eos.

621 3531 766 3586 Misit
791 3526 995 3583 verbum
1020 3541 1192 3593 suum,
1219 3535 1265 3581 et
1288 3526 1486 3580 sanat-it
1517 3539 1599 3579 eos
1629 3538 1650 3578 :
1676 3533 1724 3579 et
1753 3521 1942 3592 eripuit
1969 3536 2054 3578 eos
2079 3521 2144 3576 de

547 3623 926 3683 interitionibus
955 3637 1152 3676 eorum.

619 3717 969 3788 Conﬁteantur
995 3711 1220 3768 Domino
1247 3709 1615 3767 misericordia:
1641 3709 1780 3782 ejus,
1809 3717 1856 3764 et
1881 3707 2142 3765 mirabilia

545 3811 659 3882 ejus
688 3808 812 3878 filiis
831 3805 1116 3862 hominum.

619 3903 684 3958 Et
712 3902 997 3972 sacrificent
1016 3898 1330 3970 sacrificium
1357 3897 1528 3954 laudis
1551 3913 1568 3952 :
1590 3907 1637 3953 et
1658 3895 1960 3952 annuntient
1980 3912 2138 3968 opera

539 3999 654 4070 ejus
681 3996 732 4049 in
761 3991 1124 4048 exsultatione.

617 4087 718 4155 Qui
739 4082 1049 4140 descendunt
1077 4097 1216 4139 mare
1237 4081 1292 4138 in
1321 4080 1534 4138 navibus
1566 4096 1585 4138 .'
1613 4081 1858 4154 facientes
1879 4081 2133 4152 operatio-

541 4196 656 4236 nem
685 4180 738 4233 in
766 4177 913 4248 aquis
943 4175 1138 4232 ntultis.

608 4270 722 4344 Ipsi
748 4270 984 4326 viderunt
1010 4284 1167 4340 opera
1191 4266 1425 4336 Domini,
1451 4278 1497 4323 et
1521 4267 1777 4324 mirabilia
1800 4271 1908 4341 ejus
1929 4267 1984 4322 in
2006 4282 2133 4339 pro-

535 4365 719 4440 fundo.

1551 175 1612 230 S.
1651 167 2033 228 lllERONYMl
2071 165 2306 226 DIVI-NA
2346 161 2818 224 BIBLIOTHECA.

2177 289 2222 349 Α
2324 283 2373 341 Α
2401 281 2531 339 solis
2559 290 2682 339 ortu
2711 289 2766 336 et
2791 291 3008 346 occasu,
3038 278 3110 334 ab
3134 277 3390 350 aquilone
3417 282 3476 334 et
3507 277 3668 332 mari.

3730 156 3810 213 ω

2328 375 2657 430 Erraverunt
2687 372 2739 428 in
2763 372 3056 428 solitudine
3083 371 3138 426 in
3166 370 3412 427 siccitate
3439 386 3455 424 :
3486 367 3631 424 viam
3659 363 3814 422 civita-

2255 468 2324 524 tis
2352 466 2700 522 habitationis
2723 481 2830 521 non
2860 465 3206 522 invenerunt.

2328 562 2647 618 Esurientcs
2684 571 2738 617 et
2794 561 3085 617 sitientes:
3118 559 3297 615 anima
3357 570 3548 614 eorum
3618 554 3672 609 in
3718 554 3816 626 ipsis

2254 654 2478 712 defecit.

2327 749 2396 804 Et
2417 748 2788 803 clamaverunt
2818 744 2948 818 [51s.
2973 739 3434 813 exclamaverunt]
3455 741 3522 798 ad
3544 741 3818 809 Dominum,
3889 743 3891 752 ‘

2253 860 2377 903 cum
2406 845 2808 901 tribularentur
2839 861 2854 900 :
2885 852 2939 899 et
2959 840 3028 898 de
3055 839 3470 898 necessitatibus
3497 852 3687 895 eorum
3714 837 3820 894 libe-

2257 941 2402 996 ravit
2431 953 2548 994 eos.

2327 1032 2397 1088 Et
2419 1029 2605 1088 eduxit
2632 1043 2728 1085 eos
2770 1027 2826 1083 in
2859 1027 2999 1082 viam
3032 1035 3236 1085 rectam
3276 1043 3291 1082 :
3321 1032 3381 1081 ut
3407 1023 3554 1081 irent
3583 1023 3638 1080 in
3663 1023 3823 1080 civita-

2256 1134 2364 1181 tem
2397 1121 2770 1178 habitationis.

2323 1214 2695 1271 Conﬁtcantur
2716 1211 2945 1267 Domino
2977 1208 3366 1268 misericordia:
3396 1207 3517 1278 ejus
3551 1250 3568 1277 ,
3607 1216 3657 1264 et
3689 1205 3825 1263 mira-

2254 1309 2382 1365 bilia
2406 1308 2525 1378 ejus
2559 1307 2682 1362 liliis
2703 1305 3002 1361 hominum.

2322 1403 2455 1472 Quia
2492 1400 2618 1474 fus.
2649 1397 2926 1472 quoniam]
2968 1394 3192 1452 satiavit
3231 1394 3469 1452 animam
3512 1395 3720 1452 inanem
3743 1413 3754 1450 :
3781 1406 3825 1451 et

2253 1494 2491 1550 animam
2524 1491 2858 1548 esurientem
2896 1498 2920 1526 ε
2951 1487 3169 1544 satiavit
3192 1487 3370 1544 bonis.

2323 1587 2588 1644 Sedentes
2623 1586 2676 1641 in
2727 1582 2971 1642 tenebris
3009 1589 3067 1638 et
3093 1580 3282 1638 umbra
3332 1580 3528 1655 mortis
3551 1621 3568 1650 ,
3618 1579 3824 1637 vinculis

2185 1678 2232 1739 B
2261 1679 2456 1750 ligatos
2485 1678 2537 1732 in
2579 1675 2927 1732 mendicitate
2957 1681 3015 1728 et
3042 1673 3209 1729 ferro.

2326 1770 2466 1836 Quia
2495 1766 2961 1824 exacerbaverunt
2992 1763 3269 1834 eloquium
3297 1761 3508 1819 Domini
3541 1778 3557 1820 :
3582 1772 3635 1818 et
3664 1760 3824 1818 consi-

2255 1866 2385 1921 lium
2417 1861 2684 1919 Altissitni
2733 1861 3109 1917 irritaverunt.

2326 1956 2395 2012 Et
2425 1954 2770 2008 humiliatum
2799 1960 2887 2008 est
2926 1951 2981 2006 in
3018 1949 3296 2006 laboribus
3322 1963 3420 2006 eor
3447 1963 3638 2006 eorum
3664 1989 3677 2002 .
3701 1947 3828 2004 inlit-

2252 2050 2382 2107 mati
2409 2057 2569 2114 sunt,
2598 2061 2700 2103 nec
2722 2044 2823 2101 fuit
2851 2045 2942 2117 qui
2971 2043 3282 2114 adiuvaret.

2326 2141 2389 2197 Et
2414 2142 2784 2197 clamavernnt
2805 2137 2935 2211 [Μδ.
2959 2133 3427 2207 exclamaverunt]
3445 2134 3514 2190 ad
3541 2133 3824 2196 Dominum,

2251 2250 2377 2292 cum
2403 2233 2795 2290 tribularentur
2818 2247 2834 2288 :
2861 2240 2917 2287 et
2940 2228 3012 2286 de
3041 2227 3458 2284 necessitatibus
3497 2241 3684 2282 eorum
3705 2225 3820 2280 libe-

2254 2329 2396 2385 ravit
2422 2341 2538 2383 eos.

2322 2421 2391 2477 Et
2428 2417 2614 2477 eduxit
2661 2432 2756 2474 eos
2804 2416 2874 2474 de
2927 2415 3168 2474 tenebris
3208 2425 3266 2474 et
3303 2413 3496 2472 umbra
3539 2411 3826 2470 mortiszet

2249 2514 2472 2570 vincula
2503 2527 2692 2568 eorum
2720 2509 2968 2580 diripuit.

2320 2605 2694 2662 Confiteantnr
2719 2601 2950 2659 Domino
2980 2599 3375 2660 misericordia
3403 2598 3552 2671 ejus,
3597 2605 3650 2655 et
3676 2595 3823 2653 mira-

2247 2699 2378 2756 bilia
2403 2699 2519 2768 ejus
2549 2696 2676 2752 ﬁliis
2703 2694 3005 2752 hominum.

2319 2789 2457 2860 Quia
2499 2790 2754 2846 contrivit
2796 2798 2981 2860 portas
3035 2801 3256 2844 terens:
3295 2795 3350 2842 et
3397 2795 3583 2842 vectes
3635 2785 3825 2842 ferreos

2248 2881 2538 2940 conlreeit.

2319 2898 2435 2940 nire
2478 2898 2538 2936 ιι.

2319 2898 2567 3044 Suscipit
2590 2988 2686 3030 eos
2710 2971 2778 3028 de
2804 2973 2890 3028 via
2919 2972 3219 3044 iniquitatis
3246 2987 3438 3030 eorum
3472 2988 3488 3027 :
3517 2979 3730 3043 propter
3756 2971 3824 3023 in-

2169 3063 2216 3129 C
2243 3069 2483 3141 justitias
2512 3066 2640 3140 [Ms.
2672 3065 3005 3139 iniquitates]
3056 3068 3200 3123 enim
3242 3083 3369 3123 suas
3399 3065 3660 3121 humiliati
3689 3073 3822 3119 sunt.

2317 3159 2547 3216 Omnem
2588 3174 2769 3216 escam
2817 3159 3126 3214 abominata
3156 3167 3242 3215 est
3279 3159 3460 3214 anima
3488 3173 3672 3215 eorum
3695 3174 3710 3213 :
3734 3153 3820 3212 et'

2246 3253 2702 3326 appropiaverunt
2733 3267 2902 3323 usque
2939 3251 3007 3306 ad
3038 3260 3224 3322 portas
3252 3252 3464 3308 mortis.

2319 3346 2389 3402 Et
2415 3347 2786 3402 clamaverunt
2813 3345 2880 3400 ad
2913 3344 3220 3412 Dominum,
3251 3359 3373 3400 cum
3403 3344 3780 3402 tribularcntur
3807 3357 3821 3397 :

2249 3449 2305 3498 et
2332 3438 2400 3495 de
2431 3437 2850 3495 necessitatibus
2879 3452 3068 3494 eorum
3094 3436 3346 3494 liberavit
3370 3451 3488 3494 eos.

2319 3531 2464 3590 Misit
2492 3533 2716 3590 verbum
2749 3545 2929 3601 suum,
2957 3537 3013 3588 et
3033 3532 3245 3589 sanavit
3264 3545 3358 3590 eos
3395 3549 3408 3586 :
3439 3538 3496 3590 et
3519 3528 3710 3602 eripuit
3736 3537 3822 3585 eos

2247 3626 2316 3684 de
2341 3626 2564 3682 interitu
2595 3641 2807 3682 eorum.

2318 3716 2689 3774 Conliteantur
2711 3715 2943 3774 Domino
2980 3714 3369 3774 misericordia:
3399 3713 3518 3787 ejus
3547 3729 3562 3768 :
3588 3719 3640 3770 et
3667 3709 3820 3768 mira-

2248 3813 2377 3870 bilia
2407 3813 2526 3884 ejus
2558 3811 2682 3867 liliis
2711 3810 3014 3867 hominum.

2319 3903 2392 3960 Ut
2441 3903 2750 3960 sacriﬁcent
2795 3903 3124 3959 sacriﬁcium
3170 3901 3386 3960 laudis:
3418 3910 3475 3960 et
3521 3895 3822 3956 annuntlent

2248 4011 2414 4068 opera
2447 3995 2565 4066 ejus
2596 3996 2649 4054 in
2678 3995 3062 4052 exsultatione.

2318 4087 2418 4154 Qui
2444 4085 2783 4143 descendunt
2803 4101 2954 4143 mare
2981 4087 3036 4143 in
3059 4085 3285 4144 navibus
3315 4103 3326 4141 :
3358 4085 3616 4143 facientes
3638 4093 3821 4152 cpera-

2245 4180 2424 4236 tiones
2448 4181 2500 4236 in
2531 4182 2684 4252 aquis
2710 4179 2913 4236 multis.

2317 4273 2424 4344 Ipsi
2454 4273 2703 4331 viderunt
2729 4290 2897 4346 opera
2927 4272 3140 4332 Domini
3171 4316 3186 4344 ,
3236 4281 3293 4332 et
3340 4273 3605 4330 mirabilia
3633 4271 3737 4344 ejus
3766 4267 3818 4324 in

2242 4365 2528 4439 profundo.

607 4456 837 4525 Dixit,el
851 4454 988 4510 stetit
1017 4453 1230 4524 spiritus
1256 4451 1531 4526 procellas:
1561 4463 1609 4512 et
1637 4453 1853 4511 exaltati
1882 4463 2001 4510 sunt
2025 4454 2138 4525 flu-
2158 4429 2215 4498 D
2245 4429 2263 4439 ’
2315 4453 2481 4524 Dixit,
2527 4465 2580 4514 et
2611 4457 2760 4514 stetit
2785 4458 3006 4529 spiritus
3028 4454 3322 4530 procellae:
3356 4464 3413 4514 et
3443 4456 3659 4514 exaltati
3701 4459 3820 4512 sunt

532 4560 645 4606 ctus
673 4552 808 4623 ejus.

605 4688 632 4718 ⁸
649 4687 823 4744 Minus
843 4693 991 4744 recte
1010 4684 1244 4740 Palatio.
1270 4697 1374 4739 ms.
1399 4683 1613 4739 obelum
1638 4683 1780 4740 hunc
1795 4684 2124 4755 praetermit-

533 4758 629 4884 2:1:
667 4761 718 4812 in
743 4759 847 4814 [ine
877 4765 1077 4826 autem.
1093 4756 1474 4825 subsequentis
1503 4755 1754 4811 versiculi
1775 4751 1926 4812 addit
1947 4751 2124 4828 Diap-

614 4847 716 4883 ma.

529 4845 716 4886 satma.

601 4901 629 4941 ι’
669 4901 844 4970 Atque
871 4896 1135 4970 hiemale
1156 4895 1296 4970 idem
1336 4911 1440 4950 ms.
1471 4895 1685 4970 obelum
1714 4899 1936 4970 respuit.

606 4982 628 5011 ε
673 4967 859 5026 Denuo
882 4968 1022 5024 male
1048 4967 1274 5038 Palatin.
1305 4981 1406 5020 ms.
1433 4977 1482 5022 et
1510 4969 1714 5023 vueulre
1734 4967 1951 5024 obelum
1984 4986 2127 5038 prte-

529 5039 680 5114 ﬁgit,
710 5041 818 5114 Aqui
879 5037 1242 5109 praepositioni
1291 5040 1670 5114 subsequentis
1708 5040 1855 5114 verbi
1904 5037 2124 5114 eduxit,

527 5109 646 5168 erat
689 5109 758 5167 de
816 5121 967 5165 more
1021 5111 1438 5179 pra-ponendus.
1487 5109 1782 5182 Subjnngit
1808 5127 1938 5166 vero
1986 5109 2116 5169 huic

527 5197 741 5233 nunnue
769 5182 1037 5233 versicuio
1076 5179 1398 5233 Diansalma.
1795 5203 1800 5210 -

605 5201 741 5232 nunc
769 5201 1037 5232 νρῐδιευῐο
1076 5201 1398 5232 uramatma.
1795 5203 1800 5210 '

527 5197 741 5255 quoque
769 5195 1037 5236 versicum
1076 5195 1398 5250 mapsatma.
1795 5203 1800 5210 -

595 5252 623 5292 δ
657 5255 958 5309 Prononien
988 5254 1088 5322 hoc
1111 5267 1256 5322 suas,
1285 5263 1343 5304 ut
1370 5259 1425 5305 et
1453 5250 1798 5322 subsequenti
1833 5269 1990 5310 versu
2014 5251 2116 5310 ad-

527 5325 774 5395 verbium
811 5337 997 5392 usque,
1030 5320 1258 5395 Palatia.
1288 5336 1390 5395 tus.
1419 5335 1472 5376 et
1500 5320 1672 5378 Carus
1699 5323 1863 5379 obelo
1896 5340 2120 5395 prreno-

528 5405 662 5449 tant.
713 5394 812 5461 Qui
850 5403 1024 5447 autem
1072 5392 1196 5463 hinc
1236 5394 1476 5459 sequitur
1518 5397 1770 5463 prtulixus
1809 5408 1856 5450 et
1897 5392 2110 5463 copula:

527 5466 713 5535 obclus
733 5506 748 5528 ,
778 5463 832 5535 in
866 5479 932 5516 eo
969 5477 1071 5516 ms.
1103 5462 1460 5535 desideratur,
1503 5462 1804 5535 Diapsalata
1843 5462 2023 5522 autem
2054 5467 2105 5520 in

528 5534 749 5588 alterius
791 5534 857 5588 ab
904 5547 971 5588 eo
1017 5532 1267 5603 versiculi
1320 5533 1424 5588 line
1471 5532 1704 5590 additur.
1745 5538 1878 5603 Qua:
1925 5539 2114 5594 omnia

531 5603 934 5670 arnanpensiutn
963 5602 1193 5670 putanda
1219 5612 1344 5656 sunt
1365 5603 1513 5660 vitia.

607 5679 631 5708 ε
670 5669 804 5724 Cum
832 5669 973 5737 Aug.
1005 5669 1207 5726 Veron.
1256 5671 1384 5742 Ms,
1422 5674 1644 5743 implevit
1675 5675 1841 5747 bonis,
1873 5686 1929 5736 et
1956 5691 2120 5750 mox,

2242 4550 2438 4608 ﬂuctus
2459 4551 2597 4622 ejus.

2237 4686 2577 4762 compeditos,
2603 4702 2702 4762 pro
2733 4687 2952 4762 uinculis
2993 4687 3198 4762 ligatos.
3224 4686 3386 4762 Tum,
3413 4682 3810 4762 Quoniam‘ina-

2236 4755 2628 4830 maricaverunt
2638 4757 2839 4830 eloquia
2859 4755 3136 4830 Dominiet
3154 4758 3426 4830 consilium
3439 4755 3813 4830 ’Altissintiexa-

2235 4832 2494 4884 cerbat'ert
2517 4829 2681 4884 n!.Et
2708 4825 2759 4900 iii
2791 4828 3169 4900 subsequentis
3193 4829 3442 4885 versiculi
3471 4831 3592 4893 line,
3620 4825 3808 4900 qui_at'-_

2235 4902 2442 4972 iuvaret
2469 4918 2573 4965 eos,
2611 4898 2923 4972 etalterius
2963 4895 3317 4972 insequentis,
3352 4908 3398 4954 et
3438 4901 3501 4972 tle
3539 4895 3810 4972 necessitati

2238 4967 2332 5026 bus
2380 4989 2555 5024 eorum
2605 4971 2772 5026 sult'os
2803 4972 2921 5040 fecit
2949 4989 3032 5025 eos
3076 4967 3365 5035 :'l)eittde,
3411 4970 3609 5024 l'lttCttltt
3643 4979 3809 5020 eorum

2237 5042 2484 5111 disrupit.
2516 5040 2867 5112 Conﬁteuntur
2898 5039 3120 5096 Domina
3144 5042 3500 5112 miserationes
3527 5041 3653 5112 ejus,
3683 5044 3775 5090 ete-

2309 5113 2325 5152 ί
2373 5110 2579 5168 Pariter
2611 5110 2973 5183 Augustinus,
3007 5124 3064 5168 et
3091 5113 3419 5183 Veronensis
3459 5110 3611 5183 liber,
3658 5117 3702 5183 3'!
3726 5121 3808 5167 ηρ·

2227 5176 2723 5257 μτορὶιιᾳιιαινριΨιῘ
2741 5200 2901 5253 usque
2930 5176 2998 5257 ad
3029 5193 3204 5252 portas
3228 5181 3436 5257 _mortis_.
3470 5178 3538 5234 Et
3564 5176 3804 5257 erclmna:

2229 5248 2576 5320 uerunt,etc.
2608 5255 2747 5310 Tum
2777 5248 2923 5309 solus
2946 5248 3307 5319 Veronensis,
3349 5251 3514 5305 salvos
3555 5250 3702 5320 fecit,
3750 5248 3804 5321 ll}

2227 5328 2502 5393 superius,
2537 5341 2632 5396 pro
2663 5326 2913 5385 liberavit,
2942 5335 2996 5380 et
3017 5322 3368 5396 stthsequettti
3401 5337 3578 5396 versu,
3607 5327 3650 5372 et
3676 5321 3798 5396 ςιυιι

2225 5389 2313 5468 eos
2341 5396 2407 5468 de
2435 5389 2760 5468 corruptione
2784 5412 2980 5450 eorum.
3004 5394 3083 5468 Ae
3103 5389 3316 5468 rursum
3344 5408 3464 5447 eum
3484 5389 3795 5468 Augustino;

2227 5461 2830 5536 Conﬁteantur'Domino
2857 5465 3207 5520 miserationes
3244 5465 3388 5536 ejus,
3431 5470 3536 5516 etc.
3573 5461 3630 5513 Et
3653 5468 3801 5533 suen-

2233 5535 2386 5608 ficent
2416 5537 2762 5608 sacriﬁcium,
2805 5548 2911 5592 etc.
2964 5535 3206 5607 Denique
3229 5575 3246 5604 ,
3286 5535 3530 5607 facientes
3562 5536 3796 5601 operatio-

2232 5607 2351 5666 nem
2365 5649 2382 5681 ,
2414 5623 2512 5682 pro
2547 5607 2886 5680 operationes.
