3936 6180
128 190 229 251 525

1374 182 1577 241 LIBER
1615 180 2031 241 PSALMORUM
2041 224 2055 237 .

3281 180 3390 241 326

196 311 479 366 Ascendunt
505 323 553 363 -ιν
583 322 734 377 usque
762 305 783 373 ζ
809 305 877 359 ad
898 303 1072 370 celos,
1098 312 1144 359 et
1166 303 1479 358 descendam
1507 318 1557 357 —:«
1600 318 1689 356 us-
1719 307 1769 365 Α
1869 299 2188 356 Ascenduut
2218 312 2387 371 usque
2413 298 2481 354 ad
2512 297 2711 363 callus,
2746 303 2802 353 et
2838 294 3177 353 descendunt
3224 312 3394 369 usque

127 422 221 476 que
253 405 273 471 ζ
303 405 371 459 ad
399 404 589 473 abyssos
620 417 641 455 :
663 400 835 454 anima
857 416 1032 453 eorum
1054 399 1106 453 in
1129 398 1282 452 malis
1311 397 1616 453 tabescebat.

199 496 399 550 Turbati
422 504 550 562 sunt,
584 502 630 547 et
656 495 779 549 moti
805 502 922 547 sunt
952 493 1081 547 sicut
1105 492 1279 549 ebrius
1308 508 1327 547 :
1350 501 1395 547 et
1424 493 1591 546 onmis
1610 508 1695 546 sa-

125 590 304 661 pientia
332 604 502 643 eorum
530 587 767 641 decorata
808 596 903 639 est.

198 680 259 733 Et
286 682 622 734 clamauerunt
653 679 723 731 ad
751 676 1049 743 Dominum,
1087 694 1200 732 cum
1229 678 1593 733 tribulareutur
1614 693 1633 731 :
1651 685 1695 732 et

140 773 193 826 de
218 772 587 826 necessitatibus
617 786 792 824 eorum
823 769 1000 823 edurit
1031 786 1139 824 eos.

195 878 247 917 ὴ
293 861 361 915 Et
406 862 429 929 ζ
477 863 650 916 statuit
690 861 973 933 procellam
1016 875 1069 915 -ἰν
1120 864 1233 933 ejus
1266 860 1288 927 ζ
1320 861 1372 913 in
1395 876 1574 915 auram
1603 876 1623 913 :
1649 869 1697 915 et

130 954 355 1010 siluerunt
380 956 571 1024 [luctus
596 957 732 1025 ejus.

190 1057 211 1085 ι
249 1047 311 1102 Et
352 1048 517 1101 (relati
557 1057 676 1101 sunt
716 1048 838 1117 quia
879 1047 1133 1103 siluerunt
1164 1061 1183 1101 :
1212 1054 1260 1101 et
1298 1045 1511 1100 deduxit
1536 1059 1619 1100 eos
1644 1046 1699 1099 in

132 1151 309 1212 portum
338 1140 611 1194 voluntatis
637 1156 833 1195 eorum.

191 1232 527 1300 Confiteantur
554 1231 777 1286 Domino
810 1231 1178 1287 misericordis:
1201 1234 1334 1303 ejus,
1363 1239 1410 1284 et
1440 1230 1697 1284 mirabilia

128 1327 218 1395 ejus
244 1323 363 1390 ﬁliis
391 1324 655 1378 hominum
677 1339 700 1378 :

184 1414 242 1468 Et
278 1416 501 1469 exultent
536 1432 654 1470 eum
690 1416 745 1469 in
788 1415 1007 1470 ecclesia
1049 1413 1218 1485 plebis
1250 1429 1270 1469 :
1299 1423 1345 1468 et
1374 1413 1427 1467 in
1456 1412 1701 1466 cathedra

131 1508 360 1562 seniorum
389 1506 604 1561 laudent
635 1522 771 1561 am.

188 1599 355 1655 Posuit
390 1600 616 1671 ﬂumina
655 1601 710 1654 in
750 1601 1013 1657 desertum
1043 1616 1063 1656 :
1096 1608 1147 1654 et
1172 1601 1342 1655 exitus
1366 1614 1617 1668 aquarum
1644 1598 1699 1652 in

133 1693 262 1746 sitim.

185 1781 375 1837 Terram
402 1786 733 1855 [ructiferam
761 1785 816 1839 in
840 1783 1178 1857 salsuginem,
1209 1798 1243 1838 α
1265 1782 1465 1839 ntalitia
1491 1782 1694 1837 irritabi-

129 1874 311 1927 tantium
333 1873 361 1912 ιι
395 1876 449 1928 in
468 1892 555 1930 ea.

179 1964 343 2019 Posuit
378 1966 643 2022 desertum
670 1968 934 2039 invstagna
962 1982 1219 2035 aquarum
1244 1975 1330 2022 :st
1370 1974 1563 2022 terram
1584 1967 1697 2021 sine

126 2073 235 2126 aqua
258 2059 304 2113 in
322 2060 487 2113 exitus
509 2076 791 2130 aquarum.

186 2149 246 2207 Et
264 2154 533 2209 collocauit
570 2155 680 2209 illic
705 2155 986 2210 esurientes
1011 2164 1093 2209 :et
1124 2154 1494 2209 constituerunt
1515 2154 1693 2209 cit-ita-

131 2251 208 2296 tent
237 2243 587 2300 habitationis.

183 2331 243 2387 Et
260 2336 639 2392 seminaverunt
659 2352 835 2407 agros,
857 2345 908 2391 et
929 2336 1289 2409 plantarerunt
1317 2335 1487 2391 uincas
1510 2351 1529 2390 :
1548 2344 1596 2390 et
1613 2339 1692 2406 fe-

130 2437 269 2480 cerunt
296 2427 524 2496 fructum
552 2427 862 2481 nativitatis.

184 2514 240 2569 Et
266 2518 517 2573 benedixit
540 2520 637 2583 eis,
665 2532 712 2573 et
733 2518 1059 2590 multiplicati
1077 2527 1196 2574 sunt
1217 2519 1388 2585 nimis,
1405 2527 1450 2571 et
1455 2520 1485 2590 j
1492 2527 1696 2571 amenta

130 2624 273 2662 eorum
297 2628 397 2664 non
424 2611 735 2666 minoraeit.

185 2699 238 2755 Et
274 2704 419 2771 pauci
458 2704 597 2775 facti
641 2712 782 2774 sunt,
819 2712 865 2759 et
907 2704 1073 2759 vexati
1115 2714 1255 2772 sunt,
1304 2721 1337 2758 a
1372 2702 1697 2759 tribulatione

129 2794 345 2849 malorum
366 2805 413 2850 et
436 2796 651 2851 dolore.

184 2881 351 2955 Effusa
380 2900 453 2945 est
485 2900 509 2928 ε
550 2889 860 2957 contemptio
901 2905 1055 2963 super
1098 2888 1357 2962 principes
1392 2905 1409 2943 .'
1446 2898 1492 2942 et
1524 2906 1697 2945 errare

131 2981 226 3047 fecit
250 2998 329 3036 eos
354 2984 403 3038 in
430 2984 601 3050 invio,
629 2992 677 3039 et
710 3000 808 3038 non
834 2984 887 3038 in
912 2985 1014 3038 ria.

1798 392 1865 448 ad
1896 392 2124 462 abyssos
2154 409 2168 446 :
2199 392 2377 447 anima
2409 405 2598 447 eorum
2629 390 2683 444 in
2711 388 2865 463 malis
2896 384 3226 443 Iab’esccbat.

1868 486 2091 540 Turbati
2124 495 2147 522 ο
2177 494 2337 549 sunt,
2380 494 2432 539 et
2461 482 2591 537 muti
2639 492 2763 537 sunt
2795 480 2935 538 sicut
2959 481 3146 537 ebrius
3184 496 3198 537 :
3228 488 3284 536 et
3310 494 3391 536 sa-

1798 578 1995 649 pientia
2027 592 2213 633 eorum
2244 577 2497 646 deglutila
2529 586 2635 631 est.

1872 670 1939 723 Et
1959 670 2332 724 elamaverunt
2357 669 2421 722 ad
2447 668 2731 723 Dominum
2756 710 2770 733 ,
2801 682 2923 722 cum
2958 666 3346 723 lribularentur
3377 682 3392 721 :

1796 773 1852 821 et
1880 764 1947 819 de
1975 762 2390 819 necessitatibus
2417 777 2603 817 eorum
2634 762 2888 817 liberavit
2906 776 3024 816 eos.

1870 857 1935 911 Et
1957 857 2145 911 statuit
2172 855 2459 925 procellam
2487 856 2539 909 in
2562 869 2749 908 auram
2775 870 2790 907 :
2824 865 2877 909 et
2902 853 3172 909 siluerunt
3199 853 3393 907 ﬂuctus

1799 948 1939 1019 ejus,
1964 956 2020 1003 et
2048 946 2214 1002 laetati
2235 956 2362 1002 sunt
2390 945 2532 1016 quod
2576 945 2860 1001 siluerunt.

1877 1039 1943 1093 Et
1970 1039 2152 1094 eduxit
2179 1051 2274 1093 eos
2303 1040 2353 1092 in
2386 1046 2600 1109 portum
2632 1037 2927 1092 voluntatis
2958 1052 3147 1094 eorum
3179 1054 3193 1091 :
3227 1046 3283 1093 et
3330 1036 3398 1093 de

1801 1131 2218 1187 necessitatibus
2246 1144 2434 1186 eorum
2462 1128 2712 1185 liberavit
2743 1142 2860 1185 eos.

1874 1224 2247 1283 Cunliteantur
2276 1229 2505 1283 Domino
2536 1227 2928 1284 misericordia
2954 1227 3097 1297 ejus,
3149 1236 3204 1285 et
3228 1227 3393 1283 mira-

1804 1321 1932 1377 bilia
1958 1319 2086 1394 [Ms.
2121 1322 2485 1393 admirabilia]
2508 1322 2626 1392 ejus
2656 1322 2780 1376 llliis
2804 1323 3107 1377 hominum.

1875 1415 1945 1473 Et
1974 1415 2210 1471 exaltent
2237 1431 2361 1471 eum
2398 1415 2451 1469 in
2475 1414 2702 1470 ecclesia
2745 1414 2919 1484 plebis
2963 1414 3089 1485 μισ.
3145 1413 3351 1485 populi]
3381 1432 3396 1471 :

1805 1514 1861 1563 et
1886 1507 1939 1561 in
1962 1508 2215 1563 cathedra
2242 1509 2518 1565 seniorum
2547 1508 2769 1564 laudent
2791 1523 2939 1564 eum.

1882 1599 2015 1666 Quia
2046 1599 2172 1671 μισ.
2204 1609 2304 1654 tac.
2331 1598 2480 1670 quia]
2519 1600 2696 1669 posuit
2739 1598 2960 1654 ﬂumina
2992 1598 3046 1655 in
3071 1598 3347 1655 desertum
3390 1616 3406 1653 :

1728 1688 1778 1749 Β
1803 1698 1859 1749 et
1882 1689 2061 1746 exitus
2089 1705 2350 1759 aquarum
2384 1691 2433 1744 in
2459 1691 2626 1745 sitim.

1868 1782 2090 1838 Terram
2116 1781 2446 1839 [caeliferam
2479 1783 2532 1837 in
2579 1781 2597 1822 ί
2647 1781 3056 1854 salsilaginem,
3108 1797 3137 1837 a
3194 1781 3395 1837 malitia

1797 1875 2210 1932 inhabitantium
2242 1877 2293 1929 in
2330 1890 2416 1931 ea.

1866 1970 2053 2026 Posuit
2072 1970 2350 2025 desertum
2382 1970 2435 2023 in
2458 1977 2708 2041 stagnum
2738 1984 2897 2041 aqua:
2924 1987 2938 2024 :
2965 1978 3020 2026 et
3053 1976 3253 2025 terram
3277 1966 3398 2023 sine

1796 2079 1933 2137 aqua
1964 2066 2017 2119 in
2041 2065 2222 2121 exitus
2257 2079 2541 2136 aquarum.

1869 2159 1939 2213 Et
1961 2158 2252 2213 collocavit
2275 2158 2387 2213 illic
2414 2158 2745 2227 esurientes,
2775 2165 2831 2213 et
2872 2158 3285 2213 constituerunt
3311 2156 3392 2213 ei—

1796 2248 2017 2305 vitatem
2044 2248 2415 2307 habitationis.

1868 2344 1936 2399 Et
1973 2344 2380 2401 seminaverunt
2417 2358 2610 2415 agros,
2642 2353 2697 2400 et
2737 2345 3123 2417 plantaverunt
3165 2344 3390 2403 vincas:

1801 2444 1859 2493 et
1888 2436 2136 2491 fecerunt
2159 2438 2390 2492 fructum
2424 2436 2748 2491 nativitatis.

1871 2527 1942 2582 Et
1971 2527 2247 2583 benedixit
2268 2541 2386 2594 eos,
2410 2536 2465 2581 et
2490 2524 2840 2595 multiplicati
2858 2535 2985 2581 sunt
3006 2526 3167 2581 nimis
3193 2543 3206 2581 :
3229 2536 3282 2581 et
3308 2526 3394 2596 ju-

1799 2628 1984 2676 menta
2016 2634 2208 2675 eorum
2243 2634 2350 2675 non
2380 2628 2509 2676 sunt
2534 2617 2823 2673 tninorata.

1870 2710 2032 2767 Pauci
2060 2710 2188 2767 lacti
2218 2722 2367 2778 sunt,
2392 2719 2447 2768 et
2469 2710 2648 2767 vexati
2681 2719 2828 2778 sunt,
2852 2724 2882 2765 a
2906 2708 3256 2766 tribulatione
3281 2722 3401 2764 ma-

1800 2804 1975 2862 lorum
2008 2816 2063 2861 et
2084 2803 2355 2860 dolorum.

1872 2898 1940 2954 Et
1966 2896 2138 2953 eﬂusa
2168 2905 2252 2953 est
2286 2895 2618 2967 contemptio
2647 2910 2811 2967 super
2853 2893 3127 2966 principes
3167 2906 3354 2948 eorum
3383 2908 3397 2947 :

1803 2998 1859 3046 et
1884 2989 2217 3045 seduxerunt
2241 3004 2335 3044 eos
2363 2988 2416 3043 in
2450 2989 2619 3054 invio,
2653 2998 2704 3044 et
2737 3002 2845 3043 non
2875 2987 2929 3043 itt
2963 2987 3070 3043 via.

185 3072 245 3129 Et
271 3077 461 3151 adjuvit
489 3094 780 3151 pauperem
811 3078 873 3134 de
904 3078 1119 3150 inopia:
1146 3085 1195 3133 et
1224 3075 1395 3149 posuit
1426 3076 1556 3131 sicut
1582 3094 1697 3133 oves
1728 3067 1774 3132 C
1878 3082 1947 3138 Et
1970 3082 2245 3153 adjuvavit
2278 3097 2575 3155 pauperem
2600 3081 2670 3137 de
2701 3081 2883 3152 inopia
2913 3098 2927 3134 :
2952 3089 3006 3136 et
3038 3079 3218 3151 posuit
3258 3078 3401 3134 sicut

150 3169 343 3224 'atuilias.

150 3169 343 3224 ciuilius.

133 3167 154 3235 ἴ
192 3258 430 3320 Videbunt
450 3264 609 3334 recti,
645 3273 692 3319 et
725 3263 1035 3320 la’tabuntur
1059 3282 1076 3319 :
1099 3266 1267 3321 omnis
1290 3267 1531 3339 iniquitas
1553 3269 1700 3340 oppi-

134 3350 235 3405 lalu't
262 3371 313 3408 os
337 3374 511 3413 suum.

192 3446 303 3512 Quis
325 3451 557 3522 sapiens,
594 3459 643 3507 et
675 3451 926 3507 custodiet
968 3450 1119 3507 lucc?
1148 3462 1195 3509 ct
1222 3452 1469 3526 intelliget
1496 3453 1668 3510 miseri
1680 3487 1695 3497 -

135 3538 306 3595 cordias
328 3540 587 3599 Domini?

1804 3189 1939 3231 oves
1970 3174 2225 3231 familias.

1880 3268 2145 3324 Videbunt
2171 3266 2327 3334 recti,
2362 3276 2417 3324 et
2439 3266 2771 3323 laetabuntur
2807 3282 2818 3319 :
2855 3274 2912 3323 et
2936 3264 3116 3322 omnis
3138 3263 3399 3334 iniquitas

1806 3359 2072 3434 Oppilabit
2095 3374 2157 3416 os
2182 3376 2361 3416 suum.

1878 3452 2009 3521 Quis
2037 3452 2279 3523 sapiens,
2310 3461 2364 3508 et
2390 3452 2663 3510 custodiet
2695 3452 2849 3509 lucc?
2886 3459 2942 3507 et
2974 3460 3105 3507 tunc
3133 3447 3403 3520 intelliget

1806 3544 2208 3603 misericordias
2233 3544 2488 3603 Domini?

1458 3729 1819 3795 PSALMUS
1863 3731 2053 3796 CVII.

532 3868 808 3910 CANTICUI
829 3850 854 3890 δ
879 3867 1069 3910 PSALIII
1091 3868 1270 3911 ωηο.

196 3934 423 3999 Paratum
450 3962 549 4000 cor
589 3961 781 4013 meum,
816 3943 976 4011 Deus,
1005 3959 1053 3998 -ι
1092 3956 1331 4015 paratum
1358 3960 1447 4001 cor
1475 3961 1643 4004 meum
1671 3948 1692 4016 ζ

138 4036 319 4101 fantabo
344 4049 387 4095 et
417 4041 648 4113 psallam
674 4040 729 4095 in
754 4038 924 4111 gloria
953 4054 1089 4093 mea.

201 4335 221 4361 δ
246 4328 409 4386 Minus
436 4331 642 4386 iterum
677 4328 811 4385 bene
837 4328 1068 4387 Palatin.
1101 4342 1206 4385 ms.
1237 4335 1293 4385 et
1314 4328 1488 4385 Carus
1516 4325 1587 4383 Et
1614 4343 1705 4384 co-

145 4396 295 4463 pulam
321 4418 447 4455 veru
473 4399 818 4457 confodiunt.
845 4402 902 4455 In
930 4401 1036 4455 line
1061 4411 1242 4455 autem
1267 4398 1456 4455 versus
1482 4414 1585 4454 ms.
1611 4400 1703 4455 ad-

145 4467 207 4519 dit
232 4468 549 4536 Diapsalma.

148 4606 159 4617 η
204 4537 228 4575 δ
248 4539 461 4661 ξαρριεδ
483 4545 543 4596 in
564 4558 624 4597 ea
648 4556 858 4598 rursum
878 4540 1150 4597 immerito
1170 4540 1403 4597 Palatia.
1427 4556 1528 4597 ms.
1548 4540 1709 4597 obelo

149 4622 251 4661 lusu
271 4620 337 4661 at.

145 4620 337 4676 jugulat.

183 4690 228 4760 με
264 4681 436 4751 Neque
466 4682 560 4738 hic
590 4681 728 4760 bene
767 4684 819 4739 in
848 4682 1095 4738 Palatino
1128 4698 1231 4739 ms.
1281 4682 1541 4736 contentio
1578 4683 1711 4738 scri-

152 4745 295 4822 bitur,
323 4745 414 4822 pro
442 4756 781 4821 contemptio.

213 4817 237 4856 ά
272 4817 501 4879 ΙηίῈειυ
529 4817 691 4878 habet
724 4827 863 4881 idem
894 4841 997 4881 ms.
1036 4824 1299 4881 Psalmus.
1328 4823 1503 4880 Carus
1529 4824 1712 4894 addit,

158 4895 418 4969 praeposito
447 4895 635 4963 obelo,
668 4896 789 4967 ipsi.
822 4896 879 4952 In
912 4906 1059 4969 textu
1082 4898 1300 4969 obelum
1330 4896 1503 4963 primo
1533 4897 1715 4969 statim

154 4975 297 5037 versu
312 4965 445 5019 idem
473 4982 580 5021 ms.
603 4965 807 5021 temere
834 4967 1058 5037 omittit.
1094 4968 1167 5022 De
1194 4967 1543 5037 subsequenti
1569 4966 1717 5022 vide-

156 5030 217 5083 sis
244 5031 703 5108 llicronymumiiu
734 5039 895 5105 epist.
936 5036 1003 5092 ad
1040 5036 1300 5093 Sunniam
1327 5030 1390 5093 et
1411 5036 1677 5092 Fretelam
1700 5078 1715 5102 ,

157 5108 200 5155 et
221 5118 328 5171 qua:
358 5107 455 5160 nos
488 5108 558 5160 ibi
588 5107 967 5162 observamus.

220 5180 239 5207 ε
280 5174 598 5232 Veronensis
629 5192 732 5232 ms.
759 5219 773 5243 ,
812 5177 1118 5233 Contut‘bali
1169 5186 1288 5232 sunt
1314 5219 1329 5242 ,
1380 5187 1426 5233 et
1478 5181 1718 5232 commoti

157 5252 257 5294 sunt
268 5245 401 5320 sicut
429 5248 599 5320 ebrius
627 5264 646 5301 :
671 5258 718 5300 et
748 5251 915 5301 onmis
942 5250 1195 5320 sapientia
1245 5266 1424 5303 eorum
1470 5248 1719 5318 absorp'a

159 5322 233 5389 est.
262 5312 322 5389 Et
347 5316 780 5389 exclamaverunt,
800 5329 927 5385 etc.,
961 5312 1013 5373 ei
1044 5322 1104 5373 de
1135 5320 1513 5374 necessitatibus
1540 5312 1718 5373 eorum

160 5381 311 5458 eduxit
337 5402 419 5440 cos
448 5404 466 5441 :
497 5388 693 5456 quibus
729 5381 1015 5458 postremis
1045 5390 1226 5444 verbis
1257 5390 1553 5457 Augustino
1583 5406 1717 5443 con-

161 5454 321 5531 sentit,
338 5469 391 5531 ut
411 5466 464 5512 et
487 5454 564 5514 Ιιίς
588 5476 707 5530 qua:
728 5454 1026 5527 sequuntur
1050 5478 1062 5514 :
1088 5458 1153 5512 Et
1176 5454 1436 5531 imperavit
1459 5461 1719 5531 procelltc,

162 5528 200 5571 et
219 5526 340 5601 stetit
359 5526 410 5579 in
439 5526 639 5601 aurarii,
664 5542 771 5601 etc.
800 5526 952 5601 (ius,
978 5532 1204 5595 aulam),
1225 5526 1268 5582 et
1282 5526 1559 5601 jocuudati
1583 5542 1722 5589 sunt.

163 5596 376 5657 quoniam
405 5599 676 5655 siluerunt.
707 5599 772 5652 Et
799 5600 1010 5654 deduxit
1033 5617 1116 5653 eos
1140 5601 1194 5653 in
1220 5596 1424 5666 Portum
1451 5599 1726 5654 voluntatis

165 5675 347 5735 eorum,
378 5672 744 5738 prmtermisso
779 5670 959 5729 altero
989 5671 1358 5737 hemistichio,
1385 5680 1431 5727 et
1462 5672 1524 5726 de
1550 5686 1726 5726 neces-

2216 3866 2240 3904 8
2280 3872 2543 3913 CANTICUI
2585 3873 2770 3914 P.-ALII
2812 3873 2991 3915 DA'ID.

1877 3948 2137 4004 Paratum
2167 3962 2261 4003 car
2293 3963 2505 4014 meum,
2536 3950 2713 4017 Deus,
2760 3960 3007 4021 paratum
3044 3966 3141 4009 cor
3173 3966 3354 4009 meum
3384 3969 3400 4011 :

1804 4041 2037 4099 cantabo
2066 4049 2122 4097 et
2150 4040 2418 4111 psalmum
2450 4041 2626 4099 dicam
2663 4042 2918 4100 Domino.

1814 4330 2051 4386 sitatibus
2077 4346 2255 4385 eorum
2291 4329 2520 4401 liberauit
2556 4345 2674 4395 eos,
2705 4329 2848 4400 quod
2878 4339 2933 4386 et
2962 4331 3205 4401 plerique
3233 4331 3406 4390 Latini

1814 4402 1905 4455 alii
1939 4401 2059 4457 libri
2089 4403 2357 4471 ignorant.
2393 4400 2561 4457 Porro
2588 4412 2645 4457 ut
2668 4411 2723 4457 et
2752 4400 3000 4473 superius
3028 4400 3398 4471 miserationes,

1815 4488 1913 4543 pro
1943 4473 2330 4543 misericordiae.

1892 4541 1911 4580 ί
1944 4544 2089 4613 idem
2133 4559 2233 4597 ms.
2262 4542 2413 4610 juxta
2458 4544 2836 4613 Augustinum,
2873 4548 2926 4600 in
2949 4543 3163 4609 salinas,
3196 4554 3251 4600 et
3282 4562 3405 4601 mox

1817 4612 2047 4682 plurium
2083 4628 2339 4679 numero,
2368 4615 2422 4666 in
2450 4612 2634 4686 stagna
2663 4633 2935 4686 aquarum.
2972 4616 3130 4677 Tum,
3161 4613 3229 4669 Et
3260 4617 3407 4669 Itabi-

1819 4695 1927 4739 tare
1964 4686 2085 4754 fecit
2123 4686 2233 4738 illic
2272 4685 2571 4755 esurientes.
2611 4685 2715 4748 Et,
2742 4690 2963 4755 fructum
2997 4688 3265 4754 frumenti,
3314 4702 3409 4753 pro

1740 4748 1791 4807 D
1818 4748 2122 4819 nativitatis,
2157 4763 2216 4809 ut
2245 4764 2297 4827 et
2327 4754 2522 4811 deinde
2550 4758 2715 4827 ualde,
2742 4748 2844 4827 ἰη-ο
2873 4748 3043 4822 nimis,
3068 4765 3119 4809 et
3146 4748 3409 4809 deminuta

1825 4841 1924 4896 pro
1951 4827 2232 4898 minorum.
2267 4825 2521 4895 Sequitur
2553 4846 2564 4882 :
2596 4825 2661 4879 Et
2684 4825 2836 4898 pauci
2858 4828 2986 4895 [acti
3005 4835 3145 4898 sunt,
3172 4835 3217 4879 et
3242 4830 3409 4882 vexati

1820 4894 1939 4950 sunt
1986 4915 2017 4949 a
2061 4894 2394 4951 tribulatione
2428 4894 2753 4951 dolorum'et
2791 4894 3046 4951 malorum
3090 4897 3404 4966 (Augustin.

1821 4966 2074 5020 malorum
2113 4977 2158 5020 et
2202 4966 2421 5037 dolore).
2468 4968 2673 5022 Cmtera
2718 4970 2830 5036 pari
2874 4984 3163 5028 consensu.
3196 4968 3410 5035 E/I'usus

1821 5048 1890 5092 est
1919 5048 2238 5106 contemptus
2265 5054 2416 5108 super
2441 5038 2720 5109 principes,
2748 5046 2796 5091 et
2828 5038 3035 5109 scduajt
3062 5054 3170 5109 eos,
3202 5050 3309 5093 etc.
3345 5038 3409 5092 Et

1821 5108 2021 5176 adjuvit
2063 5106 2335 5174 pauperem
2380 5125 2412 5160 a
2441 5106 2762 5161 inendicitate
2781 5149 2796 5173 ,
2827 5119 2934 5162 etc.
2977 5106 3233 5161 Videbunt
3260 5112 3407 5175 recti,

1823 5188 1868 5232 et
1885 5177 2329 5248 jocundabuntur,
2358 5176 2752 5247 etc.,denique,
2777 5187 2822 5231 et
2854 5177 3102 5249 intelliget
3125 5180 3412 5234 miseratio-

1824 5266 1911 5304 ttes
1936 5249 2161 5302 lictttini.

1900 5329 1923 5366 ε
1968 5319 2283 5373 lnsrrihitnr
2310 5316 2364 5372 in
2397 5314 2696 5371 Veronensi
2736 5333 2837 5373 ms.
2874 5319 2939 5373 In
2979 5319 3134 5385 ﬁnem
3168 5317 3412 5374 Psalums

1824 5391 1925 5455 ipsi
1962 5388 2144 5439 David.
2180 5387 2235 5441 lu
2263 5397 2562 5459 textuueutn
2584 5387 2905 5455 Augustino,
2934 5392 3170 5451 cantabo,
3200 5400 3246 5442 et
3275 5395 3411 5459 psal-

1826 5463 1929 5513 lam
1956 5458 2008 5511 in
2038 5459 2205 5525 gloria
2232 5474 2363 5510 mea.
2400 5456 2653 5526 Exsurge,
2683 5468 2812 5520 etc.;
2845 5468 3004 5524 atque
3037 5462 3229 5513 iterum
3264 5456 3408 5527 t‘tiux,

1829 5539 1873 5583 et
1922 5527 2139 5598 psallunt
2185 5528 2274 5579 tibi
2311 5528 2364 5579 in
2408 5526 2723 5581 nationibus.
2773 5529 3033 5599 Quoniam
3079 5526 3416 5599 magnificam

1830 5603 2113 5671 (August.,
2149 5599 2367 5671 magna)
2399 5606 2470 5650 est
2497 5614 2649 5668 super
2677 5603 2830 5651 castos
2870 5598 3251 5671 misericordia,
3281 5612 3417 5671 ett:.;

1825 5678 1881 5735 et
1906 5668 2258 5739 subsequenti
2283 5682 2467 5739 versu,
2503 5677 2559 5723 ut
2585 5679 2831 5726 eruantur
2858 5669 3035 5725 dilecti
3063 5672 3158 5727 tui.
