3936 6180
487 167 594 226 53.7

1477 167 1537 224 S.
1579 164 1957 224 IIIERONYMI
1995 165 2226 226 DIVINA
2273 164 2744 226 BIBLIOTHECA.

3703 170 3830 230 59.8

559 279 799 353 Exsurge
831 287 856 317 ι
890 278 1195 352 psalterium
1218 284 1266 331 et
1285 277 1510 342 cithara,
1534 293 1810 348 casurgam
1832 281 2089 334 diluculo.
2121 283 2169 342 Α
2271 281 2517 352 Exsurge
2543 281 2857 353 psalterium
2881 291 2936 339 et
2955 283 3506 357 citharazexsurgam
3531 286 3821 344 diluculo.

559 373 854 443 Conﬁtebor
895 374 986 428 tibi
1017 374 1069 427 in
1100 372 1334 443 populis,
1384 369 1628 440 Domine,
1669 385 1716 428 et
1747 374 1968 444 psallam
2002 373 2092 427 tibi

492 468 545 521 in
589 467 904 521 nationibus.

567 556 704 622 Quia
732 574 921 630 magna
950 565 1026 612 est
1048 574 1202 629 super
1228 557 1382 613 caalos
1410 558 1764 614 misericordia
1786 567 1877 614 tua
1900 573 1919 612 :
1941 567 1988 613 et
2011 574 2092 613 us-

490 667 589 721 que
613 649 683 702 ad
708 649 862 704 nubes
885 649 1074 703 veritas
1103 659 1219 704 tua.
1249 648 1278 688 ι’

561 740 816 796 Exaltare
844 758 1000 812 super
1025 742 1199 807 ctelos,
1233 741 1392 807 Deus,
1420 752 1470 798 et
1495 759 1653 813 super
1680 757 1884 796 onmem
1903 749 2091 794 terram

491 834 660 905 gloria
698 842 787 888 tua
809 849 829 889 :
852 845 905 887 ut
935 833 1210 888 liberentur
1240 834 1413 889 dilecti
1450 837 1546 888 tui.

567 923 784 981 Salvum
809 927 893 997 fac
917 926 1129 982 dextera
1153 936 1263 996 tua,
1295 936 1341 982 et
1361 928 1553 982 exaudi
1577 943 1657 982 nte
1675 943 1694 980 :
1719 926 1857 981 Deus
1888 924 2090 980 locutus

491 1029 565 1074 cst
592 1020 647 1074 in
676 1030 854 1075 sancto
892 1036 1010 1074 suo.

564 1111 877 1179 Exsultabo,
911 1122 1026 1169 +et
1061 1113 1084 1182 ζ
1117 1113 1347 1168 dividam
1377 1113 1660 1169 Sichimam
1683 1128 1702 1166 :
1724 1121 1772 1166 et
1802 1107 2090 1165 convallem

500 1206 951 1263 tabernaculorum
991 1206 1256 1261 dimetiar.

567 1299 718 1355 Meus
740 1308 812 1354 est
837 1297 1067 1366 Galaad,
1091 1308 1138 1354 et
1167 1313 1309 1354 nteus
1329 1306 1404 1353 est
1433 1295 1725 1363 Manasses,
1752 1304 1802 1351 et
1827 1292 2086 1366 Ephraim

499 1391 755 1463 susceptio
789 1391 976 1459 capitis
1006 1390 1127 1444 mei.

566 1482 714 1539 Iuda
742 1500 836 1539 rea:
865 1499 1006 1538 meus
1037 1498 1056 1538 :
1081 1481 1236 1537 lloab
1270 1492 1292 1520 ο
1325 1480 1460 1536 lebes
1485 1480 1595 1551 spei
1627 1494 1772 1534 meat.

568 1575 636 1632 In
671 1575 963 1632 Idumam
988 1576 1264 1630 extendam
1293 1575 1704 1629 calceamentum
1731 1587 1902 1628 meum
1925 1586 1946 1627 :
1966 1569 2094 1626 mihi

497 1671 806 1742 alienigena:
832 1669 990 1724 amici
1013 1670 1139 1740 facti
1166 1677 1306 1722 sunt.

573 1763 702 1831 Quis
727 1763 946 1817 deducet
963 1778 1043 1816 me
1067 1763 1122 1816 in
1146 1761 1403 1817 ciuitatem
1425 1759 1720 1816 munitam?
1745 1759 1859 1830 quis
1879 1758 2098 1813 deducet

503 1872 582 1910 me
611 1871 772 1925 usque
801 1856 854 1909 in
884 1852 1172 1909 Idumazam
1198 1856 1222 1908 ?

577 1948 854 2012 Nounetu,
888 1947 1051 2013 Deus,
1081 1949 1171 2018 qui
1213 1946 1452 2017 repulisti
1479 1947 1612 2001 nos?
1657 1955 1704 2000 et
1750 1961 1852 2000 non
1892 1944 2093 2012 exibis,

503 2041 670 2108 Deus,
701 2043 755 2096 in
779 2042 1052 2097 virtutibus
1083 2042 1312 2097 nostris?

575 2133 662 2188 Da
681 2133 824 2188 nobis
852 2131 1110 2189 auxilium
1140 2133 1203 2188 de
1231 2131 1562 2186 tribulatione
1590 2146 1609 2186 :
1641 2131 1765 2202 quia
1797 2145 1933 2185 cana
1955 2129 2096 2186 salus

503 2229 746 2284 heminis.

495 2325 497 2332 '
573 2319 643 2375 1n
675 2318 785 2376 Deo
813 2320 1064 2390 facimus
1105 2319 1346 2375 virtutem
1373 2333 1393 2374 :
1415 2327 1462 2375 et
1495 2319 1605 2389 ipse
1646 2318 1716 2374 ad
1753 2317 1977 2373 nihilum
2007 2315 2096 2370 de-

503 2413 653 2468 ducet
678 2412 913 2469 ininticos
943 2422 1165 2468 nostros.

2268 371 2580 428 Conlitchor
2623 375 2720 429 tibi
2759 374 2812 429 in
2844 375 3074 446 populis,
3123 377 3348 434 Domine
3386 388 3483 435 :et
3527 379 3824 450 psalmum

2197 464 2374 521 dicam
2403 465 2496 520 tibi
2521 465 2662 522 inter
2691 476 2902 538 gentes.

2276 553 2544 623 Quoniam
2583 559 2925 629 magniﬁcam
2957 569 3043 617 est
3069 576 3240 634 usque
3267 563 3334 619 ad
3366 565 3544 623 cmlos
3585 568 3828 626 miscri-

2197 650 2381 706 cordia
2414 660 2502 706 tua
2535 673 2549 708 :
2577 662 2635 708 et
2661 667 2831 724 usque
2857 654 2924 708 ad
2955 655 3129 711 nubes
3158 657 3358 713 veritas
3387 667 3505 715 tua.

2272 742 2528 799 Exaltare
2558 757 2725 815 super
2750 745 2940 813 caelos,
2978 747 3143 812 Deus,
3177 757 3234 804 et
3255 763 3420 820 super
3447 766 3671 809 omnem
3700 763 3824 810 ter-

2197 850 2315 890 ram
2343 835 2519 906 gloria
2551 842 2642 890 tua
2675 855 2690 890 :
2721 848 2782 892 ut
2806 837 3116 893 liberentur
3142 840 3302 895 electi
3331 842 3429 896 tui.

2270 926 2492 982 Salvum
2516 942 2602 982 me
2626 925 2764 998 [113.
2792 938 2894 983 tac.
2920 928 3040 1000 me]
3068 930 3148 985 fac
3170 931 3391 988 dextera
3417 943 3522 1004 tua,
3549 945 3606 991 et
3628 951 3824 992 exau-

2197 1017 2251 1074 di
2282 1034 2392 1086 me,
2428 1019 2571 1074 Deus
2602 1021 2820 1075 loeutus
2849 1031 2936 1076 est
2966 1023 3019 1076 in
3052 1035 3242 1078 sancto
3271 1039 3371 1080 suo
3403 1044 3417 1082 :
3458 1027 3710 1094 la-tahor,
3745 1040 3818 1085 et

2197 1110 2438 1166 dividam
2462 1111 2743 1179 Sicimam,
2770 1122 2825 1169 et
2851 1114 3156 1171 convallem
3181 1117 3656 1175 tabernaculorum
3684 1137 3821 1177 me-

2201 1203 2343 1260 tibor
2371 1201 2518 1274 [Με.
2549 1202 2806 1260 dimetiar
2821 1204 2841 1277 ]
2859 1246 2874 1261 .

2270 1295 2418 1350 Meus
2435 1306 2516 1350 est
2533 1295 2764 1362 Galaad,
2793 1307 2847 1352 et
2863 1311 3018 1353 meus
3036 1307 3121 1355 est
3138 1299 3413 1356 Manasses
3439 1319 3452 1354 :
3477 1309 3532 1358 et
3560 1301 3816 1374 Ephrem

2204 1386 2224 1426 ί
2254 1387 2515 1444 lortitudo
2541 1389 2739 1459 capitis
2765 1391 2896 1447 mei.

2271 1479 2408 1534 Juda
2440 1479 2578 1554 [Ms.
2605 1479 2806 1556 Judas]
2837 1497 2932 1538 rex
2962 1498 3136 1552 meus,
3167 1483 3325 1541 Moab
3349 1485 3458 1542 olla
3489 1488 3612 1556 Spei
3640 1504 3818 1544 meae:

2201 1573 2254 1628 in
2287 1573 2578 1629 ldumaaam
2617 1574 2908 1631 extendam
2941 1577 3359 1634 calciamentum
3403 1595 3623 1649 meum,
3667 1583 3815 1639 mibi

2127 1673 2171 1732 Β
2199 1664 2460 1738 allophyli
2489 1667 2691 1722 subditi
2723 1677 2870 1723 sunt.

2271 1761 2409 1828 Quis
2436 1760 2668 1818 deducet
2697 1777 2784 1820 me
2813 1763 2867 1818 in
2903 1763 3176 1822 civitatem
3215 1767 3526 1824 munitam?
3553 1777 3650 1824 aut
3681 1769 3815 1838 quis

2201 1853 2438 1910 deducet
2461 1869 2551 1911 me
2578 1869 2750 1927 usque
2770 1855 2827 1910 in
2857 1856 3145 1913 ldumaeam
3163 1861 3188 1913 t

2270 1947 2461 2004 Nonne
2485 1959 2563 2017 tu,
2590 1948 2754 2016 Deus,
2780 1949 2872 2020 qui
2898 1950 3145 2021 repuliin
3173 1951 3312 2008 nos?
3340 1959 3394 2008 et
3416 1967 3527 2008 non
3551 1952 3816 2025 egredie-

2199 2041 2297 2107 ris,
2329 2039 2495 2105 Deus.
2526 2040 2580 2096 in
2601 2041 2895 2097 virtutibus
2925 2043 3150 2098 nostris.

2274 2130 2352 2185 Da
2381 2131 2536 2187 nobis
2563 2131 2824 2188 auxilium
2850 2132 2922 2189 de
2963 2132 3316 2192 tribulatione
3342 2152 3356 2189 :
3384 2144 3441 2192 et
3485 2151 3622 2192 vana
3651 2136 3812 2193 salus

2177 2222 2507 2279 hominum.

2276 2314 2333 2370 In
2363 2315 2472 2372 Deo
2501 2314 2762 2373 iaciemus
2789 2316 3052 2376 virtutem
3085 2327 3178 2376 :et
3207 2318 3324 2390 ipse
3345 2319 3411 2376 ad
3442 2319 3667 2376 nihilum
3701 2319 3812 2376 de-

2204 2407 2366 2466 ducet
2395 2409 2718 2467 tribulantes
2748 2425 2869 2468 nos.

1822 2523 2180 2589 PSALMUS
2221 2525 2442 2591 CVIII.

931 2647 983 2689 ut
1014 2647 1198 2698 PINEII,
1229 2644 1464 2688 PSALIUS
1487 2644 1670 2686 nuto.

576 2726 740 2799 Deus,
766 2728 976 2784 laudent
1005 2743 1171 2782 meam
1197 2743 1259 2781 ne
1279 2726 1496 2780 tacueris
1519 2741 1536 2779 :
1561 2724 1684 2797 quia
1707 2739 1763 2779 os
1792 2722 2100 2795 peccatoris,

504 2836 554 2881 et
574 2822 601 2864 ἀ
633 2842 688 2879 os
718 2824 886 2879 dolosi
906 2837 1059 2894 super
1089 2837 1168 2876 me
1195 2829 1430 2893 apertum
1451 2829 1545 2875 est.

577 2917 761 2974 Locuti
790 2926 911 2972 sunt
932 2915 1202 2971 adversum
1232 2930 1312 2969 me
1342 2913 1523 2985 lingua
1552 2911 1755 2979 dolosa,
1785 2921 1833 2967 et
1853 2911 2103 2966 sermoni-

507 3011 602 3066 bus
616 3011 721 3066 odii
732 3007 1175 3065 circumdederunt
1196 3023 1275 3061 me
1289 3022 1307 3062 :
1323 3016 1370 3062 et
1385 3014 1807 3079 expugnaverunt
1824 3019 1903 3083 me
1917 3003 2098 3075 gratis.

583 3181 690 3238 Pro
712 3197 771 3237 eo
794 3190 850 3237 ut
877 3188 973 3250 9%
997 3199 1075 3237 me
1103 3183 1125 3251 ζ
1155 3181 1450 3254 diligerent,
1473 3178 1809 3236 detrahebant
1839 3177 1965 3234 mihi
1979 3193 2102 3250 :ego

466 3342 468 3344 τ
508 3286 684 3330 autem
709 3273 941 3329 orabam.

581 3365 647 3420 Et
676 3372 961 3436 posuerunt
979 3363 1254 3419 adversum
1276 3379 1354 3419 me
1381 3364 1521 3419 mala
1545 3381 1638 3435 pro
1661 3363 1806 3420 bonis
1823 3372 1902 3421 :et
1926 3363 2103 3420 odium

509 3474 605 3529 pro
635 3455 908 3511 dilectione
939 3471 1074 3510 mea.

584 3548 852 3605 Constitue
894 3562 1050 3620 super
1081 3561 1198 3602 eum
1225 3555 1543 3616 peccatorem
1571 3561 1590 3601 :
1615 3555 1662 3602 et
1690 3545 1925 3602 diabolus
1953 3554 2049 3601 stet
2075 3560 2106 3600 a

514 3642 711 3698 dextris
735 3644 874 3715 ejus.

583 3733 715 3790 Cant
741 3736 1040 3808 judicatur,
1072 3744 1218 3794 exeat
1256 3733 1624 3792 condemnatus
1657 3749 1676 3790 :
1706 3741 1754 3789 et
1796 3731 1964 3789 oratio
1992 3732 2107 3803 ejus

515 3830 609 3903 fiat
639 3831 696 3885 in
724 3837 1018 3902 peccatum.

590 4125 751 4183 Fiant
773 4126 882 4183 dies
899 4131 1008 4201 ejus
1034 4129 1190 4198 pauci
1218 4143 1238 4183 .'
1271 4142 1329 4183 σιν
1358 4136 1404 4182 et
1436 4128 1459 4196 ζ
1497 4127 1850 4199 episcOpalutn
1881 4125 1991 4197 ejus
2022 4138 2108 4178 ac-

517 4225 674 4297 cipiat
694 4221 848 4278 alter.

589 4314 753 4371 Fiant
776 4313 877 4386 ﬁlii
895 4314 1008 4386 ejus
1037 4313 1256 4386 orphani
1285 4329 1304 4368 :
1329 4323 1375 4368 et
1399 4329 1530 4369 uxor
1570 4314 1682 4386 ejus
1719 4313 1896 4368 vidua.

2359 2645 2412 2686 IN
2437 2645 2623 2697 rtueu,
2655 2646 2892 2688 essemus
2922 2646 3081 2689 unm
3106 2629 3246 2706 [Ms.
3289 2648 3388 2690 res:
3417 2627 3643 2705 unm].

2278 2722 2443 2792 Deus,
2475 2722 2688 2780 laudem
2712 2740 2888 2782 meam
2918 2741 2986 2781 ne
3017 2727 3252 2782 tacueris
3277 2745 3291 2782 :
3321 2729 3449 2798 quia
3481 2727 3626 2800 [Με.
3659 2743 3807 2799 quo-

2206 2816 2382 2889 niam]
2413 2831 2476 2873 os
2508 2819 2811 2888 peccatoris
2831 2828 2886 2875 et
2912 2819 3085 2876 dolosi
3107 2833 3273 2891 super
3303 2837 3389 2876 me
3415 2830 3670 2893 apertum
3694 2831 3809 2879 est.

2278 2906 2470 2964 Locuti
2501 2917 2627 2964 sunt
2669 2908 2932 2965 adversus
2963 2925 3049 2967 me
3078 2910 3259 2981 lingua
3291 2911 3476 2968 dolosa
3519 2912 3663 2985 [Με.
3700 2915 3812 2970 lin-

2206 3014 2369 3071 guam
2396 2999 2707 3073 dolosam],
2739 3009 2795 3057 et
2813 3002 3158 3058 sermonibus
3183 3001 3291 3058 odii
3321 3004 3813 3064 circumdederunt

2128 3067 2176 3130 δ
2208 3067 2318 3159 me,
2343 3067 2858 3164 etexpugna'verunt
2879 3092 3018 3164 [11s.
3036 3093 3478 3166 dehellaverunt]
3499 3113 3586 3153 me
3605 3099 3809 3167 gratis.

2277 3187 2383 3243 Pro
2409 3201 2476 3243 eo
2505 3195 2566 3244 ut
2600 3185 2896 3259 diligerent
2946 3203 3056 3258 me,
3103 3187 3466 3246 detrahebant
3497 3190 3630 3246 mihi
3658 3208 3673 3246 ε
3700 3207 3815 3263 ego

2205 3290 2385 3338 autem
2411 3280 2658 3338 orabam.

2279 3374 2586 3431 Posucrunt
2611 3375 2628 3446 Ῐ
2648 3375 2752 3431 ιιε.
2783 3374 2852 3432 Et
2882 3371 3212 3448 posuerunt]
3242 3373 3505 3432 adversus
3534 3391 3622 3432 me
3658 3377 3813 3434 mala

2209 3484 2306 3541 pro
2331 3467 2491 3523 bonis
2519 3485 2533 3522 :
2566 3477 2618 3524 et
2647 3468 2832 3524 odium
2875 3485 2972 3538 pro
2999 3468 3298 3524 dilectione
3327 3483 3469 3524 mea.

2279 3560 2562 3617 Constitue
2583 3576 2751 3633 super
2780 3577 2904 3618 eum
2935 3571 3278 3633 peccatorem
3303 3579 3317 3618 :
3339 3569 3395 3618 ct
3418 3559 3668 3619 diabolus
3696 3571 3816 3619 stet

2210 3669 2240 3709 a
2267 3653 2474 3711 dextris
2503 3653 2645 3724 ejus,

2281 3744 2413 3802 Cum
2433 3746 2726 3817 iudicatur,
2755 3755 2918 3806 exeat
2941 3750 3342 3804 condemnatus
3366 3757 3456 3806 :et
3475 3749 3646 3805 oratio
3666 3749 3800 3820 ejus

2211 3841 2304 3897 ﬂat
2330 3842 2383 3896 in
2415 3853 2719 3913 peccatum.

2285 3945 2310 3982 8
2341 3934 2464 3991 Fiat
2492 3934 2752 3992 habitatio
2779 3935 2899 4008 ejus
2924 3936 3139 3994 deserta
3170 3954 3185 3992 :
3215 3944 3270 3993 et
3299 3952 3409 3994 non
3435 3937 3504 3993 sit
3529 3937 3619 4009 qui
3648 3937 3818 3994 iuba-

2214 4029 2351 4087 bitet
2387 4032 2442 4087 in
2477 4046 2562 4088 ea.

2283 4120 2440 4178 Fiant
2459 4121 2578 4180 dies
2601 4122 2723 4193 ejus
2746 4122 2923 4194 pauci,
2955 4131 3010 4179 et
3039 4123 3415 4195 episcopatum
3438 4122 3556 4194 ejus
3576 4121 3818 4194 accipiat

2212 4215 2373 4271 alter.

2285 4307 2444 4365 Fiant
2468 4307 2564 4365 ﬁlii
2592 4307 2711 4380 ejus
2738 4307 2992 4380 orphani,
3022 4315 3080 4365 et
3108 4322 3245 4365 uxor
3277 4308 3395 4381 ejus
3414 4307 3595 4365 vidua.

518 4481 619 4538 Et“
657 4479 799 4535 Ειιίιί
847 4494 911 4534 ac
963 4492 1095 4532 mss.
1146 4476 1346 4547 aliquot
1399 4474 1518 4528 lihri
1575 4473 1770 4547 legunt
1807 4471 2112 4547 anteista:
2146 4467 2736 4547 DAntca_videtur_ibi
2762 4468 2960 4524 lectum
2993 4469 3122 4547 olla.

527 4551 762 4622 Exsurge
789 4551 954 4620 gloria
985 4566 1116 4602 utea.
1147 4543 1625 4622 Quodquidcntin
1659 4544 1851 4622 [patina
1883 4543 2103 4622 minimc

521 4614 1000 4690 logeha'nt'Sunnia
1052 4630 1106 4690 e_t
1145 4614 1360 4690 Fretela
1384 4632 1402 4690 _:
1448 4614 1595 4690 itinde
1623 4615 1688 4690 ad
1719 4615 1939 4668 eosdem
1966 4615 2105 4668 scri-

521 4684 603 4746 hit
627 4691 990 4762 Hieronymus
1018 4707 1031 4742 :
1065 4688 1217 4753 Quod
1248 4687 1420 4762 dicitis
1443 4687 1496 4740 in
1522 4684 1709 4762 Latino
1741 4701 1841 4738 non
1867 4700 2106 4762 (θείῃ-ζει

521 4775 598 4815 cte
625 4763 678 4816 in
727 4754 852 4816 isto'
877 4762 1076 4830 psalmo
1113 4774 1215 4812 non
1273 4757 1467 4830 habet:
1517 4757 1640 4827 quia
1694 4772 1785 4809 nec
1823 4755 1966 4828 apud
1998 4754 2107 4830 lle:

517 4834 719 4896 brceos,
772 4825 1051 4898 nec'apud
1103 4830 1266 4882 ullunt
1313 4825 1657 4899 interpretum
1701 4825 1980 4899 reperitur,
2018 4825 2109 4899 sed

521 4895 736 4956 habetur
765 4903 818 4956 in
859 4895 1277 4972 quinquagesimo
1306 4895 1675 4972 sexto‘psalnto
1699 4939 1714 4961 ,
1761 4895 1960 4972 'de_quo
1985 4895 2110 4950 mihi

517 4973 718 5026 videtur
756 4975 810 5025 in
845 4967 1007 5026 istum
1054 4967 1224 5025 locum
1281 4985 1389 5024 esse
1436 4967 1765 5022 translatum.
1828 4967 2096 5021 Craterum

522 5057 653 5095 mss.
679 5041 1032 5097 Carnutensis
1077 5051 1134 5095 et
1155 5040 1504 5095 Colberlinus
1529 5054 1678 5092 nmn.
1707 5038 1872 5103 2200,
1895 5045 1950 5091 et
1972 5035 2100 5093 Sor-

521 5113 746 5167 hnuieus
772 5129 924 5168 num.
951 5113 1118 5172 2784.
1152 5127 1255 5166 non
1288 5112 1472 5181 legunt
1492 5109 1622 5164 illud
1645 5109 2096 5181 additamentum,

522 5183 766 5256 Exsurge
806 5183 975 5256 gloria
1019 5199 1155 5238 mea.
1205 5182 1261 5236 In
1305 5178 1780 5256 Romanoaamen
1814 5178 2096 5243 Psalterio,

520 5255 663 5322 quod
706 5252 1004 5310 secundum
1067 5269 1163 5306 seu
1221 5254 1450 5308 mediam
1508 5252 1817 5307 columnam
1870 5259 2102 5318 occupat

526 5326 768 5382 l’salterii
801 5324 1032 5393 triplicis
1064 5337 1168 5375 ms.
1199 5324 1508 5388 Sorhnnici,
1541 5338 1728 5378 errore
1760 5322 2100 5393 librariorum

523 5397 698 5450 adhuc
743 5391 1042 5454 retinetur;
1093 5394 1236 5462 quod
1278 5395 1590 5448 nullatenus
1634 5400 1859 5462 apparet
1893 5393 1944 5446 in
1975 5391 2111 5444 Car-

528 5467 739 5521 nutensi
767 5467 955 5520 codice
985 5465 1360 5533 antiquissimo
1391 5480 1453 5533 ac
1484 5469 1702 5532 Optima:
1733 5475 1896 5518 noue.
1931 5463 2106 5516 Msnr.

598 5535 624 5573 ¹³
665 5537 717 5590 In
747 5536 980 5590 Palatia.
1014 5531 1131 5588 ms.‘
1147 5533 1364 5588 additur
1391 5531 1716 5602 Diapsalma.

603 5615 626 5644 ο
657 5607 834 5676 Vacat
881 5608 933 5660 in
974 5603 1298 5676 eodemms.
1325 5604 1596 5676 _abrasunt
1644 5603 1898 5676 sequiore
1948 5618 2109 5676 manu

533 5674 785 5748 spatium,
817 5682 1076 5746 quantum
1101 5672 1228 5731 huic
1253 5672 1574 5733 sulticiendo
1609 5672 1814 5734 nomini
1857 5675 1990 5732 satis
2019 5675 2110 5733 sit.

2291 4539 2318 4577 ιι
2361 4541 2605 4596 Alterum
2635 4538 2738 4595 hoc
2771 4555 2965 4594 nomen
2994 4557 3050 4593 os
3076 4541 3128 4594 in
3162 4540 3410 4595 Palatino
3440 4553 3542 4594 ms.
3566 4539 3810 4595 deletur.

2214 4611 2434 4680 Legitur
2463 4626 2643 4680 porro,
2677 4611 2964 4678 prmposito
2992 4623 3036 4665 et
3062 4612 3267 4665 vocula:
3295 4612 3453 4666 obelo
3480 4625 3538 4666 σξη
3564 4619 3612 4664 et
3646 4613 3668 4680 ζ
3698 4629 3817 4665 ser-

2214 4683 2473 4746 monibus,
2505 4691 2612 4736 etc.
2645 4681 2786 4752 quod
2810 4690 2867 4736 et
2887 4682 3025 4736 Caro
3055 4683 3314 4752 probatur
3343 4689 3534 4736 contra
3564 4685 3816 4751 origina-

2216 4756 2348 4809 lium
2375 4753 2630 4808 librorum
2665 4750 2848 4806 Iidem.

2294 4835 2316 4862 ε
2359 4823 2533 4879 Minus
2593 4821 2789 4878 iterum
2846 4823 2987 4880 bene
3046 4823 3278 4880 Palatia.
3330 4837 3434 4878 ms.
3487 4823 3819 4880 asteriscum

2217 4896 2440 4952 omittit.

2283 4966 2301 5004 τ
2347 4968 2478 5022 Cum
2524 4966 2827 5037 Augustino
2869 4965 2956 5020 hic
3006 4965 3309 5022 Veronens.
3367 4979 3497 5032 ms.,
3525 4966 3816 5036 susceptio.

2206 5037 2568 5108 Subsequentl
2611 5048 2789 5092 autem
2839 5052 3025 5100 versu,
3061 5037 3188 5090 mihi
3236 5037 3543 5106 alienigena:
3591 5037 3820 5108 subjecti

2208 5119 2346 5172 sunt.
2370 5107 2535 5177 atque
2564 5108 2672 5161 alio
2695 5109 3004 5179 insequenti
3027 5116 3173 5162 tacet
3194 5117 3284 5179 aut
3322 5109 3619 5179 voculamr:
3647 5107 3820 5179 deui-

2207 5195 2313 5250 qne
2341 5180 2394 5233 in
2424 5176 2556 5248 line,
2598 5176 2850 5232 inimicos
2882 5187 3086 5232 nostros
3107 5178 3330 5247 prtefert
3362 5194 3460 5247 pro
3502 5176 3820 5230 tribulantes

2209 5267 2322 5304 2108.

2284 5331 2308 5367 8
2352 5319 2504 5374 Hunc
2531 5335 2771 5384 versum,
2798 5335 2957 5388 quem
2992 5333 3170 5389 neque
3201 5317 3536 5374 Veronensis
3569 5331 3668 5389 ins.
3706 5316 3815 5372 ita-

2217 5392 2326 5452 het.
2362 5391 2708 5444 Martiauueus
2731 5393 2784 5444 in
2811 5387 2922 5444 uno
2949 5387 3250 5446 Sorb'nnieo
3273 5391 3494 5454 reperit.
3522 5387 3710 5440 Altero
3737 5389 3813 5440 ab

2220 5463 2320 5515 hoc
2351 5477 2509 5516 versu
2553 5462 2748 5529 legitur
2782 5463 2832 5514 in
2878 5459 3179 5516 Veronensi
3227 5461 3414 5512 codice
3456 5457 3660 5530 pupilli,
3711 5472 3816 5524 pro

2218 5533 2457 5602 orphani,
2483 5547 2550 5587 ac
2574 5531 2768 5588 deinde
2798 5547 2920 5586 cum
2948 5530 3248 5602 Augustino
3280 5530 3678 5601 transferantur,
3712 5541 3816 5596 pro

2218 5611 2570 5660 amoveantur.
