3936 6180
82 259 189 321 δὶς)

79 477 363 544 ejiciantur
391 480 453 532 de
478 478 879 534 habitationibus
907 483 1032 537 suis.

152 565 428 622 Scrutetur
458 571 721 640 fenerator
745 590 955 645 omnem,
975 577 1320 635 substantia»:
1347 586 1458 654 ejus
1486 588 1548 653 ἓξ(
1578 597 1625 641 ct
1654 590 1675 657 ξ

76 662 331 731 diripiant
358 664 522 717 alieni
549 664 753 720 labores
780 669 917 738 ejus.

151 753 274 809 Non
307 756 375 810 sit
404 754 488 811 illi
519 758 734 830 adjutor
761 776 779 813 :
802 778 894 816 nec
922 763 988 817 sit
1015 766 1105 835 qui
1134 766 1435 825 misereatur
1467 773 1679 843 pupillis

74 850 210 916 ejus.

150 942 307 997 l’iant
334 945 447 998 nati
468 945 583 1015 ejus
607 946 661 1002 in
690 948 953 1004 interitum
975 967 996 1007 :
1014 952 1070 1007 in
1092 957 1426 1026 generatione
1457 976 1559 1014 una
1586 962 1677 1017 de-

81 1035 239 1088 leatur
267 1052 454 1089 nomen
484 1040 625 1110 ejus.
1170 1064 1173 1065 '

145 1124 214 1180 In
244 1128 546 1183 memoriam
588 1130 765 1187 redeat
804 1134 1051 1206 iniquitas
1090 1147 1298 1209 patrum
1328 1146 1441 1213 ejus
1466 1145 1520 1200 in
1557 1163 1678 1201 con-

80 1229 255 1289 spectu
284 1218 502 1275 Domini
533 1239 553 1276 :
579 1233 627 1277 et
653 1236 918 1295 peccatum
945 1232 1124 1285 matris
1147 1234 1260 1304 ejus
1289 1252 1390 1290 non
1417 1239 1676 1296 deleatur.

144 1309 307 1365 Fiant
334 1323 517 1368 contra
538 1312 823 1371 Dominum
842 1336 1064 1391 semper,
1089 1333 1137 1377 et
1162 1325 1419 1398 dispereat
1451 1331 1514 1385 de
1542 1341 1679 1387 terra

80 1405 325 1460 memoria
352 1421 529 1461 eorum
559 1424 580 1463 :
610 1406 638 1447 δ
665 1426 760 1480 pro
787 1427 846 1466 eo
875 1414 1013 1483 quod
1038 1431 1141 1469 non
1166 1427 1239 1473 est
1269 1421 1566 1477 recordatus
1595 1424 1677 1492 {a-

82 1514 186 1552 cere
216 1500 651 1558 misericordiam.

143 1589 216 1645 Et
245 1603 543 1662 persecutus
582 1605 660 1651 est
688 1597 946 1654 hominem
974 1602 1179 1674 inopem
1202 1613 1254 1659 et
1281 1607 1595 1675 mendicum,
1626 1612 1674 1665 et

81 1693 439 1751 compunctum
466 1686 621 1741 corde
646 1692 977 1760 morti/icore.

1390 278 1657 362 uacua
1676 284 2077 351 SALMORUM.

158 382 426 440 Nutantes
454 384 833 457 transferantur
866 385 963 457 lilii
992 391 1126 463 ejus,
1158 401 1207 447 et
1240 398 1525 453 mendicent
1547 409 1610 455 ετ·
1630 410 1678 455 et
1706 408 1755 466 Λ
1852 406 2121 464 Cnmmoti
2144 418 2504 469 amm‘cantur
2536 408 2628 469 lilii
2664 413 2801 488 ejus,

3287 316 3389 377 5‘0

2830 426 2882 475 et
2906 420 3246 496 mendicent;
3283 438 3385 502 ej;-

1785 501 2001 558 ciantur
2030 506 2098 561 de
2128 505 2561 565 habitationibus
2588 512 2721 567 suis.

1855 593 2139 652 Scrutetur
2187 597 2458 655 fenerator
2511 618 2727 659 onmem
2760 607 3118 669 substantiam
3147 616 3262 683 ejus
3292 635 3304 670 :
3331 629 3388 675 ct

1785 683 1923 756 [.ils.
1955 696 2056 741 tae.
2090 688 2179 761 et]
2212 691 2470 761 diripiant
2500 695 2664 751 alieni
2703 712 2893 755 omnes
2927 704 3138 760 labores
3166 710 3305 777 ejus.

1855 776 1971 835 Non
1999 781 2067 834 sit
2098 781 2178 836 illi
2210 782 2427 852 adjutor
2459 801 2598 842 :ncc
2630 787 2769 859 [Με.
2806 792 2946 864 non]
2979 795 3049 850 sit
3094 776 3381 867 quimisc-

1786 881 1976 927 rentur
2006 875 2228 943 pupillis
2250 876 2389 945 ejus.

1853 962 2013 1020 Fiant
2053 967 2165 1021 nati
2193 965 2337 1040 [‘Ms.
2380 969 2511 1041 lilii]
2544 971 2663 1041 ejus
2711 972 2764 1029 in
2808 974 3087 1034 interitum
3123 1000 3133 1035 :
3172 982 3223 1037 in
3277 1001 3380 1041 una

1778 1057 2138 1125 generatione
2169 1058 2417 1116 deleatur
2444 1077 2643 1118 nomen
2672 1065 2791 1135 ejus
2820 1067 2957 1139 [Μδ.
2984 1074 3235 1145 eorum].

1851 1145 1908 1201 lu
1937 1148 2260 1204 memoriam
2290 1150 2480 1206 redeat
2505 1153 2765 1223 iniquitas
2791 1168 3005 1226 patrum
3032 1162 3153 1231 ejus
3172 1166 3224 1219 in
3246 1180 3378 1222 con-

1778 1234 2229 1310 spectu’Domini:
2251 1252 2307 1299 et
2330 1254 2611 1312 peccatum
2628 1250 2823 1306 matris
2845 1253 2963 1323 ejus
2979 1270 3084 1310 non
3101 1256 3348 1315 deleatur
3362 1306 3377 1318 .

1850 1331 2008 1387 Fiant
2038 1343 2062 1381 Β
2094 1341 2281 1389 contra
2312 1336 2603 1394 Dominum
2635 1353 2853 1412 semper
2888 1362 2899 1397 :
2931 1353 2987 1401 et
3013 1346 3381 1418 diSpert-atde

1778 1430 1924 1479 terra
1955 1426 2220 1480 memoria
2251 1442 2463 1483 eorum.

1848 1516 1955 1572 Pro
1984 1532 2050 1572 eo
2074 1517 2219 1587 quod
2252 1534 2359 1573 non
2392 1529 2477 1576 est
2508 1523 2828 1580 recordatus
2858 1525 3037 1585 facere
3066 1532 3377 1592 misericor-

1778 1607 1922 1662 diam
1950 1625 1963 1661 :
1992 1617 2049 1663 et
2076 1620 2395 1678 persecutus
2424 1620 2507 1666 est
2532 1611 2809 1670 hominem
2836 1632 3125 1689 pauperem
3153 1634 3207 1679 et
3229 1641 3381 1683 men-

1778 1698 1982 1766 dicum,
2014 1708 2069 1754 et
2094 1712 2485 1771 compunctum
2517 1704 2685 1759 corde
2707 1708 2868 1761 morti
2895 1710 3136 1766 tradidit.

144 1773 215 1828 Et
246 1776 430 1833 dilexit
466 1777 901 1854 maledictioncm,
934 1796 982 1841 et
1011 1790 1177 1845 ueniet
1202 1792 1251 1846 ei
1276 1807 1296 1847 :
1321 1800 1369 1847 et
1395 1794 1562 1849 noluit
1591 1794 1673 1850 be-
1707 1798 1754 1859 B
1852 1790 1921 1846 Et
1952 1790 2144 1847 dilexit
2185 1792 2649 1865 maledictionem,
2688 1806 2742 1853 et
2780 1804 2965 1856 veniet
2992 1802 3039 1857 ci
3073 1820 3087 1860 :
3116 1814 3171 1861 et
3207 1809 3382 1865 noluit

79 1870 441 1938 nedictionem,
463 1881 516 1927 et
541 1872 865 1947 elongabitur
886 1879 949 1933 ab
972 1897 1053 1937 eo.

142 1960 215 2016 Et
240 1964 412 2018 induit
436 1967 852 2024 maledictionem
875 1972 1003 2028 sicut
1027 1976 1379 2033 vestimentum
1403 1998 1421 2036 :
1443 1991 1490 2036 et
1512 1983 1674 2039 intra-

80 2056 142 2110 vit
166 2057 306 2112 sicut
333 2075 467 2131 aqua
494 2062 549 2115 in
578 2061 830 2119 interiora
858 2071 1003 2140 ejus,
1034 2081 1082 2126 et
1106 2074 1237 2127 sicut
1266 2076 1435 2129 oleum
1461 2080 1514 2132 in
1548 2080 1678 2134 ossi-

82 2149 168 2205 bus
203 2154 342 2222 ejus.

146 2240 271 2297 Fiat
311 2245 360 2299 ei
404 2246 540 2303 sicut
584 2250 939 2307 vestimentum
979 2272 1081 2326 quo
1125 2259 1357 2328 operitur
1399 2278 1417 2315 :
1451 2270 1501 2318 et
1542 2265 1675 2321 sicut

84 2353 227 2404 zona,
253 2355 357 2409 qua
384 2356 583 2413 semper
612 2345 961 2417 prcecingitur.

150 2428 267 2484 Hoc
302 2448 433 2501 opus
466 2450 664 2500 eorum,
697 2438 786 2505 qui
816 2438 1090 2495 detrahunt
1117 2444 1243 2498 mihi
1274 2456 1295 2484 ε
1326 2450 1469 2516 apud
1496 2447 1675 2505 Domi-

87 2540 200 2578 num
229 2536 321 2581 :et
348 2528 436 2596 qui
467 2528 744 2598 loquuntur
771 2532 909 2587 mala
940 2535 1184 2591 adversus
1221 2540 1451 2595 animam
1489 2559 1673 2599 meum.

154 2613 220 2671 Et
252 2624 331 2687 tu,
370 2617 611 2690 Domine,
640 2618 882 2690 Domine,
910 2626 993 2695 [ac
1019 2644 1218 2684 mecum
1258 2642 1466 2703 propter
1491 2651 1677 2691 nomen

94 2717 226 2763 tuum
253 2724 272 2763 :
298 2711 421 2780 quia
452 2712 619 2767 suavis
642 2722 719 2768 cst
750 2718 1107 2775 misericordia
1134 2732 1244 2777 tua.

159 2886 341 2944 Libera
376 2906 473 2959 me,
516 2892 640 2962 quia
680 2909 869 2966 egenus
898 2906 945 2951 et
973 2916 1170 2971 pauper
1198 2918 1291 2976 ego
1315 2920 1431 2959 sum
1463 2920 1479 2960 :
1510 2913 1560 2960 et
1588 2922 1677 2961 cor

96 2996 253 3035 meum
279 2982 306 3019 ά
336 2985 694 3041 conturbatum
720 2999 794 3044 est
820 2991 958 3046 intra
980 3009 1077 3048 me.

166 3074 304 3130 Sicut
328 3078 504 3134 umbra
532 3096 651 3135 cum
675 3082 924 3154 declinat,
955 3087 1157 3143 ablatus
1185 3106 1303 3145 sum
1330 3104 1351 3146 :
1369 3098 1414 3147 et
1434 3107 1675 3147 excussus

101 3182 209 3219 sum
233 3169 358 3225 sicut
382 3170 613 3230 locusta'.

173 3259 340 3317 Genua
375 3281 481 3321 mea
517 3268 782 3339 inﬁrmata
820 3281 940 3327 sunt
974 3291 1006 3328 a
1034 3276 1239 3347 jejunio
1276 3292 1296 3332 :
1329 3287 1381 3333 et
1418 3295 1539 3334 caro
1564 3296 1677 3335 mea

110 3355 357 3413 immutata
381 3372 452 3415 est
472 3371 682 3434 propter
708 3365 898 3423 oleum.
933 3377 957 3406 ε
991 3374 1055 3437 >ε<
1087 3371 1153 3425 Et
1186 3374 1209 3441 ζ
1242 3388 1336 3443 ego
1366 3377 1535 3444 [actus
1561 3392 1677 3429 sum

117 3450 415 3517 opprobrium
448 3454 557 3508 illis
600 3470 619 3509 :
660 3456 895 3511 viderunt
927 3474 1043 3529 me,
1073 3476 1125 3516 -ι
1168 3473 1214 3517 et
1240 3465 1264 3533 ζ
1293 3475 1559 3520 moverunt
1590 3483 1677 3520 cu-

120 3551 324 3607 pttasua.

180 3635 361 3709 Δόλωνα
399 3658 516 3708 me,
554 3642 775 3702 Domine
812 3644 955 3703 Deus
995 3665 1137 3705 meus
1179 3663 1199 3704 :
1236 3649 1437 3705 salvum
1477 3669 1557 3708 me
1595 3655 1679 3724 fac

117 3730 358 3785 secundum
379 3735 785 3794 misericordiam
811 3750 977 3795 tuam.

179 3821 236 3878 Et
255 3830 405 3885 sciant
424 3833 552 3903 quia
568 3833 763 3905 pannus
784 3844 873 3891 tua
892 3836 999 3891 liceo
1019 3853 1039 3893 :
1066 3834 1085 3876 ί
1115 3852 1175 3893 +
1206 3848 1251 3892 et
1281 3840 1302 3909 ζ
1332 3848 1409 3911 tu,
1434 3837 1671 3912 Domine,

112 3913 255 3982 fecisti
268 3937 395 3980 eam.

175 4009 457 4074 Maledicent
482 4019 585 4091 illi,
609 4029 658 4076 et
679 4029 734 4075 tu
755 4022 1051 4091 benediees;
1078 4024 1168 4095 qui
1194 4026 1463 4095 insurgunt
1488 4026 1541 4079 in
1569 4040 1669 4095 me,

109 4108 455 4177 confundantur
483 4128 504 4168 :
531 4129 707 4170 servus
734 4125 904 4171 autem
933 4126 1052 4174 tuus
1083 4119 1357 4174 (celabitur.

165 4345 186 4376 ³
224 4338 515 4416 llicautem
535 4356 641 4400 ms.
663 4340 873 4400 Palatin
900 4353 947 4400 et
968 4344 1221 4416 copulam
1245 4352 1411 4414 tacet,
1433 4357 1594 4415 quam
1618 4351 1673 4401 et

104 4408 555 4499 Griegisignorat.
676 4486 753 4499 Α
1037 4408 1055 4416 ’
1168 4488 1180 4499 ,
1333 4488 1347 4499 ,
1397 4408 1418 4499 ⁷.
1450 4408 1492 4499 ν.

166 4482 189 4521 δ
218 4482 478 4544 Palatinus
506 4502 613 4543 ms.
639 4494 696 4543 et
714 4486 884 4544 Carus
907 4504 1001 4560 pro
1025 4488 1272 4544 voculam
1298 4488 1458 4544 obelo
1480 4487 1669 4543 immo.

104 4551 197 4608 rito
224 4569 529 4622 pramotant.

170 4636 190 4663 ε
222 4625 379 4685 Voces
402 4630 546 4703 apud
574 4628 956 4713 DOtllitiutit,nl'n
981 4629 1170 4713 eodem
1195 4645 1294 4713 rus.
1320 4630 1555 4713 desunt:
1582 4629 1669 4713 ad:

107 4695 233 4751 ditur
248 4714 369 4773 vero
392 4695 447 4756 in
466 4704 574 4756 line
593 4703 846 4757 versiculi
862 4700 1188 4773 Diapsatma.
1205 4703 1340 4757 Tum
1364 4703 1667 4772 insequenti

108 4779 249 4855 verj‘su
268 4772 484 4855 verbum
511 4772 907 4855 substantivum
932 4772 1162 4855 deletur.
1278 4852 1287 4855 _
1386 4843 1403 4855 _
1639 4843 1671 4855 Δ.

169 4835 193 4874 ἀ
217 4838 269 4895 In
291 4844 475 4900 eodem
501 4859 605 4898 ms.
632 4844 897 4915 turbatum
915 4852 1008 4915 est,
1034 4844 1086 4898 in
1112 4858 1221 4915 quo
1240 4852 1295 4900 et
1321 4843 1672 4914 subsequenti

108 4922 249 4996 versu
276 4925 321 4968 et
349 4916 538 4996 copula
568 4915 731 4996 obelo
770 4914 1100 4996 confoditur.
1136 4914 1143 4915 “

173 4990 195 5068 ξ
220 4981 385 5068 Atque
412 4981 496 5040 bic
527 4986 845 5068 asteriscum
861 4986 1016 5068 idem
1041 4999 1145 5040 ms.
1162 4985 1407 5068 .omittit.

175 5049 195 5088 ’
219 5049 437 5128 SquIior
466 5072 662 5112 manus
690 5056 745 5112 in
772 5056 963 5113 eodem
993 5072 1095 5112 ms.
1126 5056 1367 5124 obelum,
1396 5057 1677 5128 ipsamque

109 5128 151 5174 et
176 5128 406 5195 copulam
446 5129 682 5183 induxit.

170 5202 194 5239 ε
224 5198 274 5249 In
303 5197 595 5254 Veronensi
634 5213 739 5253 ms.
773 5196 933 5253 Fiant
969 5216 1146 5253 coram
1176 5197 1398 5253 Domino
1429 5215 1630 5267 semper
1663 5214 1681 5251 :

110 5276 251 5353 qualn
280 5268 565 5325 lectionem
590 5272 731 5353 inter
754 5281 978 5353 caeteras
1001 5272 1116 5339 ipse
1131 5270 1323 5353 laudat
1346 5272 1680 5353 Augustinus

110 5335 157 5387 in
190 5335 569 5405 Enarratione,
606 5341 700 5396 ubi
738 5340 865 5395 illud
902 5335 1084 5395 contra
1121 5340 1400 5395 Dominum
1422 5335 1458 5403 ,⁷
1475 5342 1679 5395 dictum

111 5408 281 5493 accipit
304 5414 520 5493 perinde
540 5420 705 5482 atque
725 5412 1081 5493 iniconspectu
1104 5411 1339 5493 Domini.
1360 5410 1521 5493 Nam,
1550 5412 1679 5467 sub.

113 5473 194 5538 dit,
211 5473 265 5531 ’et
288 5473 376 5553 alii
404 5473 722 5553 Interpretes
748 5484 823 5537 sic
850 5473 1248 5553 transtulerunt,
1283 5482 1440 5537 Fiant
1467 5473 1519 5536 in
1547 5497 1684 5536 cou-

114 5557 274 5627 spectu
314 5552 527 5608 Domini
558 5551 786 5623 semper
819 5571 832 5633 ς
865 5552 976 5634 αιίὶ⁸
996 5569 1138 5618 vero,
1167 5551 1330 5609 Fiant
1359 5568 1543 5635 curam
1575 5553 1687 5635 Do-

116 5618 241 5672 mino
265 5636 496 5692 semper,
526 5634 636 5679 etc.
670 5618 928 5704 Sequitur
963 5623 1016 5677 in
1054 5638 1279 5704 eo_ms.,
1306 5635 1352 5678 et
1382 5621 1691 5704 intereatde

116 5694 233 5741 terra
267 5698 504 5748 memoria
529 5702 729 5748 eorum.
765 5692 871 5750 Pro
910 5710 968 5748 eo
994 5695 1131 5762 quod
1157 5710 1258 5747 non
1287 5703 1405 5749 sunt
1434 5692 1693 5747 recordati

117 5758 267 5835 facere
304 5766 734 5829 misericordiam,
781 5774 827 5819 et
874 5758 1128 5835 persecuti
1171 5776 1290 5818 sunt
1320 5764 1697 5835 hominemtct

118 5828 449 5903 cohaerenter,
474 5837 632 5890 morti
656 5828 985 5892 tradiderunt
1004 5850 1197 5908 :quam
1213 5845 1393 5895 tamen
1411 5848 1512 5893 nec
1527 5830 1698 5889 verbo

293 5923 562 5989 ΡΑτιιοι.
614 5924 862 5989 XXIX.

1780 1882 2239 1951 benedictionem,
2268 1893 2325 1941 et
2347 1882 2373 1922 δ
2403 1887 2809 1959 prolongabitur
2832 1891 2902 1947 ab
2929 1907 3016 1950 eo.

1854 1975 1925 2031 Et
1954 1975 2132 2032 induit
2160 1990 2221 2034 se
2248 1978 2687 2047 maledictionem
2718 1980 2857 2037 sicut
2876 1987 3260 2046 vestimentum
3290 2011 3300 2045 :
3326 2002 3383 2049 et

1780 2069 2002 2125 intravit
2020 2071 2166 2127 sicut
2189 2086 2326 2143 aqua
2353 2071 2405 2128 in
2432 2073 2689 2129 interiora
2712 2076 2853 2146 ejus,
2880 2087 2935 2135 et
2958 2081 3100 2137 sicut
3120 2086 3300 2141 oleum
3324 2088 3380 2143 in

1779 2163 1993 2219 ossibus
2022 2162 2161 2234 ejus.

1848 2240 1974 2312 Fiat
2010 2256 2061 2313 ei
2098 2256 2240 2312 sicut
2275 2257 2659 2314 vestimentum
2701 2277 2808 2333 quo
2839 2266 3086 2335 operitur
3116 2284 3129 2323 :
3157 2280 3210 2325 et
3241 2272 3382 2328 sicut

1780 2363 1939 2415 zona,
1968 2364 2074 2420 qua
2105 2363 2324 2419 semper
2348 2351 2718 2421 prmeingitur.

1854 2440 1968 2497 [loc
1996 2456 2132 2511 opus
2162 2455 2373 2509 eorum,
2406 2444 2496 2512 qui
2528 2445 2825 2501 detrahunt
2854 2448 2985 2503 mihi
3015 2454 3158 2521 apud
3190 2455 3378 2511 Domi.

1781 2551 1907 2592 num
1941 2554 1953 2590 :
1983 2544 2039 2592 et
2064 2535 2153 2607 qui
2180 2535 2473 2607 loquuntur
2496 2537 2633 2591 mala
2648 2538 3154 2600 adversusanimam
3176 2564 3375 2605 meum.

1855 2629 1924 2685 Et
1946 2638 2024 2698 tu,
2051 2628 2299 2697 Domine,
2327 2629 2578 2699 Domine,
2602 2629 2688 2687 fac
2714 2647 2925 2689 mecum
2949 2639 3377 2698 misericordiam

1779 2734 2005 2796 pmpter
2032 2739 2227 2781 nomen
2260 2731 2409 2779 tuum
2436 2741 2448 2778 :
2474 2724 2731 2795 quoniam
2756 2726 2939 2783 suavis
2960 2738 3045 2785 est
3065 2732 3379 2790 misericor-

1778 2817 1865 2874 dia
1898 2828 2008 2874 tua.

1851 2910 2044 2967 Libera
2086 2925 2173 2968 me
2192 2954 2208 2979 ,
2239 2909 2498 2982 queuiam
2525 2924 2727 2982 egenus
2754 2920 2809 2968 et
2836 2927 3042 2984 pauper
3069 2925 3191 2971 sum
3219 2930 3321 2989 ego
3355 2936 3370 2975 :

1777 3015 1833 3065 et
1856 3022 1951 3064 cor
1981 3022 2161 3064 meum
2190 3007 2575 3063 conturbatum
2608 3017 2692 3063 est
2722 3009 2774 3064 in
2808 3025 2917 3066 me.

1850 3102 2005 3158 Sicut
2042 3100 2232 3157 umbra
2264 3116 2389 3158 cum
2425 3101 2681 3170 declinat,
2714 3102 2928 3161 ablatus
2959 3120 3079 3163 sum
3114 3124 3129 3163 :
3160 3117 3213 3164 et
3246 3105 3371 3180 [Με.

1702 3191 1751 3257 C
1780 3206 1883 3252 tac.
1915 3194 1990 3266 et]
2017 3209 2280 3252 excussus
2306 3210 2425 3251 sum
2454 3195 2595 3252 sicut
2622 3196 2854 3255 locusta.

1853 3290 2038 3346 Genua
2078 3303 2198 3345 mea
2243 3288 2511 3345 infirmata
2555 3300 2684 3347 sunt
2724 3308 2835 3363 prae
2867 3291 2994 3366 [Μδ.
3040 3292 3093 3365 a]
3119 3293 3329 3365 jejunio
3362 3312 3378 3348 :

1780 3393 1837 3439 et
1878 3397 2008 3439 caro
2049 3396 2167 3439 mea
2200 3381 2482 3438 immutata
2524 3393 2609 3438 est
2653 3393 2873 3455 propter
2909 3387 2923 3422 ί
2956 3386 3158 3455 oleum,
3192 3396 3246 3442 et
3277 3402 3379 3458 ego

1782 3474 1959 3532 factus
1986 3488 2103 3529 sum
2140 3473 2493 3544 opprobrium
2524 3472 2656 3529 illis.

1856 3566 2115 3622 Viderunt
2139 3579 2250 3631 me,
2278 3574 2334 3621 et
2359 3574 2650 3621 moverunt
2671 3567 2845 3639 capita
2877 3584 2973 3625 sua
3003 3588 3017 3625 :
3044 3569 3239 3641 adjuva
3267 3585 3377 3639 me,

1784 3660 2009 3717 Domine
2049 3658 2193 3716 Deus
2232 3672 2408 3723 meus,
2450 3666 2507 3713 et
2532 3656 2660 3727 [Ms.
2704 3670 2806 3713 tae.
2837 3661 2911 3733 et]
2939 3663 3147 3718 salvum
3178 3668 3266 3718 m'c
3293 3665 3375 3719 lac

1778 3760 2002 3823 propter
2028 3747 2461 3804 misericordiam
2491 3757 2662 3806 tuam.

1852 3841 1923 3898 Ut
1946 3841 2122 3896 sciant
2147 3840 2272 3910 quia
2301 3836 2430 3909 [Με.
2463 3836 2740 3911 quoniam]
2770 3854 2962 3896 manus
2995 3850 3082 3897 tua
3111 3841 3226 3901 lucc
3252 3854 3337 3902 est
3364 3864 3379 3901 :

1781 3943 1836 3992 et
1866 3943 1944 3999 tu,
1976 3931 2228 3998 Domine,
2263 3929 2443 3985 iecisti
2473 3944 2616 3985 eam.

1853 4023 2174 4080 Maledicent
2203 4021 2277 4076 illi
2304 4019 2434 4093 [Με.
2468 4019 2616 4091 ipsi],
2648 4030 2703 4077 et
2728 4030 2781 4077 tu
2808 4021 3132 4095 benedices;
3164 4030 3255 4101 qui
3287 4031 3380 4087 in-

1776 4126 2004 4187 surgunt
2027 4116 2079 4171 in
2107 4129 2217 4183 me,
2245 4112 2677 4172 confundantur:
2700 4129 2890 4173 servus
2920 4128 3102 4177 autem
3132 4132 3257 4180 tuus
3282 4125 3377 4182 la:-

1774 4212 1993 4269 labitur.

1778 4350 1937 4425 tenus
1960 4340 2248 4397 lectionem
2366 4338 2702 4425 Augustinus
2724 4351 3012 4425 memorat.
3061 4412 3073 4425 ν

1814 4440 1817 4441 ν
1848 4412 1877 4451 ¹ι
1904 4414 2051 4470 Idem
2080 4426 2208 4478 ms.,
2236 4420 2285 4466 et
2305 4412 2455 4482 longe
2480 4412 2566 4481 ﬁet
2590 4413 2653 4465 ab
2680 4428 2772 4485 eo:
2793 4423 2904 4466 tum
2930 4428 3036 4468 uno
3058 4412 3379 4485 interposito

1776 4501 1938 4542 versu
1959 4528 1974 4553 ,
2017 4486 2150 4539 sicut
2191 4485 2555 4557 vestimentum
2582 4484 2722 4553 quod
2762 4484 3033 4557 aperietur,
3066 4499 3129 4538 ac
3155 4486 3374 4557 deinde,

1775 4558 1864 4626 qui
1909 4559 2190 4627 loquuntur
2230 4554 2477 4624 maligna.
2517 4554 2585 4607 Et
2620 4562 2741 4627 post
2778 4555 2941 4607 alium
2978 4569 3226 4623 versum,
3257 4554 3377 4613 erue

1775 4624 1855 4682 me
1875 4669 1890 4693 ,
1920 4624 2195 4698 quoniam,
2225 4633 2355 4687 ϐία,
2385 4634 2459 4698 et,
2477 4624 2852 4698 conturbatum
2877 4634 2950 4678 est
2976 4626 3113 4677 intra
3139 4643 3239 4692 me,
3268 4644 3375 4696 qua

1776 4695 1992 4755 demum
2023 4697 2181 4752 unica
2214 4695 2631 4765 praspositione,
2675 4709 2770 4763 pro
2800 4695 2883 4761 in,
2916 4710 3039 4749 cum
3074 4695 3379 4767 Augustino

1697 4765 1752 4826 D
1776 4770 2070 4826 consentit.

1857 4840 1873 4879 ί
1916 4841 1995 4896 Es
2035 4841 2227 4895 Grznco
2265 4835 2329 4892 δι’
2365 4836 2533 4893 {latos
2578 4848 2859 4905 perperam
2890 4844 3130 4904 accepto,
3175 4854 3276 4906 pro
3316 4840 3383 4897 δι’

1777 4912 1938 4976 ἔλεον,
1975 4924 2237 4982 perquam
2281 4909 2445 4962 simili
2491 4922 2621 4982 voce
2665 4916 2717 4982 et
2758 4906 3048 4982 scriptura,
3091 4908 3284 4982 legitur
3322 4914 3376 4965 in

1785 4975 2230 5040 Veronensi'ms.
2265 4991 2471 5050 propter
2512 4975 2919 5050 misericordiam
2953 4991 2970 5027 :
2999 4992 3119 5046 qua:
3147 4980 3305 5036 lectio
3335 4984 3382 5037 si

1781 5057 1867 5109 cui
1912 5068 2162 5124 umquam
2206 5045 2369 5103 alteri
2409 5046 2764 5124 Latinolibro
2796 5045 3026 5124 probata
3049 5050 3136 5113 sit,
3170 5056 3378 5124 nespio.

1783 5115 2147 5195 Subsequenti
2191 5129 2370 5195 autem
2414 5132 2579 5195 versu
2613 5116 2762 5195 juxta
2800 5115 3199 5195 Augustinum,
3244 5121 3385 5195 Deus

1784 5214 1946 5261 meus,
1963 5185 2161 5249 έαιυηηι
2184 5207 2263 5244 me
2286 5191 2368 5261 {ne
2386 5185 2667 5261 secundum
2678 5185 3110 5261 _in_isericordiont,
3126 5185 3229 5245 etc.
3244 5192 3384 5248 Tum

1786 5255 1944 5324 solus
1964 5255 2294 5321 Veronensis
2317 5260 2369 5313 in
2396 5256 2619 5310 alterius
2641 5255 2710 5309 ab
2740 5255 2841 5309 hoc
2864 5257 2991 5321 ﬁne,
3016 5276 3192 5313 servus
3213 5275 3388 5316 (intem

1787 5352 1905 5394 tuus
1927 5330 2306 5408 jocundabitur
2326 5344 2358 5408 ιε
2376 5334 2548 5408 atque
2576 5326 2747 5408 altero
2774 5326 3112 5408 insequentis
3137 5330 3383 5387 bemisni-

1786 5396 1946 5471 chio:
1962 5414 2009 5460 et
2035 5398 2542 5455 circumamiciantur
2570 5396 2701 5472 sicut
2738 5396 2954 5472 pallium
2984 5399 3177 5472 duplex
3201 5410 3391 5472 confu-

1791 5448 2648 5539 eitparte
2675 5448 2965 5539 lectionem
2989 5448 3218 5539 ipsremet
3240 5448 3394 5531 nolvit

1794 5547 2128 5617 Augustinus
2159 5544 2209 5595 in
2230 5535 2619 5617 tinarrationc,
2647 5535 2737 5617 ubi
2765 5535 3139 5617 denDiploidc,
3168 5544 3311 5617 quod
3340 5561 3396 5601 et

1799 5605 1914 5690 ipse
1954 5628 2149 5671 nomen
2193 5608 2412 5690 retinuit
2436 5647 2453 5672 ,
2483 5605 2785 5690 disputans.
2820 5606 3048 5690 Diploi§,
3076 5605 3268 5690 ίξπμίίιθ
3301 5617 3405 5670 άτι-

1800 5674 1921 5762 im;
1961 5684 2176 5751 pallium
2217 5693 2303 5737 est.
2353 5680 2493 5735 Nam
2534 5674 2743 5762 quidam
2782 5674 2941 5758 etiam
2982 5674 3419 5762 sicninierjn-ctmi

1803 5746 1923 5816 ἓτιηι
1960 5746 2116 5812 istum
2136 5770 2356 5820 versum,
2390 5760 2441 5808 et
2468 5746 2780 5818 operiuntur
2802 5749 2946 5807 sicut
2968 5749 3192 5823 pallium
3213 5746 3421 5825 duplex

1806 5828 2185 5889 confusionem
2211 5840 2383 5885 suam.
2860 5914 2890 5970 1
2904 5915 2933 5971 1
