3936 6180
537 230 641 301 ssi

1547 233 1607 291 S.
1652 232 2037 292 IIIERONYMI
2077 232 2307 293 DIVINA
2348 231 2828 293 BIBLIOTIIECA.
3741 239 3834 299 339

609 356 910 413 Induantur
928 356 1020 429 qui
1040 350 1486 422 detrahuntmilxi,
1511 351 1706 423 pudore
1728 367 1748 408 :
1769 361 1817 408 et
1839 351 2138 424 aperiantur
2164 355 2216 414 Α
2311 351 2611 409 Induanlur
2646 354 2740 425 qui
2778 351 3078 410 detrahunt
3116 352 3282 424 mibi,
3322 353 3698 412 reverentiam
3735 374 3747 412 :
3784 369 3833 415 et

539 456 674 511 sicut
699 452 935 524 diploide
961 450 1266 523 confusione
1290 464 1408 504 sua.

614 544 902 617 Conﬁtebor
934 542 1163 598 Domino
1202 543 1354 597 nimis
1386 542 1442 596 in
1480 555 1569 597 ore
1605 556 1717 596 meo
1755 555 1773 595 :
1811 547 1857 596 et
1884 539 1938 595 in
1970 539 2137 595 medio

541 639 822 694 multorum
851 635 1074 690 laudabo
1104 650 1240 690 eum.

611 732 751 800 Quia
778 730 898 804 [Ms.
922 728 1031 802 qui]
1059 730 1225 785 astitit
1251 745 1284 785 a
1311 727 1507 785 dextris
1539 726 1783 801 pauperis
1812 743 1832 783 :
1860 735 1916 782 ut
1940 726 2134 782 salvam

535 823 730 895 faceret
757 840 789 879 a
810 821 1233 896 persequentibus
1259 822 1488 877 animam
1516 837 1702 879 meam.

2242 447 2562 517 operiantur
2591 446 2732 502 sicut
2754 444 2995 518 diploide
3019 446 3340 504 confusione
3362 462 3485 505 sua.

2313 537 2626 595 Conﬁtcbor
2651 538 2884 595 Domino
2914 538 3077 597 nimis
3109 542 3161 595 in
3191 554 3288 596 ore
3313 555 3436 597 meo
3461 557 3477 595 :
3506 539 3640 598 etin
3666 543 3831 601 medio

2242 631 2538 688 multorum
2563 631 2797 690 laudabo
2822 648 2974 688 eum.

2312 724 2417 795 Qui
2456 724 2629 780 astitit
2665 738 2695 780 a
2734 723 2942 799 dextris
2981 727 3235 797 pauperis
3265 744 3279 782 :
3315 736 3372 784 ut
3400 726 3611 785 salvam
3639 726 3831 787 faceret

2241 815 2372 892 [Μδ.
2404 814 2583 888 faciat]
2609 834 2640 873 a
2667 817 3120 890 persequentibus
3139 818 3375 876 animam
3402 836 3606 878 meam.

1884 929 2243 996 l‘SALMUS
2287 931 2452 995 CIX.

1099 1049 1333 1100 ΡεΑωυε
1370 1053 1530 1096 ῠλνιι)
1540 1081 1551 1095 .

603 1137 752 1196 Dixit
781 1135 1038 1195 Dominus
1080 1135 1302 1192 Domino
1324 1147 1448 1201 meo
1478 1144 1500 1188 .°
1531 1130 1668 1187 Sede
1696 1144 1730 1183 a
1758 1128 1952 1184 dextris
1979 1128 2125 1183 meis’.

524 1239 555 1268 ’3-
600 1230 781 1290 Donec
808 1246 997 1304 ponam
1022 1228 1259 1285 inimicos
1298 1232 1436 1297 tuos,
1473 1222 1751 1280 scabellum
1792 1222 1981 1293 pedum
2013 1228 2129 1275 tuo-

525 1340 665 1383 rum.

607 1418 825 1491 Virgam
866 1415 1070 1471 virtutis
1109 1424 1213 1471 tua:
1257 1420 1284 1450 ι
1322 1412 1519 1469 emittet
1555 1408 1813 1466 Daminus
1847 1423 1912 1463 ea:
1946 1405 2076 1464 Sion
2108 1421 2126 1461 :

524 1510 795 1567 dominare
823 1508 878 1563 in
906 1506 1077 1562 medio
1108 1505 1435 1561 inimicorum
1463 1511 1691 1558 tuorum.

600 1602 794 1663 Tecum
831 1600 1232 1676 principium-in
1267 1599 1352 1654 die
1376 1598 1581 1653 virtutis
1619 1605 1723 1651 tute
1749 1595 1803 1650 in
1832 1592 2125 1668 splen'.'0ri-

532 1697 627 1753 bus
655 1704 981 1763 sanctorum,
1008 1709 1070 1747 ea.
1096 1702 1241 1746 utero
1267 1694 1382 1745 ante
1408 1688 1681 1761 luciferum
1703 1687 1852 1759 genui
1879 1695 1946 1744 te.

604 1785 813 1844 Iuravit
840 1782 1116 1851 Dominus,
1145 1791 1193 1838 et
1222 1799 1325 1837 non
1357 1780 1617 1852 pmnitebit
1642 1794 1757 1834 eum
1785 1794 1802 1832 :

2776 1031 2798 1074 ΐ
2844 1048 3078 1093 νελωιυε
3114 1051 3294 1093 num.

2304 1125 2449 1183 Dixit
2478 1125 2739 1185 Dominus
2765 1127 2998 1184 Doiuiuo
3020 1144 3143 1185 meo
3171 1148 3184 1184 :
3210 1128 3353 1186 Sede
3375 1142 3405 1183 a
3428 1127 3637 1185 dextris
3653 1130 3818 1186 meis:

2303 1221 2485 1277 Donec
2523 1235 2718 1293 ponam
2753 1221 3007 1279 inimicos
3055 1232 3219 1290 tuos,
3267 1222 3566 1280 scabetlum
3613 1223 3811 1297 pedum

2258 1328 2475 1370 uorum.

2305 1404 2523 1476 Virgam
2568 1405 2784 1463 virtutis
2822 1416 2934 1464 tua:
2975 1406 3189 1463 emittet
3232 1406 3493 1464 Dominus
3533 1420 3605 1465 ex
3645 1407 3772 1465 Sion
3805 1425 3819 1463 :

2234 1505 2260 1545 8
2290 1505 2343 1551 et
2369 1495 2738 1554 dominaberis
2770 1498 2821 1554 in
2857 1497 3042 1554 medio
3070 1498 3415 1555 inimicorum
3443 1510 3678 1555 tuarum.

2300 1590 2503 1647 Tecum
2533 1590 2856 1664 principium
2888 1591 2940 1647 in
2968 1591 3060 1649 die
3088 1589 3310 1647 virtutis
3337 1601 3465 1657 tum,
3494 1593 3547 1648 in
3573 1591 3821 1664 splendo-

2228 1684 2379 1741 ribus
2406 1694 2721 1741 sanctorum
2755 1701 2769 1739 :
2798 1701 2865 1742 ex
2897 1695 3059 1742 utero
3088 1694 3215 1741 ante
3242 1685 3534 1743 luciferum
3562 1687 3721 1759 genui
3747 1697 3816 1743 te.

2299 1776 2509 1833 iuravit
2537 1776 2818 1846 Dominus,
2843 1786 2896 1834 et
2924 1792 3029 1833 non
3054 1778 3339 1850 paenitebit
3368 1793 3493 1835 eum
3523 1794 3537 1834 :

595 1877 680 1934 Tu
707 1894 759 1933 es
786 1874 1029 1933 sacerdos
1059 1874 1113 1930 in
1141 1870 1392 1931 internum
1417 1871 1701 1927 secundum
1727 1869 1961 1925 ordinem
1985 1866 2120 1926 ilel-
2148 1865 2197 1927 B
2292 1866 2373 1923 Tu
2422 1883 2482 1924 es
2526 1868 2783 1925 sacerdos
2827 1868 2879 1925 in
2926 1877 3191 1926 aeternum
3235 1868 3538 1928 secundum
3579 1870 3818 1928 ordinem

523 1964 817 2028 cliisedeclt.

594 2064 855 2121 Dominus
896 2055 932 2119 α
968 2060 1164 2117 dextris
1199 2058 1300 2116 luis
1338 2073 1359 2114 .'
1389 2056 1647 2131 confregit
1675 2056 1731 2113 in
1768 2054 1852 2112 die
1887 2056 1983 2112 ira:
2017 2068 2127 2113 sua:

523 2178 690 2235 reges.

589 2248 856 2307 Judicabit
882 2247 937 2304 in
965 2244 1280 2314 nationibus,
1311 2243 1542 2316 implebit
1573 2241 1698 2316 [Μέ.
1730 2237 1983 2315 implevit]
2011 2238 2123 2296 rui-

523 2361 620 2400 nas
646 2358 664 2397 :
691 2339 1054 2414 conquassabit
1084 2337 1258 2405 capita
1281 2337 1335 2395 in
1364 2345 1503 2392 terra
1521 2335 1826 2390 multorum.

513 2446 540 2494 τ
587 2435 669 2493 De
691 2444 913 2492 torrente
940 2433 993 2489 in
1021 2432 1103 2488 cia
1131 2429 1264 2487 bibet
1290 2444 1308 2486 :
1330 2438 1602 2501 propterea
1631 2425 1876 2484 exaltabit
1898 2432 2077 2494 caput.

2226 1957 2647 2015 Melchisedech.

2299 2053 2561 2109 Dominus
2601 2068 2633 2110 a
2660 2053 2871 2113 dextris
2899 2055 3006 2114 tuis
3034 2072 3049 2111 :
3078 2055 3347 2129 confregit
3385 2056 3443 2114 in
3469 2056 3560 2116 die
3586 2059 3681 2116 ira:
3708 2072 3819 2115 sum

2226 2161 2408 2218 reges.

2294 2237 2566 2296 iudicabit
2590 2239 2645 2295 in
2666 2240 3005 2310 nationibus,
3030 2240 3277 2315 implebit
3301 2243 3528 2302 ruinas:
3554 2257 3817 2317 conquas-

2221 2329 2365 2386 sabit
2389 2331 2566 2402 capita
2595 2332 2766 2387 multa
2794 2334 2846 2388 in
2881 2343 3028 2389 terra
3052 2335 3295 2404 copiosa.

2292 2424 2371 2482 De
2396 2428 2643 2484 torrente
2664 2426 2720 2483 in
2745 2427 2829 2484 via
2846 2427 3023 2485 bibet:
3041 2439 3327 2502 propterea
3350 2431 3616 2489 exaltabit
3635 2439 3815 2503 caput.

1886 2517 2254 2629 PSALMIiS
2297 2519 2430 2586 CX.

1133 2625 1163 2669 δ
1190 2633 1477 2685 LLLELUIA.

510 2729 519 2749 '
586 2724 783 2799 Alepb.
824 2720 1119 2794 Conﬁtebor
1158 2734 1218 2776 ot»
1264 2720 1355 2774 tibi
1389 2719 1411 2789 ζ
1454 2715 1712 2785 Domine,
1744 2715 1799 2771 in
1829 2722 1935 2770 toto
1962 2714 2119 2770 corde

512 2810 581 2875 7+
624 2830 647 2860 ε
687 2817 850 2888 meo:
885 2813 1041 2873 Beth.
1086 2813 1142 2869 in
1185 2811 1401 2868 consilio
1433 2811 1702 2882 justorum
1744 2817 1792 2865 et
1832 2820 2117 2878 congrega-

512 2914 672 2970 tione.
1608 2951 1618 2959 -

582 3004 779 3063 Gimel.
809 3003 1006 3080 Magna
1052 3010 1209 3077 opera
1240 2994 1450 3058 Domini
1482 3014 1501 3056 :
1532 2995 1749 3057 Dalcth.
1780 2995 2033 3069 exquisita
2056 2994 2110 3049 in

517 3117 693 3157 omnes
722 3102 1008 3155 voluntates
1034 3101 1171 3173 ejus.

588 3190 690 3249 lle.
717 3188 984 3263 Confessio
1023 3198 1071 3245 et
1110 3187 1493 3262 magnificentia
1518 3203 1644 3261 opus
1684 3187 1796 3258 ejus
1839 3199 1859 3241 :
1898 3182 2031 3243 Var.
2064 3191 2113 3239 et

506 3281 719 3357 justitia
747 3283 861 3355 ejus
889 3287 1063 3334 manet
1100 3279 1157 3334 in
1183 3276 1432 3335 siccatum
1548 3279 1722 3334 seaculi
1746 3275 1775 3316 ἀ
1804 3279 1851 3348 ζ.

582 3372 734 3430 Zaiu.
779 3368 1088 3428 Memoriam
1128 3368 1252 3441 fecit
1293 3368 1614 3424 mirabilium
1651 3386 1867 3425 suorum
1898 3384 1915 3424 :
1945 3367 2109 3425 lictli.

512 3465 806 3522 misericors
844 3471 895 3519 et
929 3461 1204 3517 miserator
1238 3456 1495 3516 Dominus
1530 3475 1550 3516 :
1587 3459 1747 3517 Teth.
1775 3474 1943 3515 escam
1969 3461 2113 3517 dedit

512 3550 807 3614 titttentibns
830 3570 904 3610 se.

577 3644 702 3705 Iud.
732 3644 935 3703 Memor
961 3644 1060 3703 erit
1088 3645 1144 3702 in
1167 3645 1415 3702 saeculum
1446 3645 1741 3702 testamenti
1772 3645 1856 3701 sui
1885 3662 1903 3702 :
1929 3644 2104 3718 Capit.

510 3741 745 3797 tirtutem
771 3757 982 3812 operum
1013 3756 1229 3796 suorum
1252 3741 1580 3796 annuntiabit
1607 3740 1800 3815 popqu
1827 3757 1942 3797 suo.

550 3818 806 3890 'Lamcd.
835 3829 903 3888 Ut
947 3831 1032 3887 det
1062 3830 1168 3887 illis
1213 3831 1565 3887 htcreditatem
1613 3832 1840 3905 gentium
1872 3848 1892 3889 :
1940 3832 2105 3890 Mem.

430 3913 434 3916 ⁴
513 3941 671 3996 opera
699 3941 947 3979 manuum
974 3927 1086 3998 ejus
1111 3925 1297 3980 veritas
1326 3934 1375 3980 et
1391 3924 1673 3998 judicium.

538 4014 559 4047 ν’
580 4017 727 4076 Nun.
763 4017 971 4073 Fidelia
995 4018 1166 4074 omnia
1186 4019 1437 4073 mandata
1466 4019 1577 4089 ejus
1601 4033 1618 4074 :
1650 4020 1905 4078 Samech.
1934 4031 1957 4061 θ
1985 4036 2108 4077 con-

514 4106 722 4185 ﬁrmata
750 4112 805 4168 in
824 4111 1075 4168 steculum
1093 4113 1270 4168 swculi
1292 4124 1311 4167 :
1333 4113 1457 4170 Ain.
1487 4114 1627 4185 facta
1651 4110 1705 4171 in
1735 4116 1946 4173 veritate
1971 4125 2019 4172 et
2040 4131 2113 4173 tc-

512 4206 730 4278 quitale.

579 4297 714 4354 Pbe.
747 4295 1173 4369 Redemptionem
1212 4296 1354 4353 misit
1391 4296 1586 4368 populo
1612 4314 1731 4355 suo.
1761 4299 1922 4358 Sade.
1958 4316 2105 4355 man-

511 4389 651 4446 davit
680 4391 736 4446 in
757 4398 1005 4446 (cternum
1034 4396 1393 4446 testamentum
1418 4404 1593 4448 suum.

579 4482 754 4556 Capit.
780 4482 1032 4541 Sanctum
1063 4490 1111 4538 et
1146 4483 1372 4539 terribile
1413 4500 1599 4540 nomen
1642 4486 1755 4559 ejus
1785 4492 1803 4541 ἓ
1834 4483 1962 4549 Res.
2006 4484 2107 4540 ini-

507 4579 640 4634 tium
663 4576 933 4648 sapientiaz
960 4575 1115 4632 timor
1141 4572 1383 4633 Domini.

582 4721 608 4750 ι
631 4708 1071 4781 Prmpositioncm
1090 4705 1239 4781 uerbi
1262 4707 1453 4781 emittet
1476 4706 1543 4764 de
1565 4723 1716 4766 more
1736 4705 1972 4766 Palatin.
1999 4725 2102 4768 ms.

507 4783 672 4849 obelb
712 4775 983 4853 praenatat
1009 4794 1024 4833 :
1051 4778 1201 4853 addit
1231 4789 1286 4835 et
1309 4775 1623 4853 Diapsalma
1649 4782 1703 4838 in
1729 4784 1836 4839 ttae
1867 4793 1979 4838 tum
2007 4783 2105 4837 illi-

505 4847 618 4926 jns,
649 4847 1186 4926 euin‘subsequeutis
1206 4847 1486 4926 yersicu'ti.

2328 2637 2590 2679 succum
2611 2665 2627 2693 ,
2658 2618 2687 2662 ιι
2720 2638 3066 2683 nm'cnsmts
3102 2620 3273 2685 secat
3311 2642 3378 2685 ar
3407 2645 3708 2687 ZACHABMZ.

2290 2714 2479 2785 Aleplt.
2532 2715 2846 2773 Confitebor
2887 2719 3023 2786 tibi,
3074 2720 3299 2776 Domine
3326 2763 3341 2791 ,
3391 2722 3444 2778 in
3494 2731 3606 2777 toto
3650 2721 3819 2779 corde

2218 2822 2344 2865 meo
2386 2827 2399 2862 :
2432 2806 2585 2864 Beth.
2619 2809 2672 2865 in
2708 2810 2941 2867 consilio
2969 2812 3248 2883 justorum
3278 2822 3335 2873 ct
3372 2817 3814 2889 congregatirnc,

2219 2898 2405 2956 Ginzel.
2433 2914 2622 2973 magna
2644 2916 2809 2974 opera
2836 2904 3068 2961 Domini.

2287 2990 2500 3047 Daleth.
2551 2993 2834 3065 Exquisita
2880 2995 2934 3051 in
2968 3011 3158 3054 omnes
3196 2998 3506 3056 voluntates
3537 2999 3676 3073 ejus,
3711 3000 3817 3056 Ile.

2217 3085 2490 3144 confessio
2528 3094 2582 3142 et
2620 3089 3020 3159 magnificentia
3047 3106 3184 3163 opus
3216 3093 3332 3164 ejus
3362 3110 3378 3151 :
3421 3091 3549 3152 Var.
3579 3104 3636 3152 ct
3656 3096 3823 3168 justi-

2218 3181 2291 3235 tia
2324 3179 2442 3249 ejus
2473 3188 2654 3236 manet
2686 3180 2739 3236 in
2778 3183 3035 3239 sarculum
3075 3186 3281 3241 smculi.
3322 3206 3327 3211 λ

2288 3269 2445 3328 Zain.
2480 3273 2796 3331 Memoriam
2828 3273 2955 3332 fecit
2983 3276 3310 3335 mirabilium
3343 3294 3564 3337 suorum
3597 3296 3614 3340 :
3650 3280 3814 3337 Iheb.

2217 3365 2534 3422 misericors
2560 3375 2614 3423 et
2637 3366 2926 3424 miscrator
2948 3368 3210 3427 Dominus
3238 3388 3251 3426 :
3286 3368 3436 3429 Tllet.
3462 3388 3643 3431 escam
3666 3374 3821 3432 dedit

2219 3459 2535 3515 timentibus
2565 3472 2647 3516 se.

2136 3556 2182 3621 ο
2284 3551 2411 3608 Jod.
2436 3551 2642 3610 Memor
2667 3553 2767 3610 erit
2798 3553 2850 3611 in
2878 3556 3135 3613 sreculum
3154 3560 3464 3617 testamenti
3486 3561 3572 3617 sui
3599 3579 3614 3618 :
3637 3559 3815 3635 Capti.

2214 3644 2473 3701 virtutum
2517 3658 2745 3717 aperum
2792 3660 3017 3704 suorum
3059 3652 3403 3709 annuntiavit
3444 3654 3643 3726 populo
3684 3667 3814 3722 suo,

2216 3737 2432 3795 Lamed.
2463 3746 2524 3794 ut
2548 3738 2644 3796 det
2668 3739 2776 3795 illis
2809 3739 3183 3799 lucreditatem
3212 3745 3477 3816 gentium.

2287 3829 2449 3886 diem.
2496 3829 2689 3909 Opera
2720 3847 2978 3888 manuum
3019 3834 3139 3904 ejus
3177 3840 3379 3892 veritas
3408 3846 3467 3893 et
3508 3836 3814 3908 judicium:

2221 3920 2372 3977 Nun.
2402 3920 2583 3978 ﬁdelia
2610 3922 2794 3979 omnia
2826 3924 3082 3981 uiandata
3125 3930 3285 3997 ejus:
3326 3929 3569 3986 Samech‘.
3607 3932 3824 3987 confir-

2216 4023 2360 4071 mata
2405 4015 2458 4070 in
2483 4014 2746 4072 smculum
2788 4015 2974 4074 smeuli
3007 4028 3025 4074 ξ
3054 4019 3177 4087 Ain,
3209 4021 3347 4076 facta
3377 4022 3431 4077 in
3471 4024 3719 4088 veritate,
3757 4030 3818 4077 ct

2218 4108 2496 4179 aequitate.
3788 4172 3795 4176 .

2287 4202 2422 4258 Phe.
2448 4200 2898 4275 Redemptionem
2924 4205 3076 4262 misit
3105 4208 3305 4281 popqu
3340 4223 3444 4266 suo
3478 4209 3815 4267 Sade.man-

2215 4296 2365 4353 davit
2408 4295 2462 4352 in
2501 4303 2772 4353 aztcrnum
2816 4306 3203 4359 testamentum
3246 4318 3406 4360 suum
3436 4320 3452 4362 ε
3485 4306 3647 4378 Copti.
3678 4318 3817 4361 san-

2215 4401 2361 4449 ctum
2392 4401 2446 4448 et
2471 4392 2713 4448 terribile
2741 4409 2940 4450 nomen
2972 4396 3112 4467 ejus.

2285 4483 2410 4540 lies.
2445 4483 2660 4542 initium
2690 4487 2970 4556 sapientia:
3007 4488 3171 4547 timor
3197 4490 3416 4550 Domini
3443 4510 3456 4548 :
3492 4493 3609 4550 Sin.
3642 4493 3808 4550 iutcl-

2215 4579 2389 4646 lectus
2416 4578 2587 4636 bonus
2614 4579 2867 4638 omnibus
2909 4582 3232 4641 facientibus
3253 4601 3338 4646 ea.

2214 4710 2271 4765 in
2311 4708 2583 4792 splendore
2612 4717 2909 4792 sanctorum,
2939 4727 2957 4766 :
2984 4728 3050 4792 es:
3090 4723 3233 4771 utero
3264 4726 3383 4773 ante
3410 4717 3680 4789 luciferum
3709 4737 3810 4792 ge—

2213 4780 2389 4859 nerari
2428 4791 2495 4834 te.
2529 4780 2667 4836 Tum
2690 4798 2801 4859 uno
2820 4783 3122 4859 interjeclo
3153 4802 3332 4859 versu,
3363 4780 3803 4859 conqn'assarit'iu

2212 4853 2297 4908 die
2312 4858 2520 4905 irtvsutc
2532 4867 2705 4932 reges.
2720 4851 2752 4906 J
2761 4851 2991 4909 ndicavil
3014 4856 3065 4909 in
3095 4858 3328 4932 gentibus
3346 4851 3557 4932 repltibit
3578 4862 3751 4914 ruinas
3785 4876 3805 4912 :

526 4966 551 4997 ._
574 4923 604 4963 δ
644 4919 1136 4997 GeminunLliabet
1174 4919 1317 4997 idem
1358 4938 1463 4977 ms.
1509 4922 1756 4997 Alleluia,
1790 4939 1891 4997 pro
1925 4923 2099 4997 titulo.
2136 4934 2185 4994 ι)
2210 4923 2564 4989 conquassavit
2591 4919 2763 4997 capita
2786 4940 2942 4997 super
2969 4919 3155 4997 terram
3185 4930 3347 4984 multa
3377 4919 3478 4987 :'in
3509 4934 3630 4997 line,
3658 4936 3813 4986 exer-

504 4993 886 5075 Negueporro
915 4991 1176 5075 llebraiea
1205 4991 1475 5075 elelnenta
1500 4991 1986 5075 versibusprmbgit
2009 5013 2023 5049 :
2050 5004 2105 5052 et

504 5063 800 5137 qui’priino
828 5064 1008 5118 statim
1038 5063 1296 5127 occurrit,
1329 5063 1545 5119 obelqu
1577 5063 1774 5137 nescit}
1908 5063 1931 5067 ”

584 5145 607 5175 ο
649 5128 789 5212 Meo,
820 5133 909 5189 hic
936 5130 1267 5203 superﬂuum
1294 5148 1418 5191 esse
1445 5134 1633 5192 docuit
1658 5136 1804 5193 idem
1832 5136 2102 5212 Hierony-

503 5204 1035 5400 linfixi}:i‘tl‘ir’iilatin.
1058 5260 1161 5333 ius.
1180 5276 1301 5335 sine
1312 5274 1502 5337 obelo:
1528 5276 1678 5336 addit
1704 5287 1886 5337 autem
1909 5280 1978 5338 de
1999 5295 2104 5339 suo

502 5338 700 5400 Diausa
724 5361 825 5400 nia.

510 5361 553 5400 υ
667 5361 720 5400 at
756 5362 770 5399 ι
810 5383 825 5401 .

510 5466 519 5499 τ
554 5361 884 5499 ingegngtre
905 5416 1184 5499 Palatinus
1213 5406 1316 5499 ins.
1350 5422 1794 5499 “gnosiaque”,
1820 5440 1915 5499 co!"
1935 5423 2096 5499 mm

495 5483 824 5613 ἒιὲἐιεεξίιιίι
844 5505 974 5547 vero
985 5490 1078 5563 qui
1103 5483 1384 5564 postremo
1408 5483 1637 5552 habetur
1653 5496 1711 5552 in
1740 5496 1848 5551 line
1866 5483 2089 5566 Psalini,

572 5624 592 5663 ί
613 5620 684 5708 ,ιη
717 5624 1011 5708 Veronensi
1045 5644 1152 5687 ms.
1182 5640 1240 5689 et
1264 5646 1432 5704 penes
1462 5634 1749 5703 Augustin.
1768 5622 1897 5708 ipsi
1921 5634 2091 5693 David

490 5680 761 5771 ριηιηρρε..
774 5680 2091 5771 jA;anteaanteaugenti:tintinant;

506 5772 543 5816 rt
574 5760 746 5839 medi;
784 5761 1109 5827 inimicorum
1129 5782 1363 5856 suorum.
1389 5768 1585 5835 Tecum
1609 5760 2087 5849 principiumjetci

2215 5000 2360 5079 tavit,
2389 5009 2489 5066 pro
2524 4992 2978 5077 exaltabit'caput.
3013 4995 3147 5055 Fere
3171 5001 3516 5077 continenter
3540 4992 3656 5059 cuiu
3687 5007 3808 5058 Au-

2250 5069 2451 5122 ustino.
2600 5072 2607 5077 ’
3401 5069 3410 5077 ’

2211 5083 2451 5194 “iugi:
2483 5136 2668 5207 legunt
2699 5150 2833 5193 mss.
2867 5135 3220 5199 Carnutensis
3250 5151 3303 5198 et
3333 5138 3701 5201 Sorbonicus:
3731 5150 3794 5195 et

2211 5220 2427 5283 quoque
2474 5209 3107 5283 coajuuctiolcgebntur
3155 5227 3187 5268 a
3230 5213 3435 5270 Suunia
3466 5225 3519 5272 et
3559 5211 3793 5275 Frctch.

2251 5287 2575 5359 tt:_tpt_tatnen
2607 5280 3050 5359 superabundare
3076 5282 3234 5359 docet
3257 5285 3627 5359 Hieronymus
3646 5327 3661 5352 ,
3688 5296 3800 5340 nec

2236 5349 2265 5407 η
2285 5349 2546 5421 Αιίεὒιέαεο,
2576 5364 2683 5421 nec
2703 5350 2845 5419 apud
2880 5350 3019 5408 LXX
3046 5355 3291 5421 reperiri.
3326 5349 3503 5413 Iunt".

2284 5418 2312 5460 ιι
2355 5420 2549 5498 Ιεῑιιαςο
2572 5418 2759 5498 verba,
2790 5418 3319 5498 lievcrst'OItt's_Aggtt’t'
3343 5439 3392 5482 et
3422 5425 3699 5494 Zachariat,
3726 5420 3790 5479 in

2211 5489 2513 5563 Yeronensi
2555 5505 2656 5549 ms.
2687 5490 3085 5548 όθδίάυηιιιιιιιε.
3120 5489 3385 5553 lnTextus
3414 5500 3584 5557 altera
3610 5489 3789 5563 versu.

2206 5558 2716 5640 valortt_rnlcgitttr,
2738 5564 3132 5634 projnstorum.
3165 5565 3230 5621 Et
3261 5566 3326 5622 ad
3357 5566 3504 5640 Caplt
3539 5558 3791 5640 lilternni2

2201 5635 2560 5765 {grtitudincm
2601 5647 2811 5703 operum
2855 5652 3065 5690 suorum
3107 5635 3606 5709 annuntiabit,etc.;
3632 5644 3682 5691 ct
3718 5636 3795 5688 ad

2255 5722 2323 5762 un
2353 5746 2369 5765 .
2416 5702 2719 5765 ﬁdelissima
2750 5718 2849 5765 pro
2889 5705 3085 5765 ﬁdelia.
3124 5708 3361 5765 Deniuue
3390 5709 3444 5765 in
3477 5712 3595 5765 line.
3631 5703 3795 5761 Intel-

2255 5722 2323 5762 Iln
2353 5746 2369 5771 ,
2398 5702 2719 5779 ΔΙῑιιειὶειξῦηα
2750 5718 2849 5779 pro
2888 5705 3085 5779 ﬁdelia.
3124 5708 3361 5779 Denique
3390 5702 3449 5767 in
3477 5702 3601 5777 line,
3631 5703 3796 5761 Intel-

2204 5768 2363 5838 lettut
2391 5768 2558 5834 beans
2585 5768 2898 5846 facientibus'
2915 5792 2995 5835 ea.
3029 5776 3169 5838 Laus
3192 5768 3303 5852 «τίιὼ
3324 5784 3515 5853 manet,
3538 5768 3637 5838 etc.
