3936 6180
510 254 619 317 335

1535 238 1592 295 S.
1637 227 2008 293 IllERONYMI
2050 225 2277 285 DIVINS
2324 220 2795 282 BIBLIOTIIECA.

3706 202 3802 263 336

525 401 532 407 -
588 368 757 425 Facta
794 373 876 424 est
902 364 1096 423 Juda'a
1121 353 1464 427 sanctiﬁcatio
1490 355 1632 424 ejus,
1671 349 1840 406 Israel
1876 352 2101 417 potestas
2130 343 2185 405 Α
2277 340 2442 397 Facta
2478 347 2565 395 est
2591 337 2779 394 Judaza
2827 330 2856 372 ἀ
2906 329 3270 388 sanctiﬁcatio
3307 327 3429 400 ejus
3463 343 3477 380 :
3509 321 3684 382 Israel
3715 337 3802 395 po.

518 468 651 522 eius.

538 487 547 519 ξ
570 487 651 520 us.
1177 488 1191 499 .

538 487 565 540 J
598 557 749 613 Marc
766 555 923 619 vidit,
957 560 1005 607 et
1026 547 1160 623 fugit
1191 562 1208 602 :
1238 542 1492 600 Iordanis
1520 552 1792 594 conversus
1817 540 1891 589 est
1920 540 2111 587 retror-

519 665 656 707 sum.

590 739 795 796 Montes
825 732 1215 792 exsultaverunt
1254 736 1311 783 ut
1350 724 1535 782 arietes
1570 737 1625 779 -εη
1662 730 1711 777 et
1745 719 1768 789 1
1799 717 1956 773 colles
1977 716 2110 771 sicut

520 833 644 906 agni
673 830 863 885 ovium.
1660 886 1672 893 α

591 924 735 995 Quid
754 935 833 980 est
860 924 924 990 ᾖ(
952 918 1042 974 tibi
1067 916 1277 985 1mare,
1299 912 1436 984 quod
1456 905 1674 981 fugisti?
1701 918 1757 959 σι-
1785 912 1834 958 et
1860 912 1915 959 tu
1940 901 1963 970 1
1989 898 2113 956 Jor-

519 1016 693 1082 danis,
715 1013 842 1086 quia
867 1023 1142 1066 conversus
1170 1022 1225 1061 es
1250 1001 1574 1059 retrorsum?

589 1107 826 1171 Montes,
847 1100 1147 1160 exsultastis
1177 1099 1315 1154 sicut
1345 1096 1529 1150 arietes
1572 1106 1632 1148 οι-
1666 1099 1714 1146 et
1739 1090 1763 1158 1
1796 1089 1953 1145 colles
1982 1088 2113 1144 sicut

515 1203 642 1276 agni
665 1200 839 1256 ovium
858 1197 882 1253 i
904 1205 931 1234 τι

586 1294 633 1350 Α
659 1290 793 1365 {acie
821 1286 1033 1344 Domini
1054 1292 1193 1341 mota
1212 1290 1287 1338 est
1312 1290 1474 1344 terra,
1507 1294 1539 1333 a
1570 1275 1705 1347 {acie
1724 1272 1825 1329 Dei
1848 1270 2035 1326 Jacob.

590 1467 696 1536 Qui
724 1463 977 1522 convertit
1013 1468 1213 1534 petram
1252 1457 1306 1512 in
1333 1464 1518 1526 stagna
1560 1463 1865 1524 aquarum:
1906 1461 1967 1502 σιμ
1997 1453 2044 1499 et
2084 1445 2106 1513 1

518 1574 703 1633 rupem
721 1558 777 1613 in
797 1557 963 1627 fontes
984 1563 1263 1623 aquarum.

588 1627 717 1708 Non
744 1647 913 1717 nobis,
958 1643 1200 1710 Domine,
1233 1655 1337 1695 non
1366 1637 1554 1692 nobis:
1583 1634 1672 1692 sed
1698 1631 1891 1688 nomini
1920 1638 2006 1685 tuo
2042 1627 2113 1683 da

554 1746 762 1803 loriam.

554 1766 762 1803 tortam.

517 1766 551 1820 9
592 1837 768 1907 Super
794 1828 1157 1887 misericordia
1200 1834 1290 1880 tua
1329 1832 1375 1877 et
1425 1821 1638 1875 veritate
1688 1828 1779 1873 tua
1828 1835 1846 1873 :

516 1928 728 2001 quando
760 1927 784 1995 1
815 1924 992 1978 dicunt
1026 1927 1221 1992 gentes,
1250 1914 1349 1971 Ubi
1369 1923 1444 1969 est
1470 1910 1611 1967 Deus
1641 1926 1817 1965 eorum
1846 1912 1870 1964 ε)

591 2022 735 2078 Deus
764 2028 936 2074 autem
965 2024 1141 2069 noster
1169 2011 1222 2065 in
1262 2008 1388 2065 coelo
1419 2022 1437 2060 :
1466 2005 1641 2061 omnia
1668 2018 2005 2074 qumumque
2029 2017 2118 2057 ro-

515 2120 639 2186 luit,
680 2117 824 2189 fecit.
857 2129 909 2171 os
942 2112 1246 2168 Dursseus
1282 2109 1305 2177 1

596 2210 899 2269 Simulacra
936 2205 1165 2280 gentium
1189 2210 1461 2275 argentum
1489 2211 1536 2259 et
1564 2216 1776 2265 aurum,
1813 2212 1973 2268 opera
2008 2211 2117 2250 ma-

515 2320 681 2373 nuum
710 2300 998 2356 hominum.

592 2395 665 2449 0s
693 2391 902 2459 habent,
931 2397 981 2446 ct
1008 2403 1113 2443 non
1138 2388 1409 2459 loquentur
1442 2400 1463 2440 :
1493 2385 1669 2440 oculos
1698 2383 1909 2450 habent,
1936 2388 1984 2436 et
2015 2396 2116 2435 non

514 2488 782 2547 videbunt.

586 2581 751 2636 Aures
772 2576 984 2644 habent,
1016 2585 1065 2630 et
1094 2590 1199 2629 non
1224 2572 1434 2628 audient
1468 2585 1486 2625 :
1514 2586 1662 2625 nares
1693 2568 1900 2633 habent,
1938 2576 1985 2623 et
2013 2582 2119 2623 non

523 2671 842 2729 odorabunt.

591 2765 783 2822 Manus
811 2762 1020 2828 habent,
1063 2770 1113 2816 et
1142 2774 1245 2814 non
1276 2755 1564 2830 palpabunt
1588 2770 1607 2821 ;
1637 2753 1789 2825 pedes
1818 2752 2027 2818 habent,
2068 2758 2119 2806 et

519 2875 626 2919 non
650 2855 987 2915 ambulabunt
1022 2868 1161 2909 :non
1184 2850 1483 2906 clamabunt
1515 2850 1568 2903 in
1592 2857 1796 2920 gutture
1824 2862 1937 2902 suo.

1887 1811 2114 1874 ne-t-b

2214 442 2383 491 testas
2411 432 2548 502 ejus,
2574 429 2742 486 lsrael
2771 426 3019 498 regnavit
3043 424 3096 479 in
3122 438 3209 480 ea.

2284 527 2431 581 Mare
2470 523 2639 591 vidit,
2675 531 2730 578 et
2759 520 2933 591 fugit:
2964 515 3220 574 Jordanis
3247 525 3550 571 conversus
3588 518 3679 568 est
3712 524 3791 567 re-

2213 627 2297 674 1,Γο
2305 632 2393 674 τευ
2402 633 2449 672 ll]
2460 657 2473 670 .

2285 711 2495 767 Montes
2537 707 2943 766 exsultaverunt
2982 712 3042 761 ut
3081 702 3281 760 arietes
3307 742 3323 770 ,
3354 707 3411 758 et
3452 698 3627 758 colles
3668 697 3803 757 velut

2213 803 2335 878 agni
2365 802 2549 860 ovium
2581 820 2596 858 :

2284 895 2423 966 Quid
2452 904 2567 966 est,
2621 910 2806 962 mare,
2839 892 2984 966 quod
3038 889 3263 962 fugisti?
3302 896 3358 944 et
3404 895 3487 956 tn,
3529 885 3802 954 Iordanis,

2213 1004 2383 1063 quare
2410 1002 2706 1045 conversus
2733 1002 2793 1043 es
2823 982 3158 1042 retrorsum?

2286 1081 2517 1148 Montes,
2541 1094 2712 1150 quare
2736 1075 3141 1148 exsulta5ti81ut
3171 1072 3405 1131 arietes?
3426 1080 3484 1130 et
3499 1071 3676 1129 colles
3699 1070 3803 1128 vcl-

2215 1182 2275 1229 ut
2305 1172 2428 1243 agni
2451 1169 2677 1227 ovium?

2286 1266 2333 1320 A
2364 1262 2500 1319 facie
2544 1260 2759 1317 Domini
2799 1267 3073 1317 commota
3113 1265 3200 1316 est
3229 1265 3411 1326 terra,
3448 1271 3480 1312 a
3530 1254 3673 1313 facie
3716 1254 3800 1311 Dei

2222 1355 2352 1431 [Με.
2384 1352 2624 1425 Domini]
2655 1354 2848 1411 Jacob.

2290 1448 2393 1518 Qui
2419 1447 2691 1505 convertit
2723 1458 2747 1485 θ
2774 1445 3006 1504 solidam
3037 1451 3248 1517 petram
3272 1443 3330 1500 in
3357 1450 3603 1515 stagnum
3622 1455 3796 1514 aqum,

2216 1552 2271 1601 et
2299 1557 2489 1614 rupem
2519 1541 2573 1597 in
2606 1539 2784 1597 fontes
2810 1555 3097 1612 aquarum.

2286 1633 2402 1690 Non
2431 1633 2610 1702 nobis,
2642 1631 2887 1697 Domine,
2921 1628 3235 1701 nonnobis,
3266 1630 3363 1689 sed
3385 1624 3593 1689 nomini
3628 1635 3718 1684 In)
3738 1625 3802 1682 da

2145 1741 2192 1802 Β
2218 1726 2472 1800 gloriam.

2294 1821 2471 1892 Super
2493 1817 2865 1876 misericordia
2898 1827 2987 1874 tua
3016 1826 3073 1874 et
3093 1816 3320 1874 veritate
3341 1825 3430 1873 tua
3455 1832 3474 1875 :
3499 1832 3569 1875 ne
3594 1815 3806 1890 quando

2220 1912 2403 1970 dicant
2430 1921 2640 1985 gentes,
2674 1911 2775 1968 Ubi
2797 1919 2881 1967 est
2914 1911 3054 1967 Deus
3082 1911 3315 1967 eorum?

2296 2009 2442 2064 Deus
2469 2015 2648 2062 autem
2686 2014 2870 2062 noster
2901 2003 2919 2044 ι
2953 2005 3007 2061 in
3040 2004 3179 2061 cmlo
3207 2019 3422 2060 sursum
3455 2005 3552 2060 :in
3582 2004 3723 2061 etelo
3756 2012 3807 2060 et

2222 2099 2278 2157 in
2310 2111 2457 2156 terra
2481 2101 2659 2156 omnia
2689 2114 3047 2170 qumcumque
3077 2098 3268 2163 voluit,
3300 2097 3452 2154 fecit.
3488 2098 3803 2154 Dtsessus.

2292 2191 2595 2248 Simulacra
2622 2190 2863 2262 gentium
2886 2198 3172 2261 argentum
3196 2199 3252 2247 et
3269 2204 3490 2257 aurum,
3516 2204 3679 2262 opera
3703 2204 3809 2244 ma-

2223 2303 2390 2345 nuum
2424 2295 2449 2333 8
2480 2285 2787 2342 hominum.

2292 2381 2367 2438 Os
2412 2380 2634 2446 habent,
2666 2391 2719 2438 et
2754 2396 2864 2437 non
2897 2379 3189 2453 loquentur
3214 2397 3230 2439 :
3260 2378 3453 2436 oculos
3478 2376 3698 2443 habent,
3750 2383 3807 2432 et

2223 2488 2332 2530 non
2363 2471 2646 2527 videbunt.

2293 2565 2472 2621 Aures
2503 2564 2725 2633 habent,
2765 2572 2823 2622 ct
2852 2578 2960 2621 non
3003 2563 3223 2621 audient
3254 2580 3269 2618 :
3305 2576 3467 2620 nares
3497 2561 3716 2631 habent,
3756 2569 3809 2619 et

2227 2672 2340 2715 non
2363 2655 2689 2712 odorabunt.

2292 2749 2480 2806 Manus
2497 2748 2723 2816 habent,
2746 2757 2804 2806 et
2826 2763 2935 2805 non
2963 2745 3255 2821 palpabunt
3280 2761 3294 2812 ;
3321 2742 3491 2817 pedes
3517 2743 3739 2811 habent,
3758 2751 3811 2800 et

2226 2856 2338 2899 non
2363 2839 2743 2897 ambulabunt.

2293 2933 2409 2991 Non
2450 2932 2760 2991 clamabunt
2787 2933 2841 2988 in
2884 2940 3103 3004 gutture
3148 2946 3248 2989 suo
3280 2948 3294 2987 :
3325 2945 3505 3003 neque
3540 2930 3686 2988 enim
3724 2937 3806 2988 est

2222 3026 2446 3100 spiritus
2475 3026 2529 3082 in
2560 3040 2659 3083 ore
2688 3026 2952 3097 ipsorum.
3042 3080 3049 3091 _

597 3091 1221 3196 εξηξίιειξιιεσβαηιηυί
1252 3092 1554 3164 [πίπτων
1592 3102 1655 3144 ’θ
1685 3095 1732 3143 ⁸⁸
1767 3089 1788 3157 ἶ
1831 3102 2004 3143 omn“
2030 3088 2119 3157 qui
2145 3132 2191 3196 ο
2254 3088 2509 3177 ⁸δὶιῐιίιίξε
2549 3117 2657 3174 illis
2701 3088 2832 3174 llant
2861 3120 2952 3191 qui
2993 3088 3199 3175 faciunt
3232 3133 3333 3190 ea,
3384 3126 3443 3176 et
3489 3133 3682 3176 omnes
3725 3115 3814 3190 qui

527 3192 802 3263 conﬁdunt
834 3190 891 3243 in
917 3186 1012 3242 eis.

602 3299 661 3341 σιμ
698 3281 895 3337 Domus
926 3279 952 3346 1
987 3275 1156 3332 israel
1194 3274 1415 3346 speravit
1452 3272 1509 3327 in
1546 3270 1770 3328 Domino
1801 3286 1821 3326 :
1848 3271 2061 3344 adjutor
2091 3280 2115 3309 ο

522 3390 707 3436 eorum
731 3382 779 3429 et
800 3377 1059 3443 protector
1093 3383 1271 3423 eorum
1296 3375 1393 3420 est.

598 3473 797 3530 Domus
835 3468 1013 3523 Aaron
1038 3464 1262 3536 sperauit
1288 3463 1345 3517 in
1374 3459 1600 3529 Domino
1629 3474 1647 3514 .'
1691 3458 1903 3526 adiutor
1941 3472 2118 3512 eorum

524 3574 577 3624 et
602 3568 865 3638 protector
890 3572 1068 3615 eorum
1088 3564 1184 3611 est.

605 3653 710 3724 Qui
737 3652 917 3707 timent
942 3646 1255 3715 Dominum,
1284 3649 1620 3716 speraverunt
1646 3639 1702 3697 in
1730 3638 1956 3695 Domino
1982 3655 2001 3695 :
2026 3638 2121 3693 ad-

521 3749 673 3823 iutor
699 3758 876 3800 eorum
902 3750 952 3798 et
976 3747 1234 3813 protector
1257 3753 1434 3793 eorum
1460 3732 1556 3792 ett.

602 3835 805 3893 Domus
858 3847 1054 3889 memor
1095 3844 1157 3886 σξ-
1190 3829 1291 3901 [uit
1336 3827 1553 3898 1nostri
1586 3840 1646 3883 -ε-
1698 3834 1747 3882 et
1796 3824 1818 3894 1
1868 3824 2131 3891 benedixit

532 3945 595 3988 -ιν
632 3927 777 3985 nobis
807 3927 831 3996 1

602 4018 881 4076 Benedixit
907 4015 1086 4071 domui
1114 4012 1291 4070 Israel
1316 4027 1335 4067 :
1367 4009 1627 4069 benedixit
1656 4010 1836 4066 domui
1857 4010 2056 4066 Aaron.

601 4110 876 4169 Benedixit
904 4124 965 4165 -ι-
1001 4109 1237 4165 omnibus
1266 4108 1401 4180 1qni
1433 4108 1615 4163 timent
1636 4104 1939 4175 Dominum,
1962 4102 2130 4176 pusil-

530 4207 601 4265 lis
626 4222 746 4263 cum
773 4201 1082 4275 majoribus.

600 4399 627 4427 ἰ
650 4388 830 4458 Atque
849 4383 938 4458 hic
966 4378 1674 4458 Diapsalnta_i_’alatin._ms.
1706 4376 2030 4458 subiungit}
2063 4392 2129 4458 ac

530 4448 885 4529 subsequenti
914 4448 1082 4511 versu'
1117 4450 1436 4513 adverbium
1477 4450 1601 4521 quia
1636 4450 1915 4505 immerito
1964 4448 2127 4505 obelo

529 4537 819 4603 praenatat.

602 4603 634 4644 ιι
665 4600 797 4655 Sine
826 4596 986 4653 obelo
1013 4593 1290 4651 Palatinus
1319 4607 1422 4649 ms.
1451 4591 1603 4662 legit,
1635 4591 1814 4646 minus
1843 4600 2016 4646 recte.

2223 3212 2505 3270 conﬁdunt
2533 3210 2587 3267 in
2610 3210 2711 3268 eis.

2298 3306 2497 3363 Domus
2516 3303 2683 3359 Israel
2706 3302 2943 3375 speravit
2968 3304 3021 3360 in
3054 3303 3284 3360 Domino
3312 3303 3443 3378 [Με.
3472 3299 3812 3376 Dominum]:

2223 3399 2439 3471 adiutor
2460 3413 2651 3455 eorum
2682 3408 2735 3455 et
2761 3408 3037 3470 protector
3056 3413 3243 3455 eorum
3273 3407 3377 3455 est.

2296 3492 2499 3547 Domus
2523 3492 2703 3546 Aaron
2723 3491 2961 3561 speravit
2979 3489 3035 3545 in
3063 3490 3291 3547 Domino
3314 3488 3447 3562 [Με.
3480 3486 3813 3558 Dominum]:

2183 3566 2191 3579 ’
2224 3582 2440 3652 adiutor
2463 3597 2651 3638 eorum
2681 3591 2735 3636 et
2764 3588 3045 3651 protector
3072 3596 3262 3638 eorum
3286 3589 3391 3638 cst.

2297 3676 2402 3745 Qui
2433 3676 2625 3731 timent
2663 3674 2980 3743 Dominum,
3010 3673 3041 3713 h
3072 3684 3298 3748 sperent
3326 3676 3381 3733 in
3410 3675 3641 3733 Domino
3671 3695 3685 3731 :
3717 3675 3815 3733 ad-

2224 3766 2373 3838 jutor
2401 3781 2588 3822 eorum
2620 3775 2675 3821 et
2703 3774 2981 3835 protector
3005 3782 3194 3823 eorum
3228 3776 3333 3823 est.

2302 3859 2563 3916 Dominus
2594 3874 2804 3915 memor
2827 3859 2928 3916 fuit
2953 3862 3148 3929 nostri,
3180 3868 3236 3916 et
3257 3859 3541 3917 benedixit
3565 3874 3661 3916 nos
3685 3878 3700 3916 :
3728 3861 3821 3917 be-

2234 3950 2440 4008 nedixit
2487 3951 2711 4007 domum
2760 3951 2960 4019 Israel,
3007 3952 3286 4008 benedixit
3333 3952 3563 4008 Domum
3610 3958 3819 4022 Aaron,

2233 4043 2512 4102 benedixit
2541 4059 2733 4103 omnes
2759 4048 3017 4104 timentes
3044 4061 3106 4104 se
3136 4047 3420 4118 Dominus,
3453 4049 3677 4119 pusillos
3698 4063 3820 4104 cum

2234 4137 2552 4210 majoribus.

2238 4379 2465 4456 ricardin
2496 4388 2634 4456 tua,
2656 4388 2711 4438 et
2738 4381 2790 4438 in
2824 4381 2930 4438 line
2962 4381 3300 4456 insequentis
3330 4382 3818 4456 Diapsatmataect.

2241 4448 2767 4534 Qonsultonaillrunc
2795 4467 3011 4509 versum
3042 4448 3361 4527 Hieronymi
3391 4448 3555 4526 epist.
3586 4454 3651 4509 ad
3681 4453 3823 4510 Sun-

2235 4524 2379 4577 niam
2410 4533 2467 4577 et
2487 4524 2777 4579 Frctclam.

2312 4592 2332 4631 ί
2376 4592 2454 4647 Ita
2484 4595 2669 4663 legunt
2699 4595 2830 4651 editi
2870 4610 2934 4651 ac
2963 4610 3098 4651 mss.
3128 4595 3182 4650 in
3211 4596 3315 4651 hoc
3342 4596 3592 4652 Romano
3614 4592 3819 4651 Psalte-

605 4678 631 4753 ς
662 4661 2121 4758 iloeetsubserineu-tibu‘snduohus12:5:Ini-sniomlta:
2149 4698 2202 4758 D
2233 4662 2358 4758 rioI:
2390 4661 2677 4758 manifeste
2723 4674 2907 4721 autem
2955 4669 3136 4721 addita
3183 4676 3378 4758 supra
3404 4668 3647 4758 librariis
3697 4664 3816 4746 hate

526 4741 699 4800 latino
744 4756 850 4795 ms.
897 4734 1111 4809 adjutor
1145 4750 1217 4809 Δσ-εθ
1267 4735 1508 4809 eorum}
1555 4734 1775 4797 pnrlixo
1812 4734 2120 4809 pronomini

525 4812 709 4878 obelo,
753 4804 1030 4873 scribitur,
1072 4805 1159 4861 cui
1189 4804 1362 4860 satius
1392 4804 1584 4861 luisset
1609 4818 1642 4859 e
1670 4806 1951 4859 contrario
1981 4819 2121 4873 prte-

531 4882 626 4953 ligi
656 4882 1002 4953 asteriscum.

600 4943 629 4997 it
660 4952 965 5007 Veronens.
999 4961 1100 5002 ms.
1130 4945 1378 5001 sanctitas
1417 4943 1528 5014 ejus
1550 4959 1569 4998 :
1594 4951 1705 4997 tum
1732 4943 2114 5011 praetermissis

523 5022 731 5087 verbis,
763 5020 930 5075 Israel
967 5017 1216 5088 regnavit
1234 5016 1288 5069 in
1313 5031 1402 5080 ea,
1431 5030 1553 5084 quin
1578 5014 1800 5088 gemina
1819 5024 1904 5068 est
1930 5015 2114 5088 versit)

522 5091 686 5161 hujus
705 5084 1217 5161 hemistichii'lsrael
1240 5093 1462 5157 potestas
1484 5088 1617 5158 ejus,
1650 5084 2114 5161 scqniturt-Mare

520 5153 673 5230 uidit,
703 5173 751 5218 et
798 5164 956 5234 fugit?
979 5153 1249 5234 Iordanes
1279 5153 1553 5234 conuersus
1592 5153 1867 5234 est_retro.
1908 5153 2112 5234 Montes

519 5225 809 5303 gestierunt
832 5225 965 5286 v'elut
992 5229 1196 5303 arietes,
1224 5238 1329 5281 etc.
1367 5225 1507 5292 Quid
1528 5238 1601 5281 est
1624 5225 1747 5290 tibi,
1781 5241 1948 5303 inure,
1967 5226 2107 5295 quod

517 5293 702 5376 fugisti
724 5305 749 5358 7
770 5311 825 5376 et
869 5310 948 5376 t_u,
978 5297 1234 5376 Iordane,
1267 5312 1545 5376 conversus
1563 5312 1628 5376 es
1662 5307 1802 5350 retro
1823 5293 2105 5376 ﬂantes,

514 5367 679 5443 ἱμᾶσι
698 5372 924 5445 gestistis
946 5370 1084 5445 velut
1113 5368 1298 5445 arietes
1313 5367 1337 5419 ?
1351 5377 1457 5421 etc.
1477 5367 1681 5445 Quibus
1704 5367 1957 5445 omnibus
1975 5367 2111 5445 locis

513 5435 605 5501 rix
625 5435 737 5501 ιιηό
760 5439 1011 5515 gestiendi
1033 5438 1221 5500 verbo,
1243 5450 1343 5515 p_ro
1361 5435 1682 5504 exsultandi,
1710 5436 1829 5507 ejus
1851 5450 1973 5491 eum
1998 5438 2105 5492 Au-

512 5530 600 5585 gu:
615 5507 821 5570 tiniana
844 5512 1014 5585 lectio
1035 5507 1327 5585 consentit.

590 5593 617 5619 °
645 5587 813 5638 'l‘acet
842 5582 985 5635 idem
1019 5593 1125 5633 ms.
1154 5575 1412 5642 solidam;
1442 5586 1553 5633 tum
1584 5577 1712 5648 legit
1739 5578 1975 5649 plurium
2006 5593 2111 5632 nu-

514 5667 708 5713 mero,
736 5654 793 5703 in
821 5660 1007 5719 stagna
1033 5662 1288 5716 aquarum
1327 5658 1375 5701 et
1403 5665 1573 5717 rupes,
1606 5659 1723 5719 etc.
1764 5650 1996 5703 Rursum
2028 5650 2110 5702 al-

540 5736 644 5777 ero
683 5720 752 5775 ab
779 5720 882 5773 hoc
908 5717 1072 5773 "versu
1098 5729 1397 5785 pronomen
1425 5728 1536 5785 tua,
1575 5717 1666 5774 ubi
1695 5718 1895 5775 dicitur
1913 5758 1932 5787 ,
1960 5720 2111 5776 misc-

2229 4736 2415 4798 verba,
2470 4736 2533 4806 in,
2562 4734 2689 4789 cado
2734 4753 2974 4804 sursum,
3023 4752 3146 4792 cum
3190 4740 3328 4806 apud
3361 4736 3508 4793 LXX
3553 4738 3624 4792 ita
3650 4737 3817 4803 scrip-

2224 4815 2336 4859 tum
2364 4808 2436 4859 sit
2459 4822 2471 4857 ε
2502 4804 2639 4860 Dens
2674 4817 2846 4861 autem
2873 4817 3044 4861 noster
3067 4810 3121 4862 in
3149 4804 3276 4862 caelo
3297 4849 3313 4873 ,
3337 4819 3386 4862 et
3414 4810 3469 4862 in
3495 4820 3657 4871 terra,
3683 4812 3814 4865 elc.;

2223 4875 2560 5002 διψθφιιῇηὶ
2587 4890 2732 4944 esse,
2763 4888 2811 4932 et
2829 4879 2883 4932 in
2904 4887 3063 4944 terra,
3090 4879 3457 4951 Hieronymus
3478 4891 3690 4950 quoque
3710 4888 3812 4929 nos

2260 4962 2380 5001 0(‘lll
2414 4988 2427 5000 .
2490 4972 2493 4973 ν
2518 4963 2638 5002 sar.

2260 4957 2427 5001 0(‘llll.
2462 4957 2638 5005 MART.

2227 5087 2239 5101 .
2295 5026 2323 5099 is
2352 5016 2599 5101 Illarum,
2632 5016 3012 5101 pro‘ltorninnm
3039 5021 3093 5074 in
3116 5018 3417 5101 Veronensi
3438 5028 3526 5076 est
3546 5033 3675 5101 msL;
3698 5024 3811 5070 tum

2225 5089 2557 5160 ininstanti,
2589 5105 2693 5160 non
2724 5089 3025 5160 loquuntur,
3055 5108 3156 5146 non
3184 5092 3379 5153 vident,
3411 5107 3517 5146 non
3540 5090 3759 5145 audiant
3792 5102 3811 5140 :

2221 5159 2428 5228 reliqua
2468 5160 2621 5230 juxta
2669 5159 3054 5230 Augustinum.
3102 5177 3288 5216 manus
3339 5161 3553 5229 habent,
3608 5169 3655 5213 et
3706 5173 3811 5230 non

2218 5229 2643 5311 coiztrectabunt,
2690 5228 2832 5298 ete.;
2876 5240 2963 5297 et,
3008 5231 3131 5287 Non
3161 5232 3459 5287 clamabunt
3483 5228 3545 5286 in
3575 5228 3812 5355 [nucibus

2218 5315 2346 5355 suis.
2380 5316 2542 5355 neque
2584 5302 2750 5355 eriim-
2796 5309 2904 5355 etc.
2944 5305 3220 5355 Denimlc.
3271 5302 3483 5355 Similes
3532 5302 3574 5355 il
3595 5302 3638 5354 is
3684 5296 3812 5355 haut

2217 5299 2346 5364 suis,
2380 5316 2542 5374 neque
2584 5302 2750 5374 enim,
2796 5296 2904 5358 etc.
2944 5305 3220 5374 Denique,
3271 5302 3483 5359 Similes
3532 5296 3638 5356 illis
3683 5296 3813 5367 ﬁant

2220 5387 2419 5442 omnes,
2443 5372 2533 5442 qui
2557 5373 2778 5440 faciunt,
2808 5380 2914 5428 etc.

2293 5441 2320 5476 ⁸⁸
2347 5435 2620 5514 1ηἐὶ)(16ηι
2653 5435 2783 5509 rns.,
2816 5453 3152 5514 speraverant
3180 5444 3234 5498 in
3265 5440 3654 5514 Dominum:et
3684 5435 3815 5514 sub-

2218 5513 2468 5582 sequenti
2517 5527 2708 5584 versu,
2760 5507 2935 5569 omnes
2980 5516 3212 5569 timentes
3260 5513 3566 5579 Dominum,
3596 5507 3813 5584 pusillos

2220 5598 2338 5635 cum
2359 5583 2580 5653 magnis.
2608 5582 2768 5649 Tum,
2786 5585 3297 5658 ildjiciatrDominns
3325 5602 3484 5658 super
3511 5582 3638 5639 vos:
3658 5593 3813 5658 super

2219 5668 2330 5717 vos,
2356 5661 2405 5706 et
2432 5648 2605 5723 super,
2638 5648 2759 5708 etc.
2777 5648 3044 5708 Benedicti
3073 5669 3159 5708 vos
3188 5648 3437 5724 Domino,
3466 5666 3594 5723 etc.,
3630 5648 3813 5707 couti-

2219 5732 2413 5782 nenter
2438 5726 2591 5795 juxta
2612 5725 3063 5797 Augustinianum
3095 5726 3397 5799 exemplar.

3658 5887 3687 5896 ς
