3936 6180
290 356 519 426 Adiiciat
555 354 810 410 Dominus
859 372 1012 428 super
1057 372 1170 424 vos,

213 465 370 517 super
393 449 527 518 ﬁlios
544 459 754 505 vestros.

281 542 538 596 Benedicti
563 558 650 596 ros
680 561 712 597 a
734 538 978 612 Domino,
1010 544 1097 614 qui
1131 544 1249 614 fecit
1281 545 1469 598 emtum
1495 552 1542 597 et
1573 552 1784 599 terram.

1337 372 1489 425 super
1531 373 1616 411 eos
1663 361 1684 427 ζ

278 715 464 771 Cadunt
494 717 608 771 caeli
642 715 870 772 Domino
900 733 917 772 :
951 727 1140 772 terram
1171 726 1342 771 autem
1371 717 1510 770 dedit
1546 717 1669 784 [iliis
1694 715 1790 771 lio-

213 823 416 861 nimum.

281 898 396 952 Non
425 901 615 953 mortui
657 901 942 954 laurlubunt
990 917 1050 956 os-
1094 911 1120 938 ει
1168 911 1214 956 te
1252 903 1273 972 ζ
1307 900 1528 956 Domine
1568 916 1586 955 .'

213 1007 372 1046 amnes
401 991 487 1060 qui
511 993 831 1046 descendunt
853 994 904 1046 in
926 993 1207 1064 infernum.

277 1083 376 1139 Sed
404 1100 493 1138 nos
531 1098 592 1138 -.'~--
633 1085 724 1154 qui
760 1086 970 1139 vitiatus
996 1087 1016 1154 ζ
1051 1086 1402 1141 benedicinus
1434 1086 1690 1156 Domino,
1721 1104 1786 1143 ea:

215 1178 300 1232 hoc
328 1195 478 1248 nunc,
510 1189 557 1233 et
578 1195 740 1248 usque
763 1179 815 1233 in
839 1178 1108 1234 steculum.

1629 916 1786 971 neque

1491 241 1691 297 L'BliR
1734 238 2179 299 [’SALMORUM.

1743 368 1790 412 et
1815 383 1871 442 Α
1967 355 2205 427 Adjiciat
2247 355 2504 413 Dominus
2533 371 2697 429 super
2721 369 2851 424 vos,
2891 368 2946 414 et
2989 370 3156 428 super
3184 357 3324 414 tilios
3364 373 3486 416 ves-

3384 245 3491 301 538

1896 459 2034 506 tros.
2973 497 2981 504 .

1966 545 2240 601 Benedicti
2289 559 2384 600 vos
2421 560 2450 599 a
2504 544 2773 613 Domino,
2824 545 2917 615 qui
2971 544 3106 600 fecit
3151 546 3376 614 coelum,
3425 553 3487 602 et

1894 643 2120 692 terram.

1964 726 2173 783 leum
2211 727 2335 784 coeli
2369 727 2600 784 Domino
2636 745 2650 785 :
2696 735 2898 785 terram
2941 739 3123 786 autem
3166 729 3314 785 dedit
3359 729 3484 786 ﬁliis

1893 815 2192 875 hominum.

1965 911 2081 967 Non
2113 914 2311 968 mortui
2339 913 2633 969 laudabunt
2667 923 2742 982 te,
2773 914 3006 972 Domine
3036 931 3052 972 :
3082 929 3263 986 neque
3289 928 3482 972 omnes

1891 1004 1982 1074 qui
2011 1005 2350 1061 descendunt
2381 1007 2434 1060 in
2468 1005 2760 1062 infernum.

1960 1096 2067 1150 Sed
2105 1112 2227 1163 nos,
2261 1097 2351 1167 qui
2379 1097 2636 1164 vivimus,
2667 1096 3040 1154 benedieimus
3070 1097 3382 1166 Dominum,
3412 1111 3483 1156 ex

1890 1183 1993 1241 hoc
2021 1203 2187 1256 nunc,
2218 1196 2273 1244 et
2297 1201 2470 1261 usque
2496 1189 2549 1244 in
2575 1189 2835 1246 saeculum
2859 1188 2986 1263 [Μδ.
3010 1190 3251 1262 sarcula].

1511 1317 1870 1382 PSALMUS
1912 1320 2138 1384 CXIV.

833 1434 1116 1477 ALLELL’IA.

280 1509 461 1577 Diti-xi,
500 1512 746 1582 quoniam
775 1509 804 1551 ι)
847 1513 1083 1568 exaudiet
1115 1510 1376 1568 Dominus
1411 1528 1428 1565 :
1458 1528 1631 1567 vocem
1661 1529 1782 1568 ora-

225 1603 353 1658 tionis
375 1620 524 1659 meat.

286 1695 404 1763 Quia
450 1697 722 1752 inclinauit
763 1713 944 1754 aurem
984 1713 1132 1751 suam
1177 1697 1302 1752 mihi
1350 1717 1368 1752 .-

231 1790 330 1843 tneis
352 1789 608 1845 invocabo.

287 1877 727 1937 Circutndederunt
757 1899 834 1937 me
856 1874 1061 1937 dolores
1099 1865 1280 1938 mortis
1311 1897 1330 1936 .°
1351 1891 1400 1936 et
1437 1882 1668 1952 pericula
1700 1883 1781 1936 in-

231 1974 336 2042 ferni
356 1975 641 2029 invenerunt
671 1991 770 2029 ure.

290 2065 670 2123 Tribulationem
695 2077 743 2123 et
771 2067 1002 2124 dolorem
1028 2068 1200 2125 inveni
1227 2084 1245 2122 :
1271 2076 1318 2122 et
1351 2085 1534 2124 nomen
1565 2069 1778 2125 Domini

237 2157 448 2213 invocavi.

293 2253 329 2306 υ
352 2252 578 2324 Domine,
603 2255 765 2311 libera
793 2256 1023 2310 animam
1049 2271 1248 2320 meam;
1273 2255 1564 2309 misericors
1598 2253 1778 2310 Domi-

239 2361 312 2400 nus
329 2355 371 2400 et
383 2349 574 2418 justus,
612 2357 659 2401 et
691 2346 831 2402 Deus
861 2357 1035 2401 noster
1053 2349 1347 2402 miseretur.

292 2434 568 2494 Custodiens
594 2437 842 2509 paruulos
885 2437 1143 2493 Dominus
1167 2454 1186 2493 :
1211 2438 1517 2493 humiliatus
1546 2454 1690 2505 sum,
1734 2447 1782 2493 et

243 2528 430 2584 liberavit
455 2546 553 2586 me.

294 2621 595 2691 Convertere,
644 2626 822 2678 anima
863 2639 977 2677 mea
1001 2663 1016 2691 ,
1061 2624 1116 2678 in
1153 2623 1380 2694 requiem
1429 2631 1570 2676 tuam
1603 2637 1621 2676 :
1658 2623 1783 2693 quia

247 2714 448 2771 Dominus
472 2718 717 2789 benefecit
747 2718 861 2771 tibi.

299 2809 410 2876 Quia
431 2811 613 2880 eripuit
652 2811 882 2864 animam
911 2825 1076 2863 meam
1103 2809 1168 2864 de
1200 2818 1402 2865 morte:
1438 2807 1613 2864 oculos
1642 2824 1779 2864 meos

249 2917 271 2953 α
289 2902 515 2974 lacrymis,
543 2904 696 2976 pedes
722 2921 862 2959 meos
888 2921 918 2957 a
945 2906 1118 2974 lapsu.

299 2994 488 3054 Placebo
508 2997 752 3067 Domino,
774 2998 831 3054 in
859 2999 1068 3071 regione
1094 3000 1350 3054 vivorum.

1415 1707 1462 1752 et
1512 1698 1565 1751 in
1607 1699 1679 1753 die
1690 1697 1782 1753 bus

794 3253 844 3294 σθ
891 3253 1152 3294 summa
1179 3240 1201 3307 ζ

295 3331 475 3386 Credidi
499 3342 708 3403 propter
742 3330 1113 3401 quod'locutns
1147 3348 1260 3386 sum
1285 3347 1304 3385 :
1335 3347 1426 3404 ego
1451 3347 1506 3386 —t—-
1548 3340 1721 3386 autem
1752 3332 1775 3400 ζ

245 3421 490 3479 ltuntiliatus
510 3441 620 3480 sum
643 3424 820 3478 nimis.

293 3514 384 3588 Ego
407 3517 508 3572 dixi
529 3519 583 3572 in
608 3533 819 3572 excessu
849 3532 960 3571 meo
983 3532 1001 3570 :
1028 3514 1210 3570 Omnis
1241 3515 1389 3570 homo
1420 3515 1659 3572 mendax.

291 3701 406 3768 Quid
429 3703 701 3760 retribuam
726 3701 970 3769 Domino,
996 3718 1092 3773 pro
1122 3702 1357 3757 omnibus
1386 3719 1500 3774 qum
1528 3702 1775 3758 retribuit

240 3793 336 3848 mibi
360 3798 382 3850 .7

290 3887 758 3949 Calicemsatutaris
788 3890 1079 3962 accipiam:
1107 3898 1153 3944 et
1183 3905 1367 3943 nomsn
1397 3885 1611 3943 Domini
1641 3889 1778 3943 ineo.

237 3979 352 4036 rabo.

295 4085 313 4112 ο
427 4077 556 4135 Vota
582 4097 698 4135 mea
726 4081 952 4134 Domino
976 4080 1192 4134 reddam
1216 4095 1391 4132 eorum
1418 4079 1556 4132 omni
1586 4079 1780 4150 populo

235 4168 324 4235 eius
337 4171 356 4239 ζ
371 4174 581 4240 pretiosa
592 4175 647 4228 in
664 4191 760 4229 ron
779 4183 942 4244 ‘pectu
958 4173 1166 4228 Domini
1182 4189 1320 4225 mors
1332 4181 1632 4226 sanctorum
1645 4175 1780 4244 ejus.

294 4263 332 4317 Ο
357 4264 580 4329 Domine,
629 4272 692 4334 Τῷ(
719 4268 843 4338 quia
871 4269 892 4336 ζ
937 4283 1030 4338 ego
1068 4283 1245 4321 servus
1287 4277 1407 4320 tuus
1437 4283 1454 4320 :
1488 4281 1579 4336 ego
1611 4282 1784 4322 serens

234 4364 352 4426 tuus,
384 4375 432 4414 -ξ-
461 4370 508 4414 et
543 4361 565 4430 ζ
599 4361 742 4427 ﬁlius
762 4359 970 4414 aneitlte
997 4368 1115 4413 tute.

293 4449 524 4524 Dirupisti
574 4454 786 4508 vincula
842 4470 954 4507 mea
1001 4470 1020 4506 :
1068 4453 1158 4506 tibi
1210 4453 1516 4519 sacriﬁcabo
1563 4451 1786 4507 hostiam

231 4539 395 4614 laudis,
418 4545 444 4584 ά
563 4555 608 4602 et
630 4547 683 4600 in
705 4545 911 4599 nomine
935 4543 1144 4599 Domini
1171 4543 1416 4598 invocabo
1448 4544 1468 4611 ζ

2533 1427 2838 1480 Αιιειωλ.¹

1964 1516 2158 1582 Dilexi,
2191 1517 2452 1588 quoniam
2475 1519 2731 1575 exaudiet
2757 1518 3023 1576 Dominus
3048 1537 3062 1576 :
3092 1533 3284 1578 vocem
3310 1533 3333 1560 θ
3360 1535 3485 1580 ora-

1893 1610 2055 1668 tionis
2075 1627 2235 1668 mete.

1961 1705 2095 1771 Quia
2139 1705 2417 1760 inclinavit
2464 1718 2654 1762 autem
2696 1719 2848 1761 suam
2887 1705 3059 1762 mihi:
3088 1715 3145 1764 et
3191 1707 3249 1763 in
3289 1707 3484 1765 diebus

1895 1796 2030 1850 meis
2059 1797 2322 1851 invocabo
2354 1794 2372 1834 τ
2403 1811 2549 1852 cum.

1961 1885 2449 1944 Circnmdederunt
2479 1902 2566 1944 me
2595 1887 2815 1944 dolores
2855 1887 3049 1948 mortis
3086 1909 3098 1944 :
3133 1890 3376 1961 pericula
3399 1890 3482 1946 in-

1886 1980 2026 2035 terni
2051 1981 2375 2036 invenerunt
2403 1995 2509 2036 me.

1960 2075 2388 2132 Tribulationem
2416 2083 2473 2131 et
2504 2074 2749 2132 dolorem
2782 2077 2961 2134 inveni
2996 2097 3009 2132 :
3043 2087 3098 2134 et
3128 2093 3326 2135 nomen
3368 2078 3478 2134 Do-

1889 2166 2018 2222 mini
2060 2168 2326 2223 invocavi.

1957 2262 2001 2315 0
2032 2259 2279 2325 Domine,
2315 2259 2483 2315 libera
2513 2261 2753 2316 animam
2783 2277 2990 2328 meam;
3023 2264 3336 2320 misericors
3365 2264 3474 2320 Do-

1887 2351 2066 2407 minus
2095 2352 2365 2419 etjustus,
2390 2361 2445 2407 et
2475 2353 2619 2407 Deus
2647 2363 2834 2408 noster
2862 2354 3235 2409 miserebitur.

1953 2443 2278 2498 Custodiens
2311 2445 2562 2513 parvulos
2584 2445 2845 2501 Dominus
2871 2462 2884 2499 :
2913 2444 3230 2501 humiliatus
3253 2461 3396 2515 sum,
3421 2456 3476 2503 et

1884 2533 2137 2588 liberavit
2183 2549 2291 2590 me.

1956 2624 2306 2694 Convertere,
2341 2627 2522 2682 anima
2565 2645 2708 2694 mea,
2744 2630 2796 2683 in
2841 2629 3083 2700 requiem
3115 2639 3258 2684 tuam
3292 2647 3307 2687 :
3349 2632 3478 2701 quia

1886 2718 2016 2790 [.lls.
2049 2719 2325 2792 quoniam]
2358 2720 2616 2776 Dominus
2645 2721 2915 2777 beneleeit
2943 2722 3097 2777 mihi.

1955 2812 2093 2879 Quia
2137 2814 2335 2883 eripuit
2376 2812 2614 2868 animam
2667 2831 2843 2870 meum
2892 2816 2961 2870 de
2991 2823 3167 2871 morte
3216 2832 3230 2868 :
3286 2817 3477 2872 oculos

1886 2919 2039 2960 meos
2059 2919 2087 2957 a
2118 2904 2394 2975 lacrymis,
2431 2906 2592 2974 pedes
2630 2922 2781 2963 meos
2813 2922 2842 2963 a
2884 2907 3040 2979 lapsu
3071 2927 3084 2963 :
3114 2907 3343 2978 placebo
3370 2907 3476 2964 Do-

1887 2999 2057 3068 mino,
2091 2999 2142 3055 in
2168 3001 2390 3070 regione
2418 3000 2687 3056 vivorum.

1535 3135 1894 3200 PSALMUS
1936 3135 2128 3199 CXV.

1809 3239 1856 3300 C

2531 3256 2816 3298 ALLELUIA.

1957 3333 2203 3400 Credidi,
2251 3344 2471 3404 pr0pter
2501 3334 2647 3404 quod
2689 3333 2905 3391 loeutus
2945 3349 3064 3390 sum
3109 3351 3122 3388 :
3163 3349 3264 3406 ego
3294 3342 3475 3391 autem

1887 3425 2207 3482 humiliatus
2239 3441 2361 3481 sum
2391 3427 2572 3481 nimis.

1961 3518 2070 3587 Ego
2101 3529 2124 3566 Β
2150 3518 2261 3574 dixi
2299 3519 2353 3573 in
2378 3533 2606 3574 excessu
2632 3517 2831 3574 mentis
2870 3532 3007 3574 mea:
3041 3535 3054 3573 :
3085 3517 3272 3572 Omnis
3311 3516 3474 3572 homo

1887 3613 2141 3668 tuendax.

1956 3706 2090 3773 Quid
2126 3705 2423 3761 retribuam
2457 3705 2706 3770 Domino,
2735 3721 2836 3776 pro
2863 3703 3120 3760 omnibus
3149 3718 3271 3773 qua)
3310 3704 3470 3758 retri-

1883 3799 2001 3855 buit
2028 3800 2204 3853 mihi?

1957 3890 2192 3944 Cilicem
2221 3888 2473 3945 salutaris
2495 3888 2754 3958 accipiam
2783 3906 2794 3942 :
2820 3899 2876 3944 et
2907 3903 3106 3944 nomen
3141 3887 3353 3944 Domini
3385 3890 3474 3944 in-

1891 3983 2118 4037 vocabo.

1964 4075 2204 4130 Pretiosa
2260 4074 2312 4129 in
2365 4082 2656 4145 conspectu
2704 4074 2914 4132 Domini
2965 4089 3112 4131 mors
3161 4083 3472 4130 sanctorum

1887 4171 2028 4240 ejus.

1955 4265 1998 4318 0
2029 4262 2277 4319 Domine.
2321 4278 2421 4332 ego
2453 4278 2646 4319 servus
2682 4272 2806 4318 tuus
2833 4280 2847 4328 ;
2879 4277 2984 4332 ego
3025 4274 3216 4316 servus
3251 4269 3393 4326 tuus,
3425 4268 3482 4315 ct

1891 4355 2030 4410 ﬁlius
2057 4354 2265 4408 ancilla:
2293 4364 2419 4408 tum.

1962 4446 2218 4516 Dirupisti
2265 4445 2478 4501 vincula
2526 4459 2646 4500 mea
2690 4462 2700 4496 :

1892 4539 2090 4595 laudis.

2749 4443 2840 4499 tibi
2888 4437 3206 4496 sacriﬁcabo
3237 4437 3476 4494 hostiam

291 4746 528 4822 fFiualia
559 4760 754 4818 puncta
796 4753 963 4822 penes
1004 4749 1376 4822 Martianaanm
1410 4747 1640 4822 deerant
1674 4765 1684 4800 :
1730 4748 1785 4801 in
1812 4747 1865 4807 D
1890 4759 2101 4822 versus.
2135 4744 2178 4798 0
2211 4744 2444 4822 Domine.
2466 4759 2584 4822 erue
2604 4743 2829 4822 animum
2859 4753 3042 4822 ineant,
3077 4745 3180 4791 etc.
3219 4735 3362 4822 Deus
3389 4755 3479 4822 nq-

231 4813 449 4892 I’nlatino
479 4813 659 4880 autem
686 4813 812 4877 ms:
841 4822 955 4892 ipsa
985 4831 1070 4876 est
1097 4821 1260 4875 etiam
1300 4819 1446 4875 obeli
1473 4828 1602 4874 nota
1649 4833 1788 4889 pra:-

231 4891 473 4946 lcrmissa,

291 4957 313 4997 ¹³
342 4961 775 5030 Ρινῖθροείιίοηριη
823 4962 970 5017 verbi
1004 4961 1285 5024 exaudiet,
1335 4969 1390 5013 et.
1439 4960 1791 5028 subsequenti

226 5044 369 5085 versu
393 5037 510 5105 quia
535 5036 879 5098 adverbium,
910 5035 1096 5103 juncta
1121 5033 1245 5087 Cari
1269 5032 1527 5100 editione,
1552 5031 1788 5086 Palatin.

228 5115 319 5154 tus.
355 5105 563 5165 iugulat.

294 5121 319 5154 ί.
373 5121 398 5154 ll
440 5121 515 5158 Illa
550 5147 563 5158 .

294 5184 314 5209 ι’
339 5121 613 5243 Deiperlam
642 5177 696 5230 in
725 5175 916 5230 eodem
945 5188 1046 5228 ms.
1075 5173 1229 5226 unice
1255 5172 1402 5241 prius
1427 5171 1567 5225 istud
1593 5187 1787 5226 nomen

237 5239 376 5307 l'o'a.
401 5239 658 5303 asterisco
679 5247 981 5302 illustratur
1005 5261 1019 5300 :
1043 5239 1391 5313 subsequenti
1421 5252 1597 5296 autem
1622 5245 1789 5296 verbo

227 5317 456 5374 reddant.
503 5318 696 5373 obelus
723 5316 1038 5386 praeﬁgitur.
1073 5316 1311 5384 Denique
1354 5314 1568 5368 additur
1600 5314 1650 5368 in
1686 5315 1790 5370 line

234 5400 252 5432 \
265 5400 407 5459 ct‘stts
435 5387 762 5459 Diapsal-ma.

295 5454 319 5491 ι¹
353 5453 614 5514 Palatinus
655 5475 763 5513 ms.
812 5465 949 5512 utet
991 5457 1110 5511 Cari
1155 5455 1353 5520 editio,
1401 5465 1444 5507 ct
1478 5472 1658 5510 nomen
1692 5453 1796 5507 Do-

235 5527 350 5579 mini
377 5531 614 5584 invocabo
637 5546 656 5584 :
686 5531 776 5598 qui
813 5529 1011 5597 pariter
1055 5539 1326 5598 postremo
1365 5541 1522 5580 versu
1554 5526 1795 5580 asterisci

241 5607 404 5673 bolum
437 5596 718 5673 ipsumque
749 5596 1224 5673 verlmqulleluia
1251 5599 1526 5652 omittunt.

308 5672 328 5696 θ
357 5667 478 5725 Cum
508 5667 796 5727 vero‘nensi
831 5687 932 5723 ms.
969 5668 1314 5734 Augustinus,
1347 5683 1515 5721 vocem
1548 5667 1799 5734 depreca-

247 5738 383 5795 tionis
421 5759 560 5800 mete.
610 5741 874 5810 Quoniam
907 5739 1210 5803 inclinavit,
1240 5747 1346 5811 etc.
1392 5738 1457 5793 Et
1507 5747 1625 5807 post
1666 5736 1803 5792 duos

1894 4828 1997 4872 ster
2021 4818 2312 4870 miseretur.
2347 4816 2412 4868 Ιςι
2443 4815 2600 4882 paulo
2631 4823 2772 4879 post,
2805 4809 3108 4882 [conciliatus
3133 4824 3271 4864 sum.
3298 4818 3345 4882 et
3371 4809 3486 4882 sal-

1897 4905 2014 4943 nun
2041 4904 2118 4940 me
2163 4887 2303 4954 fecit.
2337 4878 2824 4954 Postremoauletn
2872 4878 3376 4954 solus_Veronensis
3417 4879 3486 4954 li-

1899 4959 2018 5020 ber,
2051 4949 2308 5024 Quoniam
2331 4955 2561 5009 liberari!
2584 4953 2805 5006 aninmm
2828 4964 2990 5024 meum
3015 4950 3078 5002 de
3106 4958 3284 5024 morte,
3310 4949 3490 5003 oculos

1899 5018 2041 5082 meos
2055 5018 2090 5081 ἦ
2109 5031 2369 5097 tacrymis,
2399 5036 2445 5080 et
2469 5026 2620 5095 pedes
2643 5039 2777 5076 meos
2798 5039 2828 5074 a
2853 5021 3002 5088 lapsu
3027 5035 3047 5084 ;
3076 5018 3287 5090 placebo
3313 5035 3492 5074 coram

1994 5117 2127 5149 UHHO
2146 5141 2156 5149 .
2195 5117 2302 5149 CIC.

1994 5121 2004 5146 ι
2100 5117 2127 5148 η
2215 5142 2222 5148 ,
2291 5136 2302 5149 .

1900 5099 2390 5225 Dofnliiirinitlgnsis
2421 5180 2520 5217 ms.
2558 5177 2663 5214 non
2696 5161 2825 5229 legit
2847 5174 3144 5227 pronomen
3177 5175 3316 5221 eum,
3349 5161 3494 5226 quod

1895 5250 2072 5294 tamen
2123 5239 2318 5291 retinet
2364 5235 2699 5288 Sorbnnicus
2738 5246 2861 5284 cum
2903 5229 3075 5284 edito.
3119 5231 3172 5283 In
3201 5232 3487 5284 eudicibus

1899 5311 2108 5367 Latinis
2137 5307 2358 5360 Snnnim
2406 5319 2467 5356 ue
2508 5303 2737 5355 lt‘retclae
2771 5318 2874 5353 non
2907 5315 3048 5365 cuin,
3078 5301 3171 5356 sed
3200 5309 3270 5362 te,
3305 5301 3488 5369 scrip.

1903 5393 2013 5436 tum
2045 5389 2182 5433 erat.
2227 5377 2277 5427 ιιι
2313 5389 2440 5427 vero
2470 5373 2805 5426 eradendunt
2837 5381 3024 5424 monet
3052 5379 3273 5425 sanctus
3304 5372 3499 5426 llicro-

1904 5466 2114 5521 nymtls.
2151 5447 2331 5500 MART.

1975 5523 2000 5561 κ
2033 5521 2224 5572 lterum
2254 5529 2372 5566 cum
2405 5512 2701 5579 Augustino
2734 5511 3060 5565 Veronensis
3093 5526 3222 5574 ms.,
3260 5510 3372 5580 Ego
3395 5530 3490 5564 au-

1906 5603 2003 5645 tem
2033 5589 2140 5640 diri
2179 5588 2228 5638 in
2260 5584 2441 5638 (τι-διαδὶ
2469 5598 2600 5643 mea,
2636 5583 2700 5635 Et
2729 5581 3030 5648 penultimo
3061 5596 3241 5644 versu,
3288 5584 3496 5647 sacrifi-

1907 5663 2030 5714 cabo
2069 5656 2382 5722 sacri/icium
2425 5653 2618 5706 laudis.
2665 5654 2904 5720 Denique
2947 5652 3096 5707 solus
3140 5652 3498 5720 Veronensis,

1884 5730 2046 5785 ‘Votu
2079 5744 2189 5784 mea
2208 5721 2442 5783 Domino
2473 5740 2583 5779 meo
2616 5721 2854 5785 reddam,
2888 5732 2994 5777 etc.
