3936 6180
214 103 304 163 διι

1485 91 1690 151 LIBER
1729 90 2172 153 PSALMORUM.

3387 94 3497 157 an

280 217 542 290 Castigans
568 213 832 287 castigavit
861 229 941 270 me
970 212 1221 269 Dominus
1251 225 1271 268 :
1299 218 1347 270 et
1373 211 1525 266 morti
1561 227 1662 265 non
1687 220 1790 266 tra-
1817 214 1867 275 Λ
1965 211 2248 285 Castigans
2270 210 2556 285 castigavit
2605 224 2694 273 me
2718 212 2986 273 Dominus
3012 229 3025 272 :
3075 221 3133 273 et
3174 216 3339 277 morti
3384 232 3496 275 non

217 311 337 365 didit
360 326 457 365 me.

286 404 476 477 Aperite
520 401 644 456 milii
692 410 868 475 portas
900 399 1163 471 justititz,
1209 401 1469 470 ingressus
1516 407 1541 435 α
1597 399 1650 452 in
1703 415 1787 454 eas

214 506 471 577 conﬁtebor
495 503 720 560 Domino
740 520 759 559 :
785 503 893 559 luce
916 511 1070 575 porta
1101 500 1343 567 Domini,
1362 502 1495 573 justi
1524 501 1788 556 intrabunt

207 600 257 654 in
281 616 398 653 eam.

276 691 553 763 Conﬁtebor
574 693 667 748 tibi
692 736 706 761 ,
748 692 989 764 quoniam
1010 690 1271 747 exaudiui
1314 706 1395 745 me
1420 706 1436 744 :
1462 700 1507 745 et
1536 694 1706 763 [actus
1734 707 1786 747 es

209 784 321 839 mihi
348 787 398 840 in
428 786 673 841 salutem.

272 877 505 950 Lapidem
526 896 679 950 quem
710 878 1107 950 reprobaverunt
1135 876 1452 947 tediﬁcantes
1485 892 1504 932 .‘
1539 891 1599 933 σι-
1646 877 1728 931 hic
1758 878 1780 947 ζ

204 972 355 1043 factus
380 983 451 1027 est
478 974 531 1026 in
563 980 721 1044 caput
746 972 948 1043 anguli.

269 1066 309 1122 Α
336 1065 553 1120 Domino
582 1067 780 1136 factum
805 1072 878 1119 est
904 1069 969 1133 ξι(
991 1063 1131 1119 istud
1157 1062 1180 1132 ζ
1203 1061 1231 1101 δ
1252 1070 1299 1118 et
1331 1071 1403 1117 est
1452 1062 1687 1118 mirabile
1730 1061 1786 1118 in

201 1162 353 1218 oculis
373 1161 590 1216 nostris.

266 1255 385 1309 ιιωσ
411 1254 645 1321 estd’es,
669 1269 822 1325 quam
844 1252 965 1326 fecit
1002 1250 1260 1309 Dominus
1305 1266 1325 1307 :

198 1346 419 1402 letemur
442 1348 495 1402 in
517 1364 580 1402 ea
603 1358 652 1404 α.

268 1438 311 1494 0
334 1437 555 1496 Domine
577 1483 592 1509 ,
640 1439 839 1495 salvum
884 1457 964 1497 me
1007 1443 1091 1514 {ac
1112 1456 1134 1507 ;
1182 1457 1210 1497 ο
1237 1440 1486 1508 Domine,
1513 1438 1636 1496 bene
1665 1454 1783 1511 pro-

193 1546 430 1601 sperare:
456 1532 751 1587 benedictus
770 1534 861 1605 qui
885 1534 1019 1591 venit
1038 1534 1092 1589 in
1120 1535 1324 1590 nomine
1350 1532 1582 1589 Domini.

1374 1250 1692 1307 exsultemus
1734 1258 1783 1306 et

1896 306 2119 363 tradidit
2149 324 2255 364 me.

1962 401 2184 473 Aperite
2226 402 2362 459 mihi
2417 411 2603 476 portas
2652 402 2917 475 iustitiae,
2959 404 3244 476 ingressus
3284 404 3338 459 in
3396 417 3493 460 cas

1890 498 2191 554 conﬁtebor
2245 497 2389 571 [Ms.
2446 498 2745 570 conﬁtear]
2808 496 3038 554 Demino
3092 517 3107 553 :
3156 499 3274 554 tunc
3328 506 3487 570 porta

1890 590 2133 657 Domini,
2160 591 2290 660 justi
2324 590 2630 646 introilmnt
2672 606 2767 661 per
2797 605 2917 647 eam
2947 592 2961 665 [
2995 590 3097 645 Ms.
3130 590 3186 645 in
3210 606 3273 646 ea
3301 589 3341 661 ].

1960 681 2273 739 Conlitcbor
2297 683 2426 751 tibi,
2478 682 2707 739 Domine
2728 724 2741 750 ,
2773 683 3031 754 quoniam
3061 681 3331 738 exaudisti
3363 697 3486 748 me;

1889 783 1945 831 et
1974 774 2151 831 iactus
2174 789 2234 831 es
2265 776 2399 831 mihi
2435 776 2489 830 in
2520 775 2772 831 salutem.

1961 868 2216 939 Lapidem
2263 884 2425 940 quem
2472 868 2903 939 reprobaverunt
2956 865 3291 925 tedilicantes

1888 962 2062 1020 factus
2091 968 2248 1020 estin
2281 973 2443 1035 caput
2471 964 2674 1034 anguli.

1961 1057 2005 1111 A
2039 1056 2269 1112 Domino
2316 1053 2334 1094 ί
2367 1055 2569 1112 iactum
2599 1062 2683 1112 est
2713 1053 2897 1111 istud:
2932 1061 2989 1111 et
3026 1061 3112 1111 est
3160 1051 3409 1111 mirabile
3430 1050 3487 1111 in

1888 1148 2061 1206 oculis
2092 1150 2317 1205 nostris.

1960 1241 2087 1297 llaec
2136 1240 2254 1297 dies
2294 1256 2457 1314 quam
2501 1238 2629 1299 fecit
2657 1240 2965 1301 Dominus:
3007 1238 3390 1309 exsultcmus,
3432 1248 3491 1299 et

1889 1333 2138 1390 lattemur
2164 1333 2218 1389 in
2250 1348 2335 1390 ea.

1957 1424 2002 1481 Ο
2042 1424 2302 1495 Domine,
2327 1424 2535 1481 salvum
2567 1433 2593 1474 ε
2632 1437 2725 1483 me
2776 1422 2863 1482 iac
2906 1440 2921 1482 :
2954 1436 2989 1482 o
3040 1422 3307 1494 Domine,
3348 1422 3491 1483 bene

1888 1532 2234 1591 prosperare.

3342 866 3490 925 :hic

260 1623 623 1681 Benediximus
647 1626 787 1682 vobis
814 1626 877 1684 de
897 1627 1052 1684 domo
1081 1627 1293 1684 Domini
1315 1643 1333 1682 :
1364 1626 1501 1684 Deus
1532 1626 1778 1684 Dominus

1956 1610 2284 1668 Benedictus
2330 1609 2427 1684 qui
2456 1610 2605 1668 venit
2653 1609 2709 1667 in
2758 1607 2979 1667 nomine
3031 1607 3287 1666 Domini:
3320 1607 3487 1666 bene-

192 1726 238 1771 et
262 1713 428 1772 illuxit
446 1715 611 1773 nobis.

258 1888 560 1947 Constituite
591 1904 652 1950 σι-
682 1890 820 1950 diem
846 1891 869 1963 ζ
901 1894 1176 1951 solemnem
1202 1893 1255 1951 in
1276 1894 1547 1954 condensis
1576 1911 1595 1951 :
1626 1911 1781 1969 usque

191 1980 255 2035 ad
277 1997 434 2037 cornu
460 1983 660 2040 altaris.

261 2071 400 2131 Deus
429 2092 569 2132 meus
598 2091 661 2135 σι-
718 2092 773 2134 es
804 2077 880 2147 τά
920 2087 1006 2148 ιιι,
1050 2087 1097 2136 et
1146 2079 1430 2151 con/ifebor
1470 2078 1561 2136 tibi
1592 2095 1610 2136 :
1638 2076 1779 2137 Deus

194 2183 331 2221 meus
363 2183 417 2222 οι
452 2185 502 2222 es
528 2178 581 2222 tu
613 2168 637 2239 ζ
665 2178 712 2225 et
741 2170 976 2227 exaltabo
1000 2180 1066 2227 te.
1118 2180 1124 2185 ’

265 2274 323 2314 οξ-
356 2255 643 2331 Conﬁtebor
683 2262 800 2328 tibi,
841 2264 1087 2335 quoniam
1126 2263 1383 2319 esaudisti
1423 2264 1553 2333 me:
1610 2279 1671 2322 -ιν
1730 2273 1778 2321 et

200 2355 365 2421 [actus
392 2368 444 2407 es
464 2353 585 2407 mihi
616 2354 670 2408 in
693 2354 915 2411 salutem
945 2357 968 2425 ζ

265 2442 579 2512 Couﬁlemini
616 2444 843 2501 Domino
867 2491 884 2515 ,
913 2448 1156 2519 quoniam
1195 2448 1362 2507 bonus
1388 2466 1408 2506 :
1442 2452 1685 2523 quoniam
1721 2450 1777 2505 in

204 2537 434 2591 secutum
452 2536 807 2595 misericordia
834 2541 967 2611 ejus.

1885 1703 2121 1761 diximus
2149 1701 2293 1776 Uis.
2323 1701 2734 1776 benediclmus]
2786 1700 2982 1763 vosdo
3007 1699 3174 1760 domo
3212 1700 3431 1760 Domini
3464 1717 3486 1757 :

1886 1799 2028 1856 Deus
2054 1798 2316 1854 Dominus
2348 1807 2402 1855 et
2424 1796 2604 1855 illuxit
2632 1796 2810 1855 nobis.

1954 1890 2277 1951 Constituite
2299 1891 2441 1951 diem
2462 1893 2761 1951 solemnem
2777 1891 2833 1949 in
2842 1885 3487 1963 centrequontstionibus

1883 2000 2057 2060 usque
2087 1986 2155 2042 ad
2186 2000 2359 2044 cornu
2383 1984 2593 2043 altaris.

1958 2072 2103 2137 Deus
2132 2093 2285 2136 meus
2332 2093 2391 2136 es
2424 2086 2512 2150 tu,
2552 2086 2603 2137 et
2631 2078 2938 2137 conﬁtebor
2966 2072 3068 2135 tibi
3096 2090 3112 2136 :
3151 2074 3301 2135 Deus
3323 2087 3480 2133 mens

1883 2186 1942 2229 es
1967 2180 2024 2228 tu
2048 2212 2062 2237 ,
2090 2181 2142 2228 et
2170 2170 2423 2228 excitabo
2453 2178 2525 2243 te.

1953 2262 2268 2320 Contitebor
2316 2262 2445 2330 tibi,
2477 2261 2734 2329 Domine,
2765 2258 3020 2333 quoniam
3047 2256 3315 2317 exaudisti
3345 2270 3433 2316 me
3466 2274 3482 2315 :

1884 2362 1938 2411 et
1968 2354 2139 2411 lactus
2165 2368 2225 2409 es
2258 2352 2393 2409 mihi
2422 2353 2477 2409 in
2506 2354 2759 2411 salutem.

1953 2445 2302 2504 Coniitemini
2336 2445 2568 2502 Domino
2594 2489 2609 2516 ,
2660 2444 2922 2517 quoniam
2972 2443 3150 2503 bonus
3182 2459 3197 2501 :
3227 2442 3483 2517 quoniam

1888 2544 1939 2600 in
1967 2541 2228 2599 saeculum
2258 2537 2629 2597 misericordia
2660 2537 2801 2609 ejus.

1488 2662 1850 2726 PSALMUS
1895 2659 2179 2728 CXVIII.

769 2777 830 2818 -ξι
874 2777 1134 2820 Αιιιειωλ
1168 2762 1190 2832 ζ

280 2863 303 2892 ο
329 2854 511 2927 Alcplt.
556 2855 706 2911 Beati
736 2856 1051 2911 immaculati
1077 2857 1130 2910 in
1163 2857 1243 2911 via
1272 2873 1289 2913 :
1319 2856 1404 2928 qui
1432 2855 1695 2911 ambulant
1724 2856 1779 2911 in

219 2945 317 3017 lege
340 2946 555 3003 Domini.

2544 2772 2831 2816 Αιιειοιιι.

1958 2854 2146 2926 Aleplt.
2194 2850 2345 2909 Beati
2373 2850 2705 2908 immaculati
2735 2851 2790 2907 in
2818 2848 2904 2907 via
2940 2866 2953 2907 :
2997 2846 3085 2922 qui
3115 2845 3395 2909 ambulant
3423 2846 3481 2909 in

1888 2947 2007 3019 lege
2040 2946 2278 3002 Domini.

280 3038 459 3111 Aleplt.
496 3039 642 3095 Beati
666 3041 755 3111 qui
780 3048 1078 3095 scrutantur
1099 3039 1388 3095 testimonia
1412 3039 1524 3111 ejus
1550 3056 1567 3094 :
1590 3040 1642 3096 in
1671 3047 1777 3095 toto
1808 3070 1854 3135 C
1961 3038 2150 3111 Aleph.
2194 3036 2347 3093 Beati
2384 3035 2477 3108 qui
2516 3041 2830 3093 scrutantur
2868 3029 3182 3095 testimonia
3212 3030 3333 3106 ejus
3366 3050 3381 3089 :
3425 3032 3482 3093 in

214 3133 353 3187 corde
373 3135 636 3205 exquirunt
659 3150 799 3189 eum.

276 3226 460 3295 Aleplt.
510 3226 629 3281 Non
653 3227 789 3281 enim
809 3225 900 3299 qui
920 3235 1201 3299 operantur
1222 3225 1583 3299 iniquitatem:
1607 3227 1658 3281 in
1687 3227 1779 3282 viis

211 3323 311 3389 ejus
343 3319 746 3375 ambulaverunt.

268 3410 462 3483 Aleplt.
511 3412 585 3467 Tu
609 3410 874 3467 mandasti
900 3451 915 3477 ,
960 3410 1209 3465 mandata
1234 3418 1326 3466 tua
1358 3408 1607 3467 custodiri
1637 3408 1772 3486 [ΜΒ.

199 3504 474 3579 custodire]
511 3507 683 3561 nimis.

256 3600 453 3667 Aleplt.
490 3600 702 3656 Utinam
724 3600 1016 3673 dirigantur
1039 3597 1132 3655 cite
1154 3614 1300 3665 metr;
1320 3598 1390 3654 ad
1412 3597 1777 3653 custodiendas

186 3692 577 3762 iustiﬁcationes
606 3695 758 3748 tuas!

249 3786 455 3858 Alc-ph.
504 3788 647 3842 Tunc
679 3804 783 3842 non
811 3788 1104 3860 confundor
1154 3802 1173 3843 :

178 3880 426 3934 omnibus
453 3881 710 3934 mandatis
751 3880 875 3933 tuis.

240 3968 456 4039 Alepit.
501 3968 797 4040 Conﬁtebor
834 3968 925 4023 tibi
964 3968 1019 4022 in
1051 3968 1334 4024 directione
1363 3968 1537 4024 cordis
1580 3984 1599 4024 :
1634 3970 1688 4024 in
1717 3984 1775 4025 eo

168 4062 318 4127 quod
349 4062 738 4134 didicijudicia
755 4061 979 4133 justitia:
1002 4069 1121 4115 tute.

238 4156 455 4227 Alcph.
501 4156 920 4227 .lustiﬁcationes
948 4166 1063 4213 tuas
1091 4154 1385 4211 custodiam
1408 4169 1425 4210 :
1448 4169 1552 4211 non
1583 4171 1664 4212 me
1689 4156 1778 4213 de-

166 4250 450 4321 relinquas
474 4266 856 4323 usquequaque.

1220 3803 1334 3842 cum
1373 3802 1681 3858 perspexero
1724 3786 1777 3841 in

1889 3139 2003 3188 toto
2034 3130 2200 3187 corde
2225 3129 2519 3202 exquirunt
2544 3142 2690 3185 cum.

1958 3224 2147 3297 Aleplt.
2189 3222 2305 3280 Non
2336 3222 2479 3278 enim
2512 3221 2603 3294 qui
2644 3226 2942 3293 operantur
2980 3214 3325 3291 iniquitatem
3351 3262 3366 3291 ,
3415 3216 3471 3275 in

1886 3317 1990 3374 viis
2021 3318 2141 3388 ejus
2170 3314 2604 3371 ambulaverunt.

1956 3412 2141 3485 Aleplt.
2186 3410 2270 3468 Tu
2294 3408 2322 3448 δ
2348 3405 2617 3467 mandasti
2639 3406 2891 3465 mandata
2919 3414 3033 3478 tua,
3064 3404 3317 3476 Domine,
3345 3418 3472 3464 eus-

1883 3506 2045 3564 todiri
2077 3507 2260 3563 nimis.

1958 3599 2144 3671 Ateph.
2169 3597 2387 3655 Utinam
2400 3594 2702 3667 dirigantur
2713 3592 2817 3651 vias
2837 3605 2994 3662 meae,
3011 3590 3079 3648 ad
3095 3588 3480 3650 custodiendas

1882 3690 2307 3762 iustiﬁcationes
2339 3689 2489 3745 tuas!

1957 3782 2143 3855 Aleplt.
2194 3782 2347 3838 Tunc
2385 3795 2493 3837 non
2536 3775 2841 3837 confundor
2890 3794 2904 3834 :

1884 3876 2067 3931 omnia
2093 3875 2347 3930 mandata
2371 3880 2461 3929 tua
2484 3890 2497 3928 :

1956 3969 2146 4041 Aleplt.
2195 3966 2517 4024 Conﬁtebor
2566 3966 2706 4032 tibi,
2753 3963 3027 4035 Domine,
3072 3964 3126 4022 in
3170 3964 3477 4025 directione

1886 4065 2069 4121 cordis
2097 4081 2111 4124 :
2147 4064 2200 4119 in
2226 4078 2293 4120 eo
2318 4061 2459 4134 quod
2484 4060 2645 4118 didici
2666 4060 2872 4132 judicia
2890 4060 3117 4131 iustitiae
3148 4070 3276 4119 tute.

1958 4160 2143 4233 Alt’plt.
2200 4157 2631 4216 iustiﬁcationes
2673 4164 2793 4213 tuas
2833 4155 3136 4213 custodiam
3177 4173 3191 4211 :
3232 4169 3340 4211 non
3386 4168 3475 4211 me

1888 4252 2236 4325 derelinquas
2263 4264 2672 4324 usquequaque.

2951 3776 3082 3834 dum
3133 3774 3371 3850 respicio
3421 3776 3479 3834 in

244 4373 273 4400 ι
307 4366 486 4422 Minus
512 4368 601 4425 hic
640 4379 790 4424 recte
814 4365 1089 4423 Palatinus
1125 4381 1229 4424 ms.
1275 4375 1331 4423 et
1375 4366 1497 4423 Cari
1525 4366 1692 4424 editio
1718 4367 1771 4424 in
1800 4371 1853 4434 Ι)
1878 4369 2081 4427 brutum
2102 4369 2154 4425 in
2177 4387 2299 4427 casu
2336 4369 2571 4424 muliebri
2598 4367 2800 4426 habere
2826 4384 2840 4424 :
2870 4367 3042 4424 voluit
3067 4375 3196 4439 puto
3226 4364 3471 4439 dixisse,

168 4440 582 4510 propositioni,
613 4455 737 4510 qua:
763 4446 818 4493 et
858 4439 909 4495 in
938 4439 1163 4495 llebrxca
1206 4453 1338 4495 voce
1386 4449 1469 4499 ει
1514 4448 1770 4509 resonat,

164 4507 399 4583 obclum
437 4507 738 4583 prmligunt.

242 4577 273 4616 δ
308 4578 364 4633 In
389 4577 610 4638 eodem'
625 4598 731 4637 ms.
774 4582 867 4637 ltoc
896 4588 969 4637 est
997 4580 1257 4648 mirabile,
1290 4591 1394 4638 etc.

249 4661 273 4725 ξ
308 4654 555 4725 ᾼιιρτιιιιι
584 4654 673 4709 hic
703 4652 1007 4725 Diapsalma
1034 4653 1175 4725 idem
1207 4668 1309 4708 ms.
1342 4652 1635 4725 sttltjungit.

249 4718 275 4757 δ
309 4722 487 4792 Ipsum
513 4736 567 4779 tu
596 4718 893 4795 pronomen
921 4724 1151 4778 I’alatin.
1182 4740 1287 4795 ms.
1318 4718 1473 4779 obolo
1504 4718 1777 4781 transver-

177 4788 374 4849 berat:
404 4788 704 4851 econtrario
733 4797 905 4850 Carus
930 4795 1102 4864 ipsum
1144 4794 1211 4848 ab
1242 4810 1307 4848 co
1340 4797 1526 4850 eximit
1555 4799 1775 4851 veritum

180 4865 599 4936 substantivum.
630 4862 993 4936 Subsequenii
1036 4865 1253 4936 gemino
1302 4862 1427 4921 huic
1472 4867 1591 4923 loco
1623 4868 1777 4923 Pala-

185 4932 327 5011 tinus
362 4939 529 5009 ipsam
570 4948 617 4993 et
647 4932 1273 5011 copulanréésﬂapévoz;
1305 4938 1569 4992 includit:
1602 4938 1774 4994 Carus

186 5008 391 5077 tierunt
427 5008 736 5067 econtrario
774 5008 994 5064 voculas
1024 5025 1074 5062 es
1101 5020 1173 5071 tu,
1207 5018 1469 5077 prtnnotat
1491 5011 1771 5064 asterisco.

189 5075 428 5149 Denique
462 5098 527 5137 ex
557 5081 868 5149 insequenti
923 5095 1081 5134 versu
1135 5075 1316 5148 priora
1365 5088 1567 5135 tantum
1609 5081 1774 5137 verba

190 5148 477 5222 Con/itebor
495 5154 611 5217 tibi,
652 5153 794 5206 idem
828 5166 930 5205 ms.
958 5150 1188 5221 jugulat.

258 5220 301 5259 θ’
338 5226 552 5289 Semel,
587 5225 769 5293 primo
808 5223 1006 5291 cuique
1038 5220 1320 5293 Δγειδίριιιο
1363 5236 1514 5287 eam,
1563 5237 1629 5277 cx
1673 5237 1777 5288 qua

189 5295 335 5365 juxta
381 5291 627 5351 ordinent
672 5296 968 5349 inchoatur
1014 5291 1263 5365 Ilebraici
1309 5293 1584 5363 alphabeti
1630 5294 1777 5349 litte-

191 5363 296 5422 tam
318 5411 333 5431 ,
367 5385 468 5421 ms.
503 5366 781 5422 Palatinus
812 5363 1100 5434 praeponit.
1222 5378 1227 5383 ‘

263 5438 277 5476 ί
315 5438 640 5495 Veronensis
670 5437 843 5500 liber,
876 5436 1045 5502 [actus
1086 5442 1159 5488 cst
1206 5435 1340 5489 istc:
1387 5435 1515 5489 olim
1562 5441 1680 5489 crat
1726 5444 1781 5489 ct

196 5527 350 5584 penes
379 5509 737 5581 AuguSIinum
758 5547 774 5572 ,
803 5508 973 5573 factus
1002 5514 1073 5560 est
1103 5507 1179 5571 is;
1211 5522 1383 5568 ttunc,
1416 5507 1678 5584 factuscst
1710 5506 1779 5584 ei.

199 5575 331 5641 Satis
379 5575 557 5637 autcm
616 5588 959 5649 opportune,
1012 5588 1172 5649 atque
1214 5592 1272 5631 re
1326 5594 1421 5633 sua
1452 5575 1783 5649 existimavit

202 5654 427 5714 l’salterii
490 5646 825 5709 Veronensis
881 5648 1053 5705 editor
1105 5648 1303 5705 docere
1336 5690 1350 5718 ,
1412 5658 1618 5705 textum
1679 5646 1787 5700 lle-

1887 4443 2361 4516 generefeminino.
2389 4440 2516 4516 _Sed
2558 4456 2750 4516 neque
2764 4440 2867 4495 hoc
2893 4437 3080 4516 ipsum
3108 4445 3289 4516 nostra
3318 4437 3475 4516 quid:

1887 4507 2053 4589 quam
2078 4507 2300 4589 interest
2326 4512 2496 4575 scire,
2528 4526 2594 4566 ac
2624 4507 2753 4589 nilnil
2788 4507 3242 4589 porrominusnad
3270 4507 3475 4589 laudati

1886 4580 2087 4640 codicis
2118 4584 2403 4639 lectionem
2453 4581 2799 4637 asserendam
2832 4580 3108 4636 conducit.
3140 4580 3392 4646 Sequitur
3420 4580 3473 4633 in

1886 4669 1951 4711 eo
1980 4671 2079 4711 ms.
2105 4673 2116 4708 ε
2152 4653 2250 4709 llic
2279 4664 2353 4710 est
2374 4654 2482 4710 dies
2507 4669 2658 4723 quem
2678 4652 2795 4724 fecit
2822 4651 3107 4724 Dominus;
3135 4646 3473 4717 exsultemus,

1886 4738 1932 4781 et
1965 4727 2302 4800 iocundemur
2330 4726 2493 4800 iu_eo_,
2522 4722 2694 4780 ferme
2720 4738 2845 4800 cum
2873 4722 3230 4800 Αιιειιδιίιιο.Δ
3356 4788 3367 4800 ·

1960 4806 1984 4844 κ
2016 4797 2162 4852 Idem
2190 4814 2323 4863 ms.,
2358 4796 2402 4851 Ο
2429 4795 2670 4864 Domine,
2695 4794 2890 4848 salvum
2921 4792 3150 4864 fucrero
3176 4805 3193 4845 :
3218 4792 3475 4864 tutr_t_jun-

1879 4878 1968 4924 cto
2000 4861 2339 4937 Augustino:
2370 4884 2399 4922 ο
2431 4861 2686 4930 Domine,
2719 4877 2966 4937 prospera
3012 4862 3106 4937 iter
3134 4876 3272 4937 uero.
3297 4861 3424 4937 Mox
3455 4900 3475 4927 ,

1880 4956 1989 4995 uno
2011 4931 2217 4995 scilicet
2241 4940 2556 5007 interposito
2578 4931 2758 5007 versu,
2788 4932 3094 5007 Constituite
3119 4931 3257 5007 diem
3282 4935 3472 5007 festum

1876 5012 1930 5064 in
1953 5002 2454 5082 ῘιοιείιιιιιηιιιιὶοιιὶὸὶιεΔ
2476 5022 2633 5082 usque
2656 5004 2738 5082 ad“
2753 5019 2947 5057 cornua
2989 5002 3171 5057 altaris
3199 5019 3217 5057 :
3242 5012 3295 5082 et
3320 5004 3474 5082 iuse-

1877 5073 2092 5152 quantis
2118 5083 2292 5137 altero
2314 5073 2677 5152 hemistichia,
2699 5074 2835 5152 Deus
2865 5090 3029 5142 meus,
3054 5083 3104 5129 et
3138 5073 3375 5129 exaltabo
3403 5084 3474 5134 te.

1879 5144 2075 5208 lterum
2099 5168 2165 5207 ex
2195 5158 2344 5219 parte
2364 5162 2485 5201 cum
2513 5144 2838 5214 Augustino.

1951 5222 1977 5262 ιι
2018 5223 2139 5277 Pari
2181 5216 2449 5273 consensu
2497 5219 2826 5286 Augustinus
2865 5225 2920 5272 et
2956 5216 3256 5273 Veronens.
3288 5216 3427 5273 liber
3451 5258 3469 5283 ,

1882 5294 1961 5349 Tu
1985 5290 2268 5362 prcccrpisti
2290 5289 2535 5362 mandata
2560 5298 2655 5362 tua
2670 5288 2919 5342 custodiri
2946 5288 3096 5362 nimis
3118 5304 3137 5342 :
3163 5299 3274 5344 tum
3298 5288 3471 5362 altero

1881 5367 1949 5418 ab
1980 5366 2080 5417 hoc
2108 5359 2288 5425 versu,
2325 5361 2449 5412 dum
2475 5360 2692 5429 inspicio
2714 5399 2729 5421 ,
2764 5374 2861 5428 pro
2886 5359 3107 5430 respicio
3130 5401 3144 5423 ,
3175 5370 3338 5430 atque
3365 5360 3474 5413 alio

1884 5434 2210 5502 insequenti,
2246 5433 2298 5484 in
2327 5447 2385 5484 eo
2406 5472 2419 5495 ,
2449 5448 2563 5485 cum
2592 5430 2873 5500 (August.,
2901 5429 3062 5502 quod)
3093 5429 3362 5502 didicerim
3380 5433 3476 5498 ju-

1885 5498 2270 5577 αἱεὶαίλιιειξιὶίε
2303 5514 2403 5556 tua:
2422 5543 2435 5567 ,
2462 5498 2865 5577 justiﬁcatjoncs
2895 5498 3009 5556 tuas
3039 5498 3326 5577 custodiam
3349 5536 3385 5572 η
3413 5510 3476 5545 ne

1886 5570 2209 5643 derelinquas
2238 5590 2313 5626 me
2334 5570 2491 5642 “me
2514 5574 2678 5626 ualde.
2705 5571 2772 5625 In
2791 5590 2892 5642 quo
2914 5570 3128 5639 corrigit
3141 5570 3321 5638 junior
3341 5570 3478 5616 vtam

1886 5649 2069 5703 suum?
2098 5646 2148 5699 in
2180 5644 2523 5702 custodiendo
2552 5644 2703 5699 verba
2735 5651 2848 5696 tua.
