3918 6192
471 105 578 170 343

1496 96 1556 154 S.
1601 92 1982 153 lllERONYMl
2022 90 2253 151 DlVlNA
2293 89 2771 150 BlBLlOTHECA.

3689 95 3798 157 δη

546 225 708 286 Belli.
758 222 826 282 In
856 241 960 298 quo
985 221 1195 294 corrigit
1224 218 1600 275 adolescentior
1623 216 1758 270 viam
1785 212 1981 267 suam?
2020 213 2074 266 in
2101 214 2157 275 Α
2252 209 2406 267 Beth.
2454 212 2512 270 In
2535 227 2645 285 quo
2673 211 2903 284 corrigit
2920 210 3176 285 juvenior
3203 213 3346 272 viam
3369 211 3554 272 suam?
3583 214 3641 272 in
3673 231 3800 273 cus-

479 320 820 375 custodiendo
852 333 1115 373 sermones
1154 323 1293 369 tuos.

551 417 707 473 Betti.
761 412 827 468 In
858 421 964 467 toto
990 409 1142 466 corde
1169 421 1281 461 meo
1307 402 1561 474 exquisivi
1590 411 1637 456 te
1663 417 1680 454 :
1713 416 1778 454 ne
1808 398 1930 472 [Ms.
1953 396 2080 469 non]

485 510 708 581 repellas
733 523 815 560 me
843 523 874 558 a
905 501 1164 557 mandatis
1193 501 1315 554 tuis.

549 601 710 657 Betb.
759 596 826 652 In
853 597 1008 652 corde
1033 610 1144 650 meo
1169 590 1416 649 abscondi
1445 587 1658 658 eloquia
1683 594 1776 641 tua
1817 600 1835 639 :

522 709 694 751 eccem
727 692 841 746 tibi.

522 715 694 751 ειτεηι
727 715 841 746 ιιυι.

484 715 519 767 p
549 788 708 844 Belli.
737 783 1046 841 Benedictus
1069 797 1144 847 es,
1169 775 1390 834 Domine
1413 774 1575 830 :doce
1593 788 1673 827 me
1683 771 2086 843 justiﬁcationes

486 893 628 937 tuas.

551 898 580 935 a
615 920 628 934 .

513 898 708 1032 Ἥρωι.
763 972 834 1028 1η
879 970 1031 1027 labiis
1066 965 1192 1022 meis
1221 1008 1235 1033 ,
1287 959 1625 1034 pronuntiavi
1667 957 1846 1013 omnia
1878 956 2088 1030 judicia

482 1069 587 1124 oris
640 1067 737 1122 tui.

554 1159 715 1217 Betb.
750 1155 818 1211 1η
847 1157 932 1211 via
964 1149 1379 1208 testimoniorum
1408 1155 1612 1200 tuorum
1632 1146 1922 1202 delectatus
1948 1160 2083 1214 sum,

483 1254 618 1310 sicut
648 1253 702 1307 in
732 1249 972 1306 omnibus
1005 1245 1222 1300 divitiis.

555 1343 711 1401 Betlt.
764 1341 833 1398 In
879 1337 1138 1395 mandatis
1178 1336 1278 1392 tuis
1317 1335 1593 1392 exercebar
1619 1349 1637 1390 :
1665 1340 1713 1389 et
1756 1331 2091 1388 considerabo

528 1437 602 1491 ias
628 1445 766 1491 tuas.

543 1453 602 1491 as
628 1453 766 1491 tuas.
1093 1463 1096 1465 λ

488 1453 538 1492 ω
559 1525 719 1582 Belli.
768 1522 836 1578 In
854 1517 1324 1596 justi/icationibus
1355 1518 1458 1571 tuis
1487 1514 1802 1570 meditabor:
1824 1529 1930 1569 non
1967 1491 2092 1571 obli-

499 1622 670 1675 viscar
699 1632 960 1674 sermones
987 1624 1123 1670 tuos.

403 1724 414 1733 ’
477 1767 483 1774 ,
565 1709 768 1766 Gimel.
819 1723 878 1763 σιμ
914 1705 993 1760 lle
1026 1705 1049 1772 ζ
1085 1702 1252 1758 tribue
1287 1716 1432 1756 servo
1475 1708 1565 1754 tuo
1590 1740 1605 1766 ,
1655 1700 1858 1770 viriﬁca
1885 1715 1964 1755 me
1992 1715 2010 1756 :
2040 1709 2089 1754 et

492 1801 787 1856 custodiam
817 1811 1082 1852 sermones
1113 1805 1254 1850 tuos.

563 1893 762 1951 Gimel.
792 1891 980 1948 Revela
1003 1888 1182 1944 oculos
1205 1901 1384 1942 meos:
1405 1893 1453 1941 et
1474 1884 1812 1940 considerabo
1832 1884 2093 1940 mirabilia

493 1990 558 2044 de
589 1989 701 2058 lege
739 1995 852 2041 tua.

565 2079 764 2137 Gimel.
817 2077 841 2132 1
851 2078 1002 2133 ncola
1029 2091 1124 2148 ego
1153 2091 1270 2130 sunt
1299 2076 1355 2130 in
1389 2083 1529 2129 terra
1551 2088 1570 2127 :
1613 2089 1714 2128 non
1745 2073 2036 2129 abscondas
2065 2091 2098 2129 a

493 2189 574 2228 me
601 2173 855 2226 mandata
885 2180 995 2224 tua.

481 2321 488 2327 ,
567 2262 764 2320 Gimel.
817 2259 1122 2332 Concupivit
1154 2258 1330 2312 animo
1359 2273 1474 2312 mea
1500 2255 1798 2312 desiderare
1832 2257 2098 2331 justiﬁca-

494 2356 658 2411 tiones
686 2364 804 2409 tuas
825 2395 840 2420 ,
871 2355 926 2407 in
955 2353 1098 2406 omni
1125 2361 1374 2422 tempore.

566 2448 768 2506 Gimel.
809 2447 834 2502 l
845 2446 1105 2518 ncrepasti
1126 2462 1271 2517 super
1285 2446 1375 2503 bos
1397 2459 1417 2501 :
1440 2445 1704 2501 maledicti
1724 2447 1813 2518 qui
1834 2448 2099 2506 declinant

494 2561 530 2597 a
558 2541 822 2596 mandatis
853 2540 979 2594 tuis.
1167 2593 1174 2602 ,
1961 2605 1968 2610 ι

565 2635 769 2693 Gimel.
795 2635 961 2704 Aufer
982 2649 1013 2685 a
1033 2649 1115 2689 me
1136 2632 1472 2705 approbriunt
1492 2639 1542 2688 et
1564 2639 1913 2704 contemptum
1933 2649 1952 2689 :
1971 2636 2101 2706 quia

493 2729 788 2784 testimonia
817 2735 910 2780 tua
945 2726 1220 2797 exiuisivi.

533 2873 536 2877 .
565 2817 766 2876 Gimel.
812 2817 1019 2871 Etenim
1045 2817 1292 2872 sederunt
1316 2816 1599 2889 principes,
1631 2826 1658 2853 ει
1690 2831 1748 2872 -t—
1783 2826 1831 2872 et
1865 2818 1889 2886 ζ
1919 2819 2098 2874 αάιέτ-

494 2930 610 2968 sum
637 2929 718 2968 me
742 2911 1081 2981 loquebantur
1106 2927 1124 2966 :
1150 2927 1326 2966 servus
1353 2921 1523 2964 autent
1549 2922 1663 2965 tuus
1691 2910 2021 2966 exercebatur
2046 2913 2100 2967 in

489 3002 959 3075 justiﬁcationibns
991 3003 1114 3057 tuis.

570 3093 767 3150 Gimcl.
818 3094 958 3148 Nam
989 3103 1036 3149 et
1069 3094 1365 3148 testimonia
1405 3104 1496 3150 tua
1539 3094 1807 3149 meditatio
1833 3111 1946 3150 mea
1979 3105 2053 3152 est
2077 3112 2098 3153 :

503 3199 565 3240 σθ
591 3193 637 3239 et
666 3184 687 3251 ζ
714 3185 986 3239 consilium
1013 3200 1183 3238 meum
1200 3185 1608 3257 justi/icationes
1633 3195 1756 3240 tute.

504 3275 512 3287 ”
547 3275 788 3331 'Daletli.
835 3274 1065 3331 Adhaesit
1092 3278 1383 3344 pavimento
1408 3279 1584 3332 anima
1611 3295 1722 3333 mea
1748 3296 1766 3334 :
1795 3280 1991 3350 rivi/ica
2023 3299 2100 3338 me

499 3369 783 3444 secundum
809 3368 1018 3421 verbum
1047 3376 1213 3423 tuum.
1364 3367 1377 3421 ζ

504 3453 516 3461 ’
547 3470 550 3474 ’
577 3463 787 3518 Daletb.
845 3463 968 3518 Vias
994 3480 1135 3518 meas
1165 3465 1450 3532 enuntiavi,
1479 3473 1528 3520 et
1555 3465 1813 3522 cxaudisti
1837 3484 1914 3522 me
1936 3485 1953 3522 :
1976 3467 2100 3526 doce

501 3573 582 3612 me
599 3558 1004 3628 justiﬁcationes
1032 3568 1168 3614 tuas.

500 3641 508 3650 ’
577 3649 792 3705 Daletb.
853 3649 1005 3703 Viam
1029 3651 1475 3723 justi/icationum
1506 3662 1708 3709 tuarum
1739 3653 1934 3711 instrue
1976 3672 2054 3712 me
2080 3673 2098 3710 .'

505 3755 552 3800 et
581 3744 851 3801 exercebar
878 3744 932 3799 in
954 3744 1274 3802 mirabilibus
1297 3745 1417 3803 tuis.
1448 3809 1453 3816 η

1880 592 1937 640 ut
1975 599 2081 640 non

578 3962 876 4087 "10mins
918 3964 1224 4036 Antiquarii
1269 3965 1557 4022 oscitantia
1606 3967 1656 4022 in
1687 3967 1935 4024 Palatino
1984 3983 2086 4024 ins.

578 4050 608 4085 ll
641 4044 794 4087 titur.

500 4044 794 4088 omittitur.

574 4103 601 4142 δ
643 4105 932 4173 Augustin.
962 4115 1017 4162 et
1039 4106 1338 4162 Vel-uncus.
1374 4110 1512 4164 liber
1540 4111 1820 4169 enuntiari.
1855 4121 1908 4163 et
1940 4124 2088 4171 mox,

490 4175 962 4250 jocundatussnm,
982 4192 1078 4246 pro
1100 4180 1410 4246 delectatus;
1433 4181 1720 4250 antiquarii
1744 4192 1922 4235 autent
1951 4181 2090 4234 vitio

499 4247 699 4299 desunt
729 4247 782 4300 in
815 4248 1104 4302 Veronensi
1131 4266 1233 4304 uis.
1258 4253 1416 4307 verba
1441 4247 1638 4305 sicut'in
1660 4252 1916 4305 omnibus.
1951 4253 2087 4305 'I‘um

499 4317 746 4393 sequitur
775 4334 895 4393 eum
924 4323 1243 4393 Augustino,
1277 4324 1530 4393 garriant,
1581 4338 1677 4384 pro
1715 4339 1792 4376 me
1822 4323 2087 4376 exercebo.

2191 304 2448 362 todiendo
2475 320 2758 363 sermones
2788 314 2929 362 tuos.

2261 396 2412 453 Belli.
2469 397 2526 453 In
2560 406 2674 455 toto
2703 399 2871 455 corde
2899 413 3022 456 meo
3044 398 3310 471 exquisivi
3333 409 3387 457 te
3415 419 3426 456 :
3459 417 3530 458 ne
3553 402 3800 474 repellas

2189 505 2279 546 me
2307 505 2337 544 a
2365 490 2639 546 mandatis
2667 490 2776 546 tuis
2804 508 2820 548 :

2260 583 2415 638 Betti.
2460 583 2518 639 In
2547 583 2715 640 corde
2745 597 2870 640 tneo
2901 581 3164 640 abscondi
3191 582 3406 656 eloquia
3431 593 3521 641 tua
3547 602 3565 645 :
3602 597 3663 644 ut
3689 604 3802 645 non

2191 692 2414 748 peccem
2445 677 2562 734 tibi.

2261 767 2417 825 Belli.
2478 767 2807 826 Benedictus
2834 781 2914 836 es,
2949 766 3183 824 Domine
3210 785 3222 822 :
3253 767 3390 826 doce
3419 785 3510 828 me
3527 768 3806 843 justitica-

2195 859 2374 916 tiones
2400 868 2542 916 tuas.

2264 956 2418 1012 Betti.
2460 955 2520 1013 In
2551 954 2711 1014 labiis
2743 956 2907 1024 meis,
2941 952 2970 996 ι)
2998 955 3348 1028 pronuntiavi
3378 957 3563 1014 omnia
3587 958 3804 1030 judicia

2194 1047 2307 1104 oris
2335 1047 2436 1103 tui.

2266 1143 2419 1200 Betti.
2444 1143 2500 1199 ln
2525 1143 2612 1199 via
2635 1141 3074 1200 testimoniorum
3097 1148 3312 1198 tuorum
3327 1140 3630 1202 delectatus
3650 1159 3802 1213 sum,

2194 1236 2338 1294 sicut
2366 1237 2420 1294 in
2449 1235 2708 1293 omnibus
2729 1234 2958 1291 divitiis.

2270 1329 2422 1385 Betti.
2475 1329 2534 1385 In
2565 1329 2843 1386 mandatis
2872 1329 2978 1384 tuis
3008 1341 3096 1385 me
3122 1327 3428 1387 exercebo:
3456 1336 3515 1386 et
3540 1331 3806 1389 conside-

2195 1423 2332 1482 rabo
2354 1423 2469 1479 vias
2491 1432 2634 1478 tuas.
2691 1442 2695 1446 '

2276 1514 2429 1570 Betti.
2480 1513 2539 1571 In
2585 1513 2692 1570 tuis
2739 1510 3227 1584 jiistilicationibus
3273 1512 3589 1577 meditabor
3633 1531 3648 1570 :
3689 1529 3804 1574 non

2120 1603 2170 1666 Β
2195 1606 2490 1666 obliviscar
2515 1621 2801 1664 sermones
2833 1614 2980 1663 tuos.

2266 1701 2460 1758 Gimet.
2510 1701 2775 1776 Retribue
2802 1715 2967 1758 servo
2993 1708 3108 1770 tuo,
3138 1698 3318 1758 vivam
3349 1717 3366 1763 ς
3396 1708 3452 1759 et
3479 1700 3790 1758 custodiam

2209 1809 2496 1852 sermones
2535 1804 2678 1852 ιυοε.

2267 1888 2460 1946 Gimel.
2514 1888 2714 1945 Revela
2759 1888 2948 1945 oculos
2987 1901 3141 1946 meos
3171 1903 3186 1944 :
3215 1897 3273 1945 et
3297 1888 3662 1948 considerabo
3694 1892 3803 1948 mi-

2208 1981 2404 2037 rabilia
2431 1980 2501 2038 de
2527 1980 2645 2051 lege
2672 1990 2784 2036 tua.

2272 2075 2461 2131 Gimel.
2514 2086 2536 2114 ο
2567 2075 2747 2131 lncola
2779 2088 2880 2147 ego
2909 2089 3029 2130 sum
3058 2073 3110 2130 in
3141 2083 3285 2132 terra
3311 2091 3326 2131 :
3353 2090 3461 2133 non
3489 2075 3801 2137 abscimdas

2197 2183 2230 2225 a
2260 2184 2345 2223 tne
2375 2167 2626 2224 mandata
2659 2176 2768 2224 tua.

2272 2258 2465 2317 (.‘imel.
2511 2259 2834 2330 Concupivit
2876 2259 3057 2314 anima
3088 2274 3206 2316 mea
3233 2258 3549 2318 desiderare
3579 2261 3798 2333 justiﬁ-

2199 2353 2444 2409 catioues
2466 2361 2612 2422 tuas,
2645 2354 2698 2408 iu
2727 2352 2874 2408 omni
2900 2363 3166 2423 tempore.

2272 2443 2462 2500 Gimel.
2506 2443 2805 2513 lncrepasti
2847 2444 3115 2516 superbos
3143 2461 3160 2500 :
3190 2443 3466 2502 maledicti
3492 2444 3586 2516 qui
3625 2444 3805 2506 decli-

2201 2547 2332 2593 nant
2358 2552 2388 2591 a
2413 2536 2686 2593 mandatis
2712 2536 2842 2592 tuis.

2275 2628 2465 2686 Gimel.
2519 2629 2690 2686 Aufer
2719 2645 2748 2684 a
2779 2643 2866 2686 me
2897 2630 3254 2702 opprobrium
3288 2640 3345 2688 et
3373 2641 3763 2705 contemptum
3793 2652 3806 2688 :

2203 2724 2329 2797 quia
2362 2724 2672 2781 testimonia
2698 2733 2789 2780 tua
2821 2723 3111 2796 exquisivi.

2277 2815 2465 2871 Gintel.
2515 2815 2732 2872 Etenim
2769 2815 3032 2872 sederunt
3075 2817 3350 2888 principes
3375 2859 3391 2882 .
3439 2827 3501 2873 et
3536 2818 3812 2874 adversus

2207 2924 2293 2964 me
2323 2907 2686 2980 loquebantur
2718 2926 2730 2962 :
2762 2923 2953 2964 servus
2987 2917 3168 2965 autem
3201 2918 3322 2966 tuus
3351 2908 3724 2967 exercebatur
3752 2911 3806 2966 in

2125 2983 2172 3048 (ἶ
2207 3001 2313 3056 tuis
2334 2999 2837 3072 justiﬁcationibus.

2274 3091 2462 3148 Gitnel.
2520 3091 2653 3148 Nam
2677 3101 2732 3148 et
2758 3091 3065 3149 testimonia
3093 3099 3185 3147 tua
3214 3091 3497 3149 meditatio
3524 3109 3644 3152 mea
3673 3106 3769 3154 est
3795 3114 3810 3151 :

2202 3195 2257 3242 et
2284 3184 2589 3242 consolatio
2613 3199 2732 3241 mea
2755 3184 3174 3255 iustiﬁcationes
3198 3192 3308 3240 tua:
3328 3194 3479 3241 sunt.

2277 3279 2491 3334 Daletlt.
2542 3279 2784 3335 Adhaesit
2809 3279 3121 3350 pavimento
3156 3277 3335 3336 anima
3366 3294 3486 3336 mea
3516 3295 3532 3334 :
3575 3279 3807 3338 viviﬁca

2205 3386 2292 3427 uie
2320 3369 2620 3426 secundum
2642 3369 2870 3427 verbum
2900 3380 3077 3427 tuum.
3105 3409 3109 3411 -

2279 3463 2490 3519 Daletlt.
2545 3464 2670 3518 Vias
2699 3463 2726 3501 ά
2759 3481 2909 3520 meas
2932 3465 3210 3521 enuntiavi
3234 3506 3250 3534 ,
3281 3472 3338 3521 et
3363 3464 3637 3522 exaudisti
3675 3483 3768 3525 tne
3799 3486 3812 3524 :

2208 3555 2344 3611 doce
2370 3569 2458 3610 me
2482 3554 2907 3626 justiﬁcationes
2933 3565 3074 3611 tuas.

2278 3643 2491 3699 Daletlt.
2517 3643 2670 3700 Viam
2688 3645 3134 3715 justiﬂeationutn
3161 3655 3372 3704 tuarum
3397 3646 3617 3707 insinua
3644 3650 3808 3707 mihi:

2207 3749 2263 3798 ct
2289 3739 2586 3796 exercebar
2617 3740 2672 3794 in
2698 3738 3038 3800 mirabilibus
3067 3741 3199 3798 tuis.

2199 3977 2248 4022 et
2275 3965 2496 4040 consilia
2525 3974 2635 4032 tua,
2662 3964 2974 4040 justi/icatio
2995 3982 3131 4040 mea.
3160 3964 3417 4040 Adhaesit,
3442 3976 3576 4040 etc..
3607 3971 3814 4040 quibus

2199 4037 2452 4094 omnibus
2479 4037 2615 4091 locis
2641 4039 2706 4090 ab
2735 4038 3125 4106 Augustiniana
3157 4037 3389 4092 lectione
3410 4037 3648 4098 abludit.

2270 4107 2298 4146 ά
2339 4107 2669 4179 Veronensis
2705 4107 2996 4179 ilIS.,7Vltt$_
3019 4118 3141 4179 tuas,
3176 4123 3195 4160 :
3242 4108 3294 4179 in
3327 4125 3485 4179 quem
3522 4111 3715 4168 locum
3747 4115 3808 4170 S.

2200 4181 2559 4251 Augustinus,
2595 4175 2849 4251 Nonnulli
2869 4177 3100 4249 quidem,
3131 4175 3560 4251 inqttit,'codices
3585 4185 3807 4251 habent,

2201 4248 2315 4307 vias
2343 4260 2462 4304 tuas
2493 4266 2506 4302 :
2539 4249 2629 4303 sed
2659 4249 2863 4320 plures,
2883 4248 2944 4303 et
2979 4250 3201 4303 maxime
3227 4248 3397 4305 Greeci
3415 4292 3431 4316 ,
3459 4254 3581 4308 vias
3625 4248 3808 4311 meas.

2144 4339 2172 4395 μ
2201 4323 2308 4379 Sed
2335 4332 2410 4395 et
2447 4334 2570 4390 quin
2609 4331 2908 4395 Sequuntur
2936 4359 2952 4385 ,
2999 4321 3330 4395 dissentiunt,
3353 4324 3422 4395 ab
3448 4324 3764 4395 Augustino
3792 4369 3806 4389 .

499 4382 840 4468 Denique-in
853 4382 1459 4468 justiﬁcationibns-tuis
1486 4382 1768 4468 meditabor
1792 4410 1810 4446 :
1838 4411 1937 4446 non
1967 4394 2096 4446 ebli-
2129 4382 2177 4442 Ι)
2199 4382 2596 4468 g.1t‘fi_tilii,-|\T0
2627 4382 2899 4468 emergebor
2920 4382 2947 4453 ,⁷
2968 4400 3130 4459 atque
3160 4392 3333 4468 a_ltero
3361 4393 3429 4468 al)
3456 4382 3564 4468 hoc
3587 4411 3762 4452 versu

496 4460 705 4534 νίκαν-ς
741 4459 1036 4534 veronens.
1087 4478 1189 4516 ms.
1241 4462 1617 4534 obliviscebor)
1665 4466 1934 4518 verborum
1980 4475 2098 4517 tuo-

496 4545 635 4582 rum.
658 4530 1046 4605 Retribueservo
1074 4542 1184 4600 tuo,
1216 4543 1270 4586 ut
1293 4530 1606 4605 (Augustin.
1626 4543 1681 4588 ut
1711 4537 1878 4605 tacet)
1904 4535 2090 4604 vivant,

494 4608 542 4654 et
576 4600 844 4655 custodibo
874 4605 1023 4657 verba
1051 4613 1162 4657 tua.

572 4681 619 4745 °_
639 4670 696 4725 In
723 4671 1024 4745 Veronensi
1056 4690 1160 4745 ms.
1184 4672 1512 4744 lnquilinus,
1547 4691 1646 4744 pro
1672 4673 1864 4730 Incola
1887 4692 1905 4730 :
1928 4692 2087 4745 quam

496 4739 785 4814 lectionem
833 4749 949 4813 ipse
996 4744 1183 4799 laudat
1219 4739 1562 4814 Augustinus
1601 4746 1758 4800 initio
1816 4739 2088 4803 sermonis

493 4814 671 4889 octavi
705 4812 758 4867 in
791 4812 1360 4889 huncpsalmutn._lbi
1391 4834 1404 4869 :
1437 4815 1618 4889 Incola
1649 4833 1750 4889 ego
1783 4833 1901 4873 sum
1927 4860 1942 4884 ,
1972 4829 2080 4874 etc.

491 4883 596 4959 sive
621 4926 636 4949 ,
669 4894 724 4937 ut
752 4887 990 4959 nonnulli
1021 4888 1224 4959 codices
1253 4886 1466 4947 habent,
1499 4883 1801 4958 lnqtiilﬁttts
1827 4883 1935 4959 ego
1959 4903 2077 4942 sum

487 4953 542 5006 in
593 4964 757 5036 terra.
789 4957 942 5036 Quod
965 4958 1234 5036 eniut__est_
1256 4959 1310 5036 in
1357 4958 1560 5036 (irwco,
1580 4953 1887 5036 ’πάροικοςξ
1915 4959 2081 5036 aliqui

485 5026 674 5100 nostri,
708 5026 1002 5100 inquilinus
1025 5070 1038 5093 ,
1069 5029 1234 5100 aliqui
1265 5030 1438 5085 incola
1463 5075 1476 5097 ,
1509 5026 1897 5096 nonnumquam
1923 5026 2081 5085 etiam

487 5095 699 5151 advena
743 5099 1070 5167 interpretati
1117 5095 1259 5154 sunt.
1305 5095 1566 5170 Sequitur
1610 5118 1712 5156 non
1742 5095 2075 5167 abscondas,

485 5175 624 5239 etc.,
656 5185 816 5238 quam
849 5171 1076 5239 negandi
1107 5171 1426 5239 particulam
1453 5171 1788 5228 Veronensis
1823 5173 2073 5226 Psalterii

484 5237 860 5311 editor’lacuit
887 5279 901 5302 ,
924 5237 1153 5311 'lcclore
1181 5258 1248 5295 ne
1293 5243 1458 5296 verbo
1499 5243 1716 5311 quidem
1775 5243 2072 5297 admonito.

480 5306 794 5379 Insequenti
828 5324 990 5387 versu
1023 5309 1162 5387 idem
1199 5328 1301 5367 ms.
1327 5354 1345 5387 _,
1387 5306 1684 5387 desiderare
1704 5314 1909 5387 judicia
1938 5324 2027 5367 tua
2053 5358 2066 5374 ,

482 5392 614 5454 φο..
649 5389 810 5448 atque
841 5379 1014 5454 altero
1040 5379 1108 5433 ali
1133 5380 1232 5435 hoc
1257 5423 1268 5441 .
1304 5384 1466 5448 Aufer
1492 5402 1524 5437 a
1555 5401 1633 5438 me
1661 5379 1990 5454 opprobrium
2022 5398 2069 5440 et

481 5450 798 5518 despectum.
828 5450 1074 5518 quoniam
1099 5453 1388 5505 testimonia
1411 5495 1424 5516 ,
1457 5464 1587 5516 (δια,
1623 5450 1906 5510 τιείἰυίηάο
1931 5499 1942 5513 .
1976 5457 2071 5509 ad-

479 5537 657 5596 versus
684 5538 761 5574 me
787 5522 1268 5596 sermocinabuntur
1291 5539 1306 5574 :
1328 5540 1511 5596 servus
1537 5536 1705 5580 autem
1733 5538 1846 5580 tuus
1869 5530 2070 5596 garrie-

482 5587 564 5639 bat
594 5593 645 5643 in
666 5591 1126 5659 justiﬁcationibus
1157 5593 1278 5645 tuis.
1321 5592 1521 5647 Etenim
1563 5587 1892 5664 testimonia,
1930 5608 2062 5666 clo,

2205 4461 2291 4520 ubi
2319 4464 2543 4527 dicitur,
2577 4471 2626 4514 et
2655 4461 2720 4514 de
2751 4461 2860 4531 lege
2885 4471 2996 4528 tua,
3032 4473 3140 4516 etc.
3165 4461 3300 4518 Tum
3329 4464 3555 4521 inferius
3585 4468 3696 4522 sub
3725 4461 3811 4524 Ile

2199 4535 2404 4598 littera,
2438 4531 2622 4602 Legem
2650 4541 2817 4586 statue
2849 4533 2978 4586 milii
3003 4573 3018 4598 ,
3061 4533 3312 4609 Homine,
3343 4535 3810 4609 inviajustiﬁca-

2194 4609 2396 4681 t_ionum
2439 4614 2649 4657 tuarum
2673 4612 2774 4681 ,‘et
2807 4619 3032 4681 quierant
3060 4603 3153 4657 illa
3182 4604 3316 4675 (pro
3346 4606 3528 4681 illam)
3568 4603 3801 4681 semper.

2193 4677 2331 4732 Tum
2357 4717 2373 4741 ,
2415 4693 2448 4746 p
2466 4673 2783 4727 ‘rscrutabor
2810 4673 2968 4747 legem
2999 4685 3141 4728 tuasn
3163 4673 3200 4740 ,⁷
3221 4683 3272 4747 et
3292 4673 3560 4731 custodibo
3599 4673 3758 4735 illam
3785 4722 3803 4747 ,

2190 4757 2322 4817 etc.,
2347 4745 2554 4817 ac’post
2577 4745 2955 4817 intermedium
2980 4759 3219 4807 versum,
3250 4745 3454 4802 lnclina
3477 4766 3568 4802 cor
3592 4745 3802 4815 meum,

2188 4830 2294 4909 etc.
2310 4815 2376 4872 'et
2404 4832 2523 4897 non.
2541 4816 2594 4868 in
2618 4815 3038 4909 emolumentum.
3074 4831 3171 4886 pro
3195 4819 3516 4909 qvarlitiamls
3537 4835 3727 4909 quam.
3749 4834 3806 4877 et

2193 4885 2555 4960 Hipponensis
2577 4888 2867 4957 episcopus
2893 4885 3178 4960 lectionem
3205 4888 3289 4942 Iau
3312 4889 3404 4955 lat,
3426 4891 3516 4942 ubi
3537 4885 3803 4946 Graecam

2187 4959 2573 5032 etymologiam
2605 4960 2974 5032 investigatis,
3004 4959 3102 5032 tali
3123 4998 3140 5026 ,
3176 4960 3348 5032 inquit
3372 5002 3384 5023 ,
3415 4961 3606 5016 Grceco
3637 4966 3804 5017 verbo

2186 5030 2413 5104 appella!
2434 5070 2447 5091 ,
2477 5045 2510 5104 a
2534 5044 2637 5104 quo
2663 5032 2826 5097 possit
2849 5030 3068 5098 intelligi
3097 5030 3352 5104 generalis
3378 5034 3646 5104 avaritia_,
3691 5051 3804 5104 qua

2184 5101 2304 5174 plus
2330 5102 2524 5172 appetit
2549 5102 2794 5174 quisque,
2823 5116 2981 5170 quam
3011 5109 3090 5174 sat
3129 5111 3224 5166 est,
3257 5101 3400 5174 alios
3429 5105 3566 5174 enim
3596 5101 3799 5174 Latine

2179 5172 2298 5246 plus
2325 5186 2401 5246 est
2428 5189 2446 5226 :
2464 5172 2821 5246 iiieltubitus
2843 5181 2941 5238 est,
2972 5172 3035 5224 ab
3061 5188 3120 5246 eo
3141 5173 3278 5246 qnol
3301 5185 3378 5226 est
3401 5173 3799 5246 haberetErgo

2183 5263 2214 5315 (ς
2241 5244 2357 5315 plus
2383 5244 2620 5315 habendo
2647 5243 2908 5315 appellata
2940 5250 3014 5296 est
3049 5243 3308 5315 πλεονεξία
3334 5285 3348 5305 ,
3397 5261 3554 5310 quam
3604 5243 3797 5299 Latini

2183 5312 2500 5386 Interpreles
2525 5315 2579 5368 in
2601 5312 2701 5386 hoc
2728 5312 2840 5366 loco
2865 5312 3104 5386 nonnulli
3130 5313 3453 5386 interpretati
3482 5327 3608 5367 sunt
3629 5331 3791 5368 etno-

2179 5384 2478 5440 Iumentum
2505 5427 2520 5450 ,
2567 5384 2777 5450 quidam
2820 5399 2938 5438 vero
2969 5385 3256 5454 utilitatem
3283 5425 3297 5446 ,
3345 5385 3434 5438 sed
3477 5388 3663 5440 melius
3696 5389 3796 5454 qui

2177 5459 2483 5511 avaritiam.
2533 5455 2787 5522 Sequitur
2834 5455 2884 5508 iu
2931 5454 3119 5508 eodice
3163 5453 3512 5521 Veruncusi,
3562 5457 3789 5512 Circum

2176 5531 2327 5600 aufer
2359 5525 2693 5596 opprobrium
2723 5541 2891 5600 meum
2916 5541 2934 5576 :
2968 5540 3093 5600 mox
3126 5540 3248 5600 cum
3285 5526 3594 5600 Augustino
3621 5571 3636 5592 ,
3677 5531 3753 5600 ju
3773 5558 3789 5570 -

2175 5597 2316 5654 dicia
2345 5595 2478 5653 enim
2507 5607 2598 5652 tua
2626 5595 2836 5666 suavia,
2871 5604 2957 5666 ut,
2991 5599 3044 5652 in
3080 5605 3169 5650 tua
3197 5596 3405 5662 iustitia
3434 5597 3638 5664 vivifiea
3676 5595 3784 5654 ine.
