3918 6192
126 191 217 254 5ιῦ
1386 193 1589 254 LIBER
1630 193 2075 257 PSALMORUM.

3290 202 3397 267 546

188 310 383 369 Daletb.
417 309 730 367 Dormitavit
757 309 935 365 anima
961 325 1071 366 mea
1094 325 1199 383 pro:
1226 310 1421 367 taedio:
1445 312 1696 381 conﬁrma
1724 322 1776 380 Α
1874 313 2086 370 Daleth.
2142 314 2466 373 Dormitavlt
2494 314 2674 374 anima
2718 330 2839 381 mea
2880 332 2992 391 pra:
3019 317 3220 377 tardio:
3265 336 3397 381 con.

131 421 199 461 me
222 407 267 460 in
291 404 458 461 verbis
494 406 618 460 tuis.

199 497 387 553 Dalctli.
447 495 592 549 Viam
635 495 923 567 iniquitatis
950 512 1128 552 amove
1148 513 1178 548 α
1200 512 1279 551 me
1311 512 1328 549 :
1358 505 1405 551 et
1432 505 1456 533 ³
1487 496 1551 551 de
1580 496 1692 570 lege

133 600 211 644 tua
227 592 448 644 miserere
470 587 590 641 mei.

192 681 380 738 Daleth.
440 680 595 736 Viam
621 681 856 737 veritatis
886 680 1016 754 elegi
1047 696 1065 734 :
1087 679 1291 753 judicia
1322 689 1414 735 tua
1445 696 1545 736 non
1581 697 1697 735 sum

131 776 307 831 oblitus.

188 869 382 926 Daleth.
428 870 640 927 Adlttesi
670 870 973 927 testimoniis
1022 870 1145 939 tuis,
1180 869 1405 927 Domine
1429 886 1449 927 :
1479 870 1588 927 noli
1618 889 1696 928 me

133 969 443 1037 confundere.

188 1061 382 1117 Daletb.
438 1060 594 1115 Viam
637 1064 998 1117 mandatorum
1039 1072 1250 1117 tuorum
1296 1062 1549 1117 cucurri:
1576 1077 1696 1115 cum

128 1153 329 1208 dilatasti
353 1170 445 1209 cor
470 1171 662 1209 meum.

186 1246 272 1301 lle.
311 1245 504 1319 Legem
546 1262 681 1317 pone
707 1246 863 1313 mihi,
895 1244 1119 1300 Domine
1143 1287 1157 1312 ,
1188 1245 1323 1299 viant
1359 1243 1697 1315 justi/lentio-

126 1356 231 1394 nttnt
252 1349 453 1395 tuarum
481 1356 500 1394 :
532 1350 580 1394 et
612 1340 885 1411 exquiram
906 1355 1020 1393 eam
1043 1353 1264 1409 semper.

183 1432 272 1488 lle.
319 1430 403 1485 Da
430 1431 559 1485 mihi
584 1433 922 1497 intellectum,
954 1439 1003 1486 et
1024 1431 1295 1485 scrutabor
1320 1429 1483 1501 legem
1511 1437 1649 1483 tuam
1675 1440 1695 1483 :

125 1536 161 1581 et
190 1527 464 1581 custodiam
494 1524 643 1579 illam
671 1525 725 1579 in
750 1534 856 1579 toto
878 1525 1034 1577 corde
1059 1538 1116 1579 -t~
1149 1538 1261 1577 meo
1290 1521 1311 1589 ζ

184 1620 274 1676 lle.
316 1618 503 1674 Deduc
541 1636 623 1673 me
656 1620 711 1674 in
752 1619 987 1675 semitam
1028 1617 1397 1671 mandatorum
1442 1626 1695 1671 tuorum:

121 1714 229 1784 quia
251 1716 411 1784 ipsam
451 1712 616 1767 volui.

183 1806 270 1861 lle.
321 1803 528 1859 lncliua
555 1820 644 1860 cor
665 1820 835 1860 meum
860 1805 914 1858 in
941 1803 1237 1859 testimonia
1267 1809 1357 1857 tua
1380 1844 1394 1871 ,
1427 1813 1475 1858 et
1505 1819 1609 1857 non
1636 1802 1691 1858 in

118 1896 385 1951 avaritiam.

180 1991 269 2047 lle.
315 1992 497 2045 Averte
519 1988 702 2045 oculos
724 2004 860 2044 meos
885 2004 949 2043 ne
968 1988 1173 2044 rideant
1198 1988 1477 2042 vanitatem
1500 2001 1517 2039 :
1539 1985 1591 2040 in
1616 1986 1696 2039 via

118 2095 193 2139 tua
217 2085 412 2153 vieiﬁca
450 2101 549 2138 me.

178 2177 270 2233 lle.
321 2176 505 2233 Statue
550 2191 698 2232 servo
738 2184 829 2230 tuo
879 2175 1142 2247 eloquium
1178 2183 1365 2241 tuum,
1414 2172 1469 2227 in
1513 2170 1697 2226 timore

118 2283 217 2328 tuo.

177 2367 270 2422 lle.
327 2365 552 2436 Amputa
582 2364 921 2437 opprobrium
956 2378 1163 2430 meum,
1210 2363 1351 2434 quod
1397 2363 1693 2435 suspicatus

120 2474 257 2512 sum:
285 2459 404 2529 quia
420 2458 630 2530 judicia
661 2466 752 2510 tua
771 2456 1038 2530 jucunda.

180 2549 272 2605 lle.
304 2550 432 2605 Ecce
475 2551 749 2621 concupiui
792 2549 1038 2603 mandata
1077 2558 1165 2603 tua
1193 2564 1212 2603 :
1243 2548 1297 2603 in
1325 2549 1566 2621 atquitate
1604 2559 1696 2605 tua

124 2642 303 2711 viriﬁea
328 2661 427 2698 me.

184 2733 311 2790 γῆν.
344 2734 410 2789 Et
431 2735 599 2791 veniat
624 2750 779 2804 super
800 2752 881 2789 me
904 2735 1261 2790 misericordia
1292 2744 1402 2801 tua,
1430 2733 1649 2789 Domine
1669 2750 1690 2791 .‘

129 2826 332 2883 salutare
354 2838 499 2884 tuum
522 2830 812 2884 secundum
843 2830 1101 2901 eloquium
1133 2841 1298 2884 tuum.

193 2918 312 2974 \‘av.
342 2917 406 2973 Et
448 2919 772 2990 respondebo
811 2920 1242 2991 exprobrantibus
1272 2921 1399 2974 milii
1446 2921 1694 2977 verbum:

134 3011 236 3079 quia
258 3014 440 3083 speravi
468 3013 522 3067 in
548 3013 871 3068 sermonibus
896 3014 1017 3068 tuis.

1802 408 1955 462 lirnia
1984 424 2071 465 me
2101 408 2153 463 in
2188 409 2372 465 verbis
2402 410 2530 465 tuis.

1872 500 2079 555 Dalt’llt.
2130 502 2280 557 Viam
2311 503 2612 576 iniquitatis
2637 519 2832 562 amove
2856 520 2886 561 a
2916 520 3001 562 me
3028 523 3040 560 :
3065 516 3121 567 et
3146 508 3264 579 lege
3293 519 3381 567 tua

1800 595 1871 649 uti
1906 610 2062 650 crere
2102 596 2228 652 mei.

1875 689 2089 749 Datetlt.
2117 688 2271 748 Viam
2304 692 2547 749 veritatis
2569 693 2710 767 elegi
2742 713 2752 748 :
2778 692 2982 767 judicia
3011 702 3097 751 tua
3128 708 3234 750 non
3266 709 3390 751 sum

1799 780 2021 837 oblitus.

1874 873 2086 931 Daletlt.
2116 874 2335 933 Adlnesi
2362 878 2688 936 testimoniis
2714 878 2843 949 tuis,
2877 879 3105 937 Domine
3130 896 3145 934 :
3170 879 3281 936 noli
3308 894 3395 937 me

1798 968 2159 1026 confundere.

1871 1059 2081 1116 Dalellt.
2130 1060 2229 1118 Via
2260 1062 2643 1120 mandatorum
2688 1072 2902 1120 tuorum
2929 1064 3143 1121 cucurri
3188 1080 3202 1119 :

1800 1151 1927 1223 [11s.
1958 1152 2104 1225 cum]
2133 1153 2388 1212 dilatares
2414 1170 2510 1211 cor
2538 1172 2744 1212 meum.

1876 1244 1976 1300 lle.
2028 1245 2226 1319 Legem
2259 1262 2401 1319 pone
2430 1249 2603 1318 mibi,
2642 1250 2905 1317 Domine,
2948 1249 3091 1305 viam
3128 1249 3395 1321 justitlca-

1799 1339 2009 1395 tionum
2041 1348 2257 1398 tuarum
2290 1360 2302 1395 :
2340 1350 2399 1399 et
2424 1344 2703 1414 exquiram
2731 1358 2852 1400 eam
2891 1358 3133 1416 semper.

1872 1432 1976 1488 lle.
2004 1434 2080 1489 Da
2103 1435 2234 1490 milii
2258 1436 2618 1501 intellectum,
2636 1447 2693 1493 et
2711 1438 3003 1493 scrutabor
3024 1438 3199 1511 legem
3224 1447 3393 1495 tuam:

1797 1536 1853 1583 ct
1882 1528 2185 1583 custodiam
2214 1529 2361 1583 illam
2394 1530 2446 1583 iu
2478 1540 2590 1582 toto
2620 1530 2787 1587 corde
2818 1547 2963 1587 meo.

1871 1619 1973 1675 Ile.
2008 1619 2192 1675 Dedue
2221 1635 2307 1674 me
2335 1619 2388 1674 in
2420 1623 2673 1677 semitam
2706 1622 2835 1694 [Μδ.
2865 1622 3086 1696 semita]
3114 1622 3398 1679 mandato-

3261 1064 3390 1121 dum

1726 1713 1769 1774 Β
1797 1728 1917 1769 rum
1949 1722 2165 1769 tuorum
2196 1730 2209 1767 :
2239 1715 2364 1784 quia
2394 1715 2565 1785 ipsam
2599 1714 2729 1787 [Ms.
2762 1718 3019 1786 quoniam
3047 1716 3189 1788 eam]
3225 1718 3394 1771 volui.

1873 1807 1977 1863 Ile.
2031 1806 2236 1863 lncliua
2268 1822 2365 1864 eor
2391 1823 2573 1865 meum
2610 1807 2665 1865 in
2701 1809 3015 1866 testimonia
3047 1818 3137 1865 tua
3159 1850 3175 1878 ,
3206 1820 3261 1865 et
3287 1824 3394 1865 non

1802 1900 1858 1956 iu
1884 1899 2188 1956 avaritiam.

1874 1994 1977 2049 Ile.
2012 1996 2217 2050 Averte
2246 1991 2435 2047 oculos
2466 2005 2617 2048 meos
2644 2035 2657 2063 ,
2705 2006 2775 2048 ne
2800 1990 3028 2049 videant
3054 1990 3350 2048 vanitatem
3376 2006 3391 2046 :

1807 2086 1862 2144 in
1892 2087 1979 2142 via
2021 2096 2112 2143 tua
2137 2086 2348 2142 viviﬁca
2380 2100 2489 2141 me.

1874 2179 1979 2236 Ile.
2027 2180 2217 2236 Statue
2244 2192 2406 2235 servo
2435 2188 2527 2234 tuo
2550 2175 2830 2249 eloquium
2860 2185 3011 2232 tuum
3036 2216 3050 2243 ,
3098 2175 3154 2232 in
3194 2174 3392 2233 timore

1802 2281 1915 2328 tuo.

1879 2363 1977 2419 lle.
2026 2366 2259 2434 Amputa
2289 2362 2643 2433 opprobrium
2671 2376 2874 2428 meum,
2904 2360 3049 2433 quod
3080 2359 3393 2431 Sttsuicattts

1801 2473 1921 2515 sum
1953 2475 1967 2512 :
1996 2457 2198 2528 judicia
2230 2456 2376 2512 enim
2414 2464 2505 2510 tua
2527 2453 2786 2525 jucunda.

1874 2550 1978 2606 Ile.
2006 2550 2149 2606 Ecce
2177 2548 2464 2621 concupivi
2491 2546 2744 2603 mandata
2777 2556 2864 2601 tua
2894 2562 2907 2599 :
2940 2546 2992 2601 in
3025 2544 3285 2617 aequitate
3309 2554 3399 2601 tua

1801 2645 2008 2702 virilica
2035 2661 2143 2701 me.

1880 2738 2011 2795 Var.
2043 2750 2065 2777 ο
2098 2736 2168 2792 Et
2193 2736 2378 2792 veniat
2406 2749 2572 2805 super
2599 2749 2686 2790 me
2710 2730 3089 2789 misericordia
3128 2739 3217 2785 tua
3247 2772 3261 2796 ,
3295 2730 3397 2787 llo-

1803 2831 1949 2887 tuine
1976 2850 1989 2886 :
2023 2831 2265 2885 salutare
2295 2838 2445 2883 tuum
2472 2827 2766 2883 secundum
2798 2826 3074 2896 eloquium
3108 2833 3284 2878 tuum.

1882 2924 2010 2979 Vae.
2038 2925 2105 2980 Et
2124 2924 2464 2993 respondebo
2486 2920 2945 2991 exprobrantibus
2975 2917 3109 2975 mihi
3135 2916 3392 2972 verbum:

1802 3018 1927 3091 quia
1953 3018 2172 3089 speravi
2200 3017 2253 3072 in
2277 3015 2626 3072 sermonibus
2656 3015 2785 3069 tuis.

198 3102 316 3159 Var.
353 3104 415 3158 Et
438 3121 500 3159 ne
528 3106 745 3175 auferas
769 3106 834 3159 de
873 3122 960 3159 ore
984 3122 1097 3161 meo
1130 3105 1339 3161 verbum
1364 3106 1592 3162 veritatis
1614 3124 1699 3164 us-
1726 3112 1774 3175 (ζ
1882 3109 2014 3164 Vav.
2064 3110 2132 3164 Et
2160 3125 2227 3164 ne
2268 3107 2484 3163 auferas
2511 3106 2579 3162 de
2607 3122 2704 3161 ore
2736 3120 2859 3161 meo
2890 3104 3115 3160 verbum
3148 3100 3396 3160 veritatis

138 3210 435 3266 quoquoquo:
463 3197 586 3265 quia
616 3198 669 3250 in
690 3196 913 3269 judiciis
938 3198 1041 3251 tuis
1070 3199 1457 3268 supersperavi.

197 3285 313 3342 νυ.
344 3286 407 3342 Et
432 3289 727 3343 custodiant
766 3289 934 3361 legem
961 3300 1099 3344 luant
1122 3307 1325 3361 semper
1355 3291 1409 3344 in
1448 3291 1697 3345 steculum

138 3385 174 3430 et
199 3378 248 3432 it
270 3380 505 3434 naculum
524 3379 729 3435 sweuli.

197 3469 313 3527 Var.
344 3470 407 3525 Et
455 3474 783 3527 ambulabant
829 3472 885 3527 in
933 3472 1213 3529 latitudine
1242 3490 1259 3527 :
1286 3475 1409 3545 quia
1448 3474 1697 3529 mandata

138 3572 210 3615 tua
232 3560 257 3601 δ
282 3567 537 3633 exquisivi.

198 3655 310 3711 Var.
342 3658 402 3713 Et
446 3661 693 3731 loquebar
739 3660 805 3714 de
846 3660 1153 3715 testimoniis
1190 3662 1291 3716 tuis
1322 3663 1375 3715 in
1413 3675 1693 3734 conspectu

136 3764 325 3819 regum:
354 3762 398 3805 et
426 3769 528 3806 non
555 3752 932 3821 confundebar.

192 3843 311 3899 \‘av.
342 3844 401 3899 Et
426 3846 712 3901 meditabar
737 3847 791 3899 in
816 3845 1075 3901 mandatis
1105 3847 1241 3901 tuis:
1266 3862 1380 3917 quin
1404 3846 1585 3902 dilexi.

188 4131 210 4159 α
252 4123 460 4178 lter-tius
490 4122 554 4176 de
585 4120 1027 4192 prmpositionem
1078 4120 1307 4175 Palati".
1349 4136 1455 4192 rms.
1499 4130 1638 4176 Iacet
1670 4162 1685 4185 ,

124 4207 229 4259 qua:
266 4211 433 4267 neque
482 4194 536 4249 in
589 4191 822 4248 tlebrmo
862 4203 967 4261 est,
1014 4208 1192 4263 neque
1238 4193 1290 4247 in
1331 4191 1524 4247 Gratco
1572 4194 1689 4263 ipso

126 4273 283 4321 textu.

184 4336 208 4374 ι’
238 4338 363 4392 Ubel

186 4355 208 4374 υ
238 4355 400 4393 υυειί)
447 4355 720 4405 [immutat
764 4355 1044 4389 ramuntis
1092 4355 1194 4389 ms.
1248 4355 1689 4403 prmposuumcnt

119 4408 253 4461 verbi
276 4408 541 4476 exquisivi.
567 4408 932 4476 Subsequenti
969 4422 1126 4461 versu
1152 4406 1203 4459 in
1239 4406 1562 4471 testimoniis,
1595 4422 1691 4473 pro

118 4479 173 4529 de
218 4480 503 4533 testimoniis
560 4478 727 4547 legit,
779 4478 959 4531 demto
1015 4479 1217 4531 rectius
1270 4478 1335 4530 ad
1401 4477 1688 4531 Ilebrtnttnt

447 4343 720 4405 prmnotat
762 4334 1044 4389 Palatinus
1092 4350 1194 4389 ms.
1248 4334 1689 4403 prmpositionem

1801 3215 2186 3273 usquequaque
2212 3217 2225 3254 :
2255 3200 2379 3270 quia
2410 3200 2463 3253 in
2490 3196 2707 3268 iudiciis
2734 3197 2841 3252 tuis
2864 3194 3104 3266 speravi.

1880 3295 2010 3349 γαν.
2041 3293 2109 3348 Ει
2144 3290 2448 3347 custodiam
2494 3288 2671 3359 legem
2704 3299 2850 3344 tuam
2876 3302 3109 3359 semper,
3141 3287 3193 3342 in
3238 3294 3397 3341 teter-

1801 3403 1927 3443 uum
1960 3396 2013 3441 et
2045 3386 2098 3439 in
2128 3383 2384 3439 sarculum
2412 3382 2623 3436 εωριιιί.

1881 3478 2010 3533 Vae.
2041 3478 2106 3533 Et
2134 3476 2473 3533 ambulabam
2505 3476 2558 3530 in
2590 3474 2871 3531 latitudine
2915 3490 2929 3529 :

1802 3580 1891 3625 tua
1920 3570 2208 3640 exquisivi.

1884 3660 2005 3716 γηυ.
2040 3662 2100 3717 Et
2135 3661 2396 3731 loquebar
2422 3660 2490 3715 de
2522 3657 2848 3715 testimoniis
2880 3655 2987 3712 tuis
3016 3654 3070 3710 in
3101 3662 3396 3725 couSpcctu

1801 3770 1989 3825 regum
2019 3772 2033 3807 :
2066 3763 2120 3809 et
2146 3769 2251 3809 non
2279 3752 2673 3808 cnul'tnulcbar.

1878 3848 2010 3903 Vuv.
2046 3848 2112 3903 Et
2139 3848 2437 3903 meditabar
2476 3846 2528 3900 in
2558 3841 2828 3899 mandatis
2885 3840 3030 3895 tuis:
3058 3853 3179 3910 qua:
3229 3836 3401 3894 dilexi

1801 3940 1829 3981 ἀ
1858 3942 2041 3997 nimis.

2974 3472 3099 3544 quia
3130 3468 3384 3525 mandata

1801 4118 2036 4187 inepist.
2087 4116 2154 4172 ad
2202 4116 2462 4173 Sunniam
2497 4124 2551 4171 et
2589 4113 2857 4187 Fretclam
2912 4113 2979 4167 ad
3031 4127 3154 4168 eum
3187 4113 3389 4187 locum.

1798 4184 2054 4245 Nntatum
2106 4198 2159 4243 ot
2207 4200 2398 4243 saneto
2446 4186 2767 4256 Augustino,
2815 4200 3047 4255 quocum
3100 4184 3393 4256 utasimant

1800 4262 2063 4316 haetentts
2094 4272 2300 4328 partem
2327 4254 2630 4315 Vortmens.
2668 4276 2770 4313 ius.
2803 4254 2953 4321 fecit,
2986 4254 3399 4328 Nonnulloseo-

1800 4333 1936 4385 dices
1967 4324 2151 4386 habere
2177 4332 2228 4385 in
2250 4341 2465 4399 utroque
2490 4346 2659 4393 versu,
2683 4329 2847 4382 dilexi
2884 4325 3075 4399 valde,
3094 4336 3182 4376 aut
3232 4324 3399 4399 velte-

1800 4413 2012 4457 tuentcr
2039 4422 2052 4455 ε
2076 4406 2205 4456 sicut
2251 4394 2573 4468 interpretari
2626 4400 2851 4469 placuit,
2888 4399 3027 4467 quod
3052 4398 3233 4469 linere
3264 4394 3394 4469 diei-

1800 4484 1884 4552 tur
1913 4473 2134 4552 ᾳφόδρςξ.
2161 4466 2483 4552 Addendmn
2508 4466 2650 4541 quod
2701 4482 2753 4525 et
2784 4466 3014 4552 garriant
3041 4466 3169 4552 (legi.
3188 4466 3397 4552 garrie-

117 4556 317 4629 ΤΠᾛ).
336 4562 489 4622 atque
516 4535 969 4620 ipsiitn'Grtecum
998 4550 1049 4603 iv
1070 4556 1177 4609 τοῖς
1208 4550 1535 4625 μαρτυρίοις.
1572 4548 1694 4603 Mox
1726 4549 1772 4608 D
1798 4544 1937 4629 bam)
1956 4535 2187 4629 prii-fert
2218 4545 2355 4629 idem
2399 4535 2640 4629 lusa-pro.
2661 4535 3388 4629 ςξιζιςὲρὺιιέςΔ

116 4643 164 4693 in
196 4643 384 4712 futuro,
416 4655 462 4699 et
490 4643 806 4708 meditabor,
837 4651 972 4706 tum,
1000 4652 1049 4697 et
1082 4642 1372 4704 exercebar,
1401 4658 1497 4712 pro
1525 4642 1692 4695 medi-

117 4715 271 4779 tabar,
296 4728 349 4771 et
373 4718 675 4772 exercebar.
705 4714 929 4770 Domum
951 4715 1256 4782 insequenti
1284 4728 1444 4769 versu
1474 4712 1692 4769 obelum

117 4797 242 4865 ante.
260 4788 333 4841 tui
356 4803 657 4859 pronomen
689 4800 786 4858 per
813 4786 1019 4841 librarii
1052 4784 1397 4839 oscitantiant
1456 4793 1691 4854 printer-

112 4858 290 4911 mittit.

180 4931 203 4957 ε
229 4926 391 4983 Tacet
416 4928 753 4984 Veronensis
785 4943 888 4983 ms.
943 4927 1011 4981 Et
1061 4926 1336 4995 copulam,
1366 4934 1554 4980 contra
1582 4926 1694 4981 Au-

112 4999 301 5058 gustini
330 4999 617 5055 lectionem
646 5001 918 5067 talemque
942 4997 1275 5054 sententiam
1308 5014 1320 5050 :
1378 4995 1499 5050 Non
1550 5000 1689 5052 enim

110 5070 200 5131 ait,
229 5071 399 5124 veniat
429 5087 591 5141 super
622 5084 706 5125 me
726 5087 741 5134 ;
763 5071 851 5124 sed
873 5072 969 5138 ait,
996 5070 1064 5124 Et
1096 5070 1296 5135 veniat,
1334 5076 1443 5122 etc.
1490 5068 1689 5141 Subse-

112 5142 286 5205 queuti
316 5158 463 5196 versu
502 5140 661 5195 idem
717 5155 843 5201 ms,
891 5142 1247 5208 respondeam.
1281 5146 1418 5203 etc.,
1447 5140 1692 5209 quoniam

112 5214 303 5277 speravi
325 5213 375 5265 in
400 5214 559 5268 rerbis
582 5211 713 5265 suis.
746 5212 810 5264 Et
833 5227 895 5263 ne
917 5214 1122 5280 auferas
1152 5227 1213 5263 ex
1236 5226 1322 5263 ore
1351 5226 1461 5262 meo
1487 5212 1692 5264 verbum

114 5284 329 5353 [eruatis
356 5301 505 5353 usque
526 5283 678 5335 valde
701 5297 720 5335 :
744 5283 990 5353 quoni'tm
1014 5283 1065 5335 in
1090 5282 1306 5351 judiciis
1326 5283 1438 5353 tuis
1460 5283 1689 5348 speravi.

119 5348 459 5426 Eteustodib'o
492 5355 679 5426 legem,
713 5348 822 5426 cie.
862 5352 933 5426 lit
976 5348 1296 5426 ingrediebar
1316 5352 1371 5426 in
1397 5353 1688 5426 latitudine,

115 5424 229 5484 quia
252 5423 650 5479 testimonia'tua
672 5424 939 5490 exquisivi.
969 5423 1029 5476 Et
1048 5424 1291 5493 loquebar
1316 5424 1370 5476 in
1390 5424 1691 5478 testimoniis

119 5494 213 5541 tuis
238 5496 287 5546 in
309 5508 571 5565 conspectu
600 5511 783 5563 regunt
828 5512 846 5547 :
897 5495 1132 5564 denique
1180 5496 1229 5545 in
1276 5493 1534 5547 mandatis
1566 5496 1687 5560 tuis,

116 5575 226 5626 qua:
252 5567 403 5621 dilexi
428 5567 607 5629 valde;
634 5566 723 5621 cui
766 5566 1053 5620 consimile
1081 5565 1391 5618 adverbium
1421 5567 1685 5617 vehemen-

120 5638 191 5683 ter
215 5644 345 5690 tacet
376 5638 722 5707 subsequenli
772 5652 953 5702 versu,
986 5637 1074 5690 ubi
1117 5636 1277 5689 verba
1332 5634 1448 5689 huc
1496 5635 1686 5689 eadem

122 5715 410 5764 recurrunt.
442 5709 652 5766 Videsis
680 5709 781 5764 bac
804 5708 871 5764 de
900 5722 961 5765 rc
992 5707 1413 5764 Auuotationctn
1441 5714 1681 5761 nostram

1798 4609 2108 4685 Aug'uIstiuo
2163 4625 2403 4669 noratum
2452 4622 2559 4676 est,
2590 4611 2679 4666 ubi
2706 4610 2800 4675 ait,
2840 4609 3038 4685 Plures
3089 4609 3392 4673 interpretes

1798 4680 1967 4741 dicEre
1999 4685 2288 4739 maluerunt
2314 4686 2636 4745 exereebar,
2661 4698 2816 4750 quam
2840 4680 3089 4744 lectabar,
3142 4687 3229 4750 aut
3257 4690 3393 4750 par-

1798 4758 2024 4821 riebam,
2050 4757 2189 4828 quod
2220 4758 2379 4826 aliqui
2402 4744 2722 4826 interpretati
2750 4762 2865 4805 sunt
2893 4767 2958 4805 ex
2988 4768 3067 4817 eo,
3090 4745 3227 4818 quod
3247 4744 3392 4800 Grat-

1797 4843 1891 4900 cus
1912 4829 2061 4900 habet
2081 4828 2427 4899 ἠδολέσχουν-
2756 4894 2767 4900 _
3238 4836 3247 4845 Ἣ

1870 4898 1897 4938 (ι
1941 4898 2109 4952 Nimis
2152 4888 2485 4965 supéi-lluum
2533 4911 2654 4950 esse
2695 4894 2896 4947 scimus
2924 4906 2996 4965 es
3024 4888 3384 4965 llicronuymo,

1798 4971 1939 5040 apud
1982 4985 2142 5041 quem
2194 4957 2511 5023 velteiitenter
2555 4966 2784 5041 habetur
2819 4977 2913 5041 pro
2944 4961 3119 5041 nimis:
3176 4957 3388 5041 Conse-

1795 5029 2023 5109 qitcntoi'
2064 5057 2196 5095 vero
2262 5042 2492 5109 positum
2534 5029 2989 5109 est_atlvcr_liium
3043 5029 3388 5109 vehementer,

1796 5100 1938 5185 quod
1968 5114 2161 5185 legitur
2191 5113 2241 5164 in
2263 5100 2379 5185 ius,
2413 5102 3037 5185 Altﬂtlll‘t‘ll'lllﬂ-GI'I§CO,
3067 5110 3120 5185 et
3156 5100 3389 5185 in.StI)r-

1798 5170 1833 5239 li
1856 5186 1993 5240 mico
2019 5170 2226 5237 "Latino
2262 5179 2545 5232 Psalle-rio.
2606 5174 2964 5227 Carnutensis
3000 5171 3165 5225 cnth
3196 5171 3273 5222 sic
3308 5170 3389 5223 le-

1798 5259 1910 5325 git:
1960 5256 2027 5306 ad
2078 5255 2319 5303 mandata
2368 5260 2456 5303 tua
2502 5260 2615 5325 qna:
2658 5242 2823 5325 tlil'dft'
2870 5243 3042 5295 nimis.
3090 5241 3389 5325 Monunius

1798 5309 1978 5380 autem
2029 5324 2238 5375 videtur
2288 5324 2475 5375 laetor,
2514 5309 2671 5367 'i-zlud
2720 5314 3044 5367 uehementer
3090 5316 3281 5364 deesse
3329 5309 3385 5362 in

1800 5396 2025 5465 epistola
2046 5392 2387 5465 adsumunt"
2418 5398 2474 5465 et
2497 5383 2770 5465 b‘rete'laut
2798 5397 2905 5465 tam
2930 5383 2981 5435 in
3013 5384 3194 5465 editis,
3218 5394 3383 5457 quam

1798 5452 1848 5521 iii
1884 5481 2013 5519 mss.
2046 5461 2196 5515 libris
2223 5477 2234 5511 :
2269 5461 2393 5529 quia
2428 5456 2527 5529 nisi
2559 5452 2697 5529 adsit
2730 5458 3050 5529 vehementer
3088 5452 3168 5505 vel
3191 5454 3296 5529 “uin
3322 5452 3393 5514 is,

1796 5554 1898 5592 non
1932 5536 2041 5586 ιτισὶι
2072 5546 2256 5584 vernn:
2289 5521 2393 5580 iam:
2433 5528 2551 5578 loco
2587 5524 2797 5589 aliquid
2846 5538 2968 5576 esse
3018 5521 3283 5594 supct‘llut
3308 5534 3362 5573 tu
3464 5522 3468 5527 ’

1793 5619 1850 5665 ut
1881 5606 2078 5663 ibidem
2106 5601 2288 5657 docuit
2317 5601 2374 5654 ὃ.
2408 5597 2798 5661 Hieronymus.
2832 5594 3015 5648 Mur.
