3918 6192
476 147 584 213 3ιό

1500 137 1561 196 S.
1606 133 1989 196 HIERONYMI
2028 132 2259 193 DlVlNA
2298 131 2777 193 BIBLIDTHECA.

3703 133 3816 197 541

551 267 713 329 Belli.
761 265 831 326 In
860 283 963 341 quo
987 263 1200 337 corrigit
1229 260 1606 319 adolescentior
1628 258 1764 313 uiam
1791 255 1988 310 suam?
2026 255 2080 309 in
2106 255 2163 318 Α
2258 250 2412 309 Beth.
2459 254 2518 312 tn
2540 269 2651 327 quo
2678 252 2909 327 corrigit
2925 252 3181 327 juvenior
3207 253 3351 314 viam
3374 251 3563 314 suam?
3592 254 3655 312 in
3687 270 3819 313 eus-

456 362 824 418 -custodicndo
855 374 1121 417 sermones
1159 366 1299 412 tuos.

554 459 712 515 Betti.
764 455 833 511 In
862 463 969 510 toto
994 451 1149 513 corde
1174 463 1288 504 meo
1313 444 1568 518 exquisivi
1595 453 1644 499 te
1668 459 1687 498 :
1719 458 1784 497 ne
1814 440 1936 515 [Ms.
1959 438 2086 512 non]

488 552 713 623 repellas
738 565 820 603 me
847 565 881 601 a
909 544 1171 603 mandatis
1199 543 1322 597 tuis.

554 642 715 700 Betlt.
764 638 832 695 In
859 638 1014 695 corde
1039 653 1150 694 meo
1174 632 1423 693 abscondi
1451 629 1665 701 eloquia
1688 636 1782 684 tua
1823 642 1841 682 :
1885 634 1943 683 ut
1981 640 2087 682 non

556 751 700 793 ccem
733 734 848 790 tibi.

527 754 700 794 eccem
733 754 848 790 ιιυι.

488 756 524 810 Ρ
554 830 715 886 Belli.
742 825 1052 883 Benedictus
1075 839 1151 890 es,
1175 818 1396 877 Domine
1418 815 1581 872 :doce
1598 829 1679 870 me
1688 813 2092 885 justiﬁcationes

491 935 715 1074 mantnt.
768 1014 840 1071 In
885 1012 1037 1070 labiis
1071 1006 1199 1065 meis
1226 1049 1241 1076 ,
1291 1001 1631 1077 pronuntiavi
1672 999 1851 1056 omnia
1883 998 2093 1072 judicia

523 1118 567 1165 r’
645 1118 743 1164 ltti.

488 1127 520 1167 ο
549 1128 722 1259 tl‘3etlt.
755 1197 824 1254 In
853 1200 939 1253 via
970 1190 1385 1251 testimoniorum
1414 1197 1619 1243 tuorunt
1638 1188 1929 1246 delectatus
1953 1202 2090 1257 sum,

491 1296 625 1352 sicut
654 1295 709 1350 in
738 1292 979 1349 omnibus
1012 1287 1229 1343 diuitiis.
1306 1343 1311 1347 ,

561 1386 719 1445 Betlt.
770 1382 841 1440 In
886 1379 1145 1438 mandatis
1184 1378 1286 1434 tuis
1324 1376 1600 1435 exercebar
1625 1390 1644 1432 :
1672 1382 1719 1431 et
1762 1373 2097 1431 considerabo

494 1486 843 1624 “ﬁgitﬁgit
860 1558 1331 1638 justi/icationibus
1361 1559 1464 1614 tuis
1492 1556 1808 1614 meditabor:
1830 1571 1936 1612 non
1973 1530 2099 1613 obli-

506 1664 677 1718 viscar
705 1674 966 1716 sermones
993 1666 1130 1713 tuos.

410 1765 421 1775 '
483 1808 490 1816 ,
571 1751 774 1809 Gimel.
824 1764 883 1805 σιν
919 1747 999 1802 Ile
1031 1746 1056 1815 ζ
1090 1743 1259 1801 tribue
1291 1758 1437 1799 seruo
1480 1750 1571 1796 tuo
1595 1781 1610 1809 ,
1659 1741 1864 1813 uiri/ica
1890 1756 1971 1797 me
1997 1757 2017 1799 :
2045 1750 2096 1797 et

498 1842 793 1898 custodiam
822 1852 1088 1894 sermones
1118 1846 1260 1892 tuos.

567 1934 768 1994 Gimel.
796 1932 987 1990 Revela
1008 1929 1188 1986 oculos
1210 1943 1351 1984 meas
1370 1942 1389 1983 :
1410 1935 1459 1984 et
1479 1925 1818 1982 considerabo
1838 1925 2100 1982 mirabilia

499 2031 564 2085 de
594 2030 706 2085 leae
743 2036 858 2083 tua.

594 2045 706 2100 tege
743 2045 858 2083 tua.

569 2120 770 2178 Gituel.
821 2118 848 2173 1
857 2118 1008 2174 ncola
1035 2133 1130 2190 ego
1157 2132 1275 2172 sunt
1303 2117 1361 2172 in
1395 2124 1535 2171 terra
1556 2129 1577 2169 :
1618 2131 1721 2170 non
1750 2114 2043 2171 abscondas
2070 2131 2105 2171 a

498 2230 580 2269 nte
606 2213 861 2268 mandata
892 2221 1002 2266 tua.

487 2362 495 2370 ,
573 2303 771 2362 Gimel.
822 2300 1129 2374 Concupitiit
1160 2299 1337 2354 anima
1366 2313 1482 2354 mea
1506 2296 1805 2355 desiderare
1838 2298 2105 2372 justi/ica-

501 2398 666 2453 tiones
692 2405 811 2451 tuas
831 2437 847 2462 ,
878 2396 933 2450 in
961 2394 1105 2448 omni
1132 2402 1382 2464 tempore.

573 2490 776 2548 Gimel.
814 2489 842 2544 l
852 2487 1113 2560 ncrepasti
1133 2504 1279 2559 super
1292 2487 1383 2546 bos
1404 2501 1424 2544 :
1447 2486 1712 2544 maledicti
1731 2488 1821 2560 qui
1841 2489 2106 2549 declinant

501 2602 537 2640 a
566 2582 830 2638 ntandatis
859 2582 987 2637 tuis.
1173 2635 1182 2645 ,
1968 2646 1975 2652 .

573 2677 776 2735 Gimel.
803 2675 968 2747 Aufer
989 2691 1021 2728 a
1039 2691 1122 2732 me
1143 2674 1480 2747 appt'obriunt
1499 2680 1550 2731 et
1571 2680 1921 2746 contemptum
1939 2691 1960 2730 :
1977 2677 2108 2749 quia

499 2770 796 2827 testimonia
824 2776 918 2822 tua
952 2767 1227 2839 exquisivi.

573 2858 774 2918 Gimel.
819 2858 1027 2914 Etenim
1053 2859 1300 2914 sederunt
1324 2858 1606 2931 principes,
1637 2867 1664 2895 ει
1697 2872 1757 2913 οι-
1790 2867 1838 2914 et
1872 2859 1896 2928 ζ
1925 2860 2105 2915 adrer-

500 2971 619 3011 sum
644 2970 727 3010 me
750 2952 1089 3023 loquebantur
1113 2968 1132 3008 :
1157 2969 1334 3009 servus
1359 2963 1531 3007 autent
1555 2964 1670 3008 tuus
1698 2951 2028 3008 exercebatur
2051 2954 2107 3009 in

496 3044 966 3118 justiﬁcationibus
998 3045 1122 3099 tuis.

576 3134 774 3191 Gimel.
825 3135 965 3190 Nam
996 3144 1043 3191 et
1075 3136 1373 3191 testimonia
1411 3145 1503 3193 tua
1545 3136 1815 3192 meditatio
1840 3152 1954 3192 mea
1986 3146 2060 3194 est
2083 3153 2104 3195 .'

509 3240 573 3281 σεο
597 3224 695 3299 εις
720 3226 993 3281 consilium
1020 3240 1190 3281 meum
1206 3228 1615 3300 justi/icationes
1639 3237 1763 3283 tute.

509 3316 519 3329 '
553 3316 795 3372 ‘Daleth.
841 3317 1071 3372 Adlttes-it
1097 3319 1389 3385 pavimento
1414 3321 1590 3374 anima
1616 3337 1729 3375 mea
1754 3338 1772 3376 :
1801 3322 1998 3393 riui/ica
2029 3339 2107 3379 me

505 3409 788 3491 secundum
814 3408 1024 3491 uerbum
1052 3416 1219 3465 tuum.
1369 3409 1383 3465 .’

510 3494 522 3503 ’
552 3509 557 3515 ’
583 3503 793 3559 Daletlt.
849 3503 974 3560 Vias
1000 3520 1141 3559 meas
1170 3506 1455 3573 enuntiari,
1484 3513 1534 3562 ct
1560 3506 1819 3563 exaudiin
1842 3525 1920 3563 me
1941 3525 1959 3564 :
1982 3508 2106 3568 doce

506 3614 589 3654 me
605 3598 1010 3669 justiﬁcationes
1037 3609 1175 3656 luas.

506 3682 513 3695 ’
583 3689 799 3746 Daletlt.
858 3691 1012 3746 Viam
1035 3692 1481 3765 justiﬁcationum
1511 3702 1715 3751 tuarum
1744 3694 1940 3752 instrue
1981 3712 2060 3753 me
2086 3712 2105 3751 :

511 3784 858 3855 elemercebor
884 3785 939 3840 in
960 3785 1281 3844 mirabilibus
1303 3787 1423 3846 tuis.
1455 3850 1461 3858 ,
1497 3782 1500 3787 ’

506 4002 883 4128 “sulpicius
924 4005 1232 4077 Antiquarii
1276 4006 1565 4065 oscitantia
1613 4009 1664 4065 in
1694 4009 1943 4067 Palatino
1991 4023 2094 4066 ms.

671 4091 682 4126 Ι
716 4091 745 4126 ιι
786 4113 801 4126 .

671 4091 801 4126 ιιιιΓ.

580 4142 608 4182 ιι
649 4144 940 4213 Augustin.
969 4154 1025 4202 et
1045 4145 1347 4201 Ver-uncus.
1382 4150 1520 4204 liber
1548 4152 1828 4211 enuntiari.
1862 4161 1917 4205 et
1947 4166 2096 4213 mox,

498 4214 971 4290 jucundatus‘sum,
990 4231 1087 4285 pro
1105 4218 1420 4290 delectatus;
1441 4221 1728 4290 antiquarii
1751 4233 1929 4276 autem
1958 4223 2097 4276 vitio

507 4286 709 4340 desunt
736 4286 790 4341 in
822 4287 1113 4343 Veronensi
1140 4304 1243 4343 tus.
1266 4292 1426 4346 verba
1449 4286 1647 4345 sit-utin
1668 4292 1924 4346 omnibus.
1959 4293 2094 4346 Tum

508 4357 755 4433 sequitur
783 4373 905 4433 eum
933 4362 1257 4433 August'nn,
1286 4363 1539 4433 garriam,
1589 4378 1686 4425 nru
1723 4380 1800 4417 me
1830 4364 2094 4418 exercebo.

2196 346 2454 405 todiendo
2480 362 2764 405 sermones
2793 356 2935 404 tuos.

2266 438 2418 496 Betlt.
2473 439 2532 496 lu
2565 447 2680 497 toto
2708 439 2877 497 corde
2904 454 3027 497 meo
3048 438 3315 513 exquisivi
3338 449 3392 499 te
3419 459 3432 497 :
3464 457 3537 499 ne
3561 442 3819 515 repellas

2195 546 2284 589 me
2312 547 2343 587 a
2370 532 2645 589 mandatis
2672 531 2782 588 tuis
2810 549 2826 590 :

2266 624 2421 681 Both.
2465 625 2525 682 In
2552 625 2721 683 corde
2751 639 2876 682 meo
2905 623 3169 682 abscondi
3195 623 3412 697 eloquia
3436 634 3528 682 tua
3554 643 3574 687 :
3610 637 3678 684 ut
3705 643 3823 685 non

2197 733 2420 791 peccem
2451 710 2569 776 tibi.

2267 809 2423 867 Betlt.
2482 808 2813 868 Benedictus
2839 823 2920 879 es,
2954 807 3188 866 Domine
3215 826 3227 864 :
3257 807 3396 868 doce
3423 824 3518 868 me
3535 808 3825 885 justiﬁes-

2200 901 2379 959 tioues
2405 910 2548 958 tuas.

2269 997 2423 1055 Beth.
2465 997 2525 1055 In
2556 996 2718 1057 labiis
2749 997 2913 1066 meis,
2945 994 2976 1038 δ
3003 995 3353 1070 pronuntiari
3382 998 3573 1056 omnia
3596 999 3823 1071 judicia

2199 1090 2313 1147 oris
2340 1089 2442 1146 tui.

2272 1184 2425 1242 Beth.
2449 1184 2507 1241 In
2530 1184 2618 1242 via
2640 1182 3080 1242 testimoniorum
3101 1189 3317 1239 tuorum
3332 1180 3641 1242 delectatus
3658 1199 3821 1254 sum,

2199 1278 2345 1337 sicut
2372 1278 2427 1336 in
2455 1277 2715 1336 omnibus
2736 1275 2965 1333 divitiis.

2274 1371 2429 1428 Beth.
2481 1371 2540 1427 lu
2572 1370 2850 1428 mandatis
2877 1369 2985 1425 tuis
3013 1382 3103 1427 me
3126 1368 3436 1428 exercebo:
3463 1377 3524 1428 et
3548 1371 3826 1430 conside-

2201 1464 2339 1525 rabo
2359 1464 2475 1522 vias
2496 1474 2641 1521 tuas.
2696 1482 2703 1489 θ

2282 1556 2435 1612 Beth.
2485 1555 2545 1614 lu
2591 1555 2699 1613 tuis
2744 1552 3233 1626 justiﬁeationibus
3279 1552 3598 1619 meditabor
3639 1572 3657 1611 :
3701 1570 3823 1615 non

2125 1645 2177 1709 B
2199 1648 2497 1709 obliviscar
2520 1663 2807 1706 sermones
2839 1656 2986 1706 tuos.

2271 1742 2466 1800 Gimet.
2516 1742 2781 1822 [lett-ibus
2807 1756 2973 1800 servo
2998 1750 3115 1812 tuo,
3143 1739 3325 1800 vivam
3355 1757 3373 1804 :
3402 1749 3460 1800 et
3486 1741 3807 1800 custodian

2214 1850 2502 1895 sermones
2540 1845 2684 1894 ιυοε.

2272 1929 2466 1988 Gimel.
2518 1929 2721 1987 Revela
2764 1929 2954 1987 oculos
2992 1943 3148 1988 meos
3177 1944 3194 1985 :
3221 1937 3280 1988 ct
3303 1929 3674 1990 considerabo
3706 1933 3820 1990 mi-

2214 2023 2410 2079 rabilia
2436 2021 2507 2080 de
2532 2022 2651 2094 lege
2677 2031 2790 2078 tua.

2278 2116 2468 2173 Cimel.
2520 2127 2542 2157 ο
2572 2116 2753 2173 lncola
2784 2129 2886 2189 ego
2914 2129 3035 2171 sum
3064 2114 3117 2171 in
3146 2123 3292 2174 terra
3317 2132 3334 2173 :
3359 2131 3469 2174 non
3496 2116 3817 2178 abscondas

2204 2196 2236 2267 a
2266 2225 2352 2265 me
2381 2208 2632 2266 mandata
2665 2218 2775 2265 tua.

2278 2299 2472 2359 (ἤθεσι.
2516 2300 2840 2372 Concupivit
2882 2300 3064 2357 anima
3093 2314 3212 2358 mea
3238 2299 3559 2360 desiderare
3587 2302 3812 2375 justiti-

2204 2394 2451 2451 cationes
2472 2403 2619 2464 tuas,
2651 2395 2704 2450 in
2732 2393 2881 2450 omni
2905 2403 3173 2465 tempore.
3388 2464 3391 2469 ⁴

2200 2540 2201 2543 η
2278 2484 2469 2543 Gimel.
2512 2484 2811 2555 lucrepasti
2852 2485 3121 2558 superbos
3149 2501 3166 2542 :
3195 2484 3474 2544 maledicti
3499 2485 3598 2559 qui
3637 2485 3819 2548 decli-

2207 2588 2340 2635 nant
2365 2593 2395 2633 a
2419 2577 2692 2635 mandatis
2718 2577 2849 2634 tuis.

2281 2669 2472 2727 Gimel.
2525 2670 2697 2727 Aufer
2725 2686 2754 2726 a
2784 2684 2873 2727 me
2902 2671 3260 2744 Oppi-ebrium
3294 2681 3351 2730 et
3379 2681 3776 2747 contemptum
3806 2694 3820 2730 :

2209 2765 2336 2838 quia
2367 2765 2678 2822 testimonia
2704 2774 2796 2822 tua
2827 2764 3118 2837 exquisivi.

2283 2856 2472 2913 Gimel.
2520 2855 2739 2914 Etenim
2775 2856 3039 2914 sederunt
3082 2858 3356 2930 principes
3381 2899 3398 2923 ,
3445 2868 3508 2915 et
3544 2860 3825 2916 adversus

2212 2965 2300 3005 me
2328 2948 2692 3021 loquebantur
2723 2967 2737 3004 :
2768 2964 2960 3006 servus
2994 2957 3175 3006 autem
3207 2960 3328 3007 tuus
3357 2950 3736 3009 exercebatur
3763 2952 3819 3008 iu

2131 3025 2179 3089 C
2213 3042 2320 3098 tuis
2340 3040 2843 3113 iustiﬁcationibus.

2280 3131 2469 3190 Gitnet.
2526 3132 2660 3189 Nam
2683 3143 2738 3190 et
2764 3132 3072 3190 testimonia
3099 3140 3191 3189 tua
3220 3132 3504 3191 meditatio
3530 3150 3656 3194 mea
3681 3147 3780 3196 est
3807 3155 3823 3194 :

2208 3236 2264 3284 et
2290 3225 2595 3284 consolatio
2619 3240 2739 3283 mea
2761 3224 3181 3296 iustiﬁcationes
3203 3233 3314 3281 tute
3333 3235 3486 3283 sunt.

2282 3319 2497 3375 Dalelh.
2548 3319 2791 3376 Adhaesit
2815 3319 3128 3391 pavimento
3162 3318 3341 3377 anima
3372 3335 3538 3377 mea:
3582 3320 3820 3382 viviﬁca

2211 3426 2299 3468 me
2325 3408 2626 3467 secundum
2648 3410 2876 3469 verbum
2906 3420 3084 3468 tuum.
3110 3448 3117 3454 ι

2284 3502 2497 3559 Daletlt.
2550 3503 2677 3559 Vias
2704 3503 2733 3542 ά
2765 3520 2915 3561 meas
2938 3505 3217 3563 enuntiari
3239 3546 3256 3575 ,
3286 3512 3344 3562 et
3369 3504 3645 3563 exaudisti
3680 3525 3780 3567 me
3811 3528 3826 3566 :

2214 3595 2350 3652 doce
2375 3609 2464 3650 me
2487 3594 2914 3666 jnstiﬁcationes
2939 3605 3081 3652 luas.

2284 3683 2497 3740 Daletlt.
2522 3683 2677 3741 Viatn
2693 3685 3141 3756 justiﬁcationunt
3168 3696 3379 3745 tuarum
3402 3686 3626 3747 insinua
3652 3692 3822 3750 milli:

2213 3790 2270 3840 et
2295 3779 2592 3853 erxcrccbor
2623 3780 2678 3836 in
2703 3779 3044 3841 mirabilibus
3073 3782 3206 3840 tuis.

2205 4018 2255 4064 et
2281 4007 2503 4082 consilia
2531 4015 2642 4082 tua,
2668 4004 2980 4082 justiﬁcatio
3002 4022 3137 4082 mea.
3164 3987 3424 4082 Adhaesit,
3448 4013 3828 4082 pleniqnibus

2206 4079 2459 4135 omnibus
2484 4078 2621 4132 locis
2646 4080 2713 4131 ab
2741 4078 3133 4147 Augustiniana
3163 4078 3395 4134 lectione
3416 4078 3653 4139 abludit.

2277 4148 2306 4189 τι
2345 4148 2676 4220 Veronensis
2712 4147 3003 4220 nis.,AVias_
3025 4158 3148 4220 tuas
3182 4163 3201 4201 :
3247 4148 3301 4220 in
3333 4165 3492 4220 quem
3529 4151 3726 4211 locum
3759 4157 3823 4213 S.

2164 4260 2174 4266 .
2206 4222 2566 4293 Augustinus,
2601 4215 2856 4294 Nonnulli
2875 4217 3333 4294 quidenttinqujt,
3350 4215 3567 4278 "codices
3591 4226 3819 4294 habent,

2207 4289 2323 4348 vias
2350 4302 2468 4346 tuas
2499 4307 2513 4343 :
2546 4290 2635 4344 sed
2664 4289 2952 4362 plures,'ct
2986 4290 3209 4362 tttaaime
3234 4289 3438 4358 Greeci,
3465 4295 3587 4350 vias
3630 4289 3821 4354 meas.

2150 4380 2179 4436 '_
2207 4362 2417 4436 Sedet
2453 4375 2576 4431 qua:
2615 4361 2916 4436 sequuntur
2943 4400 2959 4426 ,
3006 4361 3337 4436 dissentiunt
3360 4364 3429 4436 alt
3455 4365 3775 4436 Augustino
3803 4411 3819 4433 .

508 4421 1468 4508 [leniqnehlnjustiﬁcationibustuis
1494 4421 1777 4508 meditabor
1799 4449 1818 4486 :
1845 4450 1945 4485 non
1975 4434 2104 4487 cbli-
2135 4421 2184 4483 Ι)
2206 4435 2436 4508 garriant
2457 4421 2486 4492 ,’
2505 4445 2602 4500 pro
2632 4421 2906 4508 eacrcebor
2926 4421 2956 4495 ,’
2975 4439 3137 4501 atque
3166 4432 3341 4508 altero
3368 4433 3436 4508 al)
3463 4421 3571 4508 bo;
3593 4421 3773 4495 nisi:

504 4500 715 4576 viscar_(
750 4500 1046 4576 Veronens.
1095 4516 1198 4556 ms.
1249 4501 1625 4576 obliviscebor)

504 4587 645 4625 rum.
667 4570 1055 4647 Retribttesertto
1082 4581 1193 4639 tuo,
1224 4581 1279 4626 ut
1301 4570 1616 4646 (Augustin.
1633 4583 1690 4629 ut
1719 4578 1886 4647 tacet)
1911 4576 2097 4646 uiuam,

502 4649 551 4696 et
584 4642 854 4697 custodibo
882 4644 1032 4698 verba
1059 4652 1170 4698 tua.

580 4722 630 4787 °_
648 4711 705 4766 In
732 4712 1033 4787 Veronensi
1064 4729 1168 4787 ms.
1192 4712 1521 4785 quuilinus,
1554 4731 1654 4787 pro
1679 4714 1872 4772 Incola
1894 4732 1913 4772 :
1935 4731 2095 4787 quam

504 4780 795 4855 lectionem
842 4788 959 4855 ipse
1005 4785 1192 4841 laudat
1227 4780 1570 4855 Augustinus
1607 4786 1766 4841 initio
1823 4780 2096 4845 sermonis

501 4854 681 4930 octavi
712 4853 768 4909 in
800 4853 1368 4930 ltunc‘psalmnmelbi
1399 4874 1412 4910 :
1443 4856 1627 4930 Incola
1651 4873 1758 4930 ego
1791 4874 1909 4914 sum
1934 4901 1950 4927 ,
1979 4869 2087 4915 etc.

499 4924 606 5000 sive
630 4966 646 4991 ,
678 4933 734 4978 ut
760 4928 1000 5000 nonnulli
1029 4928 1233 4983 codices
1261 4927 1475 5000 habent,
1506 4924 1809 4999 lnqttilintts
1835 4924 1943 5000 ego.
1966 4944 2085 5000 smn

495 4993 552 5047 in
601 5004 767 5077 terra.
797 4997 951 5077 Quod
974 4999 1244 5077 enint__est_
1263 5001 1319 5077 in
1364 4999 1569 5077 (irwco,
1587 4993 1895 5077 ’πάροικοςξ
1922 4998 2089 5077 aliqui

493 5065 684 5141 nostri,
717 5066 1012 5141 inquilinus
1033 5112 1048 5137 ,
1078 5070 1244 5141 aliqui
1274 5071 1447 5127 incola
1472 5115 1485 5137 ,
1516 5065 1906 5137 nonnumquam
1930 5065 2088 5126 etiam

495 5135 709 5190 advena
752 5135 1080 5207 interpretati
1127 5135 1269 5196 sunt.
1313 5135 1575 5212 Sequitur
1619 5158 1721 5196 non
1750 5135 2083 5208 abscondas,

494 5214 634 5289 0133.,
666 5212 1085 5289 quatn_neg_andi
1116 5212 1436 5289 particulam
1462 5212 1797 5289 Veronensis
1832 5212 2081 5289 l’salterii

492 5276 871 5352 etlitor’taenit
895 5276 1162 5352 [lectore
1189 5299 1257 5338 ne
1301 5284 1468 5339 verba
1508 5284 1726 5352 quidem
1783 5283 2081 5338 admonito.

488 5345 804 5419 Insequenti
837 5366 998 5428 versu
1030 5351 1171 5428 idem
1206 5369 1310 5409 ms.
1335 5395 1353 5428 ρ
1395 5345 1694 5428 desiderare
1712 5354 1919 5428 judicia
1947 5364 2036 5408 tua
2061 5397 2074 5415 .

489 5430 623 5496 etc,
657 5428 820 5489 atque
848 5420 1021 5496 altero
1048 5420 1117 5475 al)
1140 5422 1240 5496 hoc
1264 5464 1277 5482 .
1311 5425 1476 5490 Aufer
1500 5444 1533 5480 a
1563 5443 1642 5481 me
1669 5420 2000 5496 opprobrium
2030 5437 2080 5481 et

488 5489 807 5558 despectum.
835 5491 1083 5560 quoniam
1106 5494 1397 5547 testimonia
1420 5536 1432 5557 ,
1466 5505 1596 5559 διε..
1632 5489 1915 5552 π’(ἰρῑιιύθ
1939 5540 1951 5556 .
1984 5498 2080 5550 ad—

487 5575 666 5638 versus
690 5576 770 5639 me
795 5561 1276 5639 sermoeinabantnr
1298 5579 1315 5615 :
1335 5580 1519 5639 servus
1545 5577 1714 5620 autem
1740 5578 1855 5622 tuus
1877 5571 2079 5639 garrie-

500 5630 1135 5757 ουιέιῦιενιδιὶβσαιὶοηίὺιις
1165 5633 1287 5685 tuis.
1328 5632 1529 5688 Etenim
1571 5630 1900 5706 testimonia;
1938 5649 2070 5707 clc.,

577 5711 602 5739 θ
676 5714 930 5757 eroneu...

577 5711 602 5739 θ
635 5711 930 5757 Veronen...

1672 4507 1942 4558 uerborum
1987 4514 2105 4557 tuo-

2211 4502 2299 4560 itlti
2326 4505 2550 4573 dicitur,
2583 4512 2632 4555 et
2661 4502 2727 4555 de
2757 4502 2867 4573 lege
2892 4512 3003 4570 tua,
3038 4513 3147 4557 etc.
3170 4502 3308 4559 Tum
3335 4505 3562 4562 inferius
3590 4509 3704 4564 sub
3734 4502 3823 4567 He

2206 4575 2412 4650 littera,
2445 4572 2629 4643 Legem
2657 4572 2824 4627 statue
2855 4574 2985 4627 mihi
3010 4614 3026 4640 ,
3066 4573 3320 4650 Bantius,
3350 4576 3822 4650 ineia‘iustiﬁca-

2201 4648 2404 4702 tionum
2446 4655 2657 4698 tuarum
2679 4684 2694 4708 ,
2732 4653 2781 4699 et
2814 4660 3039 4709 quaeram
3066 4644 3159 4698 illa
3188 4645 3323 4716 (pro
3353 4646 3537 4773 illamz
3575 4644 3812 4723 semper.

2201 4717 2338 4773 Tum
2364 4758 2381 4773 .
2421 4714 2790 4773 nrrscrutabor
2816 4714 2975 4773 lcaem
3005 4725 3186 4773 tuarn.
3228 4723 3276 4771 et
3299 4719 3500 4772 custodi
3538 4736 3567 4773 ο
3604 4721 3769 4773 illam
3794 4764 3812 4773 -

2199 4717 2338 4774 Tum
2364 4758 2381 4782 ,
2421 4714 2790 4791 prrscrutabor
2816 4714 2975 4791 legem
3005 4725 3148 4770 tuarn
3169 4714 3207 4782 ,ἡ
3228 4723 3281 4791 et_
3299 4714 3567 4791 custodibo
3604 4714 3769 4779 illam
3794 4764 3814 4791 ,

2197 4797 2330 4859 ete.,
2354 4786 2562 4859 ac'post
2584 4786 2962 4859 intermedium
2986 4799 3226 4849 versum.
3255 4786 3462 4843 lnclina
3484 4807 3575 4844 cor
3598 4786 3813 4859 meum;

2195 4870 2301 4951 etc.
2316 4856 2383 4914 'et
2411 4873 2531 4939 non_
2546 4857 2613 4951 ξιξ
2624 4856 3057 4951 emolumentum:
3080 4871 3177 4927 pro
3201 4860 3487 4951 t'tvatzit‘iaml
3503 4876 3525 4944 ί
3544 4877 3737 4951 quam.
3758 4856 3816 4921 ci

2199 4927 2563 5001 Hipponensis
2584 4929 2874 4999 episcopus
2898 4928 3185 5001 lectionem
3211 4929 3297 4984 lnu
3319 4929 3412 5001 lat,
3433 4931 3525 4985 ubi
3545 4927 3814 4990 Graecina

2194 4999 2581 5073 etymologiam
2612 5002 2981 5073 investigatis,
3009 4999 3147 5073 tali,
3182 4999 3356 5073 inquit
3379 5043 3392 5065 ,
3422 5002 3613 5057 Cra-co
3643 5008 3814 5060 verba

2192 5071 2454 5147 ηιίρειιας,
2484 5086 2517 5147 φ
2541 5086 2644 5147 qui
2669 5074 2833 5140 possii
2854 5071 3076 5139 inieuigi
3102 5071 3360 5147 ρεπεναζίξ
3386 5075 3654 5147 "vatim:
3698 5093 3814 5147 συθ

2191 5142 2312 5214 plus
2337 5143 2532 5212 appetit
2555 5143 2801 5212 quisque,
2829 5157 2987 5213 quam
3017 5149 3095 5214 sat
3135 5151 3231 5208 est,
3263 5142 3409 5198 πλέον
3437 5146 3573 5199 enim
3602 5142 3811 5201 Latine

2186 5212 2306 5289 plus
2332 5225 2411 5289 est_
2435 5213 2828 5289 {Eia-diutinus
2849 5222 2948 5280 est,
2978 5212 3042 5266 ab
3067 5227 3127 5289 cu
3147 5214 3286 5289 quoii
3309 5226 3387 5268 est
3408 5213 3809 5289 habere._Ergo

2189 5282 2222 5354 et
2248 5282 2365 5354 plus
2391 5282 2628 5354 habendo
2654 5284 2916 5354 appellata
2946 5290 3021 5338 est
3054 5283 3315 5354 πλεονεξία
3341 5325 3356 5345 ,
3405 5302 3563 5352 quam
3611 5282 3807 5342 Lati'ni

2191 5349 2508 5426 ltttcrprelcs
2532 5352 2588 5405 in
2608 5349 2709 5426 hoc
2728 5349 2848 5407 loco
2871 5353 3110 5426 nonnulli
3135 5349 3462 5426 interpretati
3491 5369 3617 5409 sunt
3636 5373 3802 5411 emo-

2186 5421 2487 5478 lumentum
2512 5421 2785 5496 ,_quid_ant
2827 5439 2946 5496 uero
2975 5421 3305 5496 utilitatem}
3352 5426 3443 5480 sed
3485 5428 3673 5482 ntelius
3705 5431 3806 5496 qui

2184 5496 2491 5550 avaritiam.
2540 5492 2795 5562 Sequitur
2840 5494 2892 5548 in
2925 5493 3126 5549 'cndice
3168 5493 3474 5551 Veronensi
3509 5543 3521 5562 ,
3570 5492 3799 5554 Circum

2184 5570 2336 5643 aufer
2367 5560 2701 5643 opprobrium
2730 5578 2940 5643 uicum.-
2974 5578 3100 5643 mox
3132 5580 3256 5643 cunt
3291 5560 3603 5643 Augustines
3632 5612 3648 5635 ,
3687 5573 3762 5643 ju
3781 5601 3799 5614 .

2183 5632 2325 5694 dicia
2352 5632 2487 5691 enim
2515 5643 2606 5687 tua
2633 5632 2844 5703 suauia,
2876 5641 2964 5704 ut,
2998 5637 3052 5690 in
3086 5643 3177 5689 tua
3204 5632 3414 5701 iustitia
3441 5632 3652 5706 uiuiﬁca
3686 5632 3793 5697 ius.
