  <div class='ocr_page' id='page_1' title='image "/cluster/home/n/w/nwhite01/storage/ocr_20150623/29/uva.x000826564/198.png"; bbox 0 0 3918 6192; ppageno 0'>
   <div class='ocr_carea' id='block_1_1' title="bbox 111 218 2057 292">
    <p class='ocr_par' dir='ltr' id='par_1_1' title="bbox 111 218 2057 292">
     <span class='ocr_line' id='line_1_1' title="bbox 111 218 2057 292; baseline -0.009 -1"><span class='ocrx_word' id='word_1_1' title='bbox 111 234 193 292; x_wconf 68' lang='grc'><strong><em>519</em></strong></span> <span class='ocrx_word' id='word_1_2' title='bbox 1368 218 1570 278; x_wconf 76' lang='lat' dir='ltr'><strong>LIBER</strong></span> <span class='ocrx_word' id='word_1_3' title='bbox 1610 218 2057 277; x_wconf 58' lang='lat' dir='ltr'><strong><em>PSALMORUXI.</em></strong></span> 
     </span>
    </p>
   </div>
   <div class='ocr_carea' id='block_1_2' title="bbox 3269 227 3379 285">
    <p class='ocr_par' dir='ltr' id='par_1_2' title="bbox 3269 227 3379 285">
     <span class='ocr_line' id='line_1_2' title="bbox 3269 227 3379 285; baseline 0.036 -4"><span class='ocrx_word' id='word_1_4' title='bbox 3269 227 3379 285; x_wconf 76' lang='lat'><strong>550</strong></span> 
     </span>
    </p>
   </div>
   <div class='ocr_carea' id='block_1_3' title="bbox 168 335 3378 418">
    <p class='ocr_par' dir='ltr' id='par_1_3' title="bbox 168 335 3378 418">
     <span class='ocr_line' id='line_1_3' title="bbox 168 335 3378 418; baseline -0.003 -9"><span class='ocrx_word' id='word_1_5' title='bbox 168 353 305 410; x_wconf 79' lang='lat' dir='ltr'><strong><em>Tctlt.</em></strong></span> <span class='ocrx_word' id='word_1_6' title='bbox 336 352 578 408; x_wconf 73' lang='lat' dir='ltr'><strong><em>Bonuscs</em></strong></span> <span class='ocrx_word' id='word_1_7' title='bbox 602 357 657 405; x_wconf 89' lang='lat' dir='ltr'><strong><em>tu</em></strong></span> <span class='ocrx_word' id='word_1_8' title='bbox 678 364 698 406; x_wconf 92' lang='lat'><em>:</em></span> <span class='ocrx_word' id='word_1_9' title='bbox 722 356 771 406; x_wconf 87' lang='lat' dir='ltr'><strong><em>et</em></strong></span> <span class='ocrx_word' id='word_1_10' title='bbox 794 356 819 384; x_wconf 70' lang='grc' dir='ltr'><strong><em>λ</em></strong></span> <span class='ocrx_word' id='word_1_11' title='bbox 841 346 894 402; x_wconf 88' lang='lat' dir='ltr'><strong><em>in</em></strong></span> <span class='ocrx_word' id='word_1_12' title='bbox 912 344 1137 401; x_wconf 84' lang='lat' dir='ltr'><strong><em>bonitate</em></strong></span> <span class='ocrx_word' id='word_1_13' title='bbox 1156 350 1241 401; x_wconf 88' lang='lat' dir='ltr'><strong><em>tua</em></strong></span> <span class='ocrx_word' id='word_1_14' title='bbox 1260 341 1385 397; x_wconf 86' lang='lat' dir='ltr'><strong><em>doce</em></strong></span> <span class='ocrx_word' id='word_1_15' title='bbox 1410 356 1489 394; x_wconf 87' lang='lat' dir='ltr'><strong><em>me</em></strong></span> <span class='ocrx_word' id='word_1_16' title='bbox 1504 338 1668 413; x_wconf 82' lang='lat' dir='ltr'><strong><em>jusli-</em></strong></span> <span class='ocrx_word' id='word_1_17' title='bbox 1697 358 1750 418; x_wconf 69' lang='grc' dir='ltr'>Α</span> <span class='ocrx_word' id='word_1_18' title='bbox 1850 335 1998 390; x_wconf 74' lang='lat' dir='ltr'><strong><em>Tetti.</em></strong></span> <span class='ocrx_word' id='word_1_19' title='bbox 2030 337 2216 394; x_wconf 87' lang='lat' dir='ltr'><strong><em>Bonus</em></strong></span> <span class='ocrx_word' id='word_1_20' title='bbox 2246 352 2305 396; x_wconf 87' lang='lat' dir='ltr'><strong><em>es</em></strong></span> <span class='ocrx_word' id='word_1_21' title='bbox 2337 346 2416 405; x_wconf 85' lang='lat' dir='ltr'><strong><em>tu,</em></strong></span> <span class='ocrx_word' id='word_1_22' title='bbox 2450 338 2682 396; x_wconf 90' lang='lat' dir='ltr'><strong><em>Domine</em></strong></span> <span class='ocrx_word' id='word_1_23' title='bbox 2704 379 2720 407; x_wconf 89' lang='lat'><strong><em>,</em></strong></span> <span class='ocrx_word' id='word_1_24' title='bbox 2774 347 2829 397; x_wconf 89' lang='lat' dir='ltr'><strong><em>et</em></strong></span> <span class='ocrx_word' id='word_1_25' title='bbox 2883 339 2938 397; x_wconf 90' lang='lat' dir='ltr'><strong><em>in</em></strong></span> <span class='ocrx_word' id='word_1_26' title='bbox 2986 338 3233 396; x_wconf 81' lang='lat' dir='ltr'><strong><em>bonitate</em></strong></span> <span class='ocrx_word' id='word_1_27' title='bbox 3288 350 3378 399; x_wconf 89' lang='lat' dir='ltr'><strong><em>tua</em></strong></span> 
     </span>
    </p>
   </div>
   <div class='ocr_carea' id='block_1_4' title="bbox 150 450 518 501">
    <p class='ocr_par' dir='ltr' id='par_1_4' title="bbox 150 450 518 501">
     <span class='ocr_line' id='line_1_4' title="bbox 150 450 518 501; baseline -0.005 0"><span class='ocrx_word' id='word_1_28' title='bbox 150 450 353 501; x_wconf 71' lang='lat' dir='ltr'><strong><em>rationes</em></strong></span> <span class='ocrx_word' id='word_1_29' title='bbox 384 458 518 499; x_wconf 85' lang='lat' dir='ltr'><strong><em>tuas.</em></strong></span> 
     </span>
    </p>
   </div>
   <div class='ocr_carea' id='block_1_5' title="bbox 113 449 1675 609">
    <p class='ocr_par' dir='ltr' id='par_1_5' title="bbox 113 449 1675 609">
     <span class='ocr_line' id='line_1_5' title="bbox 150 450 518 501; baseline -0.005 0"><span class='ocrx_word' id='word_1_30' title='bbox 150 450 353 501; x_wconf 71' lang='lat' dir='ltr'><strong><em>rationes</em></strong></span> <span class='ocrx_word' id='word_1_31' title='bbox 384 458 518 499; x_wconf 85' lang='lat' dir='ltr'><strong><em>tuas.</em></strong></span> 
     </span>
     <span class='ocr_line' id='line_1_6' title="bbox 113 449 1675 609; baseline -0.01 -12"><span class='ocrx_word' id='word_1_32' title='bbox 113 449 305 597; x_wconf 68' lang='lat' dir='ltr'><strong><em>ﬁTetb.</em></strong></span> <span class='ocrx_word' id='word_1_33' title='bbox 328 536 686 609; x_wconf 72' lang='lat' dir='ltr'><strong><em>Hitltiplicata</em></strong></span> <span class='ocrx_word' id='word_1_34' title='bbox 714 544 789 591; x_wconf 83' lang='lat' dir='ltr'><strong><em>est</em></strong></span> <span class='ocrx_word' id='word_1_35' title='bbox 828 550 980 607; x_wconf 89' lang='lat' dir='ltr'><strong><em>super</em></strong></span> <span class='ocrx_word' id='word_1_36' title='bbox 1016 550 1094 587; x_wconf 87' lang='lat' dir='ltr'><strong><em>me</em></strong></span> <span class='ocrx_word' id='word_1_37' title='bbox 1139 531 1386 603; x_wconf 76' lang='lat' dir='ltr'><strong><em>iniquitas</em></strong></span> <span class='ocrx_word' id='word_1_38' title='bbox 1432 546 1540 602; x_wconf 89' lang='lat' dir='ltr'><strong><em>sup.</em></strong></span> <span class='ocrx_word' id='word_1_39' title='bbox 1557 530 1675 583; x_wconf 73' lang='lat' dir='ltr'><strong><em>rbo-</em></strong></span> 
     </span>
    </p>
   </div>
   <div class='ocr_carea' id='block_1_6' title="bbox 109 624 1671 707">
    <p class='ocr_par' dir='ltr' id='par_1_6' title="bbox 109 624 1671 707">
     <span class='ocr_line' id='line_1_7' title="bbox 109 624 1671 707; baseline -0.006 -19"><span class='ocrx_word' id='word_1_40' title='bbox 109 651 200 689; x_wconf 85' lang='lat' dir='ltr'><strong><em>nuu</em></strong></span> <span class='ocrx_word' id='word_1_41' title='bbox 226 651 243 689; x_wconf 90' lang='lat'><em>:</em></span> <span class='ocrx_word' id='word_1_42' title='bbox 271 649 358 707; x_wconf 78' lang='lat' dir='ltr'><strong><em>ego</em></strong></span> <span class='ocrx_word' id='word_1_43' title='bbox 385 641 559 688; x_wconf 87' lang='lat' dir='ltr'><strong><em>autem</em></strong></span> <span class='ocrx_word' id='word_1_44' title='bbox 590 633 642 686; x_wconf 88' lang='lat' dir='ltr'><strong><em>in</em></strong></span> <span class='ocrx_word' id='word_1_45' title='bbox 670 640 774 685; x_wconf 92' lang='lat' dir='ltr'><strong><em>toto</em></strong></span> <span class='ocrx_word' id='word_1_46' title='bbox 811 629 962 685; x_wconf 77' lang='lat' dir='ltr'><strong><em>corde</em></strong></span> <span class='ocrx_word' id='word_1_47' title='bbox 988 626 1257 684; x_wconf 73' lang='lat' dir='ltr'><strong><em>scrutabor</em></strong></span> <span class='ocrx_word' id='word_1_48' title='bbox 1289 624 1533 683; x_wconf 83' lang='lat' dir='ltr'><strong><em>mandata</em></strong></span> <span class='ocrx_word' id='word_1_49' title='bbox 1559 634 1671 680; x_wconf 89' lang='lat' dir='ltr'><strong><em>tua.</em></strong></span> 
     </span>
    </p>
   </div>
   <div class='ocr_carea' id='block_1_7' title="bbox 164 798 1667 885">
    <p class='ocr_par' dir='ltr' id='par_1_7' title="bbox 164 798 1667 885">
     <span class='ocr_line' id='line_1_8' title="bbox 164 798 1667 885; baseline -0.009 -13"><span class='ocrx_word' id='word_1_50' title='bbox 164 814 300 872; x_wconf 78' lang='lat' dir='ltr'><strong><em>Tetlt.</em></strong></span> <span class='ocrx_word' id='word_1_51' title='bbox 342 811 698 885; x_wconf 79' lang='lat' dir='ltr'><strong><em>Coagttlalttm</em></strong></span> <span class='ocrx_word' id='word_1_52' title='bbox 726 818 798 864; x_wconf 86' lang='lat' dir='ltr'><strong><em>est</em></strong></span> <span class='ocrx_word' id='word_1_53' title='bbox 818 807 947 864; x_wconf 89' lang='lat' dir='ltr'><strong><em>sicut</em></strong></span> <span class='ocrx_word' id='word_1_54' title='bbox 970 806 1052 861; x_wconf 89' lang='lat' dir='ltr'><strong><em>lac</em></strong></span> <span class='ocrx_word' id='word_1_55' title='bbox 1082 820 1171 860; x_wconf 92' lang='lat' dir='ltr'><strong><em>cor</em></strong></span> <span class='ocrx_word' id='word_1_56' title='bbox 1190 819 1406 859; x_wconf 88' lang='lat' dir='ltr'><strong><em>eorum:</em></strong></span> <span class='ocrx_word' id='word_1_57' title='bbox 1431 817 1524 875; x_wconf 87' lang='lat' dir='ltr'><strong><em>ego</em></strong></span> <span class='ocrx_word' id='word_1_58' title='bbox 1542 798 1572 840; x_wconf 66' lang='grc' dir='ltr'>δ</span> <span class='ocrx_word' id='word_1_59' title='bbox 1607 814 1667 858; x_wconf 81' lang='lat'>+</span> 
     </span>
    </p>
   </div>
   <div class='ocr_carea' id='block_1_8' title="bbox 112 904 1052 978">
    <p class='ocr_par' dir='ltr' id='par_1_8' title="bbox 112 904 1052 978">
     <span class='ocr_line' id='line_1_9' title="bbox 112 904 1052 978; baseline -0.012 -13"><span class='ocrx_word' id='word_1_60' title='bbox 112 928 202 965; x_wconf 85' lang='lat' dir='ltr'><strong><em>rero</em></strong></span> <span class='ocrx_word' id='word_1_61' title='bbox 223 911 242 978; x_wconf 74' lang='grc' dir='ltr'>ζ</span> <span class='ocrx_word' id='word_1_62' title='bbox 267 908 424 977; x_wconf 79' lang='lat' dir='ltr'><strong><em>legent</em></strong></span> <span class='ocrx_word' id='word_1_63' title='bbox 448 914 595 958; x_wconf 84' lang='lat' dir='ltr'><strong><em>tuam</em></strong></span> <span class='ocrx_word' id='word_1_64' title='bbox 619 904 888 959; x_wconf 87' lang='lat' dir='ltr'><strong><em>meditatus</em></strong></span> <span class='ocrx_word' id='word_1_65' title='bbox 915 918 1052 955; x_wconf 83' lang='lat' dir='ltr'><strong><em>sum.</em></strong></span> 
     </span>
    </p>
   </div>
   <div class='ocr_carea' id='block_1_9' title="bbox 164 989 1672 1070">
    <p class='ocr_par' dir='ltr' id='par_1_9' title="bbox 164 989 1672 1070">
     <span class='ocr_line' id='line_1_10' title="bbox 164 989 1672 1070; baseline -0.011 -10"><span class='ocrx_word' id='word_1_66' title='bbox 164 1002 300 1059; x_wconf 82' lang='lat' dir='ltr'><strong><em>Teth.</em></strong></span> <span class='ocrx_word' id='word_1_67' title='bbox 326 1000 531 1055; x_wconf 87' lang='lat' dir='ltr'><strong><em>Bonum</em></strong></span> <span class='ocrx_word' id='word_1_68' title='bbox 569 999 695 1053; x_wconf 82' lang='lat' dir='ltr'><strong><em>ilti</em></strong></span> <span class='ocrx_word' id='word_1_69' title='bbox 739 997 860 1070; x_wconf 90' lang='lat' dir='ltr'><strong><em>quia</em></strong></span> <span class='ocrx_word' id='word_1_70' title='bbox 900 992 1193 1051; x_wconf 77' lang='lat' dir='ltr'><strong><em>ltuuiiliasti</em></strong></span> <span class='ocrx_word' id='word_1_71' title='bbox 1242 1008 1363 1049; x_wconf 84' lang='lat' dir='ltr'><strong><em>me:</em></strong></span> <span class='ocrx_word' id='word_1_72' title='bbox 1391 1000 1446 1047; x_wconf 93' lang='lat' dir='ltr'><strong><em>ut</em></strong></span> <span class='ocrx_word' id='word_1_73' title='bbox 1476 989 1672 1046; x_wconf 88' lang='lat' dir='ltr'><strong><em>discam</em></strong></span> 
     </span>
    </p>
   </div>
   <div class='ocr_carea' id='block_1_10' title="bbox 110 1093 636 1168">
    <p class='ocr_par' dir='ltr' id='par_1_10' title="bbox 110 1093 636 1168">
     <span class='ocr_line' id='line_1_11' title="bbox 110 1093 636 1168; baseline -0.011 -19"><span class='ocrx_word' id='word_1_74' title='bbox 110 1093 469 1168; x_wconf 77' lang='lat' dir='ltr'><strong><em>justiﬁeationes</em></strong></span> <span class='ocrx_word' id='word_1_75' title='bbox 493 1101 636 1145; x_wconf 86' lang='lat' dir='ltr'><strong><em>tuas.</em></strong></span> 
     </span>
    </p>
   </div>
   <div class='ocr_carea' id='block_1_11' title="bbox 164 1178 1670 1253">
    <p class='ocr_par' dir='ltr' id='par_1_11' title="bbox 164 1178 1670 1253">
     <span class='ocr_line' id='line_1_12' title="bbox 164 1178 1670 1253; baseline -0.008 -10"><span class='ocrx_word' id='word_1_76' title='bbox 164 1186 301 1244; x_wconf 80' lang='lat' dir='ltr'><strong><em>Tcth.</em></strong></span> <span class='ocrx_word' id='word_1_77' title='bbox 330 1184 542 1241; x_wconf 81' lang='lat' dir='ltr'><strong><em>Bonum</em></strong></span> <span class='ocrx_word' id='word_1_78' title='bbox 566 1182 695 1239; x_wconf 77' lang='lat' dir='ltr'><strong><em>mihi</em></strong></span> <span class='ocrx_word' id='word_1_79' title='bbox 718 1182 800 1240; x_wconf 71' lang='lat' dir='ltr'><strong><em>les</em></strong></span> <span class='ocrx_word' id='word_1_80' title='bbox 828 1183 935 1239; x_wconf 89' lang='lat' dir='ltr'><strong><em>oris</em></strong></span> <span class='ocrx_word' id='word_1_81' title='bbox 968 1181 1067 1250; x_wconf 85' lang='lat' dir='ltr'><strong><em>tui,</em></strong></span> <span class='ocrx_word' id='word_1_82' title='bbox 1092 1196 1249 1253; x_wconf 90' lang='lat' dir='ltr'><strong><em>super</em></strong></span> <span class='ocrx_word' id='word_1_83' title='bbox 1290 1179 1457 1235; x_wconf 79' lang='lat' dir='ltr'><strong><em>millia</em></strong></span> <span class='ocrx_word' id='word_1_84' title='bbox 1478 1178 1596 1235; x_wconf 90' lang='lat' dir='ltr'><strong><em>auri</em></strong></span> <span class='ocrx_word' id='word_1_85' title='bbox 1622 1186 1670 1235; x_wconf 87' lang='lat' dir='ltr'><strong><em>et</em></strong></span> 
     </span>
    </p>
   </div>
   <div class='ocr_carea' id='block_1_12' title="bbox 115 1283 297 1353">
    <p class='ocr_par' dir='ltr' id='par_1_12' title="bbox 115 1283 297 1353">
     <span class='ocr_line' id='line_1_13' title="bbox 115 1283 297 1353; baseline 0 -18"><span class='ocrx_word' id='word_1_86' title='bbox 115 1283 297 1353; x_wconf 74' lang='lat' dir='ltr'><strong><em>argenti.</em></strong></span> 
     </span>
    </p>
   </div>
   <div class='ocr_carea' id='block_1_13' title="bbox 165 1366 1669 1443">
    <p class='ocr_par' dir='ltr' id='par_1_13' title="bbox 165 1366 1669 1443">
     <span class='ocr_line' id='line_1_14' title="bbox 165 1366 1669 1443; baseline -0.007 -14"><span class='ocrx_word' id='word_1_87' title='bbox 165 1374 270 1429; x_wconf 85' lang='lat' dir='ltr'><strong><em>Jod.</em></strong></span> <span class='ocrx_word' id='word_1_88' title='bbox 309 1372 501 1429; x_wconf 68' lang='lat' dir='ltr'><strong><em>Alanus</em></strong></span> <span class='ocrx_word' id='word_1_89' title='bbox 545 1380 650 1426; x_wconf 72' lang='lat' dir='ltr'><strong><em>tua:</em></strong></span> <span class='ocrx_word' id='word_1_90' title='bbox 688 1373 919 1443; x_wconf 74' lang='lat' dir='ltr'><strong><em>fecerunt</em></strong></span> <span class='ocrx_word' id='word_1_91' title='bbox 950 1384 1029 1427; x_wconf 84' lang='lat' dir='ltr'><strong><em>me</em></strong></span> <span class='ocrx_word' id='word_1_92' title='bbox 1058 1374 1106 1423; x_wconf 88' lang='lat' dir='ltr'><strong><em>et</em></strong></span> <span class='ocrx_word' id='word_1_93' title='bbox 1130 1366 1518 1438; x_wconf 84' lang='lat' dir='ltr'><strong><em>plasmaverunt</em></strong></span> <span class='ocrx_word' id='word_1_94' title='bbox 1544 1380 1624 1420; x_wconf 88' lang='lat' dir='ltr'><strong><em>me</em></strong></span> <span class='ocrx_word' id='word_1_95' title='bbox 1650 1380 1669 1419; x_wconf 90' lang='lat'><strong><em>:</em></strong></span> 
     </span>
    </p>
   </div>
   <div class='ocr_carea' id='block_1_14' title="bbox 112 1460 1379 1535">
    <p class='ocr_par' dir='ltr' id='par_1_14' title="bbox 112 1460 1379 1535">
     <span class='ocr_line' id='line_1_15' title="bbox 112 1460 1379 1535; baseline -0.009 -11"><span class='ocrx_word' id='word_1_96' title='bbox 112 1470 165 1523; x_wconf 76' lang='lat' dir='ltr'><strong><em>da</em></strong></span> <span class='ocrx_word' id='word_1_97' title='bbox 189 1469 303 1524; x_wconf 70' lang='lat' dir='ltr'><strong><em>mihi</em></strong></span> <span class='ocrx_word' id='word_1_98' title='bbox 330 1467 669 1535; x_wconf 78' lang='lat' dir='ltr'><strong><em>intellectum,</em></strong></span> <span class='ocrx_word' id='word_1_99' title='bbox 699 1474 747 1521; x_wconf 87' lang='lat' dir='ltr'><strong><em>et</em></strong></span> <span class='ocrx_word' id='word_1_100' title='bbox 768 1465 964 1521; x_wconf 83' lang='lat' dir='ltr'><strong><em>discant</em></strong></span> <span class='ocrx_word' id='word_1_101' title='bbox 986 1460 1237 1517; x_wconf 61' lang='lat' dir='ltr'><strong><em>mandata</em></strong></span> <span class='ocrx_word' id='word_1_102' title='bbox 1266 1468 1379 1514; x_wconf 79' lang='lat' dir='ltr'><strong><em>tua.</em></strong></span> 
     </span>
    </p>
   </div>
   <div class='ocr_carea' id='block_1_15' title="bbox 167 1636 1670 1715">
    <p class='ocr_par' dir='ltr' id='par_1_15' title="bbox 167 1636 1670 1715">
     <span class='ocr_line' id='line_1_16' title="bbox 167 1636 1670 1715; baseline -0.008 -9"><span class='ocrx_word' id='word_1_103' title='bbox 167 1647 278 1708; x_wconf 80' lang='lat' dir='ltr'><strong><em>Jod.</em></strong></span> <span class='ocrx_word' id='word_1_104' title='bbox 319 1647 417 1715; x_wconf 84' lang='lat' dir='ltr'><strong><em>Qui</em></strong></span> <span class='ocrx_word' id='word_1_105' title='bbox 465 1647 645 1700; x_wconf 81' lang='lat' dir='ltr'><strong><em>timent</em></strong></span> <span class='ocrx_word' id='word_1_106' title='bbox 693 1654 759 1712; x_wconf 85' lang='lat' dir='ltr'><strong><em>te,</em></strong></span> <span class='ocrx_word' id='word_1_107' title='bbox 803 1642 1041 1699; x_wconf 73' lang='lat' dir='ltr'><strong><em>ridebunt</em></strong></span> <span class='ocrx_word' id='word_1_108' title='bbox 1087 1654 1186 1710; x_wconf 86' lang='lat' dir='ltr'><strong><em>me,</em></strong></span> <span class='ocrx_word' id='word_1_109' title='bbox 1236 1647 1285 1695; x_wconf 88' lang='lat' dir='ltr'><strong><em>et</em></strong></span> <span class='ocrx_word' id='word_1_110' title='bbox 1312 1636 1670 1694; x_wconf 77' lang='lat' dir='ltr'><strong><em>la&#39;tabuntur:</em></strong></span> 
     </span>
    </p>
   </div>
   <div class='ocr_carea' id='block_1_16' title="bbox 114 1737 989 1815">
    <p class='ocr_par' dir='ltr' id='par_1_16' title="bbox 114 1737 989 1815">
     <span class='ocr_line' id='line_1_17' title="bbox 114 1737 989 1815; baseline -0.008 -18"><span class='ocrx_word' id='word_1_111' title='bbox 114 1745 216 1815; x_wconf 78' lang='lat' dir='ltr'><strong><em>quia</em></strong></span> <span class='ocrx_word' id='word_1_112' title='bbox 242 1744 289 1797; x_wconf 87' lang='lat' dir='ltr'><strong><em>in</em></strong></span> <span class='ocrx_word' id='word_1_113' title='bbox 318 1741 469 1797; x_wconf 81' lang='lat' dir='ltr'><strong><em>verba</em></strong></span> <span class='ocrx_word' id='word_1_114' title='bbox 492 1750 583 1795; x_wconf 85' lang='lat' dir='ltr'><strong><em>tua</em></strong></span> <span class='ocrx_word' id='word_1_115' title='bbox 610 1737 989 1811; x_wconf 80' lang='lat' dir='ltr'><strong><em>supersperari.</em></strong></span> 
     </span>
    </p>
   </div>
   <div class='ocr_carea' id='block_1_17' title="bbox 162 1824 1667 1912">
    <p class='ocr_par' dir='ltr' id='par_1_17' title="bbox 162 1824 1667 1912">
     <span class='ocr_line' id='line_1_18' title="bbox 162 1824 1667 1912; baseline -0.008 -19"><span class='ocrx_word' id='word_1_116' title='bbox 162 1835 273 1893; x_wconf 74' lang='lat' dir='ltr'><strong><em>lvd.</em></strong></span> <span class='ocrx_word' id='word_1_117' title='bbox 310 1834 555 1907; x_wconf 80' lang='lat' dir='ltr'><strong><em>Cognovi,</em></strong></span> <span class='ocrx_word' id='word_1_118' title='bbox 603 1831 843 1895; x_wconf 78' lang='lat' dir='ltr'><strong><em>Domine,</em></strong></span> <span class='ocrx_word' id='word_1_119' title='bbox 885 1830 1009 1903; x_wconf 86' lang='lat' dir='ltr'><strong><em>quia</em></strong></span> <span class='ocrx_word' id='word_1_120' title='bbox 1052 1826 1270 1912; x_wconf 75' lang='lat' dir='ltr'><strong><em>a&#39;quitas</em></strong></span> <span class='ocrx_word' id='word_1_121' title='bbox 1294 1824 1499 1899; x_wconf 84' lang='lat' dir='ltr'><strong><em>judicia</em></strong></span> <span class='ocrx_word' id='word_1_122' title='bbox 1526 1833 1615 1879; x_wconf 73' lang='lat' dir='ltr'><strong><em>tua</em></strong></span> <span class='ocrx_word' id='word_1_123' title='bbox 1647 1840 1667 1881; x_wconf 88' lang='lat'><strong><em>:</em></strong></span> 
     </span>
    </p>
   </div>
   <div class='ocr_carea' id='block_1_18' title="bbox 105 1920 1386 1995">
    <p class='ocr_par' dir='ltr' id='par_1_18' title="bbox 105 1920 1386 1995">
     <span class='ocr_line' id='line_1_19' title="bbox 105 1920 1386 1995; baseline -0.008 -12"><span class='ocrx_word' id='word_1_124' title='bbox 105 1938 141 1983; x_wconf 82' lang='lat' dir='ltr'><strong><em>et</em></strong></span> <span class='ocrx_word' id='word_1_125' title='bbox 170 1939 191 1967; x_wconf 77' lang='grc' dir='ltr'>ε</span> <span class='ocrx_word' id='word_1_126' title='bbox 218 1942 270 1984; x_wconf 76' lang='grc' dir='ltr'><strong><em>σι-</em></strong></span> <span class='ocrx_word' id='word_1_127' title='bbox 299 1927 351 1981; x_wconf 88' lang='lat' dir='ltr'><strong><em>in</em></strong></span> <span class='ocrx_word' id='word_1_128' title='bbox 382 1925 403 1995; x_wconf 72' lang='grc' dir='ltr'>ζ</span> <span class='ocrx_word' id='word_1_129' title='bbox 436 1924 650 1981; x_wconf 77' lang='lat' dir='ltr'><strong><em>raritate</em></strong></span> <span class='ocrx_word' id='word_1_130' title='bbox 680 1937 740 1979; x_wconf 54' lang='grc' dir='ltr'><strong><em>ειν</em></strong></span> <span class='ocrx_word' id='word_1_131' title='bbox 774 1930 867 1977; x_wconf 85' lang='lat' dir='ltr'><strong><em>tua</em></strong></span> <span class='ocrx_word' id='word_1_132' title='bbox 902 1920 924 1990; x_wconf 69' lang='grc' dir='ltr'>ζ</span> <span class='ocrx_word' id='word_1_133' title='bbox 957 1920 1249 1974; x_wconf 78' lang='lat' dir='ltr'><strong><em>humiliasti</em></strong></span> <span class='ocrx_word' id='word_1_134' title='bbox 1288 1934 1386 1974; x_wconf 80' lang='lat' dir='ltr'><strong><em>me.</em></strong></span> 
     </span>
    </p>
   </div>
   <div class='ocr_carea' id='block_1_19' title="bbox 158 2013 1672 2079">
    <p class='ocr_par' dir='ltr' id='par_1_19' title="bbox 158 2013 1672 2079">
     <span class='ocr_line' id='line_1_20' title="bbox 158 2013 1672 2079; baseline -0.003 -5"><span class='ocrx_word' id='word_1_135' title='bbox 158 2019 275 2074; x_wconf 76' lang='lat' dir='ltr'><strong><em>Jo-i.</em></strong></span> <span class='ocrx_word' id='word_1_136' title='bbox 314 2017 431 2072; x_wconf 76' lang='lat' dir='ltr'><strong><em>Fiat</em></strong></span> <span class='ocrx_word' id='word_1_137' title='bbox 476 2015 836 2071; x_wconf 76' lang='lat' dir='ltr'><strong><em>misericordia</em></strong></span> <span class='ocrx_word' id='word_1_138' title='bbox 865 2024 987 2079; x_wconf 86' lang='lat' dir='ltr'><strong><em>tua,</em></strong></span> <span class='ocrx_word' id='word_1_139' title='bbox 1018 2021 1074 2068; x_wconf 83' lang='lat' dir='ltr'><strong><em>ut</em></strong></span> <span class='ocrx_word' id='word_1_140' title='bbox 1110 2013 1406 2069; x_wconf 75' lang='lat' dir='ltr'><strong><em>consoletur</em></strong></span> <span class='ocrx_word' id='word_1_141' title='bbox 1433 2028 1513 2069; x_wconf 88' lang='lat' dir='ltr'><strong><em>me</em></strong></span> <span class='ocrx_word' id='word_1_142' title='bbox 1543 2028 1562 2067; x_wconf 89' lang='lat'><strong><em>:</em></strong></span> <span class='ocrx_word' id='word_1_143' title='bbox 1592 2028 1672 2069; x_wconf 58' lang='lat' dir='ltr'><strong><em>se.</em></strong></span> 
     </span>
    </p>
   </div>
   <div class='ocr_carea' id='block_1_20' title="bbox 102 2110 1062 2180">
    <p class='ocr_par' dir='ltr' id='par_1_20' title="bbox 102 2110 1062 2180">
     <span class='ocr_line' id='line_1_21' title="bbox 102 2110 1062 2180; baseline -0.005 -16"><span class='ocrx_word' id='word_1_144' title='bbox 102 2114 307 2165; x_wconf 84' lang='lat' dir='ltr'><strong><em>cundum</em></strong></span> <span class='ocrx_word' id='word_1_145' title='bbox 333 2110 589 2180; x_wconf 80' lang='lat' dir='ltr'><strong><em>eloquium</em></strong></span> <span class='ocrx_word' id='word_1_146' title='bbox 613 2118 760 2163; x_wconf 83' lang='lat' dir='ltr'><strong><em>tuum</em></strong></span> <span class='ocrx_word' id='word_1_147' title='bbox 782 2122 927 2163; x_wconf 79' lang='lat' dir='ltr'><strong><em>servo</em></strong></span> <span class='ocrx_word' id='word_1_148' title='bbox 950 2116 1062 2161; x_wconf 83' lang='lat' dir='ltr'><strong><em>tuo.</em></strong></span> 
     </span>
    </p>
   </div>
   <div class='ocr_carea' id='block_1_21' title="bbox 159 2200 1673 2272">
    <p class='ocr_par' dir='ltr' id='par_1_21' title="bbox 159 2200 1673 2272">
     <span class='ocr_line' id='line_1_22' title="bbox 159 2200 1673 2272; baseline -0.002 -12"><span class='ocrx_word' id='word_1_149' title='bbox 159 2205 281 2260; x_wconf 73' lang='lat' dir='ltr'><strong><em>10d.</em></strong></span> <span class='ocrx_word' id='word_1_150' title='bbox 328 2203 544 2259; x_wconf 78' lang='lat' dir='ltr'><strong><em>Veniant</em></strong></span> <span class='ocrx_word' id='word_1_151' title='bbox 574 2201 703 2257; x_wconf 75' lang='lat' dir='ltr'><strong><em>mihi</em></strong></span> <span class='ocrx_word' id='word_1_152' title='bbox 732 2202 1087 2257; x_wconf 87' lang='lat' dir='ltr'><strong><em>miserationes</em></strong></span> <span class='ocrx_word' id='word_1_153' title='bbox 1111 2209 1233 2267; x_wconf 67' lang='lat' dir='ltr'><strong><em>tua,</em></strong></span> <span class='ocrx_word' id='word_1_154' title='bbox 1257 2208 1306 2256; x_wconf 84' lang='lat' dir='ltr'><strong><em>et</em></strong></span> <span class='ocrx_word' id='word_1_155' title='bbox 1328 2200 1491 2257; x_wconf 73' lang='grc' dir='ltr'><strong><em>υἷι-σπι</em></strong></span> <span class='ocrx_word' id='word_1_156' title='bbox 1515 2200 1673 2272; x_wconf 88' lang='lat' dir='ltr'><strong><em>:qnia</em></strong></span> 
     </span>
    </p>
   </div>
   <div class='ocr_carea' id='block_1_22' title="bbox 104 2296 970 2365">
    <p class='ocr_par' dir='ltr' id='par_1_22' title="bbox 104 2296 970 2365">
     <span class='ocr_line' id='line_1_23' title="bbox 104 2296 970 2365; baseline -0.002 -14"><span class='ocrx_word' id='word_1_157' title='bbox 104 2300 175 2353; x_wconf 75' lang='lat' dir='ltr'><strong><em>lea:</em></strong></span> <span class='ocrx_word' id='word_1_158' title='bbox 202 2309 287 2352; x_wconf 89' lang='lat' dir='ltr'><strong><em>tua</em></strong></span> <span class='ocrx_word' id='word_1_159' title='bbox 316 2297 577 2353; x_wconf 82' lang='lat' dir='ltr'><strong><em>meditatio</em></strong></span> <span class='ocrx_word' id='word_1_160' title='bbox 605 2312 720 2350; x_wconf 86' lang='lat' dir='ltr'><strong><em>mea</em></strong></span> <span class='ocrx_word' id='word_1_161' title='bbox 754 2311 814 2351; x_wconf 62' lang='grc' dir='ltr'><strong><em>σιν</em></strong></span> <span class='ocrx_word' id='word_1_162' title='bbox 848 2304 922 2351; x_wconf 85' lang='lat' dir='ltr'><strong><em>est</em></strong></span> <span class='ocrx_word' id='word_1_163' title='bbox 948 2296 970 2365; x_wconf 73' lang='grc' dir='ltr'>ζ</span> 
     </span>
    </p>
   </div>
   <div class='ocr_carea' id='block_1_23' title="bbox 163 2390 1674 2463">
    <p class='ocr_par' dir='ltr' id='par_1_23' title="bbox 163 2390 1674 2463">
     <span class='ocr_line' id='line_1_24' title="bbox 163 2390 1674 2463; baseline -0.003 -14"><span class='ocrx_word' id='word_1_164' title='bbox 163 2392 281 2449; x_wconf 78' lang='lat' dir='ltr'><strong><em>lod.</em></strong></span> <span class='ocrx_word' id='word_1_165' title='bbox 320 2391 721 2460; x_wconf 79' lang='lat' dir='ltr'><strong><em>Confundantur</em></strong></span> <span class='ocrx_word' id='word_1_166' title='bbox 742 2391 968 2463; x_wconf 80' lang='lat' dir='ltr'><strong><em>superbi,</em></strong></span> <span class='ocrx_word' id='word_1_167' title='bbox 996 2390 1117 2461; x_wconf 83' lang='lat' dir='ltr'><strong><em>quia</em></strong></span> <span class='ocrx_word' id='word_1_168' title='bbox 1140 2391 1331 2461; x_wconf 77' lang='lat' dir='ltr'><strong><em>injuste</em></strong></span> <span class='ocrx_word' id='word_1_169' title='bbox 1350 2391 1674 2460; x_wconf 83' lang='lat' dir='ltr'><strong><em>iniquitatem</em></strong></span> 
     </span>
    </p>
   </div>
   <div class='ocr_carea' id='block_1_24' title="bbox 108 2483 1672 2557">
    <p class='ocr_par' dir='ltr' id='par_1_24' title="bbox 108 2483 1672 2557">
     <span class='ocr_line' id='line_1_25' title="bbox 108 2483 1672 2557; baseline 0.002 -20"><span class='ocrx_word' id='word_1_170' title='bbox 108 2486 314 2557; x_wconf 72' lang='lat' dir='ltr'><strong><em>fecerunt</em></strong></span> <span class='ocrx_word' id='word_1_171' title='bbox 340 2487 390 2541; x_wconf 86' lang='lat' dir='ltr'><strong><em>in</em></strong></span> <span class='ocrx_word' id='word_1_172' title='bbox 416 2502 495 2540; x_wconf 88' lang='lat' dir='ltr'><strong><em>me</em></strong></span> <span class='ocrx_word' id='word_1_173' title='bbox 521 2500 542 2540; x_wconf 91' lang='lat'><strong><em>:</em></strong></span> <span class='ocrx_word' id='word_1_174' title='bbox 572 2500 666 2557; x_wconf 84' lang='lat' dir='ltr'><strong><em>ego</em></strong></span> <span class='ocrx_word' id='word_1_175' title='bbox 688 2493 861 2538; x_wconf 79' lang='lat' dir='ltr'><strong><em>autem</em></strong></span> <span class='ocrx_word' id='word_1_176' title='bbox 892 2484 1161 2538; x_wconf 75' lang='lat' dir='ltr'><strong><em>exercebor</em></strong></span> <span class='ocrx_word' id='word_1_177' title='bbox 1182 2483 1235 2538; x_wconf 89' lang='lat' dir='ltr'><strong><em>in</em></strong></span> <span class='ocrx_word' id='word_1_178' title='bbox 1257 2484 1517 2538; x_wconf 84' lang='lat' dir='ltr'><strong><em>mandatis</em></strong></span> <span class='ocrx_word' id='word_1_179' title='bbox 1550 2484 1672 2540; x_wconf 90' lang='lat' dir='ltr'><strong><em>tuis.</em></strong></span> 
     </span>
    </p>
   </div>
   <div class='ocr_carea' id='block_1_25' title="bbox 171 2683 1675 2755">
    <p class='ocr_par' dir='ltr' id='par_1_25' title="bbox 171 2683 1675 2755">
     <span class='ocr_line' id='line_1_26' title="bbox 171 2683 1675 2755; baseline 0.001 -16"><span class='ocrx_word' id='word_1_180' title='bbox 171 2683 285 2740; x_wconf 83' lang='lat' dir='ltr'><strong><em>Jod.</em></strong></span> <span class='ocrx_word' id='word_1_181' title='bbox 324 2684 700 2741; x_wconf 76' lang='lat' dir='ltr'><strong><em>Convertuntur</em></strong></span> <span class='ocrx_word' id='word_1_182' title='bbox 723 2683 849 2739; x_wconf 79' lang='lat' dir='ltr'><strong><em>milii</em></strong></span> <span class='ocrx_word' id='word_1_183' title='bbox 877 2683 1111 2739; x_wconf 87' lang='lat' dir='ltr'><strong><em>timentes</em></strong></span> <span class='ocrx_word' id='word_1_184' title='bbox 1135 2690 1205 2751; x_wconf 92' lang='lat' dir='ltr'><strong><em>te,</em></strong></span> <span class='ocrx_word' id='word_1_185' title='bbox 1236 2691 1283 2737; x_wconf 91' lang='lat' dir='ltr'><strong><em>et</em></strong></span> <span class='ocrx_word' id='word_1_186' title='bbox 1309 2683 1399 2755; x_wconf 89' lang='lat' dir='ltr'><strong><em>qui</em></strong></span> <span class='ocrx_word' id='word_1_187' title='bbox 1427 2692 1675 2740; x_wconf 74' lang='lat' dir='ltr'><strong><em>noverunt</em></strong></span> 
     </span>
    </p>
   </div>
   <div class='ocr_carea' id='block_1_26' title="bbox 112 2781 519 2835">
    <p class='ocr_par' dir='ltr' id='par_1_26' title="bbox 112 2781 519 2835">
     <span class='ocr_line' id='line_1_27' title="bbox 112 2781 519 2835; baseline 0.005 -2"><span class='ocrx_word' id='word_1_188' title='bbox 112 2781 369 2835; x_wconf 79' lang='lat' dir='ltr'><strong><em>testimonia</em></strong></span> <span class='ocrx_word' id='word_1_189' title='bbox 410 2790 519 2835; x_wconf 82' lang='lat' dir='ltr'><strong><em>tua.</em></strong></span> 
     </span>
    </p>
   </div>
   <div class='ocr_carea' id='block_1_27' title="bbox 168 2869 1674 2944">
    <p class='ocr_par' dir='ltr' id='par_1_27' title="bbox 168 2869 1674 2944">
     <span class='ocr_line' id='line_1_28' title="bbox 168 2869 1674 2944; baseline -0.001 -16"><span class='ocrx_word' id='word_1_190' title='bbox 168 2872 280 2929; x_wconf 85' lang='lat' dir='ltr'><strong><em>Jod.</em></strong></span> <span class='ocrx_word' id='word_1_191' title='bbox 321 2874 435 2929; x_wconf 80' lang='lat' dir='ltr'><strong><em>Fiat</em></strong></span> <span class='ocrx_word' id='word_1_192' title='bbox 465 2890 557 2928; x_wconf 90' lang='lat' dir='ltr'><strong><em>cor</em></strong></span> <span class='ocrx_word' id='word_1_193' title='bbox 586 2890 753 2927; x_wconf 89' lang='lat' dir='ltr'><strong><em>meum</em></strong></span> <span class='ocrx_word' id='word_1_194' title='bbox 777 2871 1168 2927; x_wconf 80' lang='lat' dir='ltr'><strong><em>immaculatum</em></strong></span> <span class='ocrx_word' id='word_1_195' title='bbox 1194 2869 1246 2925; x_wconf 87' lang='lat' dir='ltr'><strong><em>in</em></strong></span> <span class='ocrx_word' id='word_1_196' title='bbox 1266 2870 1674 2944; x_wconf 83' lang='lat' dir='ltr'><strong><em>justi/icationi-</em></strong></span> 
     </span>
    </p>
   </div>
   <div class='ocr_carea' id='block_1_28' title="bbox 114 2966 917 3037">
    <p class='ocr_par' dir='ltr' id='par_1_28' title="bbox 114 2966 917 3037">
     <span class='ocr_line' id='line_1_29' title="bbox 114 2966 917 3037; baseline 0.002 -18"><span class='ocrx_word' id='word_1_197' title='bbox 114 2966 191 3022; x_wconf 87' lang='lat' dir='ltr'><strong><em>bus</em></strong></span> <span class='ocrx_word' id='word_1_198' title='bbox 220 2968 311 3021; x_wconf 85' lang='lat' dir='ltr'><strong><em>tuis</em></strong></span> <span class='ocrx_word' id='word_1_199' title='bbox 343 2984 358 3022; x_wconf 90' lang='lat'><em>:</em></span> <span class='ocrx_word' id='word_1_200' title='bbox 390 2978 443 3021; x_wconf 92' lang='lat' dir='ltr'><strong><em>ut</em></strong></span> <span class='ocrx_word' id='word_1_201' title='bbox 469 2984 572 3022; x_wconf 87' lang='lat' dir='ltr'><strong><em>non</em></strong></span> <span class='ocrx_word' id='word_1_202' title='bbox 600 2967 917 3037; x_wconf 69' lang='lat' dir='ltr'><strong><em>confundor.</em></strong></span> 
     </span>
    </p>
   </div>
   <div class='ocr_carea' id='block_1_29' title="bbox 170 3054 1672 3130">
    <p class='ocr_par' dir='ltr' id='par_1_29' title="bbox 170 3054 1672 3130">
     <span class='ocr_line' id='line_1_30' title="bbox 170 3054 1672 3130; baseline 0 -18"><span class='ocrx_word' id='word_1_203' title='bbox 170 3059 324 3129; x_wconf 83' lang='lat' dir='ltr'><strong><em>Capit.</em></strong></span> <span class='ocrx_word' id='word_1_204' title='bbox 348 3059 540 3130; x_wconf 65' lang='lat' dir='ltr'><strong><em>Deiecit</em></strong></span> <span class='ocrx_word' id='word_1_205' title='bbox 566 3060 621 3113; x_wconf 88' lang='lat' dir='ltr'><strong><em>in</em></strong></span> <span class='ocrx_word' id='word_1_206' title='bbox 650 3058 879 3114; x_wconf 88' lang='lat' dir='ltr'><strong><em>salutare</em></strong></span> <span class='ocrx_word' id='word_1_207' title='bbox 901 3068 1045 3113; x_wconf 91' lang='lat' dir='ltr'><strong><em>tuum</em></strong></span> <span class='ocrx_word' id='word_1_208' title='bbox 1073 3056 1247 3111; x_wconf 81' lang='lat' dir='ltr'><strong><em>anima</em></strong></span> <span class='ocrx_word' id='word_1_209' title='bbox 1279 3073 1423 3112; x_wconf 89' lang='lat' dir='ltr'><strong><em>mea:</em></strong></span> <span class='ocrx_word' id='word_1_210' title='bbox 1451 3054 1546 3113; x_wconf 57' lang='lat'><strong><em>+5</em></strong></span> <span class='ocrx_word' id='word_1_211' title='bbox 1575 3068 1621 3112; x_wconf 87' lang='lat' dir='ltr'><strong><em>et</em></strong></span> <span class='ocrx_word' id='word_1_212' title='bbox 1650 3058 1672 3127; x_wconf 70' lang='grc' dir='ltr'>ζ</span> 
     </span>
    </p>
   </div>
   <div class='ocr_carea' id='block_1_30' title="bbox 115 3150 945 3224">
    <p class='ocr_par' dir='ltr' id='par_1_30' title="bbox 115 3150 945 3224">
     <span class='ocr_line' id='line_1_31' title="bbox 115 3150 945 3224; baseline 0.004 -23"><span class='ocrx_word' id='word_1_213' title='bbox 115 3150 156 3204; x_wconf 89' lang='lat' dir='ltr'><strong><em>in</em></strong></span> <span class='ocrx_word' id='word_1_214' title='bbox 185 3153 371 3206; x_wconf 70' lang='lat' dir='ltr'><strong><em>teritum</em></strong></span> <span class='ocrx_word' id='word_1_215' title='bbox 393 3161 536 3207; x_wconf 90' lang='lat' dir='ltr'><strong><em>tuum</em></strong></span> <span class='ocrx_word' id='word_1_216' title='bbox 563 3152 945 3224; x_wconf 84' lang='lat' dir='ltr'><strong><em>supcrsperavi.</em></strong></span> 
     </span>
    </p>
   </div>
   <div class='ocr_carea' id='block_1_31' title="bbox 172 3241 1672 3315">
    <p class='ocr_par' dir='ltr' id='par_1_31' title="bbox 172 3241 1672 3315">
     <span class='ocr_line' id='line_1_32' title="bbox 172 3241 1672 3315; baseline 0 -17"><span class='ocrx_word' id='word_1_217' title='bbox 172 3244 328 3313; x_wconf 80' lang='lat' dir='ltr'><strong><em>Capit.</em></strong></span> <span class='ocrx_word' id='word_1_218' title='bbox 384 3244 696 3315; x_wconf 76' lang='lat' dir='ltr'><strong><em>Defeccrunt</em></strong></span> <span class='ocrx_word' id='word_1_219' title='bbox 743 3242 881 3298; x_wconf 89' lang='lat' dir='ltr'><strong><em>oculi</em></strong></span> <span class='ocrx_word' id='word_1_220' title='bbox 929 3245 1027 3297; x_wconf 87' lang='lat' dir='ltr'><strong><em>mei</em></strong></span> <span class='ocrx_word' id='word_1_221' title='bbox 1072 3243 1127 3297; x_wconf 90' lang='lat' dir='ltr'><strong><em>in</em></strong></span> <span class='ocrx_word' id='word_1_222' title='bbox 1172 3241 1434 3312; x_wconf 85' lang='lat' dir='ltr'><strong><em>eloquium</em></strong></span> <span class='ocrx_word' id='word_1_223' title='bbox 1484 3251 1672 3298; x_wconf 81' lang='lat' dir='ltr'><strong><em>tuum:</em></strong></span> 
     </span>
    </p>
   </div>
   <div class='ocr_carea' id='block_1_32' title="bbox 116 3337 1119 3406">
    <p class='ocr_par' dir='ltr' id='par_1_32' title="bbox 116 3337 1119 3406">
     <span class='ocr_line' id='line_1_33' title="bbox 116 3337 1119 3406; baseline 0.003 -20"><span class='ocrx_word' id='word_1_224' title='bbox 116 3337 336 3401; x_wconf 83' lang='lat' dir='ltr'><strong><em>dicentes,</em></strong></span> <span class='ocrx_word' id='word_1_225' title='bbox 370 3339 591 3406; x_wconf 85' lang='lat' dir='ltr'><strong><em>Quando</em></strong></span> <span class='ocrx_word' id='word_1_226' title='bbox 621 3337 971 3392; x_wconf 88' lang='lat' dir='ltr'><strong><em>consolaberis</em></strong></span> <span class='ocrx_word' id='word_1_227' title='bbox 1000 3337 1119 3390; x_wconf 84' lang='lat' dir='ltr'><strong><em>me?</em></strong></span> 
     </span>
    </p>
   </div>
   <div class='ocr_carea' id='block_1_33' title="bbox 176 3426 1674 3503">
    <p class='ocr_par' dir='ltr' id='par_1_33' title="bbox 176 3426 1674 3503">
     <span class='ocr_line' id='line_1_34' title="bbox 176 3426 1674 3503; baseline 0 -21"><span class='ocrx_word' id='word_1_228' title='bbox 176 3428 331 3499; x_wconf 86' lang='lat' dir='ltr'><strong><em>Caph.</em></strong></span> <span class='ocrx_word' id='word_1_229' title='bbox 379 3430 507 3497; x_wconf 85' lang='lat' dir='ltr'><strong><em>Quia</em></strong></span> <span class='ocrx_word' id='word_1_230' title='bbox 538 3431 712 3503; x_wconf 77' lang='lat' dir='ltr'><strong><em>factus</em></strong></span> <span class='ocrx_word' id='word_1_231' title='bbox 735 3444 847 3482; x_wconf 88' lang='lat' dir='ltr'><strong><em>sum</em></strong></span> <span class='ocrx_word' id='word_1_232' title='bbox 874 3428 1006 3482; x_wconf 82' lang='lat' dir='ltr'><strong><em>sicut</em></strong></span> <span class='ocrx_word' id='word_1_233' title='bbox 1037 3436 1147 3481; x_wconf 90' lang='lat' dir='ltr'><strong><em>utcr</em></strong></span> <span class='ocrx_word' id='word_1_234' title='bbox 1173 3426 1224 3480; x_wconf 91' lang='lat' dir='ltr'><strong><em>in</em></strong></span> <span class='ocrx_word' id='word_1_235' title='bbox 1258 3426 1445 3495; x_wconf 91' lang='lat' dir='ltr'><strong><em>pruina</em></strong></span> <span class='ocrx_word' id='word_1_236' title='bbox 1477 3428 1674 3501; x_wconf 84' lang='lat' dir='ltr'><strong><em>:justi-</em></strong></span> 
     </span>
    </p>
   </div>
   <div class='ocr_carea' id='block_1_34' title="bbox 123 3518 991 3585">
    <p class='ocr_par' dir='ltr' id='par_1_34' title="bbox 123 3518 991 3585">
     <span class='ocr_line' id='line_1_35' title="bbox 123 3518 991 3585; baseline 0.005 -15"><span class='ocrx_word' id='word_1_237' title='bbox 123 3518 347 3585; x_wconf 73' lang='lat' dir='ltr'><strong><em>ﬁcationes</em></strong></span> <span class='ocrx_word' id='word_1_238' title='bbox 376 3533 487 3577; x_wconf 87' lang='lat' dir='ltr'><strong><em>tuas</em></strong></span> <span class='ocrx_word' id='word_1_239' title='bbox 511 3539 614 3577; x_wconf 84' lang='lat' dir='ltr'><strong><em>non</em></strong></span> <span class='ocrx_word' id='word_1_240' title='bbox 640 3537 755 3576; x_wconf 88' lang='lat' dir='ltr'><strong><em>sum</em></strong></span> <span class='ocrx_word' id='word_1_241' title='bbox 778 3521 991 3575; x_wconf 85' lang='lat' dir='ltr'><strong><em>oblitus.</em></strong></span> 
     </span>
    </p>
   </div>
   <div class='ocr_carea' id='block_1_35' title="bbox 175 3613 1675 3688">
    <p class='ocr_par' dir='ltr' id='par_1_35' title="bbox 175 3613 1675 3688">
     <span class='ocr_line' id='line_1_36' title="bbox 175 3613 1675 3688; baseline 0.002 -19"><span class='ocrx_word' id='word_1_242' title='bbox 175 3613 325 3687; x_wconf 74' lang='lat' dir='ltr'><strong><em>Capi).</em></strong></span> <span class='ocrx_word' id='word_1_243' title='bbox 368 3617 506 3686; x_wconf 82' lang='lat' dir='ltr'><strong><em>Quot</em></strong></span> <span class='ocrx_word' id='word_1_244' title='bbox 535 3624 658 3672; x_wconf 88' lang='lat' dir='ltr'><strong><em>sunt</em></strong></span> <span class='ocrx_word' id='word_1_245' title='bbox 688 3616 798 3670; x_wconf 88' lang='lat' dir='ltr'><strong><em>dies</em></strong></span> <span class='ocrx_word' id='word_1_246' title='bbox 838 3615 969 3669; x_wconf 79' lang='lat' dir='ltr'><strong><em>servi</em></strong></span> <span class='ocrx_word' id='word_1_247' title='bbox 1012 3614 1129 3670; x_wconf 84' lang='lat' dir='ltr'><strong><em>tui.’</em></strong></span> <span class='ocrx_word' id='word_1_248' title='bbox 1164 3615 1376 3688; x_wconf 79' lang='lat' dir='ltr'><strong><em>quando</em></strong></span> <span class='ocrx_word' id='word_1_249' title='bbox 1404 3616 1565 3687; x_wconf 78' lang='lat' dir='ltr'><strong><em>facies</em></strong></span> <span class='ocrx_word' id='word_1_250' title='bbox 1610 3615 1675 3674; x_wconf 83' lang='lat' dir='ltr'><strong><em>de</em></strong></span> 
     </span>
    </p>
   </div>
   <div class='ocr_carea' id='block_1_36' title="bbox 122 3708 953 3781">
    <p class='ocr_par' dir='ltr' id='par_1_36' title="bbox 122 3708 953 3781">
     <span class='ocr_line' id='line_1_37' title="bbox 122 3708 953 3781; baseline 0.005 -19"><span class='ocrx_word' id='word_1_251' title='bbox 122 3710 500 3780; x_wconf 76' lang='lat' dir='ltr'><strong><em>persequentibus</em></strong></span> <span class='ocrx_word' id='word_1_252' title='bbox 546 3726 625 3763; x_wconf 86' lang='lat' dir='ltr'><strong><em>me</em></strong></span> <span class='ocrx_word' id='word_1_253' title='bbox 642 3708 905 3781; x_wconf 86' lang='lat' dir='ltr'><strong><em>judicium</em></strong></span> <span class='ocrx_word' id='word_1_254' title='bbox 928 3709 953 3766; x_wconf 89' lang='lat'><strong><em>.’</em></strong></span> 
     </span>
    </p>
   </div>
   <div class='ocr_carea' id='block_1_37' title="bbox 122 3886 1666 3965">
    <p class='ocr_par' dir='ltr' id='par_1_37' title="bbox 122 3886 1666 3965">
     <span class='ocr_line' id='line_1_38' title="bbox 122 3886 1666 3965; baseline 0.004 -21"><span class='ocrx_word' id='word_1_255' title='bbox 122 3886 261 3965; x_wconf 58' lang='lat' dir='ltr'><strong><em>linus</em></strong></span> <span class='ocrx_word' id='word_1_256' title='bbox 286 3907 339 3947; x_wconf 84' lang='lat' dir='ltr'><strong><em>es</em></strong></span> <span class='ocrx_word' id='word_1_257' title='bbox 368 3903 441 3948; x_wconf 92' lang='lat' dir='ltr'><strong><em>tu.</em></strong></span> <span class='ocrx_word' id='word_1_258' title='bbox 479 3894 655 3963; x_wconf 72' lang='lat' dir='ltr'><strong><em>Atque</em></strong></span> <span class='ocrx_word' id='word_1_259' title='bbox 686 3906 793 3944; x_wconf 87' lang='lat' dir='ltr'><strong><em>uno</em></strong></span> <span class='ocrx_word' id='word_1_260' title='bbox 838 3890 1158 3959; x_wconf 83' lang='lat' dir='ltr'><strong><em>interposito</em></strong></span> <span class='ocrx_word' id='word_1_261' title='bbox 1189 3908 1350 3949; x_wconf 71' lang='lat' dir='ltr'><strong><em>versu</em></strong></span> <span class='ocrx_word' id='word_1_262' title='bbox 1379 3894 1397 3961; x_wconf 86' lang='lat'>(</span> <span class='ocrx_word' id='word_1_263' title='bbox 1407 3893 1491 3948; x_wconf 89' lang='lat' dir='ltr'><strong><em>ubi</em></strong></span> <span class='ocrx_word' id='word_1_264' title='bbox 1522 3895 1666 3965; x_wconf 89' lang='lat' dir='ltr'><strong><em>quod</em></strong></span> 
     </span>
    </p>
   </div>
   <div class='ocr_carea' id='block_1_38' title="bbox 120 3961 1666 4033">
    <p class='ocr_par' dir='ltr' id='par_1_38' title="bbox 120 3961 1666 4033">
     <span class='ocr_line' id='line_1_39' title="bbox 120 3961 1666 4033; baseline 0.002 -22"><span class='ocrx_word' id='word_1_265' title='bbox 120 3961 280 4018; x_wconf 78' lang='lat' dir='ltr'><strong><em>dicitur</em></strong></span> <span class='ocrx_word' id='word_1_266' title='bbox 305 3968 452 4018; x_wconf 83' lang='lat' dir='ltr'><strong><em>corde</em></strong></span> <span class='ocrx_word' id='word_1_267' title='bbox 479 3961 611 4025; x_wconf 82' lang='lat' dir='ltr'><strong><em>meo,</em></strong></span> <span class='ocrx_word' id='word_1_268' title='bbox 645 3980 945 4033; x_wconf 85' lang='lat' dir='ltr'><strong><em>pronomen</em></strong></span> <span class='ocrx_word' id='word_1_269' title='bbox 978 3965 1255 4028; x_wconf 81' lang='lat' dir='ltr'><strong><em>superﬂuo</em></strong></span> <span class='ocrx_word' id='word_1_270' title='bbox 1282 3961 1666 4027; x_wconf 69' lang='grc' dir='ltr'>ιιιΙιΙξιιιιιιξιιιι-</span> 
     </span>
    </p>
   </div>
   <div class='ocr_carea' id='block_1_39' title="bbox 52 4034 1665 4107">
    <p class='ocr_par' dir='ltr' id='par_1_39' title="bbox 52 4034 1665 4107">
     <span class='ocr_line' id='line_1_40' title="bbox 52 4034 1665 4107; baseline 0.004 -24"><span class='ocrx_word' id='word_1_271' title='bbox 52 4068 53 4071; x_wconf 60' lang='grc' dir='ltr'><strong>η</strong></span> <span class='ocrx_word' id='word_1_272' title='bbox 119 4043 187 4087; x_wconf 82' lang='lat' dir='ltr'><strong><em>cet</em></strong></span> <span class='ocrx_word' id='word_1_273' title='bbox 208 4034 253 4089; x_wconf 88' lang='lat' dir='ltr'><strong><em>in</em></strong></span> <span class='ocrx_word' id='word_1_274' title='bbox 276 4038 569 4104; x_wconf 81' lang='lat' dir='ltr'><strong><em>epistol.nd</em></strong></span> <span class='ocrx_word' id='word_1_275' title='bbox 594 4034 935 4107; x_wconf 76' lang='lat' dir='ltr'><strong><em>Sunniatuet</em></strong></span> <span class='ocrx_word' id='word_1_276' title='bbox 967 4035 1233 4107; x_wconf 64' lang='lat' dir='ltr'><strong><em>Frelelunt</em></strong></span> <span class='ocrx_word' id='word_1_277' title='bbox 1259 4035 1665 4107; x_wconf 66' lang='lat' dir='ltr'><strong><em>Hieronymus),</em></strong></span> 
     </span>
    </p>
   </div>
   <div class='ocr_carea' id='block_1_40' title="bbox 121 4104 1664 4177">
    <p class='ocr_par' dir='ltr' id='par_1_40' title="bbox 121 4104 1664 4177">
     <span class='ocr_line' id='line_1_41' title="bbox 121 4104 1664 4177; baseline 0.003 -21"><span class='ocrx_word' id='word_1_278' title='bbox 121 4114 279 4177; x_wconf 59' lang='lat' dir='ltr'><strong><em>mulera</em></strong></span> <span class='ocrx_word' id='word_1_279' title='bbox 316 4110 387 4162; x_wconf 82' lang='lat' dir='ltr'><strong><em>sic</em></strong></span> <span class='ocrx_word' id='word_1_280' title='bbox 419 4108 622 4162; x_wconf 76' lang='lat' dir='ltr'><strong><em>habent</em></strong></span> <span class='ocrx_word' id='word_1_281' title='bbox 676 4110 728 4161; x_wconf 89' lang='lat' dir='ltr'><strong><em>in</em></strong></span> <span class='ocrx_word' id='word_1_282' title='bbox 774 4106 964 4160; x_wconf 83' lang='lat' dir='ltr'><strong><em>eodem</em></strong></span> <span class='ocrx_word' id='word_1_283' title='bbox 1000 4120 1101 4158; x_wconf 86' lang='lat' dir='ltr'><strong><em>ms.</em></strong></span> <span class='ocrx_word' id='word_1_284' title='bbox 1135 4123 1145 4158; x_wconf 89' lang='lat'>:</span> <span class='ocrx_word' id='word_1_285' title='bbox 1180 4104 1524 4177; x_wconf 81' lang='lat' dir='ltr'><strong><em>Coagulatunt</em></strong></span> <span class='ocrx_word' id='word_1_286' title='bbox 1567 4104 1664 4170; x_wconf 83' lang='lat' dir='ltr'><strong><em>est,</em></strong></span> 
     </span>
    </p>
   </div>
   <div class='ocr_carea' id='block_1_41' title="bbox 122 4174 1670 4247">
    <p class='ocr_par' dir='ltr' id='par_1_41' title="bbox 122 4174 1670 4247">
     <span class='ocr_line' id='line_1_42' title="bbox 122 4174 1670 4247; baseline 0.006 -24"><span class='ocrx_word' id='word_1_287' title='bbox 122 4187 161 4224; x_wconf 86' lang='lat' dir='ltr'><strong><em>ut</em></strong></span> <span class='ocrx_word' id='word_1_288' title='bbox 191 4174 279 4244; x_wconf 82' lang='lat' dir='ltr'><strong><em>lar,</em></strong></span> <span class='ocrx_word' id='word_1_289' title='bbox 310 4196 579 4232; x_wconf 73' lang='lat' dir='ltr'><strong><em>conuertat</em></strong></span> <span class='ocrx_word' id='word_1_290' title='bbox 614 4195 633 4230; x_wconf 90' lang='lat'><em>:</em></span> <span class='ocrx_word' id='word_1_291' title='bbox 662 4194 751 4247; x_wconf 76' lang='lat' dir='ltr'><strong><em>ego</em></strong></span> <span class='ocrx_word' id='word_1_292' title='bbox 779 4190 950 4230; x_wconf 85' lang='lat' dir='ltr'><strong><em>autem</em></strong></span> <span class='ocrx_word' id='word_1_293' title='bbox 976 4177 1137 4246; x_wconf 73' lang='lat' dir='ltr'><strong><em>legem</em></strong></span> <span class='ocrx_word' id='word_1_294' title='bbox 1194 4174 1335 4229; x_wconf 79' lang='lat' dir='ltr'><strong><em>tuam</em></strong></span> <span class='ocrx_word' id='word_1_295' title='bbox 1383 4178 1670 4233; x_wconf 59' lang='lat' dir='ltr'><strong><em>meditabor</em></strong></span> 
     </span>
    </p>
   </div>
   <div class='ocr_carea' id='block_1_42' title="bbox 119 4247 1666 4319">
    <p class='ocr_par' dir='ltr' id='par_1_42' title="bbox 119 4247 1666 4319">
     <span class='ocr_line' id='line_1_43' title="bbox 119 4247 1666 4319; baseline 0.001 -16"><span class='ocrx_word' id='word_1_296' title='bbox 119 4250 216 4313; x_wconf 60' lang='lat' dir='ltr'><strong><em>(tiro</em></strong></span> <span class='ocrx_word' id='word_1_297' title='bbox 236 4252 341 4303; x_wconf 87' lang='lat' dir='ltr'><strong><em>med</em></strong></span> <span class='ocrx_word' id='word_1_298' title='bbox 352 4251 555 4311; x_wconf 82' lang='lat' dir='ltr'><strong><em>tabnr).</em></strong></span> <span class='ocrx_word' id='word_1_299' title='bbox 586 4248 787 4301; x_wconf 77' lang='lat' dir='ltr'><strong><em>Bonum</em></strong></span> <span class='ocrx_word' id='word_1_300' title='bbox 813 4247 959 4313; x_wconf 79' lang='lat' dir='ltr'><strong><em>milii,</em></strong></span> <span class='ocrx_word' id='word_1_301' title='bbox 988 4250 1227 4316; x_wconf 83' lang='lat' dir='ltr'><strong><em>quoniam</em></strong></span> <span class='ocrx_word' id='word_1_302' title='bbox 1250 4248 1537 4302; x_wconf 60' lang='lat' dir='ltr'><strong><em>kniniliasti</em></strong></span> <span class='ocrx_word' id='word_1_303' title='bbox 1568 4266 1666 4319; x_wconf 86' lang='lat' dir='ltr'><strong><em>nte,</em></strong></span> 
     </span>
    </p>
   </div>
   <div class='ocr_carea' id='block_1_43' title="bbox 119 4318 1091 4391">
    <p class='ocr_par' dir='ltr' id='par_1_43' title="bbox 119 4318 1091 4391">
     <span class='ocr_line' id='line_1_44' title="bbox 119 4318 1091 4391; baseline 0.003 -23"><span class='ocrx_word' id='word_1_304' title='bbox 119 4318 359 4391; x_wconf 75' lang='lat' dir='ltr'><strong><em>utdisratn</em></strong></span> <span class='ocrx_word' id='word_1_305' title='bbox 374 4321 784 4391; x_wconf 81' lang='lat' dir='ltr'><strong><em>justiﬁcationes</em></strong></span> <span class='ocrx_word' id='word_1_306' title='bbox 815 4328 953 4379; x_wconf 81' lang='lat' dir='ltr'><strong><em>tuas.</em></strong></span> <span class='ocrx_word' id='word_1_307' title='bbox 985 4330 1091 4391; x_wconf 93' lang='lat' dir='ltr'><strong><em>etc.</em></strong></span> 
     </span>
    </p>
   </div>
   <div class='ocr_carea' id='block_1_44' title="bbox 174 4389 1670 4460">
    <p class='ocr_par' dir='ltr' id='par_1_44' title="bbox 174 4389 1670 4460">
     <span class='ocr_line' id='line_1_45' title="bbox 174 4389 1670 4460; baseline 0.001 -17"><span class='ocrx_word' id='word_1_308' title='bbox 174 4390 196 4418; x_wconf 84' lang='grc'><strong><em>⁸</em></strong></span> <span class='ocrx_word' id='word_1_309' title='bbox 222 4389 483 4446; x_wconf 62' lang='lat' dir='ltr'><strong><em>unauna.-</em></strong></span> <span class='ocrx_word' id='word_1_310' title='bbox 518 4406 623 4445; x_wconf 89' lang='lat' dir='ltr'><strong><em>lltS.</em></strong></span> <span class='ocrx_word' id='word_1_311' title='bbox 656 4392 708 4443; x_wconf 86' lang='lat' dir='ltr'><strong><em>in</em></strong></span> <span class='ocrx_word' id='word_1_312' title='bbox 743 4390 1184 4459; x_wconf 71' lang='lat' dir='ltr'><strong><em>prmpositionem</em></strong></span> <span class='ocrx_word' id='word_1_313' title='bbox 1250 4389 1412 4443; x_wconf 81' lang='lat' dir='ltr'><strong><em>obelo</em></strong></span> <span class='ocrx_word' id='word_1_314' title='bbox 1458 4406 1670 4460; x_wconf 67' lang='lat' dir='ltr'><strong><em>pra‘no-</em></strong></span> 
     </span>
    </p>
   </div>
   <div class='ocr_carea' id='block_1_45' title="bbox 118 4460 1671 4532">
    <p class='ocr_par' dir='ltr' id='par_1_45' title="bbox 118 4460 1671 4532">
     <span class='ocr_line' id='line_1_46' title="bbox 118 4460 1671 4532; baseline 0.003 -18"><span class='ocrx_word' id='word_1_315' title='bbox 118 4464 196 4525; x_wconf 70' lang='grc' dir='ltr'>(ιιι,</span> <span class='ocrx_word' id='word_1_316' title='bbox 223 4478 319 4532; x_wconf 88' lang='lat' dir='ltr'><strong><em>quo</em></strong></span> <span class='ocrx_word' id='word_1_317' title='bbox 341 4465 510 4518; x_wconf 84' lang='lat' dir='ltr'><strong><em>satius</em></strong></span> <span class='ocrx_word' id='word_1_318' title='bbox 539 4461 749 4526; x_wconf 78' lang='lat' dir='ltr'><strong><em>fuisset,</em></strong></span> <span class='ocrx_word' id='word_1_319' title='bbox 773 4460 915 4531; x_wconf 86' lang='lat' dir='ltr'><strong><em>quod</em></strong></span> <span class='ocrx_word' id='word_1_320' title='bbox 945 4461 1193 4529; x_wconf 75' lang='lat' dir='ltr'><strong><em>sequitur</em></strong></span> <span class='ocrx_word' id='word_1_321' title='bbox 1227 4476 1523 4531; x_wconf 79' lang='lat' dir='ltr'><strong><em>prOuomen</em></strong></span> <span class='ocrx_word' id='word_1_322' title='bbox 1581 4472 1671 4518; x_wconf 90' lang='lat' dir='ltr'><strong><em>tua</em></strong></span> 
     </span>
    </p>
   </div>
   <div class='ocr_carea' id='block_1_46' title="bbox 113 4559 1668 4648">
    <p class='ocr_par' dir='ltr' id='par_1_46' title="bbox 113 4559 1668 4648">
     <span class='ocr_line' id='line_1_47' title="bbox 113 4559 1668 4648; baseline -0.001 -12"><span class='ocrx_word' id='word_1_323' title='bbox 113 4571 325 4639; x_wconf 70' lang='lat' dir='ltr'><strong><em>ingulari.</em></strong></span> <span class='ocrx_word' id='word_1_324' title='bbox 357 4578 411 4633; x_wconf 80' lang='lat' dir='ltr'><strong><em>tu</em></strong></span> <span class='ocrx_word' id='word_1_325' title='bbox 442 4578 673 4631; x_wconf 65' lang='lat' dir='ltr'><strong><em>ttettrmo</em></strong></span> <span class='ocrx_word' id='word_1_326' title='bbox 702 4586 807 4642; x_wconf 87' lang='lat' dir='ltr'><strong><em>est,</em></strong></span> <span class='ocrx_word' id='word_1_327' title='bbox 863 4559 1030 4636; x_wconf 60' lang='lat' dir='ltr'><strong><em>md)</em></strong></span> <span class='ocrx_word' id='word_1_328' title='bbox 1066 4585 1279 4643; x_wconf 50' lang='grc' dir='ltr'><strong><em>τέως.</em></strong></span> <span class='ocrx_word' id='word_1_329' title='bbox 1325 4578 1391 4632; x_wconf 88' lang='lat' dir='ltr'><strong><em>ad</em></strong></span> <span class='ocrx_word' id='word_1_330' title='bbox 1422 4578 1668 4648; x_wconf 81' lang='lat' dir='ltr'><strong><em>verbum,</em></strong></span> 
     </span>
    </p>
   </div>
   <div class='ocr_carea' id='block_1_47' title="bbox 116 4648 733 4705">
    <p class='ocr_par' dir='ltr' id='par_1_47' title="bbox 116 4648 733 4705">
     <span class='ocr_line' id='line_1_48' title="bbox 116 4648 733 4705; baseline 0.008 -8"><span class='ocrx_word' id='word_1_331' title='bbox 116 4648 221 4698; x_wconf 80' lang='lat' dir='ltr'><strong><em>etde</em></strong></span> <span class='ocrx_word' id='word_1_332' title='bbox 242 4650 454 4705; x_wconf 77' lang='lat' dir='ltr'><strong><em>bonitate</em></strong></span> <span class='ocrx_word' id='word_1_333' title='bbox 478 4650 607 4702; x_wconf 88' lang='lat' dir='ltr'><strong><em>doce</em></strong></span> <span class='ocrx_word' id='word_1_334' title='bbox 634 4664 733 4702; x_wconf 83' lang='lat' dir='ltr'><strong><em>me.</em></strong></span> 
     </span>
    </p>
   </div>
   <div class='ocr_carea' id='block_1_48' title="bbox 169 4735 1664 4807">
    <p class='ocr_par' dir='ltr' id='par_1_48' title="bbox 169 4735 1664 4807">
     <span class='ocr_line' id='line_1_49' title="bbox 169 4735 1664 4807; baseline 0.003 -12"><span class='ocrx_word' id='word_1_335' title='bbox 169 4735 425 4796; x_wconf 63' lang='lat' dir='ltr'><strong><em>bObelum</em></strong></span> <span class='ocrx_word' id='word_1_336' title='bbox 454 4743 603 4797; x_wconf 80' lang='lat' dir='ltr'><strong><em>hunc</em></strong></span> <span class='ocrx_word' id='word_1_337' title='bbox 625 4740 799 4796; x_wconf 68' lang='lat' dir='ltr'><strong><em>Palat.</em></strong></span> <span class='ocrx_word' id='word_1_338' title='bbox 837 4756 937 4796; x_wconf 92' lang='lat' dir='ltr'><strong><em>ms.</em></strong></span> <span class='ocrx_word' id='word_1_339' title='bbox 973 4748 1031 4797; x_wconf 88' lang='lat' dir='ltr'><strong><em>et</em></strong></span> <span class='ocrx_word' id='word_1_340' title='bbox 1077 4741 1268 4807; x_wconf 82' lang='lat' dir='ltr'><strong><em>Carus,</em></strong></span> <span class='ocrx_word' id='word_1_341' title='bbox 1326 4754 1383 4797; x_wconf 88' lang='lat' dir='ltr'><strong><em>ut</em></strong></span> <span class='ocrx_word' id='word_1_342' title='bbox 1434 4752 1490 4801; x_wconf 88' lang='lat' dir='ltr'><strong><em>et</em></strong></span> <span class='ocrx_word' id='word_1_343' title='bbox 1540 4744 1664 4800; x_wconf 90' lang='lat' dir='ltr'><strong><em>cod.</em></strong></span> 
     </span>
    </p>
   </div>
   <div class='ocr_carea' id='block_1_49' title="bbox 114 4806 1341 4881">
    <p class='ocr_par' dir='ltr' id='par_1_49' title="bbox 114 4806 1341 4881">
     <span class='ocr_line' id='line_1_50' title="bbox 114 4806 1341 4881; baseline 0.006 -19"><span class='ocrx_word' id='word_1_344' title='bbox 114 4806 418 4869; x_wconf 72' lang='lat' dir='ltr'><strong><em>Alexandrini</em></strong></span> <span class='ocrx_word' id='word_1_345' title='bbox 450 4829 659 4879; x_wconf 79' lang='lat' dir='ltr'><strong><em>nupera</em></strong></span> <span class='ocrx_word' id='word_1_346' title='bbox 684 4814 871 4877; x_wconf 81' lang='lat' dir='ltr'><strong><em>editio,</em></strong></span> <span class='ocrx_word' id='word_1_347' title='bbox 898 4806 1341 4881; x_wconf 70' lang='lat' dir='ltr'><strong><em>prmtermittunt.</em></strong></span> 
     </span>
    </p>
   </div>
   <div class='ocr_carea' id='block_1_50' title="bbox 174 4884 1664 4942">
    <p class='ocr_par' dir='ltr' id='par_1_50' title="bbox 174 4884 1664 4942">
     <span class='ocr_line' id='line_1_51' title="bbox 174 4884 1664 4942; baseline 0.003 -5"><span class='ocrx_word' id='word_1_348' title='bbox 174 4892 191 4917; x_wconf 72' lang='grc' dir='ltr'>ε</span> <span class='ocrx_word' id='word_1_349' title='bbox 215 4884 351 4938; x_wconf 75' lang='lat' dir='ltr'><strong><em>llutic</em></strong></span> <span class='ocrx_word' id='word_1_350' title='bbox 375 4888 553 4941; x_wconf 89' lang='lat' dir='ltr'><strong><em>minus</em></strong></span> <span class='ocrx_word' id='word_1_351' title='bbox 577 4895 727 4940; x_wconf 89' lang='lat' dir='ltr'><strong><em>recte</em></strong></span> <span class='ocrx_word' id='word_1_352' title='bbox 754 4886 967 4941; x_wconf 85' lang='lat' dir='ltr'><strong><em>obelunt</em></strong></span> <span class='ocrx_word' id='word_1_353' title='bbox 994 4884 1265 4940; x_wconf 79' lang='lat' dir='ltr'><strong><em>Palatinus</em></strong></span> <span class='ocrx_word' id='word_1_354' title='bbox 1290 4902 1393 4940; x_wconf 73' lang='lat' dir='ltr'><strong><em>ms.</em></strong></span> <span class='ocrx_word' id='word_1_355' title='bbox 1417 4895 1473 4941; x_wconf 91' lang='lat' dir='ltr'><strong><em>et</em></strong></span> <span class='ocrx_word' id='word_1_356' title='bbox 1495 4887 1664 4942; x_wconf 84' lang='lat' dir='ltr'><strong><em>Carus</em></strong></span> 
     </span>
    </p>
   </div>
   <div class='ocr_carea' id='block_1_51' title="bbox 114 4954 367 5017">
    <p class='ocr_par' dir='ltr' id='par_1_51' title="bbox 114 4954 367 5017">
     <span class='ocr_line' id='line_1_52' title="bbox 114 4954 367 5017; baseline 0.02 -14"><span class='ocrx_word' id='word_1_357' title='bbox 114 4954 367 5017; x_wconf 72' lang='lat' dir='ltr'><strong><em>negligant.</em></strong></span> 
     </span>
    </p>
   </div>
   <div class='ocr_carea' id='block_1_52' title="bbox 166 5022 1659 5098">
    <p class='ocr_par' dir='ltr' id='par_1_52' title="bbox 166 5022 1659 5098">
     <span class='ocr_line' id='line_1_53' title="bbox 166 5022 1659 5098; baseline 0.003 -19"><span class='ocrx_word' id='word_1_358' title='bbox 166 5022 189 5098; x_wconf 67' lang='grc' dir='ltr'>ξι</span> <span class='ocrx_word' id='word_1_359' title='bbox 221 5026 313 5079; x_wconf 79' lang='lat' dir='ltr'><strong><em>l’m</em></strong></span> <span class='ocrx_word' id='word_1_360' title='bbox 333 5039 377 5082; x_wconf 89' lang='lat' dir='ltr'><strong><em>et</em></strong></span> <span class='ocrx_word' id='word_1_361' title='bbox 398 5028 617 5091; x_wconf 76' lang='lat' dir='ltr'><strong><em>vocula,</em></strong></span> <span class='ocrx_word' id='word_1_362' title='bbox 651 5042 811 5096; x_wconf 87' lang='lat' dir='ltr'><strong><em>quam</em></strong></span> <span class='ocrx_word' id='word_1_363' title='bbox 846 5041 1069 5098; x_wconf 83' lang='lat' dir='ltr'><strong><em>prorsus</em></strong></span> <span class='ocrx_word' id='word_1_364' title='bbox 1100 5035 1264 5091; x_wconf 87' lang='lat' dir='ltr'><strong><em>tacet,</em></strong></span> <span class='ocrx_word' id='word_1_365' title='bbox 1295 5027 1526 5082; x_wconf 78' lang='lat' dir='ltr'><strong><em>Palatio.</em></strong></span> <span class='ocrx_word' id='word_1_366' title='bbox 1557 5045 1659 5084; x_wconf 91' lang='lat' dir='ltr'><strong><em>ms.</em></strong></span> 
     </span>
    </p>
   </div>
   <div class='ocr_carea' id='block_1_53' title="bbox 115 5094 1662 5167">
    <p class='ocr_par' dir='ltr' id='par_1_53' title="bbox 115 5094 1662 5167">
     <span class='ocr_line' id='line_1_54' title="bbox 115 5094 1662 5167; baseline 0.006 -20"><span class='ocrx_word' id='word_1_367' title='bbox 115 5094 489 5167; x_wconf 67' lang='lat' dir='ltr'><strong><em>Subsequeotem</em></strong></span> <span class='ocrx_word' id='word_1_368' title='bbox 546 5100 602 5152; x_wconf 88' lang='lat' dir='ltr'><strong><em>in</em></strong></span> <span class='ocrx_word' id='word_1_369' title='bbox 653 5094 1093 5165; x_wconf 67' lang='lat' dir='ltr'><strong><em>praepositionem</em></strong></span> <span class='ocrx_word' id='word_1_370' title='bbox 1167 5098 1428 5153; x_wconf 82' lang='lat' dir='ltr'><strong><em>confodit.</em></strong></span> <span class='ocrx_word' id='word_1_371' title='bbox 1490 5101 1662 5156; x_wconf 75' lang='lat' dir='ltr'><strong><em>Carus</em></strong></span> 
     </span>
    </p>
   </div>
   <div class='ocr_carea' id='block_1_54' title="bbox 123 5169 1661 5293">
    <p class='ocr_par' dir='ltr' id='par_1_54' title="bbox 123 5169 1661 5293">
     <span class='ocr_line' id='line_1_55' title="bbox 123 5169 1661 5293; baseline 0.007 -74"><span class='ocrx_word' id='word_1_372' title='bbox 123 5169 354 5293; x_wconf 46' lang='lat' dir='ltr'><strong><em>minioque</em></strong></span> <span class='ocrx_word' id='word_1_373' title='bbox 385 5186 443 5227; x_wconf 68' lang='lat'><em>+</em></span> <span class='ocrx_word' id='word_1_374' title='bbox 474 5178 520 5225; x_wconf 87' lang='lat' dir='ltr'><strong><em>et</em></strong></span> <span class='ocrx_word' id='word_1_375' title='bbox 551 5171 607 5224; x_wconf 86' lang='lat' dir='ltr'><strong><em>in</em></strong></span> <span class='ocrx_word' id='word_1_376' title='bbox 639 5171 660 5239; x_wconf 70' lang='grc' dir='ltr'>ζ</span> <span class='ocrx_word' id='word_1_377' title='bbox 691 5172 900 5226; x_wconf 80' lang='lat' dir='ltr'><strong><em>verbum</em></strong></span> <span class='ocrx_word' id='word_1_378' title='bbox 927 5210 942 5235; x_wconf 94' lang='lat'><strong><em>,</em></strong></span> <span class='ocrx_word' id='word_1_379' title='bbox 992 5178 1101 5224; x_wconf 90' lang='lat' dir='ltr'><strong><em>etc.</em></strong></span> <span class='ocrx_word' id='word_1_380' title='bbox 1149 5169 1362 5238; x_wconf 82' lang='lat' dir='ltr'><strong><em>Optima</em></strong></span> <span class='ocrx_word' id='word_1_381' title='bbox 1395 5172 1661 5242; x_wconf 80' lang='lat' dir='ltr'><strong><em>impressa</em></strong></span> 
     </span>
     <span class='ocr_line' id='line_1_56' title="bbox 230 5250 377 5293; baseline 0 0"><span class='ocrx_word' id='word_1_382' title='bbox 230 5250 377 5293; x_wconf 75' lang='lat' dir='ltr'><strong><em>culto.</em></strong></span> 
     </span>
    </p>
   </div>
   <div class='ocr_carea' id='block_1_55' title="bbox 230 5250 377 5299">
    <p class='ocr_par' dir='ltr' id='par_1_55' title="bbox 230 5250 377 5299">
     <span class='ocr_line' id='line_1_57' title="bbox 230 5250 377 5299; baseline 0.014 -5"><span class='ocrx_word' id='word_1_383' title='bbox 230 5250 377 5299; x_wconf 89' lang='lat' dir='ltr'><strong><em>ectio.</em></strong></span> 
     </span>
    </p>
   </div>
   <div class='ocr_carea' id='block_1_56' title="bbox 175 5309 1658 5380">
    <p class='ocr_par' dir='ltr' id='par_1_56' title="bbox 175 5309 1658 5380">
     <span class='ocr_line' id='line_1_58' title="bbox 175 5309 1658 5380; baseline 0.003 -15"><span class='ocrx_word' id='word_1_384' title='bbox 175 5317 189 5380; x_wconf 62' lang='lat' dir='ltr'>f</span> <span class='ocrx_word' id='word_1_385' title='bbox 225 5309 327 5369; x_wconf 80' lang='lat' dir='ltr'><strong><em>Hoc</em></strong></span> <span class='ocrx_word' id='word_1_386' title='bbox 356 5315 517 5372; x_wconf 83' lang='lat' dir='ltr'><strong><em>tnodo</em></strong></span> <span class='ocrx_word' id='word_1_387' title='bbox 542 5312 596 5369; x_wconf 88' lang='lat' dir='ltr'><strong><em>in</em></strong></span> <span class='ocrx_word' id='word_1_388' title='bbox 622 5312 829 5368; x_wconf 68' lang='lat' dir='ltr'><strong><em>Gnecis</em></strong></span> <span class='ocrx_word' id='word_1_389' title='bbox 854 5311 1135 5367; x_wconf 84' lang='lat' dir='ltr'><strong><em>codicibus</em></strong></span> <span class='ocrx_word' id='word_1_390' title='bbox 1167 5311 1417 5380; x_wconf 78' lang='lat' dir='ltr'><strong><em>legebant</em></strong></span> <span class='ocrx_word' id='word_1_391' title='bbox 1448 5314 1658 5369; x_wconf 89' lang='lat' dir='ltr'><strong><em>Sunnia</em></strong></span> 
     </span>
    </p>
   </div>
   <div class='ocr_carea' id='block_1_57' title="bbox 130 5378 1659 5456">
    <p class='ocr_par' dir='ltr' id='par_1_57' title="bbox 130 5378 1659 5456">
     <span class='ocr_line' id='line_1_59' title="bbox 130 5378 1659 5456; baseline 0.005 -21"><span class='ocrx_word' id='word_1_392' title='bbox 130 5378 396 5456; x_wconf 44' lang='lat' dir='ltr'><strong><em>fil-‘retela,</em></strong></span> <span class='ocrx_word' id='word_1_393' title='bbox 444 5389 539 5441; x_wconf 86' lang='lat' dir='ltr'><strong><em>sed</em></strong></span> <span class='ocrx_word' id='word_1_394' title='bbox 586 5400 700 5438; x_wconf 89' lang='lat' dir='ltr'><strong><em>meo</em></strong></span> <span class='ocrx_word' id='word_1_395' title='bbox 730 5386 815 5439; x_wconf 90' lang='lat' dir='ltr'><strong><em>bic</em></strong></span> <span class='ocrx_word' id='word_1_396' title='bbox 844 5385 1179 5454; x_wconf 81' lang='lat' dir='ltr'><strong><em>superﬂuunt</em></strong></span> <span class='ocrx_word' id='word_1_397' title='bbox 1209 5378 1330 5439; x_wconf 85' lang='lat' dir='ltr'><strong><em>esse</em></strong></span> <span class='ocrx_word' id='word_1_398' title='bbox 1358 5386 1535 5439; x_wconf 83' lang='lat' dir='ltr'><strong><em>docuit</em></strong></span> <span class='ocrx_word' id='word_1_399' title='bbox 1565 5404 1659 5441; x_wconf 77' lang='lat' dir='ltr'><strong><em>eos</em></strong></span> 
     </span>
    </p>
   </div>
   <div class='ocr_carea' id='block_1_58' title="bbox 130 5436 668 5526">
    <p class='ocr_par' dir='ltr' id='par_1_58' title="bbox 130 5436 668 5526">
     <span class='ocr_line' id='line_1_60' title="bbox 130 5436 668 5526; baseline 0.004 -20"><span class='ocrx_word' id='word_1_400' title='bbox 130 5436 466 5526; x_wconf 45' lang='lat' dir='ltr'><strong><em>&quot;amittimus.—</em></strong></span> <span class='ocrx_word' id='word_1_401' title='bbox 478 5436 668 5513; x_wconf 61' lang='lat' dir='ltr'><strong><em>bitter.</em></strong></span> 
     </span>
    </p>
   </div>
   <div class='ocr_carea' id='block_1_59' title="bbox 174 5520 1655 5597">
    <p class='ocr_par' dir='ltr' id='par_1_59' title="bbox 174 5520 1655 5597">
     <span class='ocr_line' id='line_1_61' title="bbox 174 5520 1655 5597; baseline 0.001 -18"><span class='ocrx_word' id='word_1_402' title='bbox 174 5520 195 5597; x_wconf 78' lang='lat'><strong><em>&#39;_</em></strong></span> <span class='ocrx_word' id='word_1_403' title='bbox 218 5520 536 5597; x_wconf 50' lang='lat' dir='ltr'><strong><em>Veronensis</em></strong></span> <span class='ocrx_word' id='word_1_404' title='bbox 569 5544 699 5594; x_wconf 86' lang='lat' dir='ltr'><strong><em>ms.,</em></strong></span> <span class='ocrx_word' id='word_1_405' title='bbox 735 5527 1014 5593; x_wconf 78' lang='lat' dir='ltr'><strong><em>ﬁnxerunt,</em></strong></span> <span class='ocrx_word' id='word_1_406' title='bbox 1049 5524 1116 5580; x_wconf 90' lang='lat' dir='ltr'><strong><em>de</em></strong></span> <span class='ocrx_word' id='word_1_407' title='bbox 1142 5541 1248 5594; x_wconf 84' lang='lat' dir='ltr'><strong><em>quo</em></strong></span> <span class='ocrx_word' id='word_1_408' title='bbox 1275 5528 1443 5582; x_wconf 76' lang='lat' dir='ltr'><strong><em>verbo</em></strong></span> <span class='ocrx_word' id='word_1_409' title='bbox 1481 5532 1616 5597; x_wconf 79' lang='lat' dir='ltr'><strong><em>Aug.</em></strong></span> <span class='ocrx_word' id='word_1_410' title='bbox 1643 5547 1655 5581; x_wconf 92' lang='lat'><strong>:</strong></span> 
     </span>
    </p>
   </div>
   <div class='ocr_carea' id='block_1_60' title="bbox 126 5580 1661 5668">
    <p class='ocr_par' dir='ltr' id='par_1_60' title="bbox 126 5580 1661 5668">
     <span class='ocr_line' id='line_1_62' title="bbox 126 5580 1661 5668; baseline 0.006 -23"><span class='ocrx_word' id='word_1_411' title='bbox 126 5580 323 5668; x_wconf 61' lang='lat' dir='ltr'><strong><em>Quidam,</em></strong></span> <span class='ocrx_word' id='word_1_412' title='bbox 348 5600 538 5668; x_wconf 84' lang='lat' dir='ltr'><strong><em>inquit,</em></strong></span> <span class='ocrx_word' id='word_1_413' title='bbox 562 5580 877 5666; x_wconf 68' lang='lat' dir='ltr'><strong><em>Interpre&#39;es</em></strong></span> <span class='ocrx_word' id='word_1_414' title='bbox 898 5580 1173 5651; x_wconf 78' lang='lat' dir='ltr'><strong><em>noluerunl</em></strong></span> <span class='ocrx_word' id='word_1_415' title='bbox 1194 5598 1364 5653; x_wconf 86' lang='lat' dir='ltr'><strong><em>dicere</em></strong></span> <span class='ocrx_word' id='word_1_416' title='bbox 1385 5580 1661 5654; x_wconf 57' lang='lat' dir='ltr'><strong><em>nitiéiﬁtu</em></strong></span> 
     </span>
    </p>
   </div>
   <div class='ocr_carea' id='block_1_61' title="bbox 123 5663 1657 5745">
    <p class='ocr_par' dir='ltr' id='par_1_61' title="bbox 123 5663 1657 5745">
     <span class='ocr_line' id='line_1_63' title="bbox 123 5663 1657 5745; baseline 0.005 -26"><span class='ocrx_word' id='word_1_417' title='bbox 123 5663 215 5745; x_wconf 52' lang='grc' dir='ltr'><strong><em>ξιξ,</em></strong></span> <span class='ocrx_word' id='word_1_418' title='bbox 253 5671 336 5745; x_wconf 80' lang='lat' dir='ltr'><strong><em>sed</em></strong></span> <span class='ocrx_word' id='word_1_419' title='bbox 375 5663 780 5745; x_wconf 52' lang='lat' dir='ltr'><strong><em>pl&#39;asmarertint</em></strong></span> <span class='ocrx_word' id='word_1_420' title='bbox 816 5682 901 5723; x_wconf 86' lang='lat' dir='ltr'><strong><em>nte</em></strong></span> <span class='ocrx_word' id='word_1_421' title='bbox 928 5712 943 5736; x_wconf 93' lang='lat'><strong><em>,</em></strong></span> <span class='ocrx_word' id='word_1_422' title='bbox 992 5670 1165 5745; x_wconf 72' lang='lat' dir='ltr'><strong><em>magis</em></strong></span> <span class='ocrx_word' id='word_1_423' title='bbox 1176 5668 1453 5745; x_wconf 79' lang='lat' dir='ltr'><strong><em>diligentes</em></strong></span> <span class='ocrx_word' id='word_1_424' title='bbox 1486 5673 1657 5727; x_wconf 86' lang='lat' dir='ltr'><strong><em>minus</em></strong></span> 
     </span>
    </p>
   </div>
   <div class='ocr_carea' id='block_1_62' title="bbox 120 5718 1651 5812">
    <p class='ocr_par' dir='ltr' id='par_1_62' title="bbox 120 5718 1651 5812">
     <span class='ocr_line' id='line_1_64' title="bbox 120 5718 1651 5812; baseline 0.005 -21"><span class='ocrx_word' id='word_1_425' title='bbox 120 5718 265 5792; x_wconf 55' lang='lat' dir='ltr'><strong><em>Latine</em></strong></span> <span class='ocrx_word' id='word_1_426' title='bbox 284 5718 539 5797; x_wconf 75' lang='lat' dir='ltr'><strong><em>declinare</em></strong></span> <span class='ocrx_word' id='word_1_427' title='bbox 574 5740 643 5795; x_wconf 83' lang='lat' dir='ltr'><strong><em>de</em></strong></span> <span class='ocrx_word' id='word_1_428' title='bbox 680 5738 867 5795; x_wconf 70' lang='lat' dir='ltr'><strong><em>Gratco</em></strong></span> <span class='ocrx_word' id='word_1_429' title='bbox 892 5784 906 5810; x_wconf 95' lang='lat'><strong><em>,</em></strong></span> <span class='ocrx_word' id='word_1_430' title='bbox 928 5718 1102 5811; x_wconf 71' lang='grc' dir='ltr'><strong><em>⁷(μιαιῆ</em></strong></span> <span class='ocrx_word' id='word_1_431' title='bbox 1130 5718 1306 5797; x_wconf 61' lang='lat' dir='ltr'><strong><em>dicer;</em></strong></span> <span class='ocrx_word' id='word_1_432' title='bbox 1339 5718 1651 5812; x_wconf 50' lang='lat' dir='ltr'><strong><em>ﬁnxerunt&quot;</em></strong></span> 
     </span>
    </p>
   </div>
   <div class='ocr_carea' id='block_1_63' title="bbox 1780 426 2635 499">
    <p class='ocr_par' dir='ltr' id='par_1_63' title="bbox 1780 426 2635 499">
     <span class='ocr_line' id='line_1_65' title="bbox 1780 426 2635 499; baseline 0.002 -17"><span class='ocrx_word' id='word_1_433' title='bbox 1780 426 1917 483; x_wconf 90' lang='lat' dir='ltr'><strong><em>doce</em></strong></span> <span class='ocrx_word' id='word_1_434' title='bbox 1942 443 2029 484; x_wconf 89' lang='lat' dir='ltr'><strong><em>me</em></strong></span> <span class='ocrx_word' id='word_1_435' title='bbox 2049 429 2466 499; x_wconf 84' lang='lat' dir='ltr'><strong><em>justiﬁcationes</em></strong></span> <span class='ocrx_word' id='word_1_436' title='bbox 2496 440 2635 485; x_wconf 85' lang='lat' dir='ltr'><strong><em>tuas.</em></strong></span> 
     </span>
    </p>
   </div>
   <div class='ocr_carea' id='block_1_64' title="bbox 1857 521 3377 599">
    <p class='ocr_par' dir='ltr' id='par_1_64' title="bbox 1857 521 3377 599">
     <span class='ocr_line' id='line_1_66' title="bbox 1857 521 3377 599; baseline 0.001 -21"><span class='ocrx_word' id='word_1_437' title='bbox 1857 521 2005 579; x_wconf 79' lang='lat' dir='ltr'><strong><em>Tetlt.</em></strong></span> <span class='ocrx_word' id='word_1_438' title='bbox 2038 524 2390 595; x_wconf 74' lang='lat' dir='ltr'><strong><em>Multiplicata</em></strong></span> <span class='ocrx_word' id='word_1_439' title='bbox 2414 535 2497 581; x_wconf 90' lang='lat' dir='ltr'><strong><em>est</em></strong></span> <span class='ocrx_word' id='word_1_440' title='bbox 2527 540 2691 596; x_wconf 87' lang='lat' dir='ltr'><strong><em>super</em></strong></span> <span class='ocrx_word' id='word_1_441' title='bbox 2717 540 2803 582; x_wconf 87' lang='lat' dir='ltr'><strong><em>me</em></strong></span> <span class='ocrx_word' id='word_1_442' title='bbox 2832 526 3089 598; x_wconf 82' lang='lat' dir='ltr'><strong><em>iniquitas</em></strong></span> <span class='ocrx_word' id='word_1_443' title='bbox 3116 527 3377 599; x_wconf 83' lang='lat' dir='ltr'><strong><em>superbo-</em></strong></span> 
     </span>
    </p>
   </div>
   <div class='ocr_carea' id='block_1_65' title="bbox 1777 618 3379 689">
    <p class='ocr_par' dir='ltr' id='par_1_65' title="bbox 1777 618 3379 689">
     <span class='ocr_line' id='line_1_67' title="bbox 1777 618 3379 689; baseline 0.002 -17"><span class='ocrx_word' id='word_1_444' title='bbox 1777 631 1897 672; x_wconf 91' lang='lat' dir='ltr'><strong><em>rum</em></strong></span> <span class='ocrx_word' id='word_1_445' title='bbox 1947 634 1961 671; x_wconf 90' lang='lat'><strong>:</strong></span> <span class='ocrx_word' id='word_1_446' title='bbox 2010 632 2111 689; x_wconf 90' lang='lat' dir='ltr'><strong><em>ego</em></strong></span> <span class='ocrx_word' id='word_1_447' title='bbox 2159 628 2338 674; x_wconf 88' lang='lat' dir='ltr'><strong><em>autem</em></strong></span> <span class='ocrx_word' id='word_1_448' title='bbox 2393 618 2448 673; x_wconf 92' lang='lat' dir='ltr'><strong><em>in</em></strong></span> <span class='ocrx_word' id='word_1_449' title='bbox 2488 627 2598 676; x_wconf 88' lang='lat' dir='ltr'><strong><em>toto</em></strong></span> <span class='ocrx_word' id='word_1_450' title='bbox 2650 628 2672 655; x_wconf 86' lang='lat'><strong><em>°</em></strong></span> <span class='ocrx_word' id='word_1_451' title='bbox 2714 618 2877 676; x_wconf 82' lang='lat' dir='ltr'><strong><em>corde</em></strong></span> <span class='ocrx_word' id='word_1_452' title='bbox 2925 634 3047 676; x_wconf 78' lang='lat' dir='ltr'><strong><em>uico</em></strong></span> <span class='ocrx_word' id='word_1_453' title='bbox 3089 620 3379 677; x_wconf 80' lang='lat' dir='ltr'><strong><em>scrutabor</em></strong></span> 
     </span>
    </p>
   </div>
   <div class='ocr_carea' id='block_1_66' title="bbox 1778 709 2177 766">
    <p class='ocr_par' dir='ltr' id='par_1_66' title="bbox 1778 709 2177 766">
     <span class='ocr_line' id='line_1_68' title="bbox 1778 709 2177 766; baseline 0 0"><span class='ocrx_word' id='word_1_454' title='bbox 1778 709 2037 766; x_wconf 83' lang='lat' dir='ltr'><strong><em>mandata</em></strong></span> <span class='ocrx_word' id='word_1_455' title='bbox 2065 720 2177 766; x_wconf 89' lang='lat' dir='ltr'><strong><em>tua.</em></strong></span> 
     </span>
    </p>
   </div>
   <div class='ocr_carea' id='block_1_67' title="bbox 1846 800 3377 875">
    <p class='ocr_par' dir='ltr' id='par_1_67' title="bbox 1846 800 3377 875">
     <span class='ocr_line' id='line_1_69' title="bbox 1846 800 3377 875; baseline 0.003 -20"><span class='ocrx_word' id='word_1_456' title='bbox 1846 800 1996 857; x_wconf 77' lang='lat' dir='ltr'><strong><em>Tetti.</em></strong></span> <span class='ocrx_word' id='word_1_457' title='bbox 2030 801 2388 873; x_wconf 84' lang='lat' dir='ltr'><strong><em>Coagulatum</em></strong></span> <span class='ocrx_word' id='word_1_458' title='bbox 2438 812 2521 859; x_wconf 91' lang='lat' dir='ltr'><strong><em>est</em></strong></span> <span class='ocrx_word' id='word_1_459' title='bbox 2568 803 2710 860; x_wconf 82' lang='lat' dir='ltr'><strong><em>sicut</em></strong></span> <span class='ocrx_word' id='word_1_460' title='bbox 2747 800 2829 860; x_wconf 88' lang='lat' dir='ltr'><strong><em>lac</em></strong></span> <span class='ocrx_word' id='word_1_461' title='bbox 2870 816 2966 859; x_wconf 85' lang='lat' dir='ltr'><strong><em>cor</em></strong></span> <span class='ocrx_word' id='word_1_462' title='bbox 3012 816 3203 859; x_wconf 88' lang='lat' dir='ltr'><strong><em>eorum</em></strong></span> <span class='ocrx_word' id='word_1_463' title='bbox 3230 819 3243 857; x_wconf 88' lang='lat'><strong>:</strong></span> <span class='ocrx_word' id='word_1_464' title='bbox 3273 817 3377 875; x_wconf 74' lang='lat' dir='ltr'><strong><em>ego</em></strong></span> 
     </span>
    </p>
   </div>
   <div class='ocr_carea' id='block_1_68' title="bbox 1774 896 2787 967">
    <p class='ocr_par' dir='ltr' id='par_1_68' title="bbox 1774 896 2787 967">
     <span class='ocr_line' id='line_1_70' title="bbox 1774 896 2787 967; baseline -0.002 -16"><span class='ocrx_word' id='word_1_465' title='bbox 1774 911 1905 952; x_wconf 77' lang='lat' dir='ltr'><strong><em>vero</em></strong></span> <span class='ocrx_word' id='word_1_466' title='bbox 1933 897 2107 967; x_wconf 89' lang='lat' dir='ltr'><strong><em>legem</em></strong></span> <span class='ocrx_word' id='word_1_467' title='bbox 2138 905 2283 951; x_wconf 88' lang='lat' dir='ltr'><strong><em>tuam</em></strong></span> <span class='ocrx_word' id='word_1_468' title='bbox 2315 896 2613 953; x_wconf 90' lang='lat' dir='ltr'><strong><em>meditatus</em></strong></span> <span class='ocrx_word' id='word_1_469' title='bbox 2644 911 2787 951; x_wconf 88' lang='lat' dir='ltr'><strong><em>sum.</em></strong></span> 
     </span>
    </p>
   </div>
   <div class='ocr_carea' id='block_1_69' title="bbox 1847 987 3372 1061">
    <p class='ocr_par' dir='ltr' id='par_1_69' title="bbox 1847 987 3372 1061">
     <span class='ocr_line' id='line_1_71' title="bbox 1847 987 3372 1061; baseline 0.001 -18"><span class='ocrx_word' id='word_1_470' title='bbox 1847 988 1992 1044; x_wconf 85' lang='lat' dir='ltr'><strong><em>Teth.</em></strong></span> <span class='ocrx_word' id='word_1_471' title='bbox 2030 989 2240 1045; x_wconf 86' lang='lat' dir='ltr'><strong><em>Bonum</em></strong></span> <span class='ocrx_word' id='word_1_472' title='bbox 2276 989 2409 1045; x_wconf 84' lang='lat' dir='ltr'><strong><em>mihi</em></strong></span> <span class='ocrx_word' id='word_1_473' title='bbox 2437 989 2582 1061; x_wconf 85' lang='lat' dir='ltr'><strong><em>quod</em></strong></span> <span class='ocrx_word' id='word_1_474' title='bbox 2611 988 2906 1046; x_wconf 84' lang='lat' dir='ltr'><strong><em>ltumiliastl</em></strong></span> <span class='ocrx_word' id='word_1_475' title='bbox 2936 1002 3025 1045; x_wconf 88' lang='lat' dir='ltr'><strong><em>me</em></strong></span> <span class='ocrx_word' id='word_1_476' title='bbox 3052 1005 3065 1043; x_wconf 90' lang='lat'><strong>:</strong></span> <span class='ocrx_word' id='word_1_477' title='bbox 3101 996 3160 1044; x_wconf 84' lang='lat' dir='ltr'><strong><em>ut</em></strong></span> <span class='ocrx_word' id='word_1_478' title='bbox 3192 987 3372 1045; x_wconf 81' lang='lat' dir='ltr'><strong><em>disce-</em></strong></span> 
     </span>
    </p>
   </div>
   <div class='ocr_carea' id='block_1_70' title="bbox 1775 1082 2513 1152">
    <p class='ocr_par' dir='ltr' id='par_1_70' title="bbox 1775 1082 2513 1152">
     <span class='ocr_line' id='line_1_72' title="bbox 1775 1082 2513 1152; baseline 0 -15"><span class='ocrx_word' id='word_1_479' title='bbox 1775 1096 1891 1138; x_wconf 88' lang='lat' dir='ltr'><strong><em>rem</em></strong></span> <span class='ocrx_word' id='word_1_480' title='bbox 1921 1082 2341 1152; x_wconf 77' lang='lat' dir='ltr'><strong><em>iustiﬁcationes</em></strong></span> <span class='ocrx_word' id='word_1_481' title='bbox 2373 1091 2513 1138; x_wconf 89' lang='lat' dir='ltr'><strong><em>tuas.</em></strong></span> 
     </span>
    </p>
   </div>
   <div class='ocr_carea' id='block_1_71' title="bbox 1844 1171 3373 1245">
    <p class='ocr_par' dir='ltr' id='par_1_71' title="bbox 1844 1171 3373 1245">
     <span class='ocr_line' id='line_1_73' title="bbox 1844 1171 3373 1245; baseline -0.002 -14"><span class='ocrx_word' id='word_1_482' title='bbox 1844 1173 1997 1231; x_wconf 73' lang='lat' dir='ltr'><strong><em>Tetti.</em></strong></span> <span class='ocrx_word' id='word_1_483' title='bbox 2031 1174 2240 1231; x_wconf 83' lang='lat' dir='ltr'><strong><em>Boumn</em></strong></span> <span class='ocrx_word' id='word_1_484' title='bbox 2269 1175 2402 1232; x_wconf 82' lang='lat' dir='ltr'><strong><em>mihi</em></strong></span> <span class='ocrx_word' id='word_1_485' title='bbox 2433 1174 2519 1232; x_wconf 81' lang='lat' dir='ltr'><strong><em>lex</em></strong></span> <span class='ocrx_word' id='word_1_486' title='bbox 2550 1174 2664 1233; x_wconf 86' lang='lat' dir='ltr'><strong><em>oris</em></strong></span> <span class='ocrx_word' id='word_1_487' title='bbox 2693 1172 2770 1231; x_wconf 90' lang='lat' dir='ltr'><strong><em>tui</em></strong></span> <span class='ocrx_word' id='word_1_488' title='bbox 2797 1214 2813 1242; x_wconf 91' lang='lat'><strong><em>,</em></strong></span> <span class='ocrx_word' id='word_1_489' title='bbox 2843 1187 3010 1245; x_wconf 86' lang='lat' dir='ltr'><strong><em>super</em></strong></span> <span class='ocrx_word' id='word_1_490' title='bbox 3051 1171 3221 1229; x_wconf 84' lang='lat' dir='ltr'><strong><em>millia</em></strong></span> <span class='ocrx_word' id='word_1_491' title='bbox 3249 1172 3373 1229; x_wconf 86' lang='lat' dir='ltr'><strong><em>auri</em></strong></span> 
     </span>
    </p>
   </div>
   <div class='ocr_carea' id='block_1_72' title="bbox 1775 1270 2086 1341">
    <p class='ocr_par' dir='ltr' id='par_1_72' title="bbox 1775 1270 2086 1341">
     <span class='ocr_line' id='line_1_74' title="bbox 1775 1270 2086 1341; baseline -0.006 -16"><span class='ocrx_word' id='word_1_492' title='bbox 1775 1277 1828 1325; x_wconf 86' lang='lat' dir='ltr'><strong><em>et</em></strong></span> <span class='ocrx_word' id='word_1_493' title='bbox 1854 1270 2086 1341; x_wconf 84' lang='lat' dir='ltr'><strong><em>argenti.</em></strong></span> 
     </span>
    </p>
   </div>
   <div class='ocr_carea' id='block_1_73' title="bbox 1844 1358 3376 1433">
    <p class='ocr_par' dir='ltr' id='par_1_73' title="bbox 1844 1358 3376 1433">
     <span class='ocr_line' id='line_1_75' title="bbox 1844 1358 3376 1433; baseline -0.001 -16"><span class='ocrx_word' id='word_1_494' title='bbox 1844 1362 1974 1417; x_wconf 80' lang='lat' dir='ltr'><strong><em>lod.</em></strong></span> <span class='ocrx_word' id='word_1_495' title='bbox 2000 1362 2196 1418; x_wconf 75' lang='lat' dir='ltr'><strong><em>Manus</em></strong></span> <span class='ocrx_word' id='word_1_496' title='bbox 2228 1362 2484 1419; x_wconf 79' lang='lat' dir='ltr'><strong><em>iecerunt</em></strong></span> <span class='ocrx_word' id='word_1_497' title='bbox 2515 1376 2624 1429; x_wconf 77' lang='lat' dir='ltr'><strong><em>me,</em></strong></span> <span class='ocrx_word' id='word_1_498' title='bbox 2654 1370 2712 1418; x_wconf 89' lang='lat' dir='ltr'><strong><em>et</em></strong></span> <span class='ocrx_word' id='word_1_499' title='bbox 2744 1358 2763 1401; x_wconf 72' lang='grc' dir='ltr'>ί</span> <span class='ocrx_word' id='word_1_500' title='bbox 2799 1360 3206 1433; x_wconf 76' lang='lat' dir='ltr'><strong><em>plasmaverunt</em></strong></span> <span class='ocrx_word' id='word_1_501' title='bbox 3250 1376 3336 1417; x_wconf 91' lang='lat' dir='ltr'><strong><em>me</em></strong></span> <span class='ocrx_word' id='word_1_502' title='bbox 3365 1380 3376 1415; x_wconf 92' lang='lat'><strong>:</strong></span> 
     </span>
    </p>
   </div>
   <div class='ocr_carea' id='block_1_74' title="bbox 1774 1452 3375 1529">
    <p class='ocr_par' dir='ltr' id='par_1_74' title="bbox 1774 1452 3375 1529">
     <span class='ocr_line' id='line_1_76' title="bbox 1774 1452 3375 1529; baseline -0.001 -20"><span class='ocrx_word' id='word_1_503' title='bbox 1774 1453 1841 1509; x_wconf 79' lang='lat' dir='ltr'><strong><em>da</em></strong></span> <span class='ocrx_word' id='word_1_504' title='bbox 1874 1452 2005 1511; x_wconf 86' lang='lat' dir='ltr'><strong><em>mihi</em></strong></span> <span class='ocrx_word' id='word_1_505' title='bbox 2044 1452 2406 1523; x_wconf 85' lang='lat' dir='ltr'><strong><em>intellectum,</em></strong></span> <span class='ocrx_word' id='word_1_506' title='bbox 2453 1463 2511 1511; x_wconf 89' lang='lat' dir='ltr'><strong><em>ut</em></strong></span> <span class='ocrx_word' id='word_1_507' title='bbox 2538 1452 2671 1529; x_wconf 74' lang='grc' dir='ltr'>μισ.</span> <span class='ocrx_word' id='word_1_508' title='bbox 2722 1453 2800 1526; x_wconf 87' lang='lat' dir='ltr'><strong><em>et]</em></strong></span> <span class='ocrx_word' id='word_1_509' title='bbox 2853 1452 3061 1509; x_wconf 86' lang='lat' dir='ltr'><strong><em>discam</em></strong></span> <span class='ocrx_word' id='word_1_510' title='bbox 3120 1452 3375 1509; x_wconf 84' lang='lat' dir='ltr'><strong><em>mandata</em></strong></span> 
     </span>
    </p>
   </div>
   <div class='ocr_carea' id='block_1_75' title="bbox 1777 1556 1913 1603">
    <p class='ocr_par' dir='ltr' id='par_1_75' title="bbox 1777 1556 1913 1603">
     <span class='ocr_line' id='line_1_77' title="bbox 1777 1556 1913 1603; baseline -0.007 0"><span class='ocrx_word' id='word_1_511' title='bbox 1777 1556 1867 1603; x_wconf 86' lang='lat' dir='ltr'><strong><em>tua</em></strong></span> <span class='ocrx_word' id='word_1_512' title='bbox 1899 1564 1913 1602; x_wconf 85' lang='lat'><strong>:</strong></span> 
     </span>
    </p>
   </div>
   <div class='ocr_carea' id='block_1_76' title="bbox 1844 1656 3372 1731">
    <p class='ocr_par' dir='ltr' id='par_1_76' title="bbox 1844 1656 3372 1731">
     <span class='ocr_line' id='line_1_78' title="bbox 1844 1656 3372 1731; baseline -0.001 -14"><span class='ocrx_word' id='word_1_513' title='bbox 1844 1659 1971 1717; x_wconf 79' lang='lat' dir='ltr'><strong><em>Jod.</em></strong></span> <span class='ocrx_word' id='word_1_514' title='bbox 2014 1660 2116 1730; x_wconf 87' lang='lat' dir='ltr'><strong><em>Qui</em></strong></span> <span class='ocrx_word' id='word_1_515' title='bbox 2143 1661 2328 1718; x_wconf 89' lang='lat' dir='ltr'><strong><em>timent</em></strong></span> <span class='ocrx_word' id='word_1_516' title='bbox 2364 1669 2441 1731; x_wconf 89' lang='lat' dir='ltr'><strong><em>te,</em></strong></span> <span class='ocrx_word' id='word_1_517' title='bbox 2472 1660 2735 1719; x_wconf 75' lang='lat' dir='ltr'><strong><em>videbunt</em></strong></span> <span class='ocrx_word' id='word_1_518' title='bbox 2772 1673 2881 1728; x_wconf 89' lang='lat' dir='ltr'><strong><em>me,</em></strong></span> <span class='ocrx_word' id='word_1_519' title='bbox 2913 1666 2968 1716; x_wconf 86' lang='lat' dir='ltr'><strong><em>et</em></strong></span> <span class='ocrx_word' id='word_1_520' title='bbox 2999 1656 3372 1717; x_wconf 62' lang='lat' dir='ltr'><strong><em>laetabuntur:</em></strong></span> 
     </span>
    </p>
   </div>
   <div class='ocr_carea' id='block_1_77' title="bbox 1696 1751 2615 1828">
    <p class='ocr_par' dir='ltr' id='par_1_77' title="bbox 1696 1751 2615 1828">
     <span class='ocr_line' id='line_1_79' title="bbox 1696 1751 2615 1828; baseline 0 -19"><span class='ocrx_word' id='word_1_521' title='bbox 1696 1755 1743 1823; x_wconf 86' lang='lat' dir='ltr'><strong>B</strong></span> <span class='ocrx_word' id='word_1_522' title='bbox 1774 1753 1898 1828; x_wconf 90' lang='lat' dir='ltr'><strong><em>quia</em></strong></span> <span class='ocrx_word' id='word_1_523' title='bbox 1946 1754 1998 1810; x_wconf 89' lang='lat' dir='ltr'><strong><em>in</em></strong></span> <span class='ocrx_word' id='word_1_524' title='bbox 2038 1753 2205 1810; x_wconf 77' lang='lat' dir='ltr'><strong><em>verbo</em></strong></span> <span class='ocrx_word' id='word_1_525' title='bbox 2234 1762 2327 1808; x_wconf 91' lang='lat' dir='ltr'><strong><em>tuo</em></strong></span> <span class='ocrx_word' id='word_1_526' title='bbox 2371 1751 2615 1825; x_wconf 67' lang='lat' dir='ltr'><strong><em>speravi.</em></strong></span> 
     </span>
    </p>
   </div>
   <div class='ocr_carea' id='block_1_78' title="bbox 1844 1833 3373 1919">
    <p class='ocr_par' dir='ltr' id='par_1_78' title="bbox 1844 1833 3373 1919">
     <span class='ocr_line' id='line_1_80' title="bbox 1844 1833 3373 1919; baseline -0.002 -16"><span class='ocrx_word' id='word_1_527' title='bbox 1844 1845 1971 1904; x_wconf 84' lang='lat' dir='ltr'><strong><em>Jod.</em></strong></span> <span class='ocrx_word' id='word_1_528' title='bbox 2001 1833 2265 1918; x_wconf 75' lang='lat' dir='ltr'><strong><em>Cognovi,</em></strong></span> <span class='ocrx_word' id='word_1_529' title='bbox 2290 1846 2543 1914; x_wconf 84' lang='lat' dir='ltr'><strong><em>Domine,</em></strong></span> <span class='ocrx_word' id='word_1_530' title='bbox 2574 1846 2698 1919; x_wconf 87' lang='lat' dir='ltr'><strong><em>quia</em></strong></span> <span class='ocrx_word' id='word_1_531' title='bbox 2728 1844 2961 1919; x_wconf 63' lang='lat' dir='ltr'><strong><em>aequitas</em></strong></span> <span class='ocrx_word' id='word_1_532' title='bbox 3006 1843 3215 1919; x_wconf 85' lang='lat' dir='ltr'><strong><em>judicia</em></strong></span> <span class='ocrx_word' id='word_1_533' title='bbox 3243 1852 3331 1901; x_wconf 88' lang='lat' dir='ltr'><strong><em>tua</em></strong></span> <span class='ocrx_word' id='word_1_534' title='bbox 3357 1860 3373 1907; x_wconf 84' lang='lat'><strong>:</strong></span> 
     </span>
    </p>
   </div>
   <div class='ocr_carea' id='block_1_79' title="bbox 1770 1940 2800 2000">
    <p class='ocr_par' dir='ltr' id='par_1_79' title="bbox 1770 1940 2800 2000">
     <span class='ocr_line' id='line_1_81' title="bbox 1770 1940 2800 2000; baseline -0.005 0"><span class='ocrx_word' id='word_1_535' title='bbox 1770 1951 1827 2000; x_wconf 87' lang='lat' dir='ltr'><strong><em>et</em></strong></span> <span class='ocrx_word' id='word_1_536' title='bbox 1870 1942 1923 1999; x_wconf 94' lang='lat' dir='ltr'><strong><em>in</em></strong></span> <span class='ocrx_word' id='word_1_537' title='bbox 1954 1941 2186 2000; x_wconf 80' lang='lat' dir='ltr'><strong><em>veritate</em></strong></span> <span class='ocrx_word' id='word_1_538' title='bbox 2210 1950 2299 1997; x_wconf 89' lang='lat' dir='ltr'><strong><em>tua</em></strong></span> <span class='ocrx_word' id='word_1_539' title='bbox 2348 1940 2653 1997; x_wconf 83' lang='lat' dir='ltr'><strong><em>bumiliasti</em></strong></span> <span class='ocrx_word' id='word_1_540' title='bbox 2693 1955 2800 1998; x_wconf 87' lang='lat' dir='ltr'><strong><em>me.</em></strong></span> 
     </span>
    </p>
   </div>
   <div class='ocr_carea' id='block_1_80' title="bbox 1841 2033 3379 2100">
    <p class='ocr_par' dir='ltr' id='par_1_80' title="bbox 1841 2033 3379 2100">
     <span class='ocr_line' id='line_1_82' title="bbox 1841 2033 3379 2100; baseline -0.001 -7"><span class='ocrx_word' id='word_1_541' title='bbox 1841 2035 1967 2093; x_wconf 79' lang='lat' dir='ltr'><strong><em>Jod.</em></strong></span> <span class='ocrx_word' id='word_1_542' title='bbox 2001 2035 2123 2094; x_wconf 84' lang='lat' dir='ltr'><strong><em>Fiat</em></strong></span> <span class='ocrx_word' id='word_1_543' title='bbox 2171 2051 2313 2092; x_wconf 82' lang='lat' dir='ltr'><strong><em>nunc</em></strong></span> <span class='ocrx_word' id='word_1_544' title='bbox 2341 2033 2719 2092; x_wconf 86' lang='lat' dir='ltr'><strong><em>misericordia</em></strong></span> <span class='ocrx_word' id='word_1_545' title='bbox 2782 2044 2892 2100; x_wconf 88' lang='lat' dir='ltr'><strong><em>tua,</em></strong></span> <span class='ocrx_word' id='word_1_546' title='bbox 2948 2043 3005 2089; x_wconf 89' lang='lat' dir='ltr'><strong><em>ut</em></strong></span> <span class='ocrx_word' id='word_1_547' title='bbox 3060 2033 3379 2092; x_wconf 86' lang='lat' dir='ltr'><strong><em>consoletur</em></strong></span> 
     </span>
    </p>
   </div>
   <div class='ocr_carea' id='block_1_81' title="bbox 1780 2128 3093 2200">
    <p class='ocr_par' dir='ltr' id='par_1_81' title="bbox 1780 2128 3093 2200">
     <span class='ocr_line' id='line_1_83' title="bbox 1780 2128 3093 2200; baseline -0.004 -14"><span class='ocrx_word' id='word_1_548' title='bbox 1780 2144 1869 2186; x_wconf 89' lang='lat' dir='ltr'><strong><em>me</em></strong></span> <span class='ocrx_word' id='word_1_549' title='bbox 1896 2147 1909 2184; x_wconf 89' lang='lat'><strong>:</strong></span> <span class='ocrx_word' id='word_1_550' title='bbox 1940 2131 2241 2187; x_wconf 87' lang='lat' dir='ltr'><strong><em>secundum</em></strong></span> <span class='ocrx_word' id='word_1_551' title='bbox 2282 2128 2561 2200; x_wconf 86' lang='lat' dir='ltr'><strong><em>eloquium</em></strong></span> <span class='ocrx_word' id='word_1_552' title='bbox 2592 2135 2745 2182; x_wconf 82' lang='lat' dir='ltr'><strong><em>tuum</em></strong></span> <span class='ocrx_word' id='word_1_553' title='bbox 2776 2140 2938 2182; x_wconf 72' lang='lat' dir='ltr'><strong><em>servo</em></strong></span> <span class='ocrx_word' id='word_1_554' title='bbox 2980 2136 3093 2182; x_wconf 89' lang='lat' dir='ltr'><strong><em>tuo.</em></strong></span> 
     </span>
    </p>
   </div>
   <div class='ocr_carea' id='block_1_82' title="bbox 1841 2219 3375 2287">
    <p class='ocr_par' dir='ltr' id='par_1_82' title="bbox 1841 2219 3375 2287">
     <span class='ocr_line' id='line_1_84' title="bbox 1841 2219 3375 2287; baseline -0.001 -10"><span class='ocrx_word' id='word_1_555' title='bbox 1841 2221 1969 2279; x_wconf 80' lang='lat' dir='ltr'><strong><em>Jod.</em></strong></span> <span class='ocrx_word' id='word_1_556' title='bbox 2010 2221 2247 2279; x_wconf 83' lang='lat' dir='ltr'><strong><em>Veniant</em></strong></span> <span class='ocrx_word' id='word_1_557' title='bbox 2277 2220 2409 2276; x_wconf 89' lang='lat' dir='ltr'><strong><em>mibi</em></strong></span> <span class='ocrx_word' id='word_1_558' title='bbox 2452 2219 2843 2276; x_wconf 87' lang='lat' dir='ltr'><strong><em>miserationes</em></strong></span> <span class='ocrx_word' id='word_1_559' title='bbox 2878 2228 3004 2287; x_wconf 70' lang='lat' dir='ltr'><strong><em>tum,</em></strong></span> <span class='ocrx_word' id='word_1_560' title='bbox 3052 2226 3107 2277; x_wconf 88' lang='lat' dir='ltr'><strong><em>ct</em></strong></span> <span class='ocrx_word' id='word_1_561' title='bbox 3155 2219 3375 2277; x_wconf 69' lang='lat' dir='ltr'><strong><em>vivam:</em></strong></span> 
     </span>
    </p>
   </div>
   <div class='ocr_carea' id='block_1_83' title="bbox 1773 2311 2764 2388">
    <p class='ocr_par' dir='ltr' id='par_1_83' title="bbox 1773 2311 2764 2388">
     <span class='ocr_line' id='line_1_85' title="bbox 1773 2311 2764 2388; baseline -0.002 -19"><span class='ocrx_word' id='word_1_562' title='bbox 1773 2314 1899 2388; x_wconf 88' lang='lat' dir='ltr'><strong><em>quia</em></strong></span> <span class='ocrx_word' id='word_1_563' title='bbox 1934 2316 2018 2371; x_wconf 79' lang='lat' dir='ltr'><strong><em>lex</em></strong></span> <span class='ocrx_word' id='word_1_564' title='bbox 2062 2324 2151 2369; x_wconf 91' lang='lat' dir='ltr'><strong><em>tua</em></strong></span> <span class='ocrx_word' id='word_1_565' title='bbox 2181 2311 2471 2369; x_wconf 82' lang='lat' dir='ltr'><strong><em>meditatio</em></strong></span> <span class='ocrx_word' id='word_1_566' title='bbox 2510 2327 2628 2367; x_wconf 88' lang='lat' dir='ltr'><strong><em>mea</em></strong></span> <span class='ocrx_word' id='word_1_567' title='bbox 2657 2322 2764 2368; x_wconf 89' lang='lat' dir='ltr'><strong><em>est.</em></strong></span> 
     </span>
    </p>
   </div>
   <div class='ocr_carea' id='block_1_84' title="bbox 1846 2405 3374 2484">
    <p class='ocr_par' dir='ltr' id='par_1_84' title="bbox 1846 2405 3374 2484">
     <span class='ocr_line' id='line_1_86' title="bbox 1846 2405 3374 2484; baseline -0.003 -20"><span class='ocrx_word' id='word_1_568' title='bbox 1846 2408 1973 2464; x_wconf 79' lang='lat' dir='ltr'><strong><em>lod.</em></strong></span> <span class='ocrx_word' id='word_1_569' title='bbox 2024 2408 2442 2465; x_wconf 78' lang='lat' dir='ltr'><strong><em>Confundantur</em></strong></span> <span class='ocrx_word' id='word_1_570' title='bbox 2470 2408 2714 2484; x_wconf 80' lang='lat' dir='ltr'><strong><em>superbi,</em></strong></span> <span class='ocrx_word' id='word_1_571' title='bbox 2751 2406 2874 2475; x_wconf 85' lang='lat' dir='ltr'><strong><em>quia</em></strong></span> <span class='ocrx_word' id='word_1_572' title='bbox 2908 2405 3113 2476; x_wconf 82' lang='lat' dir='ltr'><strong><em>injuste</em></strong></span> <span class='ocrx_word' id='word_1_573' title='bbox 3167 2406 3374 2475; x_wconf 84' lang='lat' dir='ltr'><strong><em>iniqui-</em></strong></span> 
     </span>
    </p>
   </div>
   <div class='ocr_carea' id='block_1_85' title="bbox 1777 2497 3379 2573">
    <p class='ocr_par' dir='ltr' id='par_1_85' title="bbox 1777 2497 3379 2573">
     <span class='ocr_line' id='line_1_87' title="bbox 1777 2497 3379 2573; baseline -0.003 -14"><span class='ocrx_word' id='word_1_574' title='bbox 1777 2511 1943 2559; x_wconf 87' lang='lat' dir='ltr'><strong><em>tatem</em></strong></span> <span class='ocrx_word' id='word_1_575' title='bbox 1987 2502 2319 2559; x_wconf 81' lang='lat' dir='ltr'><strong><em>feceruntin</em></strong></span> <span class='ocrx_word' id='word_1_576' title='bbox 2376 2515 2513 2559; x_wconf 91' lang='lat' dir='ltr'><strong><em>me:</em></strong></span> <span class='ocrx_word' id='word_1_577' title='bbox 2566 2515 2668 2573; x_wconf 85' lang='lat' dir='ltr'><strong><em>ego</em></strong></span> <span class='ocrx_word' id='word_1_578' title='bbox 2722 2508 2906 2554; x_wconf 88' lang='lat' dir='ltr'><strong><em>autem</em></strong></span> <span class='ocrx_word' id='word_1_579' title='bbox 2965 2498 3272 2554; x_wconf 76' lang='lat' dir='ltr'><strong><em>exercebar</em></strong></span> <span class='ocrx_word' id='word_1_580' title='bbox 3326 2497 3379 2554; x_wconf 89' lang='lat' dir='ltr'><strong><em>in</em></strong></span> 
     </span>
    </p>
   </div>
   <div class='ocr_carea' id='block_1_86' title="bbox 1780 2595 2206 2653">
    <p class='ocr_par' dir='ltr' id='par_1_86' title="bbox 1780 2595 2206 2653">
     <span class='ocr_line' id='line_1_88' title="bbox 1780 2595 2206 2653; baseline -0.005 0"><span class='ocrx_word' id='word_1_581' title='bbox 1780 2596 2054 2653; x_wconf 82' lang='lat' dir='ltr'><strong><em>mandatis</em></strong></span> <span class='ocrx_word' id='word_1_582' title='bbox 2082 2595 2206 2651; x_wconf 90' lang='lat' dir='ltr'><strong><em>tuis.</em></strong></span> 
     </span>
    </p>
   </div>
   <div class='ocr_carea' id='block_1_87' title="bbox 1847 2684 3381 2760">
    <p class='ocr_par' dir='ltr' id='par_1_87' title="bbox 1847 2684 3381 2760">
     <span class='ocr_line' id='line_1_89' title="bbox 1847 2684 3381 2760; baseline -0.005 -13"><span class='ocrx_word' id='word_1_583' title='bbox 1847 2691 1974 2747; x_wconf 85' lang='lat' dir='ltr'><strong><em>Jod.</em></strong></span> <span class='ocrx_word' id='word_1_584' title='bbox 2026 2690 2427 2747; x_wconf 78' lang='lat' dir='ltr'><strong><em>Comet-tantur</em></strong></span> <span class='ocrx_word' id='word_1_585' title='bbox 2455 2686 2523 2743; x_wconf 89' lang='lat' dir='ltr'><strong><em>ad</em></strong></span> <span class='ocrx_word' id='word_1_586' title='bbox 2577 2701 2666 2744; x_wconf 87' lang='lat' dir='ltr'><strong><em>me</em></strong></span> <span class='ocrx_word' id='word_1_587' title='bbox 2690 2728 2704 2755; x_wconf 91' lang='lat'><strong><em>,</em></strong></span> <span class='ocrx_word' id='word_1_588' title='bbox 2734 2685 2827 2760; x_wconf 88' lang='lat' dir='ltr'><strong><em>qui</em></strong></span> <span class='ocrx_word' id='word_1_589' title='bbox 2878 2685 3069 2741; x_wconf 88' lang='lat' dir='ltr'><strong><em>timent</em></strong></span> <span class='ocrx_word' id='word_1_590' title='bbox 3095 2691 3171 2753; x_wconf 88' lang='lat' dir='ltr'><strong><em>te,</em></strong></span> <span class='ocrx_word' id='word_1_591' title='bbox 3201 2692 3255 2739; x_wconf 87' lang='lat' dir='ltr'><strong><em>et</em></strong></span> <span class='ocrx_word' id='word_1_592' title='bbox 3285 2684 3381 2754; x_wconf 88' lang='lat' dir='ltr'><strong><em>qui</em></strong></span> 
     </span>
    </p>
   </div>
   <div class='ocr_carea' id='block_1_88' title="bbox 1778 2783 2547 2843">
    <p class='ocr_par' dir='ltr' id='par_1_88' title="bbox 1778 2783 2547 2843">
     <span class='ocr_line' id='line_1_90' title="bbox 1778 2783 2547 2843; baseline -0.008 0"><span class='ocrx_word' id='word_1_593' title='bbox 1778 2793 2053 2843; x_wconf 81' lang='lat' dir='ltr'><strong><em>noverunt</em></strong></span> <span class='ocrx_word' id='word_1_594' title='bbox 2087 2783 2400 2841; x_wconf 88' lang='lat' dir='ltr'><strong><em>testimonia</em></strong></span> <span class='ocrx_word' id='word_1_595' title='bbox 2435 2792 2547 2837; x_wconf 88' lang='lat' dir='ltr'><strong><em>tua.</em></strong></span> 
     </span>
    </p>
   </div>
   <div class='ocr_carea' id='block_1_89' title="bbox 1849 2868 3371 2943">
    <p class='ocr_par' dir='ltr' id='par_1_89' title="bbox 1849 2868 3371 2943">
     <span class='ocr_line' id='line_1_91' title="bbox 1849 2868 3371 2943; baseline -0.007 -10"><span class='ocrx_word' id='word_1_596' title='bbox 1849 2877 1975 2934; x_wconf 84' lang='lat' dir='ltr'><strong><em>Jod.</em></strong></span> <span class='ocrx_word' id='word_1_597' title='bbox 2001 2878 2119 2934; x_wconf 85' lang='lat' dir='ltr'><strong><em>Fiat</em></strong></span> <span class='ocrx_word' id='word_1_598' title='bbox 2146 2892 2240 2933; x_wconf 88' lang='lat' dir='ltr'><strong><em>cor</em></strong></span> <span class='ocrx_word' id='word_1_599' title='bbox 2268 2890 2445 2931; x_wconf 89' lang='lat' dir='ltr'><strong><em>meum</em></strong></span> <span class='ocrx_word' id='word_1_600' title='bbox 2477 2871 2889 2929; x_wconf 85' lang='lat' dir='ltr'><strong><em>immaculatum</em></strong></span> <span class='ocrx_word' id='word_1_601' title='bbox 2940 2869 2993 2927; x_wconf 90' lang='lat' dir='ltr'><strong><em>in</em></strong></span> <span class='ocrx_word' id='word_1_602' title='bbox 3035 2871 3140 2928; x_wconf 89' lang='lat' dir='ltr'><strong><em>tuis</em></strong></span> <span class='ocrx_word' id='word_1_603' title='bbox 3168 2868 3371 2943; x_wconf 81' lang='lat' dir='ltr'><strong><em>justiti-</em></strong></span> 
     </span>
    </p>
   </div>
   <div class='ocr_carea' id='block_1_90' title="bbox 1778 2966 2690 3037">
    <p class='ocr_par' dir='ltr' id='par_1_90' title="bbox 1778 2966 2690 3037">
     <span class='ocr_line' id='line_1_92' title="bbox 1778 2966 2690 3037; baseline -0.01 -8"><span class='ocrx_word' id='word_1_604' title='bbox 1778 2970 2102 3037; x_wconf 88' lang='lat' dir='ltr'><strong><em>cationibus,</em></strong></span> <span class='ocrx_word' id='word_1_605' title='bbox 2137 2977 2196 3026; x_wconf 87' lang='lat' dir='ltr'><strong><em>ut</em></strong></span> <span class='ocrx_word' id='word_1_606' title='bbox 2227 2984 2333 3024; x_wconf 91' lang='lat' dir='ltr'><strong><em>non</em></strong></span> <span class='ocrx_word' id='word_1_607' title='bbox 2365 2966 2690 3023; x_wconf 85' lang='lat' dir='ltr'><strong><em>eonluudar.</em></strong></span> 
     </span>
    </p>
   </div>
   <div class='ocr_carea' id='block_1_91' title="bbox 1854 3054 3377 3136">
    <p class='ocr_par' dir='ltr' id='par_1_91' title="bbox 1854 3054 3377 3136">
     <span class='ocr_line' id='line_1_93' title="bbox 1854 3054 3377 3136; baseline -0.005 -18"><span class='ocrx_word' id='word_1_608' title='bbox 1854 3062 2017 3136; x_wconf 86' lang='lat' dir='ltr'><strong><em>Caph.</em></strong></span> <span class='ocrx_word' id='word_1_609' title='bbox 2055 3072 2079 3111; x_wconf 75' lang='grc' dir='ltr'><em>ε</em></span> <span class='ocrx_word' id='word_1_610' title='bbox 2116 3061 2332 3118; x_wconf 79' lang='lat' dir='ltr'><strong><em>Deiecit</em></strong></span> <span class='ocrx_word' id='word_1_611' title='bbox 2356 3059 2407 3116; x_wconf 90' lang='lat' dir='ltr'><strong><em>in</em></strong></span> <span class='ocrx_word' id='word_1_612' title='bbox 2441 3058 2664 3115; x_wconf 86' lang='lat' dir='ltr'><strong><em>salutari</em></strong></span> <span class='ocrx_word' id='word_1_613' title='bbox 2697 3066 2788 3115; x_wconf 92' lang='lat' dir='ltr'><strong><em>tuo</em></strong></span> <span class='ocrx_word' id='word_1_614' title='bbox 2818 3057 2999 3114; x_wconf 88' lang='lat' dir='ltr'><strong><em>anima</em></strong></span> <span class='ocrx_word' id='word_1_615' title='bbox 3041 3071 3163 3115; x_wconf 86' lang='lat' dir='ltr'><strong><em>mea</em></strong></span> <span class='ocrx_word' id='word_1_616' title='bbox 3192 3074 3206 3113; x_wconf 73' lang='grc' dir='ltr'><em>τ</em></span> <span class='ocrx_word' id='word_1_617' title='bbox 3236 3064 3290 3113; x_wconf 89' lang='lat' dir='ltr'><strong><em>et</em></strong></span> <span class='ocrx_word' id='word_1_618' title='bbox 3322 3054 3377 3111; x_wconf 90' lang='lat' dir='ltr'><strong><em>in</em></strong></span> 
     </span>
    </p>
   </div>
   <div class='ocr_carea' id='block_1_92' title="bbox 1704 3149 2333 3224">
    <p class='ocr_par' dir='ltr' id='par_1_92' title="bbox 1704 3149 2333 3224">
     <span class='ocr_line' id='line_1_94' title="bbox 1704 3149 2333 3224; baseline -0.01 -11"><span class='ocrx_word' id='word_1_619' title='bbox 1704 3149 1752 3213; x_wconf 87' lang='lat' dir='ltr'><strong>C</strong></span> <span class='ocrx_word' id='word_1_620' title='bbox 1781 3156 1947 3211; x_wconf 83' lang='lat' dir='ltr'><strong><em>verbo</em></strong></span> <span class='ocrx_word' id='word_1_621' title='bbox 1974 3163 2066 3209; x_wconf 91' lang='lat' dir='ltr'><strong><em>tuo</em></strong></span> <span class='ocrx_word' id='word_1_622' title='bbox 2096 3153 2333 3224; x_wconf 85' lang='lat' dir='ltr'><strong><em>speravi.</em></strong></span> 
     </span>
    </p>
   </div>
   <div class='ocr_carea' id='block_1_93' title="bbox 1851 3243 3370 3317">
    <p class='ocr_par' dir='ltr' id='par_1_93' title="bbox 1851 3243 3370 3317">
     <span class='ocr_line' id='line_1_95' title="bbox 1851 3243 3370 3317; baseline -0.003 -14"><span class='ocrx_word' id='word_1_623' title='bbox 1851 3247 2019 3316; x_wconf 79' lang='lat' dir='ltr'><strong><em>Capti.</em></strong></span> <span class='ocrx_word' id='word_1_624' title='bbox 2051 3246 2374 3304; x_wconf 79' lang='lat' dir='ltr'><strong><em>Deiecerunt</em></strong></span> <span class='ocrx_word' id='word_1_625' title='bbox 2423 3245 2564 3302; x_wconf 91' lang='lat' dir='ltr'><strong><em>oculi</em></strong></span> <span class='ocrx_word' id='word_1_626' title='bbox 2598 3244 2702 3301; x_wconf 88' lang='lat' dir='ltr'><strong><em>mei</em></strong></span> <span class='ocrx_word' id='word_1_627' title='bbox 2750 3247 2803 3299; x_wconf 90' lang='lat' dir='ltr'><strong><em>in</em></strong></span> <span class='ocrx_word' id='word_1_628' title='bbox 2847 3243 3127 3317; x_wconf 89' lang='lat' dir='ltr'><strong><em>eloquium</em></strong></span> <span class='ocrx_word' id='word_1_629' title='bbox 3173 3250 3370 3299; x_wconf 87' lang='lat' dir='ltr'><strong><em>tuum:</em></strong></span> 
     </span>
    </p>
   </div>
   <div class='ocr_carea' id='block_1_94' title="bbox 1778 3336 2861 3405">
    <p class='ocr_par' dir='ltr' id='par_1_94' title="bbox 1778 3336 2861 3405">
     <span class='ocr_line' id='line_1_96' title="bbox 1778 3336 2861 3405; baseline -0.002 -12"><span class='ocrx_word' id='word_1_630' title='bbox 1778 3336 2046 3402; x_wconf 85' lang='lat' dir='ltr'><strong><em>dicentes.</em></strong></span> <span class='ocrx_word' id='word_1_631' title='bbox 2074 3336 2304 3405; x_wconf 81' lang='lat' dir='ltr'><strong><em>Quando</em></strong></span> <span class='ocrx_word' id='word_1_632' title='bbox 2326 3336 2700 3393; x_wconf 84' lang='lat' dir='ltr'><strong><em>consolabcris</em></strong></span> <span class='ocrx_word' id='word_1_633' title='bbox 2732 3351 2816 3392; x_wconf 89' lang='lat' dir='ltr'><strong><em>me</em></strong></span> <span class='ocrx_word' id='word_1_634' title='bbox 2838 3336 2861 3391; x_wconf 66' lang='grc' dir='ltr'><em>ἲ</em></span> 
     </span>
    </p>
   </div>
   <div class='ocr_carea' id='block_1_95' title="bbox 1850 3426 3375 3505">
    <p class='ocr_par' dir='ltr' id='par_1_95' title="bbox 1850 3426 3375 3505">
     <span class='ocr_line' id='line_1_97' title="bbox 1850 3426 3375 3505; baseline -0.003 -18"><span class='ocrx_word' id='word_1_635' title='bbox 1850 3430 2018 3505; x_wconf 75' lang='lat' dir='ltr'><strong><em>Capit.</em></strong></span> <span class='ocrx_word' id='word_1_636' title='bbox 2053 3432 2189 3500; x_wconf 88' lang='lat' dir='ltr'><strong><em>Quia</em></strong></span> <span class='ocrx_word' id='word_1_637' title='bbox 2219 3431 2390 3487; x_wconf 83' lang='lat' dir='ltr'><strong><em>lactus</em></strong></span> <span class='ocrx_word' id='word_1_638' title='bbox 2414 3445 2533 3485; x_wconf 77' lang='lat' dir='ltr'><strong><em>sunt</em></strong></span> <span class='ocrx_word' id='word_1_639' title='bbox 2562 3429 2709 3485; x_wconf 76' lang='lat' dir='ltr'><strong><em>sicut</em></strong></span> <span class='ocrx_word' id='word_1_640' title='bbox 2738 3438 2861 3485; x_wconf 90' lang='lat' dir='ltr'><strong><em>uter</em></strong></span> <span class='ocrx_word' id='word_1_641' title='bbox 2890 3428 2941 3483; x_wconf 90' lang='lat' dir='ltr'><strong><em>in</em></strong></span> <span class='ocrx_word' id='word_1_642' title='bbox 2972 3429 3165 3500; x_wconf 88' lang='lat' dir='ltr'><strong><em>pruina</em></strong></span> <span class='ocrx_word' id='word_1_643' title='bbox 3213 3445 3225 3483; x_wconf 92' lang='lat'>:</span> <span class='ocrx_word' id='word_1_644' title='bbox 3255 3426 3375 3499; x_wconf 85' lang='lat' dir='ltr'><strong><em>jus-</em></strong></span> 
     </span>
    </p>
   </div>
   <div class='ocr_carea' id='block_1_96' title="bbox 1778 3523 2821 3581">
    <p class='ocr_par' dir='ltr' id='par_1_96' title="bbox 1778 3523 2821 3581">
     <span class='ocr_line' id='line_1_98' title="bbox 1778 3523 2821 3581; baseline -0.002 -2"><span class='ocrx_word' id='word_1_645' title='bbox 1778 3524 2106 3581; x_wconf 84' lang='lat' dir='ltr'><strong><em>tiﬁcationes</em></strong></span> <span class='ocrx_word' id='word_1_646' title='bbox 2146 3534 2269 3580; x_wconf 90' lang='lat' dir='ltr'><strong><em>tuas</em></strong></span> <span class='ocrx_word' id='word_1_647' title='bbox 2297 3540 2407 3579; x_wconf 89' lang='lat' dir='ltr'><strong><em>non</em></strong></span> <span class='ocrx_word' id='word_1_648' title='bbox 2437 3538 2557 3578; x_wconf 89' lang='lat' dir='ltr'><strong><em>sum</em></strong></span> <span class='ocrx_word' id='word_1_649' title='bbox 2597 3523 2821 3578; x_wconf 87' lang='lat' dir='ltr'><strong><em>oblitus.</em></strong></span> 
     </span>
    </p>
   </div>
   <div class='ocr_carea' id='block_1_97' title="bbox 1848 3615 3377 3689">
    <p class='ocr_par' dir='ltr' id='par_1_97' title="bbox 1848 3615 3377 3689">
     <span class='ocr_line' id='line_1_99' title="bbox 1848 3615 3377 3689; baseline 0.003 -16"><span class='ocrx_word' id='word_1_650' title='bbox 1848 3616 2016 3689; x_wconf 73' lang='lat' dir='ltr'><strong><em>Capta.</em></strong></span> <span class='ocrx_word' id='word_1_651' title='bbox 2048 3618 2197 3688; x_wconf 89' lang='lat' dir='ltr'><strong><em>Quot</em></strong></span> <span class='ocrx_word' id='word_1_652' title='bbox 2220 3625 2347 3672; x_wconf 89' lang='lat' dir='ltr'><strong><em>sunt</em></strong></span> <span class='ocrx_word' id='word_1_653' title='bbox 2368 3616 2489 3672; x_wconf 88' lang='lat' dir='ltr'><strong><em>dies</em></strong></span> <span class='ocrx_word' id='word_1_654' title='bbox 2519 3616 2660 3671; x_wconf 86' lang='lat' dir='ltr'><strong><em>servi</em></strong></span> <span class='ocrx_word' id='word_1_655' title='bbox 2695 3618 2811 3672; x_wconf 90' lang='lat' dir='ltr'><strong><em>tui?</em></strong></span> <span class='ocrx_word' id='word_1_656' title='bbox 2843 3616 3075 3689; x_wconf 83' lang='lat' dir='ltr'><strong><em>Quando</em></strong></span> <span class='ocrx_word' id='word_1_657' title='bbox 3117 3615 3279 3675; x_wconf 72' lang='lat' dir='ltr'><strong><em>iacies</em></strong></span> <span class='ocrx_word' id='word_1_658' title='bbox 3308 3617 3377 3678; x_wconf 84' lang='lat' dir='ltr'><strong><em>de</em></strong></span> 
     </span>
    </p>
   </div>
   <div class='ocr_carea' id='block_1_98' title="bbox 1776 3711 2679 3787">
    <p class='ocr_par' dir='ltr' id='par_1_98' title="bbox 1776 3711 2679 3787">
     <span class='ocr_line' id='line_1_100' title="bbox 1776 3711 2679 3787; baseline -0.001 -18"><span class='ocrx_word' id='word_1_659' title='bbox 1776 3714 2232 3787; x_wconf 86' lang='lat' dir='ltr'><strong><em>persequentibus</em></strong></span> <span class='ocrx_word' id='word_1_660' title='bbox 2258 3728 2344 3780; x_wconf 81' lang='lat' dir='ltr'><strong><em>me</em></strong></span> <span class='ocrx_word' id='word_1_661' title='bbox 2367 3711 2629 3787; x_wconf 87' lang='lat' dir='ltr'><strong><em>judicium</em></strong></span> <span class='ocrx_word' id='word_1_662' title='bbox 2655 3713 2679 3768; x_wconf 87' lang='lat' dir='ltr'><strong><em>&#39;t</em></strong></span> 
     </span>
    </p>
   </div>
   <div class='ocr_carea' id='block_1_99' title="bbox 1779 3897 3375 3977">
    <p class='ocr_par' dir='ltr' id='par_1_99' title="bbox 1779 3897 3375 3977">
     <span class='ocr_line' id='line_1_101' title="bbox 1779 3897 3375 3977; baseline 0.008 -28"><span class='ocrx_word' id='word_1_663' title='bbox 1779 3897 1919 3967; x_wconf 89' lang='lat' dir='ltr'><strong><em>quod</em></strong></span> <span class='ocrx_word' id='word_1_664' title='bbox 1940 3898 2228 3977; x_wconf 75' lang='lat' dir='ltr'><strong><em>aliquando</em></strong></span> <span class='ocrx_word' id='word_1_665' title='bbox 2255 3900 2411 3955; x_wconf 89' lang='lat' dir='ltr'><strong><em>etiam</em></strong></span> <span class='ocrx_word' id='word_1_666' title='bbox 2434 3901 2498 3956; x_wconf 87' lang='lat' dir='ltr'><strong><em>de</em></strong></span> <span class='ocrx_word' id='word_1_667' title='bbox 2524 3900 2855 3977; x_wconf 77' lang='lat' dir='ltr'><strong><em>simulatione</em></strong></span> <span class='ocrx_word' id='word_1_668' title='bbox 2877 3902 2981 3957; x_wconf 90' lang='lat' dir='ltr'><strong><em>dici</em></strong></span> <span class='ocrx_word' id='word_1_669' title='bbox 3004 3904 3152 3959; x_wconf 79' lang='lat' dir='ltr'><strong><em>solet.</em></strong></span> <span class='ocrx_word' id='word_1_670' title='bbox 3181 3905 3375 3977; x_wconf 86' lang='lat' dir='ltr'><strong><em>Sequi-</em></strong></span> 
     </span>
    </p>
   </div>
   <div class='ocr_carea' id='block_1_100' title="bbox 1778 3971 3367 4046">
    <p class='ocr_par' dir='ltr' id='par_1_100' title="bbox 1778 3971 3367 4046">
     <span class='ocr_line' id='line_1_102' title="bbox 1778 3971 3367 4046; baseline 0.007 -26"><span class='ocrx_word' id='word_1_671' title='bbox 1778 3979 1899 4046; x_wconf 78' lang='lat' dir='ltr'><strong><em>tur,</em></strong></span> <span class='ocrx_word' id='word_1_672' title='bbox 1947 3971 2187 4046; x_wconf 59' lang='lat' dir='ltr'><strong><em>ridebunt</em></strong></span> <span class='ocrx_word' id='word_1_673' title='bbox 2214 3988 2322 4035; x_wconf 91' lang='lat' dir='ltr'><strong><em>me,</em></strong></span> <span class='ocrx_word' id='word_1_674' title='bbox 2345 3983 2401 4046; x_wconf 83' lang='lat' dir='ltr'><strong><em>et</em></strong></span> <span class='ocrx_word' id='word_1_675' title='bbox 2424 3974 2881 4045; x_wconf 76' lang='lat' dir='ltr'><strong><em>jocmidubuntur,</em></strong></span> <span class='ocrx_word' id='word_1_676' title='bbox 2912 3977 3157 4046; x_wconf 89' lang='lat' dir='ltr'><strong><em>quoniam</em></strong></span> <span class='ocrx_word' id='word_1_677' title='bbox 3200 3971 3367 4046; x_wconf 77' lang='lat' dir='ltr'><strong><em>(sup.</em></strong></span> 
     </span>
    </p>
   </div>
   <div class='ocr_carea' id='block_1_101' title="bbox 1775 4040 3374 4122">
    <p class='ocr_par' dir='ltr' id='par_1_101' title="bbox 1775 4040 3374 4122">
     <span class='ocr_line' id='line_1_103' title="bbox 1775 4040 3374 4122; baseline 0.006 -29"><span class='ocrx_word' id='word_1_678' title='bbox 1775 4040 2023 4122; x_wconf 49' lang='lat' dir='ltr'><strong><em>intrerba</em></strong></span> <span class='ocrx_word' id='word_1_679' title='bbox 2047 4055 2133 4095; x_wconf 90' lang='lat' dir='ltr'><strong><em>tua</em></strong></span> <span class='ocrx_word' id='word_1_680' title='bbox 2154 4045 2374 4122; x_wconf 80' lang='lat' dir='ltr'><strong><em>speravi.</em></strong></span> <span class='ocrx_word' id='word_1_681' title='bbox 2394 4040 2612 4122; x_wconf 56' lang='lat' dir='ltr'><strong><em>A&#39;gnovi,</em></strong></span> <span class='ocrx_word' id='word_1_682' title='bbox 2642 4040 2876 4122; x_wconf 73' lang='lat' dir='ltr'><strong><em>Domine,</em></strong></span> <span class='ocrx_word' id='word_1_683' title='bbox 2901 4040 3141 4116; x_wconf 80' lang='lat' dir='ltr'><strong><em>quoniam</em></strong></span> <span class='ocrx_word' id='word_1_684' title='bbox 3157 4053 3183 4122; x_wconf 82' lang='lat' dir='ltr'><strong><em>j</em></strong></span> <span class='ocrx_word' id='word_1_685' title='bbox 3197 4040 3374 4102; x_wconf 37' lang='lat' dir='ltr'><strong><em>ustit‘ia</em></strong></span> 
     </span>
    </p>
   </div>
   <div class='ocr_carea' id='block_1_102' title="bbox 1766 4114 3373 4187">
    <p class='ocr_par' dir='ltr' id='par_1_102' title="bbox 1766 4114 3373 4187">
     <span class='ocr_line' id='line_1_104' title="bbox 1766 4114 3373 4187; baseline 0.006 -23"><span class='ocrx_word' id='word_1_686' title='bbox 1766 4114 1976 4187; x_wconf 78' lang='lat' dir='ltr'><strong><em>judicia</em></strong></span> <span class='ocrx_word' id='word_1_687' title='bbox 2007 4122 2130 4187; x_wconf 86' lang='lat' dir='ltr'><strong><em>tua,</em></strong></span> <span class='ocrx_word' id='word_1_688' title='bbox 2165 4125 2211 4169; x_wconf 84' lang='lat' dir='ltr'><strong><em>et</em></strong></span> <span class='ocrx_word' id='word_1_689' title='bbox 2237 4114 2451 4169; x_wconf 66' lang='lat' dir='ltr'><strong><em>veritate</em></strong></span> <span class='ocrx_word' id='word_1_690' title='bbox 2474 4128 2562 4169; x_wconf 90' lang='lat' dir='ltr'><strong><em>tua</em></strong></span> <span class='ocrx_word' id='word_1_691' title='bbox 2593 4117 2881 4173; x_wconf 85' lang='lat' dir='ltr'><strong><em>Itumiliasti</em></strong></span> <span class='ocrx_word' id='word_1_692' title='bbox 2913 4114 3015 4173; x_wconf 81' lang='lat' dir='ltr'><strong><em>nte.</em></strong></span> <span class='ocrx_word' id='word_1_693' title='bbox 3054 4114 3173 4174; x_wconf 76' lang='lat' dir='ltr'><strong><em>Fial</em></strong></span> <span class='ocrx_word' id='word_1_694' title='bbox 3202 4121 3373 4187; x_wconf 85' lang='lat' dir='ltr'><strong><em>itaque</em></strong></span> 
     </span>
    </p>
   </div>
   <div class='ocr_carea' id='block_1_103' title="bbox 1778 4184 3369 4250">
    <p class='ocr_par' dir='ltr' id='par_1_103' title="bbox 1778 4184 3369 4250">
     <span class='ocr_line' id='line_1_105' title="bbox 1778 4184 3369 4250; baseline 0.008 -18"><span class='ocrx_word' id='word_1_695' title='bbox 1778 4184 2157 4245; x_wconf 82' lang='lat' dir='ltr'><strong><em>misericordia.</em></strong></span> <span class='ocrx_word' id='word_1_696' title='bbox 2191 4198 2323 4250; x_wconf 83' lang='lat' dir='ltr'><strong><em>etc.,</em></strong></span> <span class='ocrx_word' id='word_1_697' title='bbox 2353 4188 2633 4240; x_wconf 79' lang='lat' dir='ltr'><strong><em>secundant</em></strong></span> <span class='ocrx_word' id='word_1_698' title='bbox 2668 4190 2875 4243; x_wconf 76' lang='lat' dir='ltr'><strong><em>verbum</em></strong></span> <span class='ocrx_word' id='word_1_699' title='bbox 2912 4202 3058 4244; x_wconf 87' lang='lat' dir='ltr'><strong><em>tuum</em></strong></span> <span class='ocrx_word' id='word_1_700' title='bbox 3080 4207 3223 4244; x_wconf 75' lang='lat' dir='ltr'><strong><em>seruo</em></strong></span> <span class='ocrx_word' id='word_1_701' title='bbox 3255 4184 3369 4244; x_wconf 84' lang='lat' dir='ltr'><strong><em>tuo.</em></strong></span> 
     </span>
    </p>
   </div>
   <div class='ocr_carea' id='block_1_104' title="bbox 1785 4252 3375 4331">
    <p class='ocr_par' dir='ltr' id='par_1_104' title="bbox 1785 4252 3375 4331">
     <span class='ocr_line' id='line_1_106' title="bbox 1785 4252 3375 4331; baseline 0.004 -24"><span class='ocrx_word' id='word_1_702' title='bbox 1785 4252 2013 4331; x_wconf 78' lang='lat' dir='ltr'><strong><em>Veniant</em></strong></span> <span class='ocrx_word' id='word_1_703' title='bbox 2031 4256 2156 4331; x_wconf 75' lang='lat' dir='ltr'><strong><em>nti/ti</em></strong></span> <span class='ocrx_word' id='word_1_704' title='bbox 2178 4257 2547 4331; x_wconf 73' lang='lat' dir='ltr'><strong><em>misericordia!</em></strong></span> <span class='ocrx_word' id='word_1_705' title='bbox 2570 4269 2692 4331; x_wconf 69' lang='lat' dir='ltr'><strong><em>tua&#39;,</em></strong></span> <span class='ocrx_word' id='word_1_706' title='bbox 2726 4271 2772 4314; x_wconf 92' lang='lat' dir='ltr'><strong><em>et</em></strong></span> <span class='ocrx_word' id='word_1_707' title='bbox 2800 4264 2962 4314; x_wconf 72' lang='lat' dir='ltr'><strong><em>ricam</em></strong></span> <span class='ocrx_word' id='word_1_708' title='bbox 2987 4279 3003 4315; x_wconf 94' lang='lat'><strong><em>:</em></strong></span> <span class='ocrx_word' id='word_1_709' title='bbox 3026 4262 3375 4331; x_wconf 61' lang='lat' dir='ltr'><strong><em>quoniam&#39;len</em></strong></span> 
     </span>
    </p>
   </div>
   <div class='ocr_carea' id='block_1_105' title="bbox 1778 4327 3369 4409">
    <p class='ocr_par' dir='ltr' id='par_1_105' title="bbox 1778 4327 3369 4409">
     <span class='ocr_line' id='line_1_107' title="bbox 1778 4327 3369 4409; baseline 0.002 -29"><span class='ocrx_word' id='word_1_710' title='bbox 1778 4333 1868 4409; x_wconf 64' lang='lat' dir='ltr'><strong><em>tua</em></strong></span> <span class='ocrx_word' id='word_1_711' title='bbox 1896 4327 2166 4409; x_wconf 71' lang='lat' dir='ltr'><strong><em>meditatio</em></strong></span> <span class='ocrx_word' id='word_1_712' title='bbox 2196 4344 2328 4409; x_wconf 85' lang='lat' dir='ltr'><strong><em>mea.</em></strong></span> <span class='ocrx_word' id='word_1_713' title='bbox 2379 4328 2783 4409; x_wconf 75' lang='lat' dir='ltr'><strong><em>Confundantur</em></strong></span> <span class='ocrx_word' id='word_1_714' title='bbox 2826 4327 3072 4401; x_wconf 76' lang='lat' dir='ltr'><strong><em>superbi,</em></strong></span> <span class='ocrx_word' id='word_1_715' title='bbox 3122 4332 3369 4409; x_wconf 73' lang='lat' dir='ltr'><strong><em>quoniam</em></strong></span> 
     </span>
    </p>
   </div>
   <div class='ocr_carea' id='block_1_106' title="bbox 1775 4399 3371 4477">
    <p class='ocr_par' dir='ltr' id='par_1_106' title="bbox 1775 4399 3371 4477">
     <span class='ocr_line' id='line_1_108' title="bbox 1775 4399 3371 4477; baseline 0.004 -30"><span class='ocrx_word' id='word_1_716' title='bbox 1775 4399 1965 4477; x_wconf 73' lang='lat' dir='ltr'><strong><em>injuste</em></strong></span> <span class='ocrx_word' id='word_1_717' title='bbox 1988 4399 2597 4477; x_wconf 80' lang='lat' dir='ltr'><strong><em>iniq_uitat_em_gesserunt</em></strong></span> <span class='ocrx_word' id='word_1_718' title='bbox 2626 4402 2678 4454; x_wconf 89' lang='lat' dir='ltr'><strong><em>in</em></strong></span> <span class='ocrx_word' id='word_1_719' title='bbox 2702 4418 2778 4455; x_wconf 86' lang='lat' dir='ltr'><strong><em>nte</em></strong></span> <span class='ocrx_word' id='word_1_720' title='bbox 2796 4417 2815 4456; x_wconf 92' lang='lat'><strong><em>:</em></strong></span> <span class='ocrx_word' id='word_1_721' title='bbox 2836 4399 2931 4473; x_wconf 83' lang='lat' dir='ltr'><strong><em>ego</em></strong></span> <span class='ocrx_word' id='word_1_722' title='bbox 2951 4414 3119 4455; x_wconf 82' lang='lat' dir='ltr'><strong><em>autent</em></strong></span> <span class='ocrx_word' id='word_1_723' title='bbox 3135 4399 3371 4477; x_wconf 42' lang='lat' dir='ltr'><strong><em>&#39;garriant</em></strong></span> 
     </span>
    </p>
   </div>
   <div class='ocr_carea' id='block_1_107' title="bbox 1778 4471 3367 4545">
    <p class='ocr_par' dir='ltr' id='par_1_107' title="bbox 1778 4471 3367 4545">
     <span class='ocr_line' id='line_1_109' title="bbox 1778 4471 3367 4545; baseline 0.003 -26"><span class='ocrx_word' id='word_1_724' title='bbox 1778 4471 1831 4519; x_wconf 85' lang='lat' dir='ltr'><strong><em>in</em></strong></span> <span class='ocrx_word' id='word_1_725' title='bbox 1862 4472 2128 4545; x_wconf 76' lang='lat' dir='ltr'><strong><em>prwceptis</em></strong></span> <span class='ocrx_word' id='word_1_726' title='bbox 2154 4472 2278 4525; x_wconf 85' lang='lat' dir='ltr'><strong><em>tuis.</em></strong></span> <span class='ocrx_word' id='word_1_727' title='bbox 2313 4471 2381 4545; x_wconf 72' lang='lat' dir='ltr'><strong><em>Et</em></strong></span> <span class='ocrx_word' id='word_1_728' title='bbox 2406 4486 2528 4545; x_wconf 76' lang='lat' dir='ltr'><strong><em>mox</em></strong></span> <span class='ocrx_word' id='word_1_729' title='bbox 2556 4516 2571 4542; x_wconf 93' lang='lat'><strong><em>,</em></strong></span> <span class='ocrx_word' id='word_1_730' title='bbox 2612 4475 2701 4542; x_wconf 86' lang='lat' dir='ltr'><strong><em>qui</em></strong></span> <span class='ocrx_word' id='word_1_731' title='bbox 2731 4471 3041 4545; x_wconf 80' lang='lat' dir='ltr'><strong><em>cognoscunt</em></strong></span> <span class='ocrx_word' id='word_1_732' title='bbox 3074 4471 3367 4526; x_wconf 85' lang='lat' dir='ltr'><strong><em>testimonia</em></strong></span> 
     </span>
    </p>
   </div>
   <div class='ocr_carea' id='block_1_108' title="bbox 1778 4540 3006 4612">
    <p class='ocr_par' dir='ltr' id='par_1_108' title="bbox 1778 4540 3006 4612">
     <span class='ocr_line' id='line_1_110' title="bbox 1778 4540 3006 4612; baseline 0.006 -22"><span class='ocrx_word' id='word_1_733' title='bbox 1778 4546 1869 4592; x_wconf 89' lang='lat' dir='ltr'><strong><em>tua</em></strong></span> <span class='ocrx_word' id='word_1_734' title='bbox 1899 4540 2205 4612; x_wconf 37' lang='lat' dir='ltr'><strong><em>sideraque</em></strong></span> <span class='ocrx_word' id='word_1_735' title='bbox 2236 4543 2417 4597; x_wconf 85' lang='lat' dir='ltr'><strong><em>omnia</em></strong></span> <span class='ocrx_word' id='word_1_736' title='bbox 2441 4540 2592 4610; x_wconf 77' lang='lat' dir='ltr'><strong><em>juxta</em></strong></span> <span class='ocrx_word' id='word_1_737' title='bbox 2626 4540 3006 4612; x_wconf 68' lang='lat' dir='ltr'><strong><em>Augustinum.</em></strong></span> 
     </span>
    </p>
   </div>
   <div class='ocr_carea' id='block_1_109' title="bbox 1780 4610 3365 4688">
    <p class='ocr_par' dir='ltr' id='par_1_109' title="bbox 1780 4610 3365 4688">
     <span class='ocr_line' id='line_1_111' title="bbox 1780 4610 3365 4688; baseline 0.003 -26"><span class='ocrx_word' id='word_1_738' title='bbox 1780 4678 1791 4688; x_wconf 80' lang='lat'>_</span> <span class='ocrx_word' id='word_1_739' title='bbox 1848 4619 1873 4653; x_wconf 69' lang='grc' dir='ltr'>κ</span> <span class='ocrx_word' id='word_1_740' title='bbox 1898 4610 2044 4688; x_wconf 83' lang='lat' dir='ltr'><strong><em>Idem</em></strong></span> <span class='ocrx_word' id='word_1_741' title='bbox 2076 4610 2178 4668; x_wconf 73' lang='lat' dir='ltr'><strong><em>nis.</em></strong></span> <span class='ocrx_word' id='word_1_742' title='bbox 2208 4631 2221 4665; x_wconf 87' lang='lat'><strong>:</strong></span> <span class='ocrx_word' id='word_1_743' title='bbox 2254 4612 2455 4688; x_wconf 65' lang='lat' dir='ltr'><strong><em>Deiecit</em></strong></span> <span class='ocrx_word' id='word_1_744' title='bbox 2484 4616 2536 4688; x_wconf 81' lang='lat' dir='ltr'><strong><em>i_n</em></strong></span> <span class='ocrx_word' id='word_1_745' title='bbox 2564 4610 2787 4688; x_wconf 73' lang='lat' dir='ltr'><strong><em>salutare</em></strong></span> <span class='ocrx_word' id='word_1_746' title='bbox 2816 4624 2958 4688; x_wconf 83' lang='lat' dir='ltr'><strong><em>tuum</em></strong></span> <span class='ocrx_word' id='word_1_747' title='bbox 2980 4614 3150 4688; x_wconf 85' lang='lat' dir='ltr'><strong><em>anima</em></strong></span> <span class='ocrx_word' id='word_1_748' title='bbox 3171 4629 3302 4688; x_wconf 80' lang='lat' dir='ltr'><strong><em>mea,</em></strong></span> <span class='ocrx_word' id='word_1_749' title='bbox 3318 4624 3365 4669; x_wconf 86' lang='lat' dir='ltr'><strong><em>et</em></strong></span> 
     </span>
    </p>
   </div>
   <div class='ocr_carea' id='block_1_110' title="bbox 1773 4682 3366 4754">
    <p class='ocr_par' dir='ltr' id='par_1_110' title="bbox 1773 4682 3366 4754">
     <span class='ocr_line' id='line_1_112' title="bbox 1773 4682 3366 4754; baseline 0.004 -21"><span class='ocrx_word' id='word_1_750' title='bbox 1773 4682 1825 4733; x_wconf 86' lang='lat' dir='ltr'><strong><em>in</em></strong></span> <span class='ocrx_word' id='word_1_751' title='bbox 1850 4682 2057 4754; x_wconf 79' lang='lat' dir='ltr'><strong><em>verbum</em></strong></span> <span class='ocrx_word' id='word_1_752' title='bbox 2081 4694 2225 4738; x_wconf 88' lang='lat' dir='ltr'><strong><em>tuum</em></strong></span> <span class='ocrx_word' id='word_1_753' title='bbox 2246 4682 2469 4753; x_wconf 70' lang='lat' dir='ltr'><strong><em>speravi.</em></strong></span> <span class='ocrx_word' id='word_1_754' title='bbox 2486 4684 2790 4754; x_wconf 76' lang='lat' dir='ltr'><strong><em>Defecerunt</em></strong></span> <span class='ocrx_word' id='word_1_755' title='bbox 2813 4686 2948 4738; x_wconf 89' lang='lat' dir='ltr'><strong><em>oculi</em></strong></span> <span class='ocrx_word' id='word_1_756' title='bbox 2970 4686 3067 4738; x_wconf 87' lang='lat' dir='ltr'><strong><em>mei</em></strong></span> <span class='ocrx_word' id='word_1_757' title='bbox 3087 4685 3139 4737; x_wconf 88' lang='lat' dir='ltr'><strong><em>in</em></strong></span> <span class='ocrx_word' id='word_1_758' title='bbox 3160 4686 3366 4740; x_wconf 85' lang='lat' dir='ltr'><strong><em>uerbum</em></strong></span> 
     </span>
    </p>
   </div>
   <div class='ocr_carea' id='block_1_111' title="bbox 1773 4752 3365 4825">
    <p class='ocr_par' dir='ltr' id='par_1_111' title="bbox 1773 4752 3365 4825">
     <span class='ocr_line' id='line_1_113' title="bbox 1773 4752 3365 4825; baseline 0.007 -24"><span class='ocrx_word' id='word_1_759' title='bbox 1773 4758 1937 4814; x_wconf 79' lang='lat' dir='ltr'><strong><em>tuutu,</em></strong></span> <span class='ocrx_word' id='word_1_760' title='bbox 1970 4752 2216 4819; x_wconf 74' lang='lat' dir='ltr'><strong><em>dicentes,</em></strong></span> <span class='ocrx_word' id='word_1_761' title='bbox 2248 4752 2454 4825; x_wconf 84' lang='lat' dir='ltr'><strong><em>quando</em></strong></span> <span class='ocrx_word' id='word_1_762' title='bbox 2485 4752 2850 4808; x_wconf 81' lang='lat' dir='ltr'><strong><em>consolabcris.</em></strong></span> <span class='ocrx_word' id='word_1_763' title='bbox 2907 4755 3163 4821; x_wconf 85' lang='lat' dir='ltr'><strong><em>Quoniam</em></strong></span> <span class='ocrx_word' id='word_1_764' title='bbox 3192 4757 3365 4824; x_wconf 76' lang='lat' dir='ltr'><strong><em>{actus</em></strong></span> 
     </span>
    </p>
   </div>
   <div class='ocr_carea' id='block_1_112' title="bbox 1771 4826 3365 4898">
    <p class='ocr_par' dir='ltr' id='par_1_112' title="bbox 1771 4826 3365 4898">
     <span class='ocr_line' id='line_1_114' title="bbox 1771 4826 3365 4898; baseline 0.006 -25"><span class='ocrx_word' id='word_1_765' title='bbox 1771 4837 1885 4898; x_wconf 69' lang='lat' dir='ltr'><strong><em>sunt</em></strong></span> <span class='ocrx_word' id='word_1_766' title='bbox 1912 4832 2177 4894; x_wconf 88' lang='lat' dir='ltr'><strong><em>tamquam</em></strong></span> <span class='ocrx_word' id='word_1_767' title='bbox 2210 4838 2321 4881; x_wconf 89' lang='lat' dir='ltr'><strong><em>uter</em></strong></span> <span class='ocrx_word' id='word_1_768' title='bbox 2348 4830 2399 4880; x_wconf 89' lang='lat' dir='ltr'><strong><em>in</em></strong></span> <span class='ocrx_word' id='word_1_769' title='bbox 2425 4826 2667 4898; x_wconf 81' lang='lat' dir='ltr'><strong><em>gelicidia</em></strong></span> <span class='ocrx_word' id='word_1_770' title='bbox 2713 4842 2731 4880; x_wconf 88' lang='lat'><strong><em>:</em></strong></span> <span class='ocrx_word' id='word_1_771' title='bbox 2777 4826 2922 4895; x_wconf 85' lang='lat' dir='ltr'><strong><em>quod</em></strong></span> <span class='ocrx_word' id='word_1_772' title='bbox 2970 4826 3193 4882; x_wconf 87' lang='lat' dir='ltr'><strong><em>verbum</em></strong></span> <span class='ocrx_word' id='word_1_773' title='bbox 3234 4830 3365 4883; x_wconf 79' lang='lat' dir='ltr'><strong><em>satis</em></strong></span> 
     </span>
    </p>
   </div>
   <div class='ocr_carea' id='block_1_113' title="bbox 1772 4891 3367 4966">
    <p class='ocr_par' dir='ltr' id='par_1_113' title="bbox 1772 4891 3367 4966">
     <span class='ocr_line' id='line_1_115' title="bbox 1772 4891 3367 4966; baseline 0.006 -22"><span class='ocrx_word' id='word_1_774' title='bbox 1772 4891 2045 4949; x_wconf 70' lang='lat' dir='ltr'><strong><em>Latinum</em></strong></span> <span class='ocrx_word' id='word_1_775' title='bbox 2071 4907 2232 4966; x_wconf 85' lang='lat' dir='ltr'><strong><em>atque</em></strong></span> <span class='ocrx_word' id='word_1_776' title='bbox 2274 4891 2451 4952; x_wconf 52' lang='lat' dir='ltr'><strong><em>aurea&quot;:</em></strong></span> <span class='ocrx_word' id='word_1_777' title='bbox 2490 4891 2808 4951; x_wconf 78' lang='lat' dir='ltr'><strong><em>Latinitatis</em></strong></span> <span class='ocrx_word' id='word_1_778' title='bbox 2847 4898 3160 4950; x_wconf 87' lang='lat' dir='ltr'><strong><em>auctoribus</em></strong></span> <span class='ocrx_word' id='word_1_779' title='bbox 3208 4914 3367 4954; x_wconf 87' lang='lat' dir='ltr'><strong><em>usur-</em></strong></span> 
     </span>
    </p>
   </div>
   <div class='ocr_carea' id='block_1_114' title="bbox 1771 4966 3362 5037">
    <p class='ocr_par' dir='ltr' id='par_1_114' title="bbox 1771 4966 3362 5037">
     <span class='ocr_line' id='line_1_116' title="bbox 1771 4966 3362 5037; baseline 0.006 -20"><span class='ocrx_word' id='word_1_780' title='bbox 1771 4973 1987 5032; x_wconf 74' lang='lat' dir='ltr'><strong><em>patum,</em></strong></span> <span class='ocrx_word' id='word_1_781' title='bbox 2018 4982 2156 5023; x_wconf 90' lang='lat' dir='ltr'><strong><em>unus</em></strong></span> <span class='ocrx_word' id='word_1_782' title='bbox 2187 4984 2349 5037; x_wconf 89' lang='lat' dir='ltr'><strong><em>quem</em></strong></span> <span class='ocrx_word' id='word_1_783' title='bbox 2377 4969 2566 5037; x_wconf 72' lang='lat' dir='ltr'><strong><em>sciam,</em></strong></span> <span class='ocrx_word' id='word_1_784' title='bbox 2596 4966 2915 5020; x_wconf 79' lang='lat' dir='ltr'><strong><em>Ambrosius</em></strong></span> <span class='ocrx_word' id='word_1_785' title='bbox 2945 4969 3188 5023; x_wconf 86' lang='lat' dir='ltr'><strong><em>retinuit.</em></strong></span> <span class='ocrx_word' id='word_1_786' title='bbox 3224 4969 3362 5027; x_wconf 87' lang='lat' dir='ltr'><strong><em>Tum</em></strong></span> 
     </span>
    </p>
   </div>
   <div class='ocr_carea' id='block_1_115' title="bbox 1770 5036 3363 5108">
    <p class='ocr_par' dir='ltr' id='par_1_115' title="bbox 1770 5036 3363 5108">
     <span class='ocr_line' id='line_1_117' title="bbox 1770 5036 3363 5108; baseline 0.005 -20"><span class='ocrx_word' id='word_1_787' title='bbox 1770 5051 1878 5108; x_wconf 74' lang='lat' dir='ltr'><strong><em>uno</em></strong></span> <span class='ocrx_word' id='word_1_788' title='bbox 1919 5036 2237 5108; x_wconf 84' lang='lat' dir='ltr'><strong><em>interposito</em></strong></span> <span class='ocrx_word' id='word_1_789' title='bbox 2276 5055 2435 5094; x_wconf 84' lang='lat' dir='ltr'><strong><em>versu</em></strong></span> <span class='ocrx_word' id='word_1_790' title='bbox 2461 5082 2475 5102; x_wconf 94' lang='lat'><strong><em>,</em></strong></span> <span class='ocrx_word' id='word_1_791' title='bbox 2513 5036 2872 5089; x_wconf 81' lang='lat' dir='ltr'><strong><em>Narravcrunt</em></strong></span> <span class='ocrx_word' id='word_1_792' title='bbox 2903 5037 3027 5091; x_wconf 84' lang='lat' dir='ltr'><strong><em>mihi</em></strong></span> <span class='ocrx_word' id='word_1_793' title='bbox 3059 5039 3241 5106; x_wconf 77' lang='lat' dir='ltr'><strong><em>iniusti</em></strong></span> <span class='ocrx_word' id='word_1_794' title='bbox 3273 5044 3363 5096; x_wconf 87' lang='lat' dir='ltr'><strong><em>de-</em></strong></span> 
     </span>
    </p>
   </div>
   <div class='ocr_carea' id='block_1_116' title="bbox 1768 5104 3364 5176">
    <p class='ocr_par' dir='ltr' id='par_1_116' title="bbox 1768 5104 3364 5176">
     <span class='ocr_line' id='line_1_118' title="bbox 1768 5104 3364 5176; baseline 0.006 -18"><span class='ocrx_word' id='word_1_795' title='bbox 1768 5104 2250 5176; x_wconf 35' lang='lat' dir='ltr'><strong><em>lectationes—suas;</em></strong></span> <span class='ocrx_word' id='word_1_796' title='bbox 2282 5110 2368 5163; x_wconf 86' lang='lat' dir='ltr'><strong><em>sed</em></strong></span> <span class='ocrx_word' id='word_1_797' title='bbox 2393 5126 2491 5163; x_wconf 88' lang='lat' dir='ltr'><strong><em>non</em></strong></span> <span class='ocrx_word' id='word_1_798' title='bbox 2516 5109 2587 5159; x_wconf 85' lang='lat' dir='ltr'><strong><em>ita</em></strong></span> <span class='ocrx_word' id='word_1_799' title='bbox 2610 5109 2763 5172; x_wconf 87' lang='lat' dir='ltr'><strong><em>sicut,</em></strong></span> <span class='ocrx_word' id='word_1_800' title='bbox 2788 5117 2891 5161; x_wconf 84' lang='lat' dir='ltr'><strong><em>etc.</em></strong></span> <span class='ocrx_word' id='word_1_801' title='bbox 2925 5109 2979 5162; x_wconf 91' lang='lat' dir='ltr'><strong><em>In</em></strong></span> <span class='ocrx_word' id='word_1_802' title='bbox 3004 5104 3163 5176; x_wconf 80' lang='lat' dir='ltr'><strong><em>quem</em></strong></span> <span class='ocrx_word' id='word_1_803' title='bbox 3189 5113 3364 5167; x_wconf 90' lang='lat' dir='ltr'><strong><em>locum</em></strong></span> 
     </span>
    </p>
   </div>
   <div class='ocr_carea' id='block_1_117' title="bbox 1770 5176 3364 5251">
    <p class='ocr_par' dir='ltr' id='par_1_117' title="bbox 1770 5176 3364 5251">
     <span class='ocr_line' id='line_1_119' title="bbox 1770 5176 3364 5251; baseline 0.006 -24"><span class='ocrx_word' id='word_1_804' title='bbox 1770 5179 2051 5251; x_wconf 65' lang='lat' dir='ltr'><strong><em>Augustin.</em></strong></span> <span class='ocrx_word' id='word_1_805' title='bbox 2077 5197 2162 5234; x_wconf 88' lang='lat' dir='ltr'><strong><em>eas</em></strong></span> <span class='ocrx_word' id='word_1_806' title='bbox 2183 5176 2645 5251; x_wconf 69' lang='lat' dir='ltr'><strong><em>(delectationes),</em></strong></span> <span class='ocrx_word' id='word_1_807' title='bbox 2664 5178 2753 5251; x_wconf 68' lang='lat' dir='ltr'><strong><em>sic</em></strong></span> <span class='ocrx_word' id='word_1_808' title='bbox 2781 5182 3064 5248; x_wconf 74' lang='lat' dir='ltr'><strong><em>transferre</em></strong></span> <span class='ocrx_word' id='word_1_809' title='bbox 3093 5182 3364 5236; x_wconf 76' lang='lat' dir='ltr'><strong><em>voluerunt</em></strong></span> 
     </span>
    </p>
   </div>
   <div class='ocr_carea' id='block_1_118' title="bbox 1764 5246 3366 5324">
    <p class='ocr_par' dir='ltr' id='par_1_118' title="bbox 1764 5246 3366 5324">
     <span class='ocr_line' id='line_1_120' title="bbox 1764 5246 3366 5324; baseline 0.005 -25"><span class='ocrx_word' id='word_1_810' title='bbox 1764 5248 2064 5324; x_wconf 76' lang='lat' dir='ltr'><strong><em>interpretes</em></strong></span> <span class='ocrx_word' id='word_1_811' title='bbox 2096 5246 2277 5314; x_wconf 82' lang='lat' dir='ltr'><strong><em>nostri,</em></strong></span> <span class='ocrx_word' id='word_1_812' title='bbox 2300 5265 2428 5324; x_wconf 84' lang='lat' dir='ltr'><strong><em>quas</em></strong></span> <span class='ocrx_word' id='word_1_813' title='bbox 2455 5246 2622 5301; x_wconf 79' lang='lat' dir='ltr'><strong><em>erri</em></strong></span> <span class='ocrx_word' id='word_1_814' title='bbox 2652 5246 2964 5324; x_wconf 65' lang='grc' dir='ltr'><strong><em>ἀδολεσξχξάς</em></strong></span> <span class='ocrx_word' id='word_1_815' title='bbox 2995 5264 3173 5306; x_wconf 87' lang='lat' dir='ltr'><strong><em>vocant</em></strong></span> <span class='ocrx_word' id='word_1_816' title='bbox 3193 5270 3208 5306; x_wconf 91' lang='lat'><em>:</em></span> <span class='ocrx_word' id='word_1_817' title='bbox 3227 5256 3366 5324; x_wconf 83' lang='lat' dir='ltr'><strong><em>quod</em></strong></span> 
     </span>
    </p>
   </div>
   <div class='ocr_carea' id='block_1_119' title="bbox 1767 5320 3363 5396">
    <p class='ocr_par' dir='ltr' id='par_1_119' title="bbox 1767 5320 3363 5396">
     <span class='ocr_line' id='line_1_121' title="bbox 1767 5320 3363 5396; baseline 0.006 -27"><span class='ocrx_word' id='word_1_818' title='bbox 1767 5334 1919 5396; x_wconf 70' lang='lat' dir='ltr'><strong><em>usque</em></strong></span> <span class='ocrx_word' id='word_1_819' title='bbox 1952 5321 2081 5396; x_wconf 63' lang='lat' dir='ltr'><strong><em>adeo</em></strong></span> <span class='ocrx_word' id='word_1_820' title='bbox 2108 5338 2220 5396; x_wconf 79' lang='lat' dir='ltr'><strong><em>uno</em></strong></span> <span class='ocrx_word' id='word_1_821' title='bbox 2252 5320 2399 5396; x_wconf 58' lang='lat' dir='ltr'><strong><em>uerbo</em></strong></span> <span class='ocrx_word' id='word_1_822' title='bbox 2445 5334 2767 5396; x_wconf 77' lang='lat' dir='ltr'><strong><em>nequaquam</em></strong></span> <span class='ocrx_word' id='word_1_823' title='bbox 2803 5322 2910 5396; x_wconf 80' lang='lat' dir='ltr'><strong><em>dici</em></strong></span> <span class='ocrx_word' id='word_1_824' title='bbox 2934 5322 3118 5378; x_wconf 87' lang='lat' dir='ltr'><strong><em>Latine</em></strong></span> <span class='ocrx_word' id='word_1_825' title='bbox 3150 5320 3314 5396; x_wconf 80' lang='lat' dir='ltr'><strong><em>potest</em></strong></span> <span class='ocrx_word' id='word_1_826' title='bbox 3348 5368 3363 5390; x_wconf 96' lang='lat'><strong><em>,</em></strong></span> 
     </span>
    </p>
   </div>
   <div class='ocr_carea' id='block_1_120' title="bbox 1766 5388 3358 5457">
    <p class='ocr_par' dir='ltr' id='par_1_120' title="bbox 1766 5388 3358 5457">
     <span class='ocr_line' id='line_1_122' title="bbox 1766 5388 3358 5457; baseline 0.006 -17"><span class='ocrx_word' id='word_1_827' title='bbox 1766 5399 1821 5441; x_wconf 88' lang='lat' dir='ltr'><strong><em>ut</em></strong></span> <span class='ocrx_word' id='word_1_828' title='bbox 1849 5391 2011 5457; x_wconf 84' lang='lat' dir='ltr'><strong><em>aliqui</em></strong></span> <span class='ocrx_word' id='word_1_829' title='bbox 2034 5390 2421 5444; x_wconf 80' lang='lat' dir='ltr'><strong><em>delectationes</em></strong></span> <span class='ocrx_word' id='word_1_830' title='bbox 2448 5433 2463 5453; x_wconf 80' lang='lat'><strong><em>,</em></strong></span> <span class='ocrx_word' id='word_1_831' title='bbox 2506 5388 2668 5455; x_wconf 88' lang='lat' dir='ltr'><strong><em>aliqui</em></strong></span> <span class='ocrx_word' id='word_1_832' title='bbox 2696 5390 3055 5447; x_wconf 70' lang='lat' dir='ltr'><strong><em>tabulationes</em></strong></span> <span class='ocrx_word' id='word_1_833' title='bbox 3086 5388 3173 5447; x_wconf 75' lang='lat' dir='ltr'><strong><em>eas</em></strong></span> <span class='ocrx_word' id='word_1_834' title='bbox 3216 5388 3358 5450; x_wconf 52' lang='lat' dir='ltr'><strong><em>diceé</em></strong></span> 
     </span>
    </p>
   </div>
   <div class='ocr_carea' id='block_1_121' title="bbox 1762 5460 3357 5529">
    <p class='ocr_par' dir='ltr' id='par_1_121' title="bbox 1762 5460 3357 5529">
     <span class='ocr_line' id='line_1_123' title="bbox 1762 5460 3357 5529; baseline 0.006 -19"><span class='ocrx_word' id='word_1_835' title='bbox 1762 5470 1889 5511; x_wconf 81' lang='lat' dir='ltr'><strong><em>rcnt.</em></strong></span> <span class='ocrx_word' id='word_1_836' title='bbox 1924 5460 2075 5526; x_wconf 81' lang='lat' dir='ltr'><strong><em>Quod</em></strong></span> <span class='ocrx_word' id='word_1_837' title='bbox 2100 5476 2229 5513; x_wconf 81' lang='lat' dir='ltr'><strong><em>vero</em></strong></span> <span class='ocrx_word' id='word_1_838' title='bbox 2255 5460 2405 5514; x_wconf 85' lang='lat' dir='ltr'><strong><em>addit</em></strong></span> <span class='ocrx_word' id='word_1_839' title='bbox 2441 5460 2735 5513; x_wconf 85' lang='lat' dir='ltr'><strong><em>Vcroncns.</em></strong></span> <span class='ocrx_word' id='word_1_840' title='bbox 2766 5476 2893 5524; x_wconf 89' lang='lat' dir='ltr'><strong><em>ms.,</em></strong></span> <span class='ocrx_word' id='word_1_841' title='bbox 2925 5480 3067 5529; x_wconf 87' lang='lat' dir='ltr'><strong><em>suas,</em></strong></span> <span class='ocrx_word' id='word_1_842' title='bbox 3095 5466 3357 5520; x_wconf 89' lang='lat' dir='ltr'><strong><em>abundat.</em></strong></span> 
     </span>
    </p>
   </div>
   <div class='ocr_carea' id='block_1_122' title="bbox 1768 5529 3363 5604">
    <p class='ocr_par' dir='ltr' id='par_1_122' title="bbox 1768 5529 3363 5604">
     <span class='ocr_line' id='line_1_124' title="bbox 1768 5529 3363 5604; baseline 0.004 -21"><span class='ocrx_word' id='word_1_843' title='bbox 1768 5529 1939 5584; x_wconf 85' lang='lat' dir='ltr'><strong><em>Porro</em></strong></span> <span class='ocrx_word' id='word_1_844' title='bbox 1970 5530 2618 5604; x_wconf 83' lang='lat' dir='ltr'><strong><em>injuste_persecuti_sunt,</em></strong></span> <span class='ocrx_word' id='word_1_845' title='bbox 2654 5546 2751 5599; x_wconf 86' lang='lat' dir='ltr'><strong><em>pro</em></strong></span> <span class='ocrx_word' id='word_1_846' title='bbox 2778 5532 2961 5604; x_wconf 83' lang='lat' dir='ltr'><strong><em>iniqui,</em></strong></span> <span class='ocrx_word' id='word_1_847' title='bbox 2996 5546 3104 5589; x_wconf 84' lang='lat' dir='ltr'><strong><em>etc.</em></strong></span> <span class='ocrx_word' id='word_1_848' title='bbox 3144 5537 3207 5589; x_wconf 84' lang='lat' dir='ltr'><strong><em>Et</em></strong></span> <span class='ocrx_word' id='word_1_849' title='bbox 3241 5547 3363 5604; x_wconf 86' lang='lat' dir='ltr'><strong><em>post</em></strong></span> 
     </span>
    </p>
   </div>
   <div class='ocr_carea' id='block_1_123' title="bbox 1770 5600 3365 5676">
    <p class='ocr_par' dir='ltr' id='par_1_123' title="bbox 1770 5600 3365 5676">
     <span class='ocr_line' id='line_1_125' title="bbox 1770 5600 3365 5676; baseline 0.005 -23"><span class='ocrx_word' id='word_1_850' title='bbox 1770 5611 1884 5655; x_wconf 85' lang='lat' dir='ltr'><strong><em>tres</em></strong></span> <span class='ocrx_word' id='word_1_851' title='bbox 1915 5615 2125 5663; x_wconf 82' lang='lat' dir='ltr'><strong><em>versus,</em></strong></span> <span class='ocrx_word' id='word_1_852' title='bbox 2152 5600 2217 5676; x_wconf 92' lang='grc'><em>1</em></span> <span class='ocrx_word' id='word_1_853' title='bbox 2235 5600 2561 5676; x_wconf 81' lang='lat' dir='ltr'><strong><em>generatione</em></strong></span> <span class='ocrx_word' id='word_1_854' title='bbox 2578 5604 2763 5676; x_wconf 68' lang='lat' dir='ltr'><strong><em>ueritas</em></strong></span> <span class='ocrx_word' id='word_1_855' title='bbox 2786 5600 2892 5654; x_wconf 85' lang='lat' dir='ltr'><strong><em>tua.</em></strong></span> <span class='ocrx_word' id='word_1_856' title='bbox 2916 5603 3004 5671; x_wconf 86' lang='lat' dir='ltr'><strong><em>Et,</em></strong></span> <span class='ocrx_word' id='word_1_857' title='bbox 3031 5600 3365 5676; x_wconf 81' lang='lat' dir='ltr'><strong><em>dispositione</em></strong></span> 
     </span>
    </p>
   </div>
   <div class='ocr_carea' id='block_1_124' title="bbox 1768 5671 3365 5744">
    <p class='ocr_par' dir='ltr' id='par_1_124' title="bbox 1768 5671 3365 5744">
     <span class='ocr_line' id='line_1_126' title="bbox 1768 5671 3365 5744; baseline 0.004 -19"><span class='ocrx_word' id='word_1_858' title='bbox 1768 5682 1858 5726; x_wconf 84' lang='lat' dir='ltr'><strong><em>tua</em></strong></span> <span class='ocrx_word' id='word_1_859' title='bbox 1889 5682 2153 5742; x_wconf 66' lang='lat' dir='ltr'><strong><em>permanet</em></strong></span> <span class='ocrx_word' id='word_1_860' title='bbox 2180 5671 2308 5738; x_wconf 78' lang='lat' dir='ltr'><strong><em>dies,</em></strong></span> <span class='ocrx_word' id='word_1_861' title='bbox 2338 5671 2580 5744; x_wconf 82' lang='lat' dir='ltr'><strong><em>quoniam</em></strong></span> <span class='ocrx_word' id='word_1_862' title='bbox 2603 5671 2838 5729; x_wconf 82' lang='lat' dir='ltr'><strong><em>universa</em></strong></span> <span class='ocrx_word' id='word_1_863' title='bbox 2859 5676 3085 5729; x_wconf 81' lang='lat' dir='ltr'><strong><em>serviunt</em></strong></span> <span class='ocrx_word' id='word_1_864' title='bbox 3107 5671 3216 5734; x_wconf 80' lang='lat' dir='ltr'><strong><em>tibi.</em></strong></span> <span class='ocrx_word' id='word_1_865' title='bbox 3243 5678 3365 5735; x_wconf 79' lang='lat' dir='ltr'><strong><em>Nisi</em></strong></span> 
     </span>
    </p>
   </div>
   <div class='ocr_carea' id='block_1_125' title="bbox 1767 5743 2302 5817">
    <p class='ocr_par' dir='ltr' id='par_1_125' title="bbox 1767 5743 2302 5817">
     <span class='ocr_line' id='line_1_127' title="bbox 1767 5743 2302 5817; baseline 0 -20"><span class='ocrx_word' id='word_1_866' title='bbox 1767 5745 1855 5817; x_wconf 86' lang='lat' dir='ltr'><strong><em>qui</em></strong></span> <span class='ocrx_word' id='word_1_867' title='bbox 1878 5759 1911 5799; x_wconf 89' lang='lat' dir='ltr'><strong><em>a</em></strong></span> <span class='ocrx_word' id='word_1_868' title='bbox 1942 5743 2027 5799; x_wconf 76' lang='lat' dir='ltr'><strong><em>lea:</em></strong></span> <span class='ocrx_word' id='word_1_869' title='bbox 2052 5751 2164 5815; x_wconf 88' lang='lat' dir='ltr'><strong><em>tua,</em></strong></span> <span class='ocrx_word' id='word_1_870' title='bbox 2198 5755 2302 5803; x_wconf 87' lang='lat' dir='ltr'><strong><em>etc.</em></strong></span> 
     </span>
    </p>
   </div>
  </div>
