3918 6192
549 193 658 253 555

1548 192 1609 252 S.
1652 189 2043 250 IllERONYMl
2080 187 2318 249 DIVINA
2356 190 2831 254 BIBLIOTHECA.

3728 206 3812 265 555

618 316 744 372 Ain.
790 314 1011 386 Suscipe
1052 328 1249 371 servum
1284 318 1428 367 tuum
1470 311 1524 366 in
1561 311 1750 367 bonum
1776 324 1795 366 :
1822 325 1922 366 non
1945 308 2138 365 calum-
2169 309 2226 372 Α
2317 309 2439 366 Ain.
2482 311 2638 384 Elige
2677 328 2895 375 servum
2928 323 3081 373 tuum
3122 316 3180 375 in
3210 318 3414 377 bonum
3440 361 3456 389 ,
3491 328 3554 379 ut
3597 336 3700 380 non
3742 326 3812 383 ca-

548 392 760 465 nientur
785 424 865 463 me
892 406 1119 478 superbi.

622 500 746 556 Ain.
791 498 943 555 (lculi
991 498 1089 553 mei
1121 496 1416 569 defecerunt
1445 496 1496 552 in
1528 495 1755 552 salutare
1780 502 1924 549 tuum
1952 534 1966 560 ,
2006 500 2054 548 et
2089 492 2144 548 in

546 595 804 665 eloquium
817 593 1038 661 iustitia:
1066 603 1191 647 tute.

617 688 742 744 Ain.
785 683 898 740 Fac
946 701 1066 740 cum
1102 700 1251 741 servo
1293 694 1383 741 tuo
1424 685 1705 741 secundum
1737 679 2142 739 misericordiam

545 788 685 836 luant
710 796 729 835 :
750 789 797 835 et
821 779 1218 850 iustiﬁcationes
1247 792 1363 835 tuas
1395 780 1522 836 doce
1544 798 1643 835 me.

613 872 744 930 Ain.
786 872 979 929 Seruus
1009 884 1130 929 tuus
1181 886 1242 929 -Ξ-
1280 889 1393 928 sum
1440 873 1461 941 ζ
1504 890 1596 945 ego
1624 888 1643 930 :
1672 872 1742 927 da
1784 872 1911 927 mihi
1940 869 2142 927 intelle-

542 978 702 1035 ctum,
743 977 798 1022 ut
825 966 950 1040 [Μς.
982 963 1055 1038 et]
1076 967 1238 1022 sciant
1265 967 1559 1022 testimonia
1590 975 1698 1021 tua.

613 1060 737 1116 Ain.
783 1057 1008 1130 Tempus
1051 1059 1319 1131 faciendi,
1371 1057 1629 1115 Domine:
1660 1057 2038 1129 dissipaverunt
2066 1057 2142 1111 le-

539 1168 656 1230 gent
685 1161 853 1208 tuam.

611 1244 736 1302 Ain.
779 1241 907 1300 Ideo
937 1244 1096 1302 dilexi
1119 1244 1364 1300 mandata
1389 1252 1499 1313 tua,
1526 1259 1683 1316 super
1706 1259 1892 1299 aurum
1914 1251 1960 1298 et
1983 1251 2137 1315 topa-

539 1352 679 1394 ΜΘΝ.

608 1434 730 1488 Ain.
778 1426 1064 1505 Propterea
1104 1431 1174 1486 ad
1203 1431 1376 1486 omnia
1421 1429 1670 1486 mandata
1708 1438 1798 1485 tua
1836 1427 2137 1501 dirigebar:

547 1537 751 1580 Omnem
777 1526 909 1580 viam
937 1524 1169 1596 iniquam
1198 1525 1317 1579 odio
1346 1523 1536 1597 habui;

611 1622 747 1679 Pbe.
794 1620 1059 1677 Ilirnbilia
1086 1622 1377 1677 testimonia
1411 1630 1500 1676 tua
1521 1637 1541 1678 :
1577 1621 1695 1677 ideo
1720 1628 1955 1677 scrutata
1982 1624 2055 1675 est
2079 1632 2139 1676 ea

535 1732 707 1771 annua
734 1730 867 1770 mea.

608 1807 745 1862 Plio.
788 1806 1087 1862 Declaratio
1137 1821 1429 1863 sermonum
1459 1810 1687 1882 .tuoruni
1728 1804 2036 1861 illuminat:
2070 1817 2132 1861 σε·

534 1912 582 1960 et
609 1903 632 1972 ζ
666 1901 984 1958 intellectum
1014 1902 1104 1956 dat
1128 1902 1379 1974 paruulis.

607 1996 740 2053 l’be.
785 1995 857 2052 Os
904 2013 1073 2052 meum
1115 1996 1337 2066 aperui,
1384 2004 1433 2051 et
1477 1994 1673 2051 attraxi
1710 1992 2137 2068 spiritumuyuia

535 2094 783 2152 mandata
809 2104 900 2152 tua
928 2094 1308 2151 desiderabant.

606 2189 740 2245 Plio.
781 2188 966 2260 Aspice
990 2189 1043 2243 in
1073 2206 1151 2243 me
1175 2231 1189 2256 ,
1221 2198 1269 2243 et
1299 2188 1539 2244 miserere
1569 2188 1667 2245 mei
1696 2229 1711 2256 ,
1748 2186 2030 2243 secundum
2044 2186 2138 2257 ju-

532 2281 723 2338 dicium
743 2283 1064 2354 diligentium
1083 2299 1267 2337 nomen
1300 2291 1466 2338 tuum.

606 2375 739 2431 Plio.
769 2371 990 2429 Gressus
1013 2391 1153 2430 meos
1173 2375 1341 2446 dirige
1361 2376 1642 2431 secundum
1666 2372 1928 2446 eloquium
1952 2382 2137 2429 tuum:

531 2473 579 2523 et
612 2482 716 2521 non
744 2466 1037 2522 dominetur
1063 2466 1167 2521 mei
1193 2466 1360 2521 omnis
1382 2468 1664 2538 injustitia.

600 2558 735 2615 Phe.
779 2558 995 2615 Redime
1035 2575 1117 2616 me
1159 2575 1193 2614 a
1241 2556 1521 2615 cblumniis
1553 2559 1859 2615 hominum:
1885 2565 1940 2614 ut
1964 2565 2138 2614 custoo

532 2650 675 2707 diam
700 2652 950 2708 mandata
979 2662 1090 2708 tua.

600 2746 734 2803 Pbc.
778 2743 994 2801 Faciem
1018 2755 1162 2801 tuam
1191 2745 1436 2803 illumina
1459 2764 1614 2821 super
1634 2763 1835 2804 servum
1867 2756 2054 2804 tuum:
2085 2755 2135 2806 et

520 2839 648 2896 doce
674 2855 753 2895 me
776 2838 1177 2910 iustiﬁcationes
1206 2847 1346 2897 tuas.

597 2933 730 2991 Plio.
776 2931 963 2991 Exitus
1005 2950 1263 3005 aquarum
1306 2934 1636 2994 deduxerunt
1662 2936 1804 2993 oculi
1841 2936 1984 2993 mei:
2012 2937 2135 3009 quid

523 3042 625 3081 non
645 3027 999 3081 custodierunt
1030 3026 1194 3100 legem
1223 3035 1388 3082 tuam.

2248 401 2585 461 lumnientur
2616 404 2747 463 mibi
2776 410 3022 480 superbi.

2317 496 2439 551 Ain.
2481 497 2635 554 Oculi
2663 499 2769 556 mei
2795 501 3116 559 deiecerunt
3146 502 3201 560 in
3230 502 3478 563 salutare
3508 513 3680 577 tuum,
3701 507 3812 565 etin

2246 588 2525 660 eloquium
2560 590 2790 663 iustitia:
2823 604 2950 650 tua).
3686 598 3687 601 “

2316 684 2440 743 Ain.
2479 684 2589 741 Fac
2615 700 2737 742 eum
2766 700 2929 744 servo
2962 696 3056 746 tuo
3082 688 3384 747 secundum
3414 689 3815 749 misericordiam

2245 784 2391 834 tuam
2413 795 2426 832 :
2452 786 2509 835 et
2530 777 2950 849 iustiﬁcationes
2982 791 3102 838 tuas
3130 779 3269 840 doce
3294 798 3404 840 me.
3486 840 3487 843 η

2317 872 2440 929 Ain.
2481 871 2684 930 Servus
2705 881 2835 931 tuus
2849 888 2970 931 sum
2994 887 3098 948 ego
3123 893 3136 928 :
3166 885 3192 916 ο
3212 874 3281 932 da
3311 873 3450 933 mibi
3477 873 3811 947 intellectum,

2243 975 2306 1024 ut
2328 967 2496 1025 sciam
2523 963 2836 1025 testimonia
2871 980 2985 1025 tua.
3122 1018 3127 1019 κ
3644 1036 3647 1043 ἱ

2315 1063 2436 1118 Ain.
2474 1061 2719 1135 Tempus
2782 1062 3052 1135 faciendi,
3112 1063 3388 1124 Domine:
3437 1064 3815 1140 dissipaverunt

2243 1153 2414 1227 iniqui
2445 1156 2621 1228 legem
2650 1166 2823 1213 tuam.

2313 1247 2433 1303 Ain.
2462 1246 2601 1304 Ideo
2628 1245 2794 1305 dilexi
2822 1248 3079 1307 mandata
3111 1257 3224 1323 tua,
3255 1266 3424 1325 super
3443 1266 3638 1309 aurum
3665 1263 3713 1309 et
3740 1260 3815 1309 to-

2242 1341 2460 1416 paziou.

2314 1436 2435 1491 Ain.
2478 1435 2774 1509 Propterea
2803 1436 2872 1495 ad
2897 1437 3080 1496 omnia
3119 1439 3373 1497 mandata
3401 1430 3497 1497 ιιιό
3525 1434 3813 1512 di'rig’ebar:

2243 1545 2467 1588 omnem
2489 1530 2627 1587 viam
2658 1530 2903 1603 iniquam
2931 1533 3058 1590 odio
3090 1534 3277 1590 habui.

2319 1622 2453 1681 Phe.
2506 1623 2768 1681 Mirabilia
2819 1626 3132 1707 testimonia
3187 1635 3317 1697 tua,
3382 1627 3653 1686 Domine:
3702 1616 3813 1684 ideo

2168 1712 2216 1775 B
2242 1724 2482 1775 scrutata
2512 1725 2597 1773 est
2625 1732 2689 1773 ea
2714 1718 2897 1773 anima
2930 1733 3072 1775 mea.

2314 1809 2449 1869 Ph}.
2493 1810 2798 1869 Declarath
2825 1825 3143 1870 sermonum
3176 1810 3393 1872 tuorum
3423 1806 3687 1873 illuminat
3708 1827 3810 1873 me;

2240 1911 2297 1961 et
2326 1903 2662 1961 intellectum
2692 1904 2787 1961 dat
2819 1906 3081 1978 parvulis.
3356 1930 3361 1933 ι
3718 1918 3727 1919 ’

2312 1994 2445 2052 Phe.
2484 1992 2558 2053 Os
2603 2011 2782 2054 meum
2806 1998 3032 2069 aperui,
3066 2004 3123 2056 et
3152 1997 3350 2056 attraxi
3379 1999 3677 2074 spiritum:
3704 1999 3816 2075 quia

2238 2088 2493 2148 mandata
2520 2099 2609 2147 tua
2640 2090 3040 2149 desiderabam.

2314 2181 2447 2239 Phe.
2496 2181 2697 2255 Aspice
2741 2183 2795 2240 in
2837 2201 2925 2242 me
2947 2228 2963 2253 ,
2993 2193 3049 2244 et
3072 2184 3336 2245 miserere
3365 2184 3507 2258 mei,
3536 2186 3811 2246 secundum

2236 2275 2500 2349 judicium
2528 2276 2871 2347 diligentium
2903 2293 3103 2336 nomen
3136 2289 3308 2338 tuum.

2309 2367 2442 2423 Phe.
2483 2366 2721 2425 Gressus
2768 2384 2922 2426 meos
2971 2369 3143 2443 dirige
3204 2368 3509 2429 secundum
3556 2371 3813 2445 eloquium

2239 2470 2389 2518 tuum
2416 2477 2429 2517 :
2460 2470 2516 2518 et
2547 2476 2656 2518 non
2682 2460 3000 2520 dominetur
3027 2464 3134 2521 mei
3166 2450 3348 2522 omnis
3376 2464 3661 2538 iniustitia.

2309 2553 2444 2611 Plie.
2484 2554 2714 2612 Redime
2760 2571 2855 2613 me
2888 2571 2919 2613 a
2960 2556 3251 2617 calumniis
3281 2558 3611 2619 hominum:
3654 2560 3709 2617 ut
3734 2574 3816 2616 eu.

2234 2647 2472 2706 stodiam
2500 2648 2762 2705 mandata
2790 2658 2905 2707 tua.

2308 2738 2442 2795 P/te.
2486 2738 2704 2798 Faciem
2734 2749 2881 2798 tuam
2910 2740 3155 2800 illuminat
3196 2728 3615 2819 superscn'utn
3644 2746 3818 2803 tuum:

2234 2842 2292 2894 et
2319 2835 2457 2894 doce
2484 2851 2571 2895 me
2596 2835 3018 2908 iustiﬁcationes
3044 2846 3185 2896 tuas.

2307 2926 2446 2985 Phe.
2486 2925 2513 2968 δ
2550 2929 2742 2986 Exitus
2777 2945 3040 3002 aquarum
3101 2932 3438 2992 transierunt
3483 2933 3637 2992 oculi
3685 2928 3820 2993 mei:

2233 3023 2361 3097 quia
2389 3039 2497 3081 non
2528 3023 2913 3083 custodierunt
2939 3026 3113 3099 legem
3147 3023 3313 3085 tuam.

592 3116 759 3172 Sade.
797 3115 980 3174 Justus
1045 3098 1138 3188 es,
1193 3116 1409 3174 Domine
1447 3137 1468 3177 :
1516 3129 1565 3175 ot
1616 3128 1813 3178 rectum
1864 3120 2126 3197 judicium
2155 3098 2209 3165 (Ῑ
2304 3114 2467 3172 Sade.
2507 3114 2698 3174 Justus
2727 3132 2788 3175 es
2814 3160 2830 3186 ,
2875 3098 3146 3178 Domine:
3193 3134 3246 3179 et
3291 3133 3501 3180 rectum
3539 3120 3673 3198 [Μὰ.
3704 3121 3818 3180 add.

525 3218 692 3267 tuum.

601 3302 767 3359 Sadc.
809 3299 1080 3360 Mandasti
1101 3305 1365 3377 justitiam
1391 3306 1677 3362 testimonia
1707 3316 1798 3363 tua
1820 3324 1840 3364 :
1868 3318 1917 3364 et
1937 3309 2127 3366 uerita-

527 3404 631 3451 tem
654 3403 796 3450 tuam
824 3396 1000 3449 nimis.

592 3484 759 3543 Sadc.
804 3483 1084 3542 Tabescere
1116 3496 1141 3525 α
1166 3504 1246 3543 me
1279 3488 1399 3561 fecit
1425 3488 1569 3546 zelus
1598 3507 1740 3547 meus
1762 3505 1783 3548 :
1835 3493 1957 3564 quia
1983 3492 2130 3551 obliti

522 3588 640 3634 sunt
672 3577 823 3633 verba
851 3586 942 3632 tua
974 3578 1169 3634 inimici
1199 3581 1341 3636 mei:

595 3671 759 3728 Sadc.
802 3668 1034 3745 Ignitum
1066 3670 1332 3743 eloquium
1372 3682 1517 3730 tuum
1558 3676 1921 3732 uehementer:
1952 3684 1997 3731 et
2024 3692 2133 3731 ser-

518 3777 611 3819 rus
639 3770 757 3817 tuus
777 3761 958 3817 dilexit
984 3760 1143 3820 illud.

593 3855 756 3912 Sadc.
798 3855 1227 3912 Adolescentulus
1249 3874 1363 3913 sum
1384 3874 1478 3932 ego
1506 3868 1552 3916 et
1573 3836 1901 3933 contemptus
1925 3876 1946 3918 :
1962 3863 2127 3937 justi-

523 3949 790 4022 ﬁcotiones
822 3959 936 4003 tuas
960 3964 1064 4005 non
1086 3966 1201 4004 sum
1224 3950 1435 4007 oblitus.
1484 4028 1489 4033 ἡ

603 4040 766 4099 Sade.
806 4037 1019 4096 Iustitia
1040 4049 1128 4096 tua
1154 4083 1171 4114 ,
1200 4042 1413 4115 justitia
1442 4043 1495 4098 in
1526 4052 1776 4100 ozternum
1799 4058 1829 4128 τ’
1844 4054 1894 4102 et
1920 4044 2004 4103 lex
2028 4056 2118 4103 tua

516 4134 727 4191 veritas.

584 4228 748 4287 Sade.
784 4225 1071 4283 Tribulatio
1100 4236 1150 4283 et
1178 4228 1420 4299 angustia
1462 4230 1765 4286 invenerunt
1794 4248 1874 4290 me
1912 4250 1936 4290 :
1974 4251 2121 4292 man-

515 4325 640 4381 data
668 4335 756 4381 tua
787 4326 1051 4381 meditatio
1078 4341 1190 4382 mea
1209 4323 1237 4366 δ
1268 4339 1327 4381 σθ-
1353 4336 1427 4381 est
1454 4327 1477 4397 ζ

2233 3207 2339 3281 eSt]
2364 3208 2628 3281 judicium
2658 3219 2833 3267 tuum.

2305 3302 2469 3358 Sade.
2508 3302 2778 3360 Mandasti
2822 3304 3093 3376 justitiam
3124 3307 3433 3368 testimonia
3463 3319 3600 3369 tua:
3648 3320 3703 3370 et
3737 3324 3825 3369 ve-

2234 3395 2451 3454 ritatem
2479 3405 2625 3453 tuam
2650 3398 2835 3455 nimis.
3308 3470 3313 3479 Δ

2258 3570 2263 3573 1
2306 3488 2471 3548 Sade.
2513 3488 2823 3549 Tabescere
2853 3507 2941 3551 me
2966 3490 3096 3551 fecit
3124 3493 3275 3553 zelus
3302 3474 3500 3556 domus
3530 3474 3643 3557 tua:
3668 3512 3685 3557 :
3708 3494 3826 3572 quia

2232 3585 2389 3644 obliti
2417 3595 2547 3643 sunt
2573 3586 2739 3643 verba
2764 3596 2853 3642 tua
2886 3587 3089 3646 inimici
3122 3589 3253 3645 mei.

2306 3679 2468 3737 Sade.
2514 3679 2745 3752 Ignitum
2798 3679 3076 3753 eloquium
3125 3682 3276 3739 tuum
3326 3666 3730 3744 vehementer:
3777 3690 3827 3743 et

2235 3787 2432 3832 servus
2460 3763 2584 3831 tuus
2614 3771 2808 3849 dilexit
2840 3772 2993 3833 illud.
3276 3840 3279 3847 _
3636 3848 3639 3851 η

2302 3863 2466 3922 Sade.
2506 3863 2924 3923 Adulescentior
2959 3879 3080 3924 sum
3112 3882 3214 3940 ego
3239 3876 3295 3925 et
3321 3878 3717 3945 contemptus:
3746 3868 3827 3943 ju-

2224 3956 2584 4016 stiilcationes
2612 3965 2732 4014 tuas
2770 3974 2878 4015 non
2910 3973 3027 4015 sum
3058 3959 3283 4016 oblitus.

2299 4052 2462 4109 Sade.
2510 4048 2730 4125 iustitia
2779 4057 2869 4108 tua
2896 4092 2911 4120 ,
2956 4050 3173 4124 iustitia
3218 4038 3271 4111 in
3314 4048 3627 4116 mternum:
3658 4065 3713 4116 ct
3743 4057 3820 4115 lex

2227 4154 2317 4203 tua
2339 4145 2559 4202 veritas.

2240 4271 2259 4296 ο
2300 4235 2463 4293 Sode.
2524 4231 2826 4292 Trlbulatio
2877 4244 2932 4293 et
2986 4235 3232 4311 angustia
3303 4238 3640 4300 invenerunt
3692 4256 3817 4299 me:

2229 4324 2481 4388 mandata
2501 4336 2682 4386 autem
2716 4318 2804 4385 tua
2828 4328 3111 4390 meditatio
3140 4348 3259 4390 mea
3291 4322 3396 4393 est.

587 4477 615 4507 ι
655 4464 1053 4545 Tacetimrarii
1076 4505 1091 4532 ,
1139 4471 1201 4520 ut
1229 4461 1464 4533 videtur,
1495 4462 1781 4522 oscitantis
1813 4480 1895 4521 me
1919 4470 2112 4539 pr’ouo-
2140 4467 2194 4530 D
2221 4465 2322 4523 bus
2356 4462 2645 4545 nonnulla:
2676 4464 2978 4539 Augustino
3008 4465 3275 4527 lectiones
3304 4484 3649 4545 consonant,
3697 4474 3818 4534 alia:

515 4554 639 4595 mea
672 4538 724 4593 in
750 4536 999 4594 Palatino
1030 4551 1131 4591 ms.
1576 4592 1581 4607 ι

590 4614 619 4655 b
672 4610 891 4682 [lectius
921 4609 972 4682 in
1015 4607 1260 4682 Palatino
1290 4623 1393 4666 ms.
1433 4607 1645 4682 obelus1
1675 4608 1961 4682 ipsumque
1987 4626 2113 4666 vcr-

514 4679 1087 4752 bumsubstantivum,
1121 4681 1261 4752 quod
1294 4696 1486 4752 .neque
1507 4680 1559 4734 in
1602 4679 1829 4737 Hebrteo
1873 4679 1985 4747 'est,
2017 4697 2114 4752 nc-

511 4768 618 4821 que
650 4751 703 4806 iu
734 4750 946 4823 Graeco,
993 4750 1282 4806 inducitur.
1315 4750 1437 4806 Pari
1481 4759 1641 4823 pacto
1689 4752 1863 4807 altera
1913 4752 1983 4806 ab
2012 4751 2116 4808 boe

512 4838 670 4879 versu
708 4822 919 4890 obelus,
947 4831 1002 4877 et
1042 4838 1152 4876 meo
1200 4822 1495 4892 pronomen
1545 4824 1965 4890 prmtermissum
2006 4834 2110 4890 est,

510 4894 721 4949 tametsi
753 4894 805 4946 iu
832 4892 1021 4949 Grzeco
1045 4892 1260 4962 quidem
1302 4893 1404 4950 hoc
1435 4903 1675 4948 resonet.

585 4968 609 4996 °
654 4965 706 5018 lu
742 4962 1041 5019 Veronensi
1064 4978 1189 5030 ms.,
1221 4964 1503 5034 intelligere
1527 4965 1746 5034 merae,
1786 4972 1837 5018 et
1865 4964 2004 5019 scibo
2033 4972 2107 5020 te-

443 5050 446 5054 λ
508 5034 751 5108 stimonia
778 5042 886 5088 tua.
943 5033 1184 5108 ’I'empus‘
1199 5042 1271 5090 est
1303 5031 1528 5108 faciendi
1546 5031 1850 5108 ,A‘Dornine,
1881 5038 2105 5108 dissipa-

507 5113 685 5160 t'crunt
715 5106 874 5177 legent
917 5102 1079 5177 tuam}
1143 5102 1371 5177 Propter
1400 5103 1513 5177 hoc
1542 5105 1734 5177 dilexi,
1764 5118 1873 5160 etc.
1926 5102 2104 5177 Atque

507 5176 701 5231 iterum
726 5220 741 5246 ,
764 5172 1018 5245 'I’mpter
1045 5174 1143 5229 hoc
1172 5176 1241 5228 ad
1260 5172 1713 5246 omniamandnta
1755 5184 1844 5229 tua
1872 5172 2100 5246 corrige-

501 5246 594 5300 bar
615 5288 631 5315 ,
671 5244 873 5300 omnem
906 5244 1040 5299 riam
1079 5246 1364 5317 iniquitatis
1391 5244 1511 5299 odio
1541 5246 1716 5301 habui.
1757 5244 2102 5301 Admirabilia

496 5318 792 5388 testimonia
816 5326 948 5388 tua,
998 5326 1206 5388 propter
1250 5318 1346 5370 hoc
1392 5326 1621 5388 scrutata
1650 5325 1723 5371 est
1758 5320 1931 5374 anima
1963 5335 2096 5373 inea.

500 5386 856 5461 Ilnnifestatio
879 5385 1143 5461 verbormn
1176 5395 1395 5461 tuorum
1410 5385 1671 5461 illuminat
1695 5429 1710 5450 ,
1726 5397 1790 5461 Act
1811 5389 2099 5461 intelligere

492 5462 620 5528 facit
647 5459 893 5531 infantes.
922 5456 992 5512 0s
1018 5474 1185 5511 meum
1216 5458 1416 5531 aperui,
1439 5458 1633 5531 et_dn.ri
1658 5458 1892 5528 spiritum
1916 5477 1933 5513 :
1963 5456 2097 5531 tino-

487 5524 626 5583 niam
657 5524 904 5582 mandata
935 5537 1022 5580 tua
1047 5545 1209 5582 conru
1252 5524 1435 5591 iebam,
1467 5524 1783 5599 Respirc'me
1803 5574 1817 5598 ,
1844 5539 1890 5584 et
1932 5524 2086 5583 mise-

487 5612 616 5650 rere.
640 5612 751 5650 etc.
805 5593 1008 5649 Itinera
1039 5614 1151 5650 mea
1183 5546 1349 5650 (li’rine
1374 5598 1655 5650 secundum
1680 5598 1887 5650 verbum
1917 5609 2078 5650 tuum.

479 5612 616 5665 rere,
640 5612 751 5653 etc.
805 5593 1008 5649 Itinera
1039 5614 1151 5651 mea
1183 5593 1349 5668 dirige
1374 5593 1655 5668 secundum
1680 5593 1887 5653 verbum
1917 5609 2078 5663 tuum,

475 5680 523 5723 et
553 5684 618 5723 ne
664 5667 968 5736 dominetur
1007 5667 1133 5719 mihi
1177 5666 1659 5736 omnisiniquitas.
1716 5667 2084 5724 Iiedimemea

471 5736 758 5796 ealunmiis
794 5732 1086 5802 hominum,
1118 5742 1166 5791 et
1192 5734 1458 5792 custodibo
1480 5732 1727 5793 mandata
1751 5746 1860 5795 tua.
1897 5738 1939 5796 Ε
1963 5741 2085 5812 qui.

2221 4556 2327 4595 nou
2356 4539 2506 4594 item.

2291 4608 2319 4649 ἀ
2360 4609 2587 4665 Praestat
2616 4608 2721 4682 Aluic
2759 4625 2975 4682 quoque
3015 4608 3348 4673 Veronensis
3386 4613 3650 4675 Psalterii
3689 4635 3816 4677 con-

2223 4689 2424 4760 textum
2456 4680 2763 4760 esseribere
2780 4680 2800 4736 ξ
2843 4680 2948 4736 Per
2971 4684 3137 4743 exitus
3159 4703 3409 4760 aquarum
3438 4688 3817 4748 descenderunt

2222 4754 2359 4808 oeuli
2395 4752 2506 4825 _m_ei
2526 4795 2541 4821 ,
2587 4752 2832 4823 quoniam
2864 4770 2965 4815 non
2999 4752 3379 4825 cu~todierunt,
3410 4768 3552 4823 etc.;
3590 4772 3708 4818 tum
3736 4764 3815 4817 al-

2182 4860 2191 4869 .
2221 4833 2337 4881 tero
2362 4822 2428 4878 ab
2459 4822 2561 4877 hoc
2586 4837 2749 4885 versu
2773 4825 2826 4877 in
2856 4824 2985 4892 tluc,
3011 4829 3270 4884 veritatem
3296 4822 3463 4885 ualde.
3506 4822 3600 4893 Et.
3632 4833 3814 4889 Come-

2221 4894 2402 4972 dittue
2426 4895 2567 4972 zelus
2597 4894 2782 4972 domus
2809 4898 3026 4972 tua!_.__iu
3052 4914 3214 4972 quem
3244 4899 3418 4972 locum
3443 4900 3811 4972 Augustinus,

2218 4964 2459 5034 Habent,
2488 4963 2700 5042 inquit,
2728 4966 2966 5021 nonnulli
2982 4963 3150 5042 etiam
3178 4971 3412 5042 codices,
3444 4963 3650 5030 domus
3678 4963 3808 5042 tum,

2212 5046 2262 5110 e_t
2302 5053 2404 5110 non
2446 5035 2700 5092 labefecit
2726 5052 2853 5110 me.
2872 5107 2881 5110 Α
2900 5039 2994 5110 sed
3018 5040 3256 5105 comedit
3280 5035 3406 5109 me.»
3431 5043 3591 5110 Quod
3616 5061 3688 5102 ex
3709 5035 3812 5100 alio

2211 5105 2728 5184 I’sahno,_qua_ntum
2758 5107 2883 5161 mihi
2888 5107 3129 5184 ridetur,
3160 5105 3391 5184 putatum
3420 5105 3494 5168 est
3519 5117 3803 5170 eniendano

2210 5178 2467 5259 dumdtbi
2490 5177 2741 5259 script-unt
2767 5188 2859 5244 est,
2888 5177 3048 5235 Zelus
3080 5177 3273 5259 domus
3297 5194 3400 5259 tua;
3426 5185 3674 5259 comedit
3699 5204 3803 5251 uie,

2208 5260 2317 5305 etc.
2365 5248 2623 5321 Sequitur
2648 5248 2811 5321 inquo
2842 5264 2947 5321 ms.
2965 5291 2995 5321 ,μ
3011 5254 3256 5321 quoniam
3297 5251 3442 5308 obliti
3468 5267 3595 5311 sunt
3629 5248 3807 5312 verba;

2206 5335 2323 5374 runt
2352 5310 2556 5373 tuorum
2584 5316 2787 5393 inimici
2805 5318 2923 5393 nni.
2965 5310 3195 5393 Ignitum
3223 5326 3424 5378 uerbum
3453 5336 3602 5381 tuum
3632 5310 3803 5393 ualde,

2201 5399 2249 5441 et
2277 5405 2452 5471 servus
2480 5396 2596 5471 tuus
2624 5387 2817 5471 dilexit.
2840 5387 3263 5471 illudCJuvenii
3275 5410 3366 5471 ego
3391 5412 3507 5471 sum
3533 5406 3584 5451 et
3615 5387 3804 5471 despel

2200 5472 2335 5535 ctus,
2358 5470 2497 5535 _etc.;
2530 5468 2726 5535 etpost
2750 5461 3152 5535 alitun_ver5um
3171 5504 3185 5526 ,
3219 5460 3511 5522 Tri'bulatio
3539 5478 3593 5524 et
3625 5460 3800 5524 net-rs-

2195 5532 2325 5603 sitas
2350 5531 2645 5603 inuenerunt
2670 5545 2751 5583 me
2776 5531 3020 5603 mandata
3043 5542 3131 5587 tua
3153 5536 3413 5603 meditatio
3435 5555 3548 5594 mea
3568 5551 3672 5594 est.
3704 5539 3801 5592 Ju-

2192 5602 2337 5657 stitia
2366 5600 2654 5658 testimonia
2682 5608 2770 5656 tua
2792 5639 2811 5673 ,
2862 5600 3177 5660 intellectum
3205 5602 3273 5660 du
3310 5606 3438 5661 mihi
3460 5646 3478 5679 ,
3509 5620 3553 5665 et
3594 5610 3802 5683 viuiﬁca

2192 5686 2292 5728 me.
