3918 6192
161 285 230 344 557

1368 282 1572 342 LIBER
1613 279 2058 342 PSALMORUM.

3272 287 3378 350 358

206 407 326 466 Sale.
378 408 626 477 qunttas
648 405 942 462 testimonia
986 413 1074 462 ma
1115 403 1167 462 in
1209 409 1458 463 a-tcrnum
1487 423 1505 465 :
1531 405 1684 461 iultl-
1713 405 1762 466 Δ
1863 407 2022 464 Sade.
2064 405 2312 477 Equites
2344 405 2649 463 testimonia
2682 412 2774 464 tua
2805 407 2859 464 in
2881 413 3145 466 mternum
3173 425 3186 461 :
3217 406 3380 464 intel-

161 502 290 557 lectum
307 501 370 556 da
386 501 532 567 milii,
561 509 609 554 ct
633 501 816 554 eiram.

206 593 331 664 Copti.
379 591 614 647 Clamari
645 593 698 644 in
737 599 842 644 toto
879 590 1036 646 corde
1065 605 1119 646 -θ
1150 607 1262 644 mro
1297 592 1318 661 ζ
1350 591 1542 646 exaudi
1573 606 1672 658 me,

159 687 348 742 Domine:
367 686 776 759 justi/icationcs
806 695 918 739 tuas
947 686 1229 757 requiram.

205 778 332 850 Coph.
390 777 624 833 Clamavi
650 779 719 833 ad
746 786 812 847 te,
838 779 1034 834 salvum
1054 795 1135 834 me
1163 780 1289 849 fac:
1325 789 1380 834 ut
1403 780 1686 835 custodiam

160 872 328 927 utendam
355 880 470 927 tua.

203 964 324 1034 Coph.
353 963 590 1020 Praeconi
622 964 675 1019 in
697 962 1010 1028 maturitate,
1039 970 1086 1017 et
1107 962 1324 1018 ιιι-ιπηιιεί
1353 979 1372 1019 :
1401 973 1426 1001 ’³
1445 979 1491 1019 σι
1522 964 1682 1034 quia:

159 1059 194 1112 in
210 1055 320 1110 verba
340 1065 426 1108 tua
451 1055 837 1127 supersperari.

202 1147 327 1218 Cupit.
379 1144 752 1201 Praei-eneruat
803 1147 940 1200 oculi
984 1147 1127 1202 mei:
1158 1160 1216 1201 σιμ
1253 1146 1323 1200 ad
1359 1151 1448 1215 te:
1478 1147 1685 1202 dilucu-

155 1241 219 1295 lo:
239 1247 277 1292 ut
299 1239 571 1292 meditarer
593 1237 799 1308 eloquia
830 1247 939 1291 tua.

198 1329 328 1402 Cuplt.
377 1328 564 1383 Vocem
596 1345 761 1383 meam
791 1330 917 1383 audi
944 1329 1230 1383 secundum
1261 1330 1674 1384 miscricordiam

153 1436 268 1495 tuam,
297 1423 506 1480 Domine
538 1441 557 1480 :
585 1424 613 1464 δ
669 1425 952 1480 secundum
994 1424 1254 1495 judicium
1301 1434 1445 1479 tuum
1489 1424 1690 1494 civi/ica

158 1536 226 1575 ne.

199 1608 327 1678 Cnph.
379 1608 944 1680 Appropinquaverunt
994 1615 1345 1676 persequentes
1392 1623 1472 1661 me
1500 1607 1691 1677 iniqui—

147 1703 214 1756 tati
237 1702 412 1772 :alcge
442 1716 498 1755 of.»
529 1711 701 1754 autem
727 1699 750 1769 ζ
779 1709 870 1753 tua
901 1697 1050 1768 longe
1079 1699 1204 1770 facti
1227 1708 1363 1755 sunt.

1796 499 1995 555 lectum
2020 499 2085 555 da
2120 501 2276 568 mihi,
2311 511 2363 556 et
2399 499 2598 556 vivam.

1863 589 2028 664 Copti.
2073 602 2095 629 ε
2127 591 2365 648 Clamavi
2396 594 2447 649 in
2482 602 2598 649 toto
2626 591 2793 649 corde
2838 607 2984 661 meo,
3027 593 3223 651 exaudi
3271 609 3382 660 me,

1792 683 2022 740 Domine
2048 701 2061 739 :
2090 685 2512 754 justiticationes
2543 694 2662 740 tuas
2689 685 2984 755 requiram.

1863 777 2030 851 Capti.
2062 778 2301 836 Clamavi
2335 777 2402 836 ad
2437 790 2510 850 te,
2540 779 2754 836 salvum
2788 796 2873 837 me
2923 780 3046 838 lac:
3092 790 3152 838 ut
3200 789 3385 838 custo-

1790 870 1936 928 diam
1969 870 2223 926 mandata
2254 879 2364 926 tua.

1861 961 2023 1029 Copti.
2057 962 2302 1018 Prtevcni
2333 962 2386 1016 in
2415 962 2750 1030 maturitate,
2785 971 2840 1020 ct
2870 963 3108 1020 clamavi
3158 982 3170 1018 :
3229 973 3284 1022 ct
3331 962 3387 1020 in

1793 1055 1964 1111 verbo
2010 1064 2100 1108 tuo
2148 1053 2387 1124 speravi.

1865 1146 2030 1219 Copti.
2067 1145 2452 1202 Prmvencrunl
2485 1142 2624 1201 oculi
2652 1143 2756 1201 mei
2784 1141 2851 1199 ad
2885 1152 2936 1198 te
2974 1141 3216 1198 diluculo
3268 1160 3279 1195 :
3333 1150 3392 1198 ut

1791 1240 2085 1298 meditarer
2114 1239 2468 1313 eloquiajtua.

1870 1334 2039 1404 Copti.
2083 1334 2283 1391 Vocem
2316 1351 2490 1391 meam
2521 1333 2738 1401 exaudi,
2787 1332 3036 1400 Domine,
3087 1332 3388 1390 secundum

1793 1425 2226 1483 miscricordiam
2281 1434 2452 1496 tuam,
2513 1435 2568 1483 ct
2613 1426 2914 1482 secundum
2944 1425 3207 1496 judicium
3241 1436 3388 1479 tuum

1793 1521 2007 1577 viviﬁca
2035 1536 2143 1577 me.

1866 1612 2032 1684 Copti.
2061 1612 2552 1683 ApprOpiaverunt
2587 1608 2604 1649 ί
2637 1619 3038 1683 persequentes
3072 1625 3156 1666 mc
3179 1610 3345 1683 iniqui
3373 1627 3388 1666 :

1795 1724 1826 1766 ει
1860 1709 1979 1779 lege
2010 1716 2191 1762 autem
2228 1717 2318 1761 tua
2350 1706 2509 1778 longe
2540 1707 2665 1760 facti
2690 1717 2835 1761 sunt.

199 1792 333 1862 (Ruth.
369 1792 540 1865 Prope
565 1809 620 1848 es
651 1804 732 1861 tu,
766 1791 986 1847 Domine
1017 1807 1034 1846 :
1062 1802 1107 1847 et
1148 1808 1322 1846 omnes
1351 1792 1449 1847 via:
1477 1803 1576 1846 tua:
1603 1807 1685 1847 vc-

1857 1801 2020 1874 Coph.
2065 1801 2244 1872 Prope
2276 1817 2335 1856 es
2363 1811 2439 1868 tu,
2502 1799 2765 1856 Domine:
2808 1810 2862 1856 ct
2905 1800 3090 1855 omnia
3141 1799 3395 1855 mandata

139 1887 261 1942 ritas.

192 1979 336 2049 Cepit.
365 1976 525 2034 Initio
551 1978 769 2052 cognori
797 1980 861 2034 de
883 1978 1185 2034 testimoniis
1217 1978 1321 2033 tuis
1356 1993 1372 2031 :
1397 1980 1519 2050 quia
1560 1977 1685 2052 [Ms.

148 2071 364 2143 quoniam]
391 2073 443 2126 in
470 2081 724 2127 crternum
753 2072 988 2144 fundasti
1015 2088 1095 2127 ca.

190 2163 302 2220 Res.
335 2162 458 2218 Vide
479 2163 832 2219 humilitatem
854 2179 1042 2233 meum,
1074 2173 1121 2218 ct
1146 2164 1286 2236 eripe
1315 2179 1392 2218 me
1426 2164 1586 2236 :quia
1617 2163 1690 2219 leo

135 2273 223 2326 gem
246 2266 374 2311 tuam
393 2273 493 2310 non
523 2273 636 2312 sum
669 2257 877 2311 oblitus.

183 2349 300 2407 Res.
341 2351 526 2406 Judica
545 2350 819 2424 judicium
844 2366 1036 2418 meum,
1068 2358 1114 2407 et
1154 2350 1349 2406 redime
1391 2365 1516 2406 me:
1560 2365 1685 2420 pro-

131 2455 220 2514 prer
239 2446 484 2517 eloquium
514 2454 664 2499 tuum
689 2444 893 2514 viti/ica
926 2460 1025 2498 me.

180 2535 296 2591 Res.
345 2536 516 2610 Longe
541 2555 573 2591 a
605 2537 964 2608 peccatoribus
993 2536 1137 2591 salus
1168 2537 1332 2607 :quia
1353 2535 1692 2609 justi/iratio-

128 2642 323 2688 aestuas
345 2651 444 2688 non
482 2644 502 2673 ο
533 2634 906 2705 exquisierunt.

183 2725 300 2781 Res.
356 2725 730 2781 Misericordia?
757 2735 861 2782 tua:
891 2725 1084 2796 multm,
1120 2723 1385 2782 Domine»:
1417 2727 1696 2780 secundum

112 2815 348 2883 judicium
372 2827 513 2872 tuum
538 2820 743 2887 viviﬁca
767 2834 868 2872 me.

179 2909 301 2964 Res.
344 2907 498 2963 Multi
516 2911 611 2982 qui
635 2920 1010 2981 persequuntur
1035 2927 1133 2980 me,
1156 2917 1206 2965 et
1243 2909 1496 2966 tribulant
1521 2925 1601 2964 me
1623 2923 1642 2964 :
1663 2926 1694 2962 a

119 3004 404 3060 testimoniis
433 3008 533 3060 tuis
563 3021 667 3060 non
699 3005 979 3060 declinavi.
1249 3005 1262 3018 ’

178 3096 304 3154 Res.
352 3098 463 3155 Vidi
492 3099 916 3170 pra'varicantes,
943 3107 991 3154 ct
1039 3099 1395 3164 tabescebam;
1437 3096 1559 3168 quia
1583 3094 1695 3150 elo-

115 3190 225 3254 quia
255 3200 338 3246 tua
365 3209 463 3247 non
492 3193 874 3250 custodierunt.

176 3282 302 3340 Res.
361 3285 506 3354 Vide,
530 3287 776 3357 quoniam
809 3286 1058 3341 mandata
1089 3294 1178 3340 tua
1207 3285 1390 3354 dilexi,
1429 3282 1648 3339 Domine
1676 3299 1694 3338 :

122 3373 170 3428 in
192 3377 542 3432 misericordia
569 3388 659 3433 tua
685 3377 890 3448 viuifica
916 3394 1017 3434 mc.

175 3469 304 3527 Res.
358 3471 685 3543 Principium
713 3471 982 3527 verborum
1013 3481 1217 3525 tuorum
1251 3471 1432 3526 veritas
1463 3485 1479 3524 :
1509 3466 1532 3507 ά
1563 3479 1612 3524 et
1647 3469 1698 3524 in

111 3573 347 3619 teternum
375 3567 545 3620 omnia
562 3563 774 3638 judicia
795 3563 1023 3637 justitia:
1049 3575 1167 3618 ltttL’.

173 3655 292 3712 Sin.
347 3656 617 3729 Principes
646 3655 902 3729 persecuti
923 3665 1040 3709 sunt
1071 3672 1149 3708 me
1166 3656 1329 3727 gratis
1359 3671 1376 3711 :
1408 3666 1453 3712 et
1484 3673 1514 3710 α
1537 3654 1698 3711 verbis

114 3749 205 3804 tuis
235 3752 526 3822 formidavit
552 3751 676 3825 [515.
710 3747 1032 3822 formidabit]
1060 3766 1147 3804 cor
1170 3767 1357 3804 meum.

176 3898 201 3962 ἒ
252 3891 426 3962 Atque
452 3890 541 3946 hic
567 3889 768 3945 rectius
798 3897 938 3946 tacet
968 3889 1193 3946 Palatia.
1239 3905 1341 3945 ms.
1374 3888 1692 3947 adverbium

112 3961 224 4028 quia
245 3979 263 4015 :
289 3961 427 4030 quod
454 3972 633 4017 autem
668 3977 765 4030 pro
785 3979 850 4016 eo
877 3963 1249 4034 insequentem
1280 3963 1335 4015 in
1359 3962 1698 4034 praepositio—

117 4047 231 4102 nem
261 4033 416 4088 obelo
446 4040 732 4102 prmuotat,
768 4034 906 4088 male
939 4031 1098 4087 habet
1130 4050 1144 4087 :
1174 4041 1337 4102 atque
1367 4031 1509 4087 adeo
1546 4031 1698 4101 pejus

122 4101 236 4156 Cari
259 4101 595 4171 editio,qu:e
634 4114 920 4172 utramque
968 4118 1155 4158 vocem
1200 4101 1602 4157 transverberat
1634 4116 1695 4156 νε-

121 4174 231 4240 quia
261 4177 311 4228 in
331 4178 353 4244 ζ
376 4175 544 4240 verba,
577 4187 687 4231 etc.
717 4174 853 4229 Male
879 4181 1138 4244 praeterea
1162 4172 1322 4230 iidem
1351 4173 1700 4242 subsequenti

126 4260 271 4298 versu
301 4246 574 4314 prml‘txutn
605 4247 813 4300 vnculis
843 4245 912 4298 ad
934 4258 982 4300 te
1018 4246 1232 4300 obclum
1261 4244 1702 4312 prmtcrmittunt.

195 4315 220 4353 δ
261 4317 635 4386 Expumimus
658 4328 705 4369 et
732 4319 977 4386 copulam
1017 4319 1081 4370 ad
1112 4331 1213 4370 ms.
1245 4315 1471 4371 Palatini
1516 4315 1699 4380 ﬁdem,

130 4383 486 4446 ilcbrrco‘cum
517 4388 731 4457 primis,
755 4383 816 4442 et
832 4387 1022 4442 Graeco
1047 4387 1482 4456 astipulantibus.
1528 4404 1533 4409 '

195 4468 217 4494 ε
257 4458 700 4528 l'nnpositionctu
742 4460 892 4513 verbi
941 4458 1288 4528 exquisicrtmt
1339 4458 1567 4512 Palatiu.
1597 4471 1700 4512 ms.

134 4525 194 4580 de
206 4544 364 4600 more
377 4525 653 4600 'prmnotat
695 4543 846 4600 veru.

195 4595 221 4634 ἀ
255 4598 315 4653 Et
333 4595 737 4669 voculam,qua:
757 4599 964 4668 deerat,
981 4598 1336 4654 Palatinoms.
1358 4598 1704 4664 admonente,

139 4665 200 4721 ad
228 4670 426 4726 ilebrmi
457 4665 743 4739 Cra-eique
792 4665 959 4739 ipsius
982 4679 1158 4724 textus
1191 4669 1350 4724 fidem
1375 4669 1705 4724 suichimus.

200 4749 222 4777 θ
260 4742 435 4797 Codex
470 4741 827 4807 Veronensis,
857 4740 1157 4796 Exclamavi
1184 4743 1234 4793 in
1260 4753 1362 4794 toto
1385 4739 1558 4807 corde,
1591 4749 1708 4795 etc.

137 4819 178 4862 et
209 4814 606 4884 justiﬁcationcs
653 4826 770 4866 tuas
815 4812 1104 4883 exquiram.
1153 4811 1473 4884 Exclamari,
1514 4812 1710 4864 salvum

138 4882 314 4956 meifac
343 4882 482 4956 (sine
527 4882 1140 4956 intermediis'vneibus
1181 4882 1253 4956 ad
1305 4893 1375 4956 te,
1417 4896 1550 4956 quas
1570 4884 1711 4956 ‘ipse

139 4951 285 5025 etiam
315 4951 510 5010 omittit
540 4955 898 5025 Augustinus,
928 4953 1155 5025 ubialiis
1181 4953 1242 5025 in,
1262 4953 1536 5008 codicibus
1559 4952 1709 5007 Cra:-

139 5022 233 5086 cis,
263 5025 572 5093 Latinis-rue
597 5022 787 5080 haberi
815 5034 983 5091 notat,
1012 5023 1246 5078 Clamavi
1269 5035 1334 5088 te,
1369 5031 1523 5092 clc.),
1556 5033 1601 5077 et
1624 5041 1715 5074 cu-

137 5097 321 5150 stodibo
344 5098 630 5151 testimonia
663 5105 769 5150 tua.
796 5095 1034 5151 Pra‘veui
1061 5096 1364 5165 intempesta
1394 5105 1440 5150 te
1472 5103 1640 5161 nocte,
1666 5104 1714 5148 et

137 5166 424 5233 exclamavi,
455 5168 509 5220 in
539 5168 688 5220 verba
714 5178 801 5220 tua
830 5167 1050 5235 speravi.
1083 5165 1134 5219 lu
1157 5181 1318 5235 quem
1342 5169 1517 5220 locum
1538 5165 1717 5218 denuo

140 5249 372 5309 notatum
401 5240 703 5309 Augustino
732 5246 815 5291 cst
845 5255 860 5292 :
891 5236 1079 5309 Plures
1119 5237 1322 5309 codices
1365 5254 1466 5290 non
1509 5235 1713 5299 habent,

137 5305 445 5381 intempesta
477 5305 655 5381 noete,
689 5308 778 5381 sed
809 5307 1214 5381 iunnaturitate.
1262 5306 1364 5362 Via:
1392 5317 1562 5381 autem
1586 5324 1718 5381 unus

135 5377 358 5436 iuventtis
387 5389 486 5446 est,
516 5381 604 5447 qui
625 5379 828 5451 haberet
858 5380 1162 5451 geminatum
1199 5379 1633 5451 pra'positioncrn,
1665 5379 1717 5430 id

135 5457 221 5520 est,
253 5453 308 5507 in
342 5453 754 5508 inmaturitate.
783 5447 1032 5519 Et'paulo
1063 5457 1180 5518 post
1201 5447 1225 5503 ’;
1253 5447 1402 5515 Quod
1430 5465 1550 5518 ergo
1573 5448 1718 5502 (Irru-

135 5536 186 5594 ce
212 5523 407 5578 dictum
452 5531 529 5578 est
579 5525 630 5578 ἐν
677 5526 864 5594 ἁωρίᾳ,
915 5537 1015 5594 non
1053 5535 1153 5594 uno
1184 5523 1350 5594 uerbo,
1383 5521 1469 5573 sed
1497 5523 1717 5594 (limbus,

133 5592 185 5644 id
205 5604 294 5662 est,
325 5594 705 5665 prrvpositionc,
733 5581 778 5646 εἰ
803 5581 1004 5646 nomine
1037 5606 1054 5644 :
1090 5591 1186 5643 Iroc
1223 5581 1535 5665 Interpretes
1560 5589 1722 5641 nostri

133 5657 334 5732 quidam
371 5657 635 5730 dii’erunt,
671 5663 996 5732 intempesta
1029 5671 1212 5725 noete;
1247 5657 1417 5728 plures
1466 5662 1721 5732 immittu-

131 5727 306 5803 ritate,
336 5753 442 5791 non
468 5727 663 5788 duobus
692 5727 879 5803 verbis,
909 5735 996 5786 scd
1025 5745 1150 5803 uno,
1184 5727 1343 5803 cujus
1358 5727 1594 5803 vocabuli
1632 5744 1723 5782 na-

126 5773 1166 5887 ὗὶἴιὲἱιῖἓυῖζ’ἓεῖἲᾶιῖἶόιῐῑνίἱὰἳὲἷῶιιῖἑᾶίι
1184 5773 1381 5887 ἶῖῶῖῖειξ
1391 5773 1597 5866 iter...
1615 5773 1726 5856 iei-

1793 1903 1882 1951 tua
1917 1899 2140 1951 veritas.

1862 1987 2028 2059 Copti.
2061 1986 2221 2043 Initio
2249 1985 2484 2058 cognovi
2513 1984 2580 2042 de
2608 1986 2935 2042 testimoniis
2961 1987 3065 2044 tuis
3096 2005 3107 2041 :
3142 1987 3276 2060 quia
3328 1986 3386 2042 in

1793 2091 2056 2139 aeternum
2091 2080 2324 2136 fundasti
2357 2096 2444 2137 ea.

1867 2173 1992 2230 Res.
2023 2172 2160 2229 Vide
2192 2171 2556 2228 humilitatem
2607 2187 2808 2239 meam,
2837 2182 2892 2230 ct
2914 2173 3062 2244 eripe
3095 2187 3179 2228 mc
3209 2189 3222 2229 :
3269 2171 3392 2243 quia

1795 2265 1971 2338 legem
2021 2275 2170 2322 tuam
2202 2281 2308 2321 non
2337 2279 2457 2320 sum
2485 2264 2708 2322 oblitus.

1867 2359 1990 2415 Res.
2047 2357 2238 2415 Judica
2288 2357 2555 2428 judicium
2617 2373 2818 2424 meum,
2883 2368 2938 2415 et
2995 2358 3204 2416 redime
3257 2375 3343 2414 me
3377 2377 3402 2416 τ

1796 2461 2023 2524 propter
2051 2451 2332 2520 eloquium
2367 2459 2517 2504 tuum
2550 2449 2760 2503 vivilica
2795 2465 2904 2504 tne.

1870 2544 1993 2599 Res.
2049 2541 2236 2613 Longe
2267 2549 2352 2598 est
2379 2558 2408 2595 a
2441 2539 2822 2613 peccatoribus
2849 2539 2999 2596 salus
3025 2556 3039 2596 :
3080 2541 3202 2612 quia
3232 2540 3396 2612 justi-

1795 2635 2078 2693 ﬁcatioues
2104 2643 2222 2691 tuas
2251 2651 2358 2690 non
2389 2634 2796 2707 exquisicrunt.

1871 2727 1995 2783 Res.
2041 2727 2426 2784 bliseratioues
2479 2734 2589 2780 tua:
2642 2725 2828 2780 multa:
2877 2723 3064 2791 nimis,
3127 2722 3394 2782 Domine:

1802 2821 2106 2878 secundum
2134 2820 2399 2890 judicium
2430 2827 2578 2872 tuum
2610 2818 2829 2874 vivilica
2862 2833 2968 2872 me.

1872 2913 2000 2968 Res.
2035 2913 2192 2968 Multi
2247 2918 2636 2983 persequentes
2659 2925 2768 2977 me,
2803 2919 2858 2968 ct
2881 2908 3201 2967 tribulantes
3247 2927 3344 2969 me
3375 2930 3390 2969 :

1797 3026 1826 3066 a
1880 3008 2210 3065 testimoniis
2251 3007 2357 3062 tuis
2387 3021 2495 3060 non
2525 3005 2811 3061 declinavi.
3300 3055 3304 3057 _

1881 3102 2004 3158 Res.
2039 3099 2163 3156 Vidi
2204 3115 2313 3155 non
2345 3109 2628 3155 servantes
2657 3108 2894 3171 pactum,
2921 3109 2978 3158 et
3004 3099 3391 3158 tabescebam:

1721 3193 1766 3256 C
1800 3197 1924 3270 quia
1957 3193 2171 3265 eloquia
2202 3203 2290 3248 tua
2332 3209 2440 3247 non
2467 3191 2870 3248 custodierunt.

1870 3289 1994 3346 Res.
2038 3286 2197 3351 Vide.
2226 3285 2350 3357 Quia
2384 3285 2634 3341 mandata
2665 3294 2752 3342 tua
2799 3286 2987 3357 dilexi,
3023 3287 3255 3346 Domine
3287 3305 3299 3343 :
3331 3287 3387 3345 in

1797 3392 1886 3439 tua
1919 3378 2298 3436 misericordia
2329 3377 2541 3433 virilica
2571 3392 2680 3434 me.

1873 3473 1997 3529 Res.
2053 3471 2384 3542 Principium
2416 3471 2711 3528 verborum
2765 3479 2984 3528 tuorum
3031 3472 3234 3528 veritas
3283 3489 3298 3532 ς
3339 3473 3394 3530 in

1801 3565 1931 3639 [51s.
1962 3573 2018 3620 et
2046 3563 2124 3636 in]
2154 3571 2422 3620 internum
2449 3563 2630 3618 omnia
2658 3562 2858 3634 judicia
2886 3563 3108 3634 justitia:
3143 3576 3268 3621 tum.

1876 3657 1992 3714 Sin.
2019 3655 2300 3724 Principes
2331 3653 2608 3726 persecuti
2626 3663 2753 3710 sunt
2784 3671 2868 3711 me
2893 3655 3106 3728 gratis:
3141 3654 3253 3713 ct‘a
3277 3672 3399 3714 vcr-

1806 3749 1890 3806 bis
1923 3747 2029 3804 tuis
2058 3757 2082 3795 6
2107 3746 2423 3804 formidavit
2445 3762 2540 3802 cor
2561 3761 2764 3803 mcum.

1800 3890 1914 3966 bis,
1967 3889 2100 3966 sicut
2153 3885 2367 3966 Gnaeus
2424 3887 2650 3966 ροδιιξι,⁸
2685 3886 3396 3966 inimmat‘uritatcsémpiu

1800 3963 1990 4031 quippe
2017 3961 2361 4035 immaturitas
2399 3968 2508 4035 est.
2629 3961 2814 4035 ἀωρὶᾳ,
2860 3960 2912 4035 in
2956 3960 3344 4035 immatur-itali:
3380 3985 3392 4019 :

1803 4028 2065 4101 tamquam
2087 4031 2133 4083 si
2154 4029 2299 4104 uellet
2340 4031 2496 4104 etiam
2526 4028 2615 4083 ille
2649 4028 2732 4100 qn'r
2765 4028 2918 4104 dixit,
2956 4033 3274 4104 intempesta
3304 4054 3400 4090 un-

1804 4100 1929 4170 ctc,
1962 4100 2327 4174 pra'positione
2374 4101 2540 4174 dicere
2567 4104 2827 4174 geminata
2858 4103 2911 4158 in
2946 4100 3287 4174 intempesta,
3340 4119 3396 4162 ut

1809 4191 1913 4246 una
1940 4173 2239 4246 prwpositio
2268 4172 2539 4246 signiﬁcet,
2571 4172 2624 4225 in
2649 4189 2749 4242 qua
2773 4173 2922 4240 liora,
2960 4172 3128 4229 altera
3151 4179 3400 4246 pertineat

1809 4245 1878 4298 ad
1906 4245 2324 4314 compositionem
2343 4245 2583 4308 nominis,
2609 4258 2714 4299 etc.
2749 4246 2968 4300 Detnum
3001 4247 3053 4300 iu
3086 4245 3275 4302 eodem
3307 4263 3400 4301 co-

1811 4316 1930 4371 dice
1977 4314 2324 4387 subsequenti
2368 4329 2559 4380 versu,
2609 4316 2848 4370 meditari
2879 4317 3029 4371 verba
3060 4326 3172 4385 tua,
3217 4332 3314 4387 pro
3343 4329 3401 4379 ut

1812 4387 2087 4440 meditarer
2117 4385 2343 4455 eloquia,
2381 4397 2487 4439 etc.

1887 4457 1905 4494 ί
1950 4456 2175 4528 Prmlert
2208 4454 2348 4528 idem
2382 4473 2482 4510 ms.
2517 4454 3072 4526 Appropinquarerunt
3107 4473 3186 4510 me
3232 4474 3401 4528 persc-

1811 4537 2021 4596 quentes
2049 4543 2128 4580 me
2148 4527 2342 4593 inique,
2361 4541 2517 4592 quam
2546 4539 2597 4580 et
2625 4528 2953 4595 Augustinus
2977 4529 3260 4583 lectionem
3289 4533 3400 4583 Iau-

1811 4598 1926 4660 dat,
1964 4607 2191 4666 excepto
2224 4597 2425 4668 librarii
2469 4597 2665 4652 mendo
2695 4600 2744 4652 iu
2768 4615 2854 4668 me
2886 4598 3220 4666 pronominis
3249 4615 3400 4668 repo-

1814 4670 2001 4723 titione
2033 4687 2045 4722 :
2074 4668 2344 4736 Sequitur,
2379 4667 2550 4735 Pr0pe
2579 4677 2724 4733 estu,
2755 4667 2992 4734 Domine,
3022 4678 3068 4722 ct
3099 4687 3274 4722 omnes
3305 4672 3400 4723 vin:

1812 4749 1915 4794 tua:
1942 4739 2148 4793 ueritas.
2173 4739 2246 4792 Ab
2268 4739 2414 4791 initio
2447 4740 2680 4808 cognovi,
2705 4750 2810 4794 etc.
2842 4740 2896 4794 lu
2929 4756 3084 4809 quem
3115 4755 3300 4794 rursus
3326 4741 3404 4795 lo-

1813 4826 1934 4864 cum
1968 4812 2302 4885 Augustinus
2329 4825 2351 4885 :_
2372 4809 2522 4885 Quod
2547 4809 2754 4885 (irrrcus
2781 4814 2874 4885 ait,
2904 4812 3203 4885 καταρχὰς,
3241 4813 3402 4885 aliqui

1816 4883 1976 4935 nostri
2007 4882 2074 4932 ab
2099 4882 2270 4942 initio,
2299 4880 2458 4945 aliqui
2490 4882 2541 4932 in
2574 4879 2744 4932 initiis
2773 4879 3258 4949 interpretriti'sunt.
3291 4882 3404 4935 Sed

1813 4952 1902 5020 qui
1924 4949 2192 5021 pluraliter
2216 4949 2508 5021 Itocidicere
2553 4950 2864 5021 maluerunt,
2910 4950 3143 5004 Grtecmn
3186 4953 3404 5005 locutio-

1817 5018 1933 5076 ncui
1959 5024 2116 5076 secuti
2139 5029 2274 5076 sunt.
2303 5020 2499 5073 Latina:
2519 5031 2687 5073 autent
2728 5018 2918 5088 lingua:
2947 5022 3082 5074 illud
3108 5024 3272 5086 potius
3302 5024 3416 5076 ttsi‘

1817 5102 1982 5169 totum
2013 5102 2108 5159 est,
2133 5104 2186 5146 ut
2225 5089 2592 5169 ab_initio,_vel
2621 5090 3013 5169 initio-dicatur,
3043 5093 3185 5169 quod
3211 5115 3404 5169 καταρ-

1820 5166 1925 5234 χὰς
1939 5163 2136 5234 Grrcce,
2151 5162 2300 5232 quasi
2313 5161 2602 5234 pluraliter,
2619 5159 2708 5213 sed
2719 5159 3073 5234 adrerlrialitcr
3085 5163 3326 5229 dicitur-,c
3337 5159 3407 5222 ir.

1818 5223 2180 5302 S'ubseqtretit'i
2207 5223 2365 5286 versu
2400 5233 2538 5284 idem
2563 5223 2691 5298 ms.,
2730 5229 2862 5302 Yide
2886 5231 3222 5288 Iunnilitatcm
3247 5223 3408 5288 meum

1821 5317 1865 5358 et
1890 5300 2085 5374 redime
2106 5319 2204 5374 me,
2253 5302 2511 5374 quoniam,
2572 5308 2676 5353 etc.
2729 5300 2889 5374 Tum,
2944 5313 3153 5374 prorrtrr
3202 5304 3407 5358 rebum

1821 5372 2193 5447 triumuiri/ica
2223 5388 2319 5425 me.
2354 5371 2526 5447 Longe
2541 5386 2583 5447 _a_
2601 5371 2953 5447 peccatoribus
2972 5376 3134 5440 salus,
3165 5376 3410 5447 quoniam

1815 5445 2236 5515 justi/icatroncs,
2284 5451 2388 5515 etc.
2533 5441 2890 5515 illiset-titiones
2935 5456 3040 5499 tute
3077 5441 3272 5511 nmlta',
3309 5449 3364 5498 Ι).
3387 5475 3413 5488 -

1824 5517 1978 5576 miuc,
2021 5512 2300 5564 secundum
2335 5512 2542 5583 judicia
2573 5519 2662 5583 tua
2709 5513 2910 5580 riciﬁca
2938 5530 3038 5569 me.
3089 5519 3165 5570 Ac
3196 5518 3410 5571 domum

1828 5588 2000 5640 altera
2039 5583 2106 5635 ab
2140 5584 2240 5652 hoc
2271 5582 2452 5649 versu,
2497 5582 2612 5637 Vidi
2641 5584 2931 5640 insensatos
2970 5597 3015 5639 et
3061 5588 3410 5652 tabcsccbnm,

1823 5654 2068 5726 quoniam
2094 5651 2246 5726 verba
2289 5662 2376 5726 tua
2400 5670 2501 5708 non
2538 5652 2910 5711 custodierunt.
2943 5657 3074 5726 Qua:
3104 5657 3264 5714 lec.io
3307 5651 3416 5715 Au-

1824 5723 2039 5799 gustino
2054 5723 2228 5799 etiam
2252 5724 2534 5799 probatur.

1901 5803 1926 5846 ti
1967 5792 2026 5859 in
2054 5789 2350 5862 Veronensi
2381 5807 2512 5871 tm,
2539 5790 2815 5869 trepidabit
2846 5805 2960 5876 cor_
2989 5809 3174 5858 meum.
3230 5789 3424 5859 Extul-
