3918 6192
205 200 271 262 56!
1410 204 1609 263 LIBER
1654 204 2099 267 PSALMORUM.
2427 240 2433 247 ~
2475 262 2479 267 .
3312 207 3422 269 562

203 320 308 376 litavi
336 336 439 375 cum
476 316 835 374 habitantibus
871 316 1039 375 Ccdar
1086 332 1105 374 :
1151 318 1371 372 multum
1416 318 1588 373 incola
1618 319 1718 388 fuit
1744 322 1797 380 Α
1824 318 2054 373 habitari
2104 331 2229 373 cum
2278 316 2649 377 habitantibus
2704 320 2880 378 Ccdar
2912 336 2926 375 :
2958 319 3185 377 multum
3236 322 3419 379 incola

202 416 323 469 animo
341 432 461 469 mea.
1832 410 1928 466 iuit
1955 411 2132 465 anima
2157 426 2297 467 mea.

252 505 345 561 Cum
367 507 437 562 his
463 507 552 577 qui
591 506 817 561 oderunt
871 522 1073 576 pacem,
1098 522 1241 561 «an:
1278 504 1524 576 paciﬁcus
1556 520 1575 559 :
1606 521 1723 560 cum
1903 503 2036 559 Cum
2060 502 2141 559 ltis
2172 504 2263 574 qui
2290 503 2523 561 oderunt
2556 503 2686 577 [Με.
2720 505 2969 577 oderant]
3006 521 3217 575 pacem,
3266 522 3418 562 eram

198 600 933 673 toquebariltis,inipugnabant
962 616 1045 655 me
1076 610 1102 639 α
1136 615 1195 655 +
1224 600 1385 671 gratis
1424 601 1445 669 ζ
1834 596 2084 666 paciﬁcus
2120 596 2289 653 :dum
2324 596 2453 669 [Ms.
2477 597 2623 669 cum]
2668 597 2929 669 loquebar
2958 598 3087 668 illis,
3140 599 3424 671 impugna-

1831 688 1962 745 bant
1989 704 2077 745 me
2102 690 2291 763 gratis.

1512 782 1830 843 PSALMUS
1866 782 2035 840 CXX.

625 896 890 940 CANTICUI
941 897 1215 939 GRADUUH.
2334 895 2600 937 CANTICUH
2638 894 2910 937 GRADUUII.

239 974 383 1031 Levavi
404 975 584 1031 oculos
611 992 753 1031 meos
781 976 834 1029 in
874 984 1067 1030 montes
1110 991 1129 1029 :
1171 972 1309 1029 unde
1353 973 1516 1029 veniet
1571 974 1724 1028 auxi.
1900 968 2099 1027 Levavi
2122 971 2311 1029 oculos
2334 988 2484 1030 meos
2507 973 2575 1029 ad
2597 984 2811 1030 montes
2844 990 2857 1028 :
2895 972 3039 1030 unde
3067 974 3422 1032 vcnietauxi-

196 1074 286 1128 lium
308 1074 455 1129 mihi?
1831 1061 1964 1118 lium
1989 1061 2157 1117 mihi?

241 1166 465 1220 Auxilium
492 1182 663 1221 meum
691 1182 724 1220 a
747 1163 969 1221 Domino
997 1179 1017 1224 .‘
1045 1166 1135 1238 qui
1185 1167 1309 1238 fecit
1335 1168 1519 1222 coelum
1547 1176 1595 1221 et
1624 1176 1725 1222 ter-

1904 1154 2180 1212 Auxilium
2208 1171 2393 1214 meum
2445 1172 2477 1214 a
2534 1157 2924 1231 Dominozqui
2971 1160 3101 1217 fecit
3147 1162 3343 1220 caelum
3369 1172 3422 1219 et

191 1272 288 1312 ram.
1833 1255 2060 1305 terram.

241 1349 337 1404 Non
358 1348 437 1403 det
458 1350 513 1404 in
541 1350 933 1407 commotionem
962 1351 1143 1421 pedem
1190 1360 1333 1406 tuum
1363 1367 1381 1405 :
1413 1368 1575 1424 neque
1601 1352 1726 1407 dor-
1899 1342 2019 1398 Non
2044 1352 2067 1380 ’
2091 1342 2183 1399 del
2211 1343 2263 1399 in
2294 1345 2720 1402 00mll10lionem
2774 1346 2965 1418 pedem
3014 1357 3163 1405 tuum
3199 1366 3214 1405 :
3246 1364 3424 1421 neque

190 1447 291 1501 mite:
315 1447 393 1517 qui
422 1446 645 1501 custodit
673 1456 741 1502 te.
1830 1433 2139 1492 obdormiet
2165 1436 2257 1507 qui
2289 1436 2529 1492 custodit
2558 1447 2634 1493 te.

237 1539 343 1594 Ecce
365 1556 465 1594 non
491 1539 814 1608 dormitabit,
857 1556 1021 1611 neque
1070 1541 1315 1611 dormiet,
1358 1543 1449 1614 qui
1498 1542 1724 1597 custodit

1904 1526 2044 1583 Ecce
2067 1543 2179 1583 non
2202 1527 2519 1586 dormitabit
2548 1546 2727 1602 neque
2766 1531 3097 1598 obdormiat,
3131 1533 3223 1605 qui
3247 1541 3430 1591 custo-

194 1630 320 1689 lsrael
337 1631 385 1686 δ.
1832 1621 1913 1678 dit
1941 1621 2132 1678 Israel.

242 1724 459 1780 Dominus
484 1725 709 1780 custodit
738 1734 808 1793 te,
835 1722 1094 1782 Dominus
1129 1726 1378 1796 protectio
1407 1734 1519 1794 tua,
1568 1742 1725 1797 super
1754 1717 1803 1777 B
1899 1718 2164 1773 Dominus
2187 1705 2427 1775 custodit
2453 1726 2527 1787 te,
2564 1718 2827 1776 Dominus
2859 1720 3124 1791 protectio
3177 1729 3291 1792 tua,
3335 1736 3425 1779 su-

188 1835 352 1874 mnum
367 1820 621 1875 dexteram
652 1828 815 1873 tuam.
1837 1825 1933 1880 per
1965 1825 2182 1865 manum
2212 1809 2457 1867 dextera:
2489 1819 2617 1867 tute.

244 1912 325 1968 Per
347 1913 472 1967 diem
498 1911 580 1967 sol
611 1929 715 1967 non
747 1922 857 1967 uret
884 1920 977 1968 te:
1007 1929 1168 1985 neque
1187 1912 1316 1967 luna
1345 1929 1435 1985 per
1457 1922 1675 1969 noctem.
1906 1902 2011 1958 P6P
2060 1901 2204 1958 diem
2247 1902 2332 1960 $01
2387 1918 2495 1961 non
2544 1914 2665 1963 “re!
2728 1914 2779 1962 le
2834 1924 2845 1961 :
2894 1921 3072 1980 neque
3124 1908 3250 1964 luna
3333 1924 3430 1981 per

1836 2004 2074 2052 noctem.

242 2088 462 2143 Dominus
487 2087 717 2143 custodit
752 2095 799 2141 te
827 2086 892 2141 ab
932 2087 1073 2143 omni
1104 2086 1242 2142 malo
1282 2102 1300 2142 :
1329 2086 1589 2143 custodiat
1618 2086 1730 2142 ani-
1913 2090 2176 2146 Dominus
2201 2091 2440 2147 custodit
2464 2102 2517 2149 te
2538 2092 2608 2151 ab
2628 2096 2775 2150 omni
2796 2096 2961 2168 malo,
2991 2097 3261 2154 custodiat
3296 2099 3426 2171 illis.

185 2197 295 2233 mam
320 2190 445 2235 tuam
485 2194 545 2235 σθ
581 2178 835 2233 Dominus
879 2180 899 2248 ζ
1837 2181 2097 2253 custodit]
2124 2184 2361 2239 animam
2398 2195 2544 2240 tuam
2571 2187 2851 2244 Dominus.

241 2275 464 2329 Dominus
485 2274 743 2329 custodiat
764 2274 1037 2327 introitum
1056 2282 1222 2345 tuum,
1253 2282 1302 2330 et
1330 2274 1525 2331 exitum
1548 2283 1730 2329 tuum:
1911 2273 2173 2330 Dominus
2215 2275 2486 2331 custodiat
2569 2279 2854 2335 introitum
2902 2289 3051 2336 tuum
3114 2291 3169 2338 et
3219 2284 3427 2340 exitum

193 2382 241 2421 er
261 2367 341 2421 hoc
368 2384 517 2435 nunc,
541 2378 587 2423 et
615 2383 774 2439 usque
802 2367 856 2421 in
872 2366 1141 2421 siccatum.
1839 2375 1986 2422 tuum
2015 2385 2029 2423 :
2053 2383 2120 2424 ex
2151 2367 2259 2426 hoc
2286 2385 2451 2439 nunc,
2486 2381 2539 2427 et
2566 2387 2741 2442 usque
2772 2374 2825 2429 in
2858 2375 3145 2430 smeulum.

1495 2456 1813 2516 PSALMUS
1850 2457 2041 2515 CXXI.

631 2568 905 2611 CANTICUH
945 2568 1217 2611 GRADUUI.
2342 2570 2609 2611 CANTICUI
2662 2570 2935 2611 οιυιυυυιι.

242 2646 441 2703 Latatus
495 2665 609 2703 sum
662 2649 716 2702 in
753 2649 834 2703 his
860 2665 977 2721 qua!
1023 2650 1164 2703 dicta
1182 2654 1303 2703 sunt
1332 2647 1462 2703 mihi
1502 2662 1522 2702 :
1548 2647 1601 2701 in
1630 2647 1729 2703 do-
1909 2648 2152 2706 Lmtatus
2183 2648 2355 2706 irsum
2381 2651 2435 2705 in
2461 2650 2545 2706 bis
2565 2666 2684 2722 qua:
2713 2650 2856 2707 dicta
2882 2658 3007 2707 sunt
3035 2651 3168 2707 milii
3202 2667 3217 2708 :
3251 2650 3303 2707 in
3332 2651 3429 2709 do-

190 2757 300 2794 mum
320 2741 429 2814 [Ms.
462 2742 639 2813 domo]
663 2740 878 2796 Domini
902 2742 1108 2797 ibimus.
1838 2758 1987 2799 mum
2010 2743 2226 2799 Domini
2249 2743 2464 2799 ibimus.

243 2833 431 2891 Stantes
449 2846 591 2891 erant
613 2835 770 2907 pedes
796 2836 979 2901 nostri,
1012 2835 1067 2888 in
1092 2835 1242 2890 atriis
1286 2835 1395 2889 tuis
1424 2844 1447 2874 ο
1483 2838 1548 2903 >ε<
1575 2832 1730 2889 Jeru-
1909 2837 2125 2893 Stantes
2155 2846 2310 2893 erant
2334 2837 2499 2909 pedes
2522 2836 2719 2903 nostri,
2742 2837 2962 2893 inatriis
2984 2837 3090 2892 tuis
3102 2836 3434 2895 Jerusalem.

184 2927 358 2998 salem:
1910 2928 2211 2986 Jerusalem
2236 2945 2356 3000 qua:
2377 2928 2673 2984 aediﬁcatur
2700 2940 2755 2985 ut
2797 2930 2993 2985 civitas
3037 2948 3048 2983 :
3085 2930 3237 3001 cujus
3271 2932 3442 3002 parti-

238 3018 518 3091 Jerusalem,
540 3037 659 3094 qua
685 3022 979 3093 cedi/icatur
1009 3030 1064 3076 ut
1112 3021 1294 3076 civitas
1329 3039 1343 3077 :
1372 3020 1524 3091 cujus
1567 3018 1732 3090 parti-
1761 3033 1808 3097 ο
1840 3020 2043 3094 cipatio
2074 3021 2195 3091 ejus
2223 3022 2275 3076 in
2311 3021 2571 3092 idipsum.

182 3112 346 3181 cipatio
373 3118 477 3189 ejus
505 3116 559 3170 in
583 3116 841 3184 idipsum.
1917 3112 2046 3167 Illuc
2072 3111 2198 3185 [Με.
2224 3112 2357 3184 illic]
2403 3114 2548 3169 enim
2596 3115 2957 3171 ascenderunt
3008 3116 3205 3184 tribus,
3259 3117 3437 3173 tribus

239 3204 361 3260 Illuc
384 3209 512 3263 enim
530 3208 875 3263 ascenderunt
921 3208 1106 3274 tribus,
1139 3206 1305 3263 tribus
1339 3204 1551 3260 Domini
1592 3205 1735 3259 testi-
1846 3205 2061 3262 Domini
2096 3206 2465 3264 testimonium
2518 3207 2685 3265 Israel
2712 3209 2780 3265 ad
2804 3210 3172 3267 conﬁtendum
3227 3210 3435 3268 nomini

183 3300 373 3356 monium
393 3300 556 3357 Israel
584 3302 654 3356 ad
680 3302 1033 3372 conﬁtendum
1056 3300 1254 3355 nomini
1287 3297 1518 3353 Domini.
1848 3309 1966 3368 tuo,
1999 3298 2247 3356 Domine.

239 3391 359 3456 Quia
383 3392 487 3447 illic
510 3393 753 3448 sederunt
804 3392 953 3448 sedes
997 3392 1053 3445 in
1074 3392 1303 3464 judicio,
1352 3390 1496 3444 sedes
1544 3404 1597 3445 -ξ
1649 3405 1737 3443 su-
1916 3390 2050 3459 Quia
2076 3390 2187 3446 illic
2215 3390 2475 3448 sederunt
2498 3392 2657 3449 sedes
2708 3393 2761 3449 in
2800 3394 3028 3465 judicio,
3079 3394 3241 3451 sedes
3270 3410 3438 3467 super

180 3498 253 3551 per
277 3485 297 3553 ζ
323 3485 525 3540 domum
551 3483 747 3540 David.
1095 3506 1104 3514 ι
1847 3484 2065 3541 domum
2088 3484 2279 3541 David.

236 3575 419 3649 Rogata
446 3594 503 3634 σε·
529 3596 645 3650 qua:
671 3580 741 3632 ad
780 3580 802 3649 ζ
856 3594 1031 3650 pacem
1071 3592 1131 3633 -ε-
1187 3585 1309 3632 sunt
1352 3574 1643 3633 Jerusalem
1674 3590 1736 3632 οξ-
1918 3575 2126 3647 Rogate
2156 3592 2278 3647 qua:
2298 3576 2363 3632 ad
2389 3592 2576 3648 pacem
2604 3589 2733 3636 sunt
2771 3579 3081 3640 Jerusalem
3126 3601 3137 3637 :
3181 3593 3235 3639 et
3274 3583 3447 3642 abun—

178 3662 199 3703 δ
220 3678 264 3721 et
294 3671 315 3738 ζ
345 3672 659 3728 abundantia
689 3672 1034 3744 diligentibus
1061 3682 1131 3727 te.
1848 3666 2030 3723 dantia
2054 3668 2406 3739 άίιίεειιιὶιιυε
2439 3681 2511 3727 le-

233 3756 346 3815 Fiat
366 3781 467 3835 pan:
491 3767 544 3819 in
572 3765 765 3820 virtute
790 3772 903 3833 tua,
928 3773 976 3819 et
1010 3765 1032 3834 ζ
1071 3763 1396 3820 abundantia
1420 3765 1474 3819 in
1517 3761 1743 3818 turribus
1922 3760 2044 3817 Fiat
2074 3777 2179 3832 pax
2210 3761 2266 3818 in
2297 3762 2493 3821 virtute
2538 3774 2651 3835 tua,
2675 3772 2732 3821 ct
2746 3765 3077 3822 abundantia
3108 3767 3161 3824 in
3190 3769 3437 3827 turribus

178 3853 286 3908 tuis.
1853 3856 1981 3913 tuis.

233 3944 445 4019 Propter
486 3952 672 4023 fratres
716 3965 884 4021 meos,
933 3959 981 4005 et
1011 3951 1278 4024 proximos
1308 3967 1467 4022 meos,
1501 3950 1747 4023 loquebar
1923 3947 2154 4018 Propter
2176 3947 2372 4005 fratres
2401 3962 2574 4017 meos,
2624 3957 2679 4005 et
2733 3952 3010 4022 proximos
3036 3967 3209 4023 meos,
3242 3953 3431 4026 loque-

110 4098 118 4105 ,
171 4055 339 4107 pacem
366 4044 427 4098 de
452 4052 520 4100 te.
1849 4041 1950 4099 bar
1976 4056 2168 4113 pacem
2192 4040 2261 4098 de
2289 4050 2361 4097 te.
3436 4044 3439 4047 '

234 4131 458 4209 Propter
480 4140 695 4196 domum
740 4136 956 4194 Domini
1005 4136 1104 4193 Dei
1150 4139 1314 4194 nostri
1355 4135 1565 4209 qutcsivi
1613 4134 1747 4193 bona
1921 4133 1989 4189 Et
2017 4144 2240 4206 propter
2261 4132 2481 4191 domum
2513 4133 2730 4192 Domini
2767 4135 2865 4194 Dei
2889 4138 3018 4210 mei,
3051 4141 3276 4212 qurcsivi
3301 4141 3442 4200 bona

171 4226 272 4282 tibi.
1851 4228 1968 4285 tibi.

1532 4320 1853 4382 PSALMUS
1893 4320 2110 4379 CXXII.

658 4433 931 4474 cast'rtcust
970 4431 1246 4474 onsnuuu.
1774 4416 1828 4475 D

1774 4416 1828 4475 D
2353 4431 2624 4473 CANTICUII
2673 4433 2942 4475 ontuuuu.

231 4507 313 4561 Ad
336 4519 388 4566 te
415 4511 571 4566 let-avi
602 4513 781 4566 oculos
812 4527 974 4579 meos,
997 4511 1085 4581 qui
1104 4509 1303 4562 habitas
1336 4506 1387 4560 in
1416 4505 1576 4562 ctelis.
1930 4508 2013 4564 Ad
2044 4516 2097 4563 te
2126 4509 2298 4564 levavi
2326 4509 2513 4565 oculos
2541 4525 2715 4580 meos,
2740 4513 2829 4582 qui
2860 4511 3070 4565 habitas
3100 4509 3155 4565 in
3179 4512 3339 4567 caelo.

230 4598 369 4658 Ecce
391 4605 513 4659 sicut
545 4605 686 4659 oculi
709 4620 995 4671 servorum,
1051 4603 1108 4657 in
1162 4600 1394 4656 manibus
1425 4601 1751 4655 dominorum
1932 4598 2075 4654 Ecce
2103 4598 2245 4653 sicut
2274 4598 2421 4655 oculi
2450 4614 2735 4657 servorum
2763 4601 2819 4657 in
2853 4610 2878 4649 8
2904 4600 3156 4657 manibus
3207 4584 3456 4661 domino;

160 4702 398 4749 suorum.
1859 4706 1980 4747 rum
2013 4706 2255 4748 suorum.

226 4860 255 4925 ξ
286 4853 451 4911 Caret
487 4856 647 4913 obelo
677 4862 958 4925 postrema
982 4868 1090 4925 vo;
1114 4851 1303 4908 isaltmc
1327 4852 1379 4909 in
1408 4853 1581 4910 Palat.
1611 4868 1715 4909 ms.
1862 4867 2011 4918 cum,
2030 4852 2386 4925 subsequenti
2413 4868 2593 4921 versu,
2615 4856 2714 4908 tuis
2739 4861 2901 4909 tacet.
2926 4854 3276 4925 Etpostduos
3299 4857 3459 4924 alios,

231 4921 260 4960 δ
288 4925 374 4997 De
400 4943 495 4982 suo
519 4921 870 4983 addit-Palat.
901 4941 1007 4979 ms.
1039 4923 1369 4997 Diapsalma.
1634 4996 1647 4997 γ
1666 4995 1680 4997 ᾼ
1866 4924 2125 4988 Quoniam
2143 4921 2234 4997 _ibi
2254 4926 2512 4997 sederunt
2552 4926 2697 4978 sedes
2726 4940 2882 4995 super
2912 4921 3151 4978 thronum
3206 4921 3455 4997 (August.

231 5005 256 5033 ε
286 4996 604 5054 Necessaria
638 4998 886 5053 asterisci
914 5007 1042 5051 nota
1074 4996 1247 5050 Palat.
1281 5011 1384 5051 ms.
1425 5005 1598 5051 caret.
1632 4995 1755 5050 Mox
1863 4996 2097 5063 domum)
2127 4993 2320 5065 David,
2353 4994 2682 5065 Interrogare
2725 4993 2862 5065 qua},
2892 5005 3023 5055 etc..
3060 5004 3108 5048 et
3136 4993 3461 5053 abundantia

154 5060 282 5140 illic
303 5072 463 5140 enim,
489 5085 586 5140 pro
605 5067 747 5123 Illuc
777 5070 905 5139 legit
933 5086 946 5123 :
980 5068 1218 5136 denique
1248 5067 1405 5122 alteri
1426 5068 1601 5121 versui
1631 5067 1757 5121 sub-
1866 5066 1970 5131 his,
1996 5060 2087 5140 qui
2112 5060 2345 5137 diligunt
2381 5077 2446 5140 te.
2478 5060 2745 5140 Denique,
2776 5063 2998 5140 PrOpter
3019 5068 3210 5140 fratres
3251 5085 3389 5124 meos
3413 5080 3462 5123 et

151 5133 337 5205 jungit
370 5133 700 5213 Diopsalma.
831 5133 857 5139 ⁷
1128 5133 1141 5136 “
1866 5138 2184 5258 propinlquos
2212 5133 2352 5190 meos
2384 5133 2649 5205 loquebar
2679 5149 2858 5203 pacem
2887 5133 2959 5191 de
2995 5133 3061 5191 te.
3104 5136 3330 5210 Propter
3360 5142 3462 5194 do-

225 5205 255 5243 ἀ
292 5209 483 5258 Isthmo
510 5223 559 5258 et
583 5210 783 5258 nnnula
814 5225 988 5258 nonne
1013 5211 1066 5258 in
1097 5208 1333 5258 Palati".
1367 5222 1472 5258 ms.
1497 5224 1673 5258 nerine
1705 5207 1757 5258 in
1866 5224 2011 5258 mum
2095 5207 2276 5258 omini.
2308 5216 2413 5258 etc.

225 5205 255 5243 ἀ
291 5205 483 5268 Ιειιιτεό
510 5223 559 5267 et
583 5210 783 5280 copula
814 5225 988 5281 neque
1013 5211 1066 5265 in
1097 5208 1333 5281 Palatio.
1367 5222 1472 5281 rus.
1497 5207 1757 5281 neqnein
1866 5205 2276 5281 mun_r_Domi_ni,
2306 5216 2413 5281 etc.

164 5275 348 5334 Graeci
383 5274 736 5338 Alexandrini
762 5274 970 5336 codicis
1012 5296 1218 5347 nupera
1262 5279 1502 5335 editione
1544 5274 1761 5349 jugula-
1910 5287 1966 5349 48
1991 5276 2161 5349 Iidem
2196 5275 2319 5349 libri
2346 5277 2402 5349 in
2432 5291 2617 5349 manus
2672 5274 2873 5349 hocAet
2898 5279 3249 5349 subsequenti
3278 5294 3462 5337 versu.

165 5355 291 5404 tur:
343 5368 442 5408 nec
481 5369 542 5408 re
570 5362 751 5407 tamen
780 5368 907 5405 vera
941 5352 992 5405 in
1015 5345 1179 5407 Hebr.
1208 5360 1288 5405 est
1334 5360 1502 5405 textu.
1546 5345 1561 5348 ⁷
1613 5345 1634 5349 ⁷
1871 5347 1962 5403 ubi
2026 5346 2213 5414 legunt
2242 5383 2258 5409 ,
2318 5346 2391 5398 sic
2437 5346 2576 5399 oculi
2632 5345 2797 5398 nostri
2839 5348 2909 5400 ad
2966 5345 3243 5403 Dominum
3303 5350 3470 5405 Deum

238 5429 262 5456 ε
294 5422 403 5477 Ms.
430 5424 780 5487 Veronensis,
812 5422 896 5475 Ne
925 5423 1015 5476 des
1034 5424 1103 5476 ad
1135 5420 1559 5474 commovendum
1581 5421 1761 5491 pedem
1872 5424 2106 5491 nostrum
2126 5429 2387 5491 quousque
2400 5415 2518 5491 ρει
2536 5414 2923 5491 quoadusque)
2949 5420 3254 5475 misereatur
3280 5424 3462 5474 nostri.

164 5498 338 5565 (um,
372 5510 530 5565 neque
579 5484 775 5549 dormit
808 5494 932 5563 (pro
973 5492 1233 5565 dormitet)
1263 5493 1355 5565 qui
1404 5484 1630 5565 custodit
1670 5500 1716 5544 te
1746 5506 1764 5544 :
1877 5485 2124 5565 Miserere
2154 5486 2340 5565 nostri,
2390 5484 2633 5565 Domine,
2682 5484 2925 5565 miserere
2952 5492 3123 5565 nostri
3157 5507 3176 5545 :
3198 5492 3468 5565 quoniam

166 5552 344 5635 ferme
368 5552 489 5621 cuin
520 5569 752 5633 August.
786 5552 847 5617 υἷ
890 5572 943 5618 et
976 5563 1121 5633 quod
1168 5552 1337 5618 semel
1362 5569 1527 5635 atque
1571 5562 1767 5616 iterum
1875 5552 2317 5635 multum‘repleti
2342 5571 2520 5635 sumus
2550 5552 2901 5635 despectione.
2952 5560 3017 5635 In
3070 5552 3353 5635 plurimum
3383 5578 3473 5613 re-

176 5631 406 5706 dicitur,
431 5628 682 5690 Domiti-us
707 5635 960 5689 custodiet
986 5628 1055 5704 le,
1087 5649 1184 5704 pro
1217 5628 1460 5706 custodit.
1879 5630 2020 5706 picta
2051 5632 2124 5679 est
2146 5628 2320 5706 anima
2348 5634 2543 5706 nostra,
2588 5628 2931 5699 opprobrium
2956 5634 3029 5688 eis
3055 5628 3145 5703 qui
3182 5633 3472 5699 abundant,

239 5703 256 5746 ί
290 5694 426 5766 Cum
474 5711 698 5777 August.
738 5694 1053 5761 Verene-ns:
1088 5694 1162 5762 in.
1216 5702 1544 5761 Jocundatus
1584 5720 1602 5758 :
1641 5717 1775 5774 quo-
1881 5694 1928 5758 et
1960 5695 2216 5768 despectio
2242 5694 2496 5767 superbis.

450 5799 727 5862 Parnon.
774 5795 1021 5860 XXIX.
2884 5794 2964 5858 12
