3918 6192
508 136 614 194 5υὸ

1506 127 1566 184 S.
1609 118 1994 182 HIERONYMI
2031 116 2265 174 DIVINA
2304 112 2779 172 BIBLIOTHECA.
3690 105 3778 163 36b

574 255 726 311 Sicut
769 253 904 307 oculi
942 249 1148 306 ancilla:
1194 250 1249 302 in
1296 244 1529 299 manibus
1571 241 1796 296 domina:
1839 252 1947 293 sua:
1977 253 1995 291 :
2024 234 2098 289 ita
2126 234 2182 296 Α
2278 229 2683 287 Etsicutocnli
2731 226 2944 284 ancilla:
2981 226 3035 281 itt
3076 223 3324 280 manibus
3354 222 3595 279 dominae
3639 234 3782 276 suae:

506 348 642 403 oculi
674 347 836 401 nostri
856 347 924 399 ad
954 344 1235 404 Dominum
1276 339 1446 395 Deum
1485 345 1719 392 nostrum
1745 350 1763 387 :
1788 332 1949 386 donec
1998 328 2096 383 nti-

504 448 737 495 sereatur
769 437 930 491 nostri
955 445 1002 488 ο.

578 530 825 585 Miserere
850 526 1034 594 nostri,
1069 523 1306 590 Domine,
1332 523 1574 577 miserere
1598 517 1794 575 nostri:
1817 516 1940 588 quia
1961 512 2097 567 mul-

507 632 614 677 tum
641 619 822 692 repleti
843 633 1024 673 sumus
1045 615 1392 685 despectione.

583 728 640 767 οξ
681 711 814 776 Quia
841 711 862 778 ζ
895 710 1115 763 multum
1142 707 1342 776 repleta
1366 715 1438 760 est
1463 704 1642 758 anima
1664 711 1840 758 nostra
1869 718 1886 756 :
1910 713 2103 774 eppro-

507 806 669 862 brium
697 802 1077 860 abundantibus
1098 812 1146 856 et
1174 799 1430 871 despectio
1452 797 1707 869 superbis.

2206 324 2280 380 ita
2310 322 2453 379 oculi
2485 320 2656 377 nostri
2680 319 2747 375 ad
2779 317 3065 375 Dominum
3114 315 3282 372 Deum
3319 323 3592 381 nostrum,
3624 311 3785 370 donec

2207 415 2538 472 misereatur
2554 412 2731 467 nobis.

2280 508 2539 563 Miserere
2586 503 2766 570 nobis,
2820 501 3071 569 Domine,
3113 499 3375 556 miserere
3423 498 3585 556 nobis
3622 515 3636 554 :
3680 499 3786 570 quia

2207 602 2436 658 multum
2467 597 2659 668 repleti
2691 611 2880 652 sumus
2909 594 3341 665 contemptione.

2281 693 2344 747 Et
2376 691 2604 746 multum
2629 689 2833 760 repleta
2863 697 2948 743 est
2971 688 3150 742 anima
3177 695 3363 742 nostra
3397 702 3410 740 :
3446 683 3786 756 opprobrium

2207 783 2618 842 abundantibus
2641 792 2694 839 et
2721 782 3005 853 despectio
3033 779 3306 851 superbis.

1862 884 2184 946 PSALMUS
2221 879 2454 938 CXXIII.

1012 1005 1281 1048 οΑΝτιοωι
1319 1003 1590 1046 οιιωυωι.

584 1087 704 1142 Nisi
738 1101 799 1140 ἡ·
827 1087 857 1124 ἲ)
889 1085 1059 1156 quia:
1096 1084 1348 1138 Dominus
1379 1093 1487 1136 erat
1529 1082 1584 1134 in
1606 1079 1776 1144 nobis,
1809 1077 1945 1132 dicat
1971 1091 2106 1131 nunc

519 1178 684 1235 Israel
708 1180 732 1234 ?
756 1179 857 1233 nisi
892 1192 950 1232 wz-
983 1178 1107 1249 quia
1135 1175 1155 1243 ζ
1190 1173 1447 1230 Dominus
1479 1172 1658 1228 eratin
1686 1169 1853 1226 nobis.

577 1358 709 1416 Cum
738 1361 1072 1429 exsurgerent
1098 1353 1330 1410 homines
1373 1352 1427 1407 in
1473 1367 1567 1406 nos
1599 1364 1618 1405 :
1651 1350 1786 1420 forte
1827 1346 1963 1401 vivos
2012 1345 2106 1400 de-

510 1450 780 1524 glutissent
809 1466 928 1504 nos.
1745 1500 1754 1502 ἡ

580 1545 710 1600 Cum
739 1544 1050 1597 irasceretur
1081 1541 1228 1611 furor
1249 1552 1429 1593 eorum
1453 1537 1506 1590 in
1538 1550 1634 1588 nos
1666 1549 1683 1586 :
1726 1532 1945 1604 forsitan
1972 1546 2108 1602 aqua

510 1629 859 1692 absorbuisset
884 1650 998 1688 nos.

585 1728 890 1783 Torrentem
931 1736 952 1763 ε
993 1721 1322 1796 pertransivit
1366 1720 1543 1775 animo
1584 1726 1762 1773 nostra
1805 1732 1822 1770 :
1882 1715 2108 1786 forsitan

511 1818 873 1892 pertransisset
902 1814 1080 1868 anima
1104 1821 1284 1867 nostra
1312 1827 1500 1882 aquam
1528 1807 1926 1862 intolerabilem.

585 1908 895 1964 Benedictus
923 1905 1175 1960 Dominus
1207 1922 1226 1961 :
1257 1905 1345 1974 qui
1377 1919 1480 1957 non
1509 1901 1652 1957 dedit
1697 1917 1790 1955 nos
1826 1901 1879 1955 in
1911 1899 2107 1970 captio-

513 2019 628 2057 nem
660 2001 896 2055 dentibus
927 2015 1126 2054 eorum.

584 2093 774 2148 Anima
803 2100 998 2155 nostra,
1029 2091 1163 2144 sicut
1189 2099 1390 2158 passer,
1414 2093 1587 2155 erepta
1612 2091 1691 2137 est
1729 2081 1794 2136 de
1821 2081 2003 2153 laqueo
2028 2097 2106 2135 ve-

523 2187 781 2243 nantium.

582 2279 826 2348 Laqueus
856 2274 1105 2330 contritus
1135 2280 1230 2337 est,
1254 2280 1301 2326 et
1328 2286 1420 2325 nos
1449 2270 1650 2325 liberati
1669 2285 1866 2325 sumus.

583 2369 922 2441 Adjutorium
968 2373 1200 2420 nostrum
1237 2364 1293 2418 in
1328 2363 1538 2419 nomine
1565 2362 1779 2418 Domini
1809 2379 1829 2417 :
1859 2361 1948 2432 qui
1989 2358 2110 2431 fecit

514 2462 700 2518 (telum
724 2469 773 2515 et
797 2468 1012 2514 terram.

2709 984 2978 1028 CANTICUM
3020 982 3294 1024 ςιιλυυωι.

2277 1067 2389 1124 Nisi
2418 1065 2562 1135 quod
2596 1063 2724 1138 illis.
2759 1062 2906 1135 quia]
2933 1063 3195 1117 Dominus
3225 1068 3347 1116 erat
3371 1059 3424 1113 in
3450 1057 3624 1124 nobis,
3657 1057 3796 1113 dicat

2209 1175 2355 1217 nunc
2387 1158 2516 1232 [Ms.
2548 1157 2702 1229 verni
2734 1156 2900 1214 Israel
2931 1171 2950 1208 ~:
2982 1155 3085 1210 nisi
3137 1153 3262 1225 quia
3294 1152 3558 1208 Dominus
3600 1161 3712 1207 erat
3745 1149 3795 1206 itt

2221 1255 2402 1310 nobis.

2283 1347 2420 1401 Dum
2461 1345 2806 1414 insurgerent
2827 1339 3076 1395 homines
3099 1347 3123 1376 ο
3152 1337 3207 1393 in
3239 1351 3342 1393 nos
3367 1354 3381 1392 :
3408 1335 3631 1392 forsitan
3655 1335 3797 1392 vivos

2219 1437 2583 1509 deglutissent
2613 1449 2734 1489 nos.

2286 1533 2420 1586 Dum
2476 1529 2808 1583 irasceretur
2857 1523 3068 1579 animus
3113 1535 3305 1577 eorum
3345 1518 3614 1574 adversus
3655 1530 3797 1573 nos:

2212 1624 2442 1681 forsitan
2467 1621 2616 1676 velut
2640 1633 2779 1688 aqua
2810 1614 3226 1672 absorbuissent
3258 1627 3379 1668 nos.

2285 1719 2614 1772 Torrentem
2661 1709 3011 1781 pertransivit
3063 1708 3243 1762 anima
3300 1713 3490 1762 nostra
3539 1703 3796 1759 :iorsitan

2142 1836 2189 1896 Β
2217 1806 2606 1880 pertransisset
2629 1802 2806 1857 anima
2833 1808 3017 1856 nostra
3051 1813 3248 1870 aquam
3293 1797 3712 1853 intolerabilem.

2292 1897 2618 1955 Benedictus
2650 1894 2915 1950 Dominus
2935 1909 2950 1950 :
2974 1893 3064 1964 qui
3091 1907 3198 1948 non
3221 1891 3372 1948 dedit
3396 1905 3499 1946 nos
3527 1891 3581 1944 in
3607 1887 3800 1959 captio-

2214 2009 2338 2050 nem
2369 1990 2626 2046 dentibus
2657 2001 2871 2042 corum.

2285 2085 2478 2142 Anima
2504 2091 2713 2148 nostra,
2755 2080 2897 2135 sicut
2938 2092 3147 2150 passer,
3188 2083 3376 2149 erepta
3409 2085 3494 2132 est
3524 2075 3595 2132 de
3620 2073 3802 2144 laqueo

2214 2177 2551 2234 venantium.

2288 2271 2538 2339 Laqueus
2569 2267 2841 2323 contritus
2865 2274 2949 2320 est
2982 2283 2997 2322 :
3028 2272 3085 2320 et
3115 2275 3216 2318 nos
3248 2258 3467 2317 liberati
3495 2272 3699 2315 sumus.

2287 2362 2637 2432 Adjutorium
2669 2368 2918 2414 nostrum
2947 2357 3001 2413 in
3047 2356 3274 2412 nomine
3299 2354 3527 2427 .Domini
3561 2370 3574 2408 :
3612 2353 3701 2423 qui
3728 2349 3808 2407 lc-

2214 2457 2290 2513 cit
2317 2453 2520 2510 etnlum
2547 2463 2601 2509 et
2629 2462 2858 2508 terram.

1849 2544 2171 2605 PSALMUS
2215 2547 2451 2605 CXXIV.

1027 2653 1299 2698 CANTICUII
1337 2653 1614 2696 GRADUUM.

588 2742 689 2810 Qui
741 2738 1011 2810 confidunt
1053 2735 1109 2790 in
1169 2733 1390 2788 Dontino
1446 2733 1578 2786 sicut
1621 2745 1771 2784 mons
1800 2727 1930 2784 Sion
1964 2743 1984 2782 :
2009 2743 2114 2784 non

513 2832 911 2892 commovebitur
940 2831 997 2886 in
1027 2837 1283 2884 ceternum
1318 2825 1407 2896 qui
1448 2819 1692 2879 habitat“
1720 2837 1778 2877 σι»
1814 2823 1868 2875 in
1904 2821 1925 2889 ζ
1957 2819 2115 2876 Jeru-

517 2933 700 2986 salem.

588 3023 790 3078 Montes
818 3023 871 3075 in
899 3017 1121 3074 circuitu
1151 3015 1287 3086 ejus,
1329 3021 1375 3067 et
1403 3010 1657 3065 Dominus
1685 3011 1742 3065 in
1777 3011 1998 3066 circuitu
2029 3026 2116 3082 po.

513 3115 625 3189 puli
650 3114 733 3166 sui
762 3128 780 3166 :
807 3113 987 3166 exltoc
1016 3124 1152 3162 nunc
1175 3115 1222 3160 et
1250 3119 1411 3174 usque
1443 3103 1498 3157 in
1529 3099 1802 3157 sarculum.

589 3205 726 3273 Quia
753 3218 856 3256 non
881 3199 1132 3269 relinquet
1154 3196 1410 3251 Dominus
1438 3194 1637 3264 virgam
1677 3203 2002 3264 peccatorum
2025 3209 2114 3246 su-

517 3317 608 3371 per
637 3306 824 3352 sortem
865 3297 1130 3364 justorum
1163 3306 1182 3345 :
1209 3298 1267 3343 ut
1309 3303 1413 3342 non
1441 3287 1721 3341 extendant
1753 3289 1877 3350 iusti
1915 3291 1982 3342 ad
2012 3288 2112 3342 ini-

516 3392 766 3464 quitatem
796 3401 978 3440 manus
1005 3398 1149 3438 suas.

588 3481 835 3549 Benefac,
870 3474 1114 3539 Domine,
1145 3471 1323 3535 bonis,
1369 3477 1415 3523 et
1439 3468 1591 3523 rectis
1618 3469 1792 3524 corde.

590 3573 918 3627 Dectinantes
955 3580 1126 3622 autent
1159 3563 1228 3618 ad
1259 3560 1632 3632 obligationcs,
1675 3560 1899 3615 adducet
1930 3558 2116 3615 Domi-

516 3684 612 3724 nus
639 3683 757 3722 cum
785 3660 1117 3735 operantibus
1144 3657 1503 3728 iniquitatem:
1535 3671 1640 3728 past:
1666 3671 1821 3726 super
1849 3655 2039 3712 Israel.

2722 2649 2990 2692 CANTICUII
3027 2648 3302 2692 GRADUUI.

2287 2733 2388 2802 Qui
2433 2731 2718 2789 confidunt
2748 2731 2800 2785 in
2832 2730 3064 2785 Domino
3103 2729 3247 2784 sicut
3287 2741 3446 2786 mons
3489 2724 3623 2783 Sion
3658 2743 3670 2779 :
3706 2740 3812 2780 non

2223 2824 2242 2864 τ
2267 2824 2701 2883 commovebitur
2736 2821 2793 2879 in
2826 2833 3123 2890 anet-num,
3151 2818 3244 2892 qui
3275 2818 3484 2875 habitat
3510 2819 3565 2874 in
3599 2818 3814 2874 Jerusa-

2218 2917 2351 2974 lem.

2290 3011 2502 3066 Montes
2531 3010 2585 3064 in
2613 3006 2845 3062 circuitu
2889 3005 3045 3076 eius,
3085 3014 3144 3062 et
3181 3003 3445 3062 Dominus
3481 3004 3536 3060 in
3585 3002 3818 3059 circuitu

2137 3087 2184 3151 Ο
2219 3105 2403 3177 populi
2428 3104 2512 3160 sui
2548 3121 2563 3160 :
2597 3117 2663 3158 ex
2695 3100 2799 3156 ltoc
2834 3116 2978 3155 nunc
3005 3109 3060 3156 ct
3090 3115 3263 3171 usque
3297 3099 3350 3156 in
3385 3100 3674 3156 steculum.

2289 3197 2425 3266 Quia
2475 3212 2582 3251 non
2615 3192 2959 3264 derelinqnet
3001 3191 3264 3248 Dominus
3301 3193 3510 3264 virgam
3558 3199 3819 3262 peccato-

2220 3308 2366 3358 rutn,
2400 3305 2564 3360 super
2591 3297 2792 3343 sortem
2817 3285 3110 3356 juswrum.

2294 3382 2367 3438 Ut
2421 3395 2532 3436 non
2579 3377 2878 3439 extendant
2922 3377 3059 3447 justi
3106 3373 3173 3430 ad
3223 3372 3565 3445 iniquitatem
3617 3387 3822 3430 manus

2216 3487 2344 3529 suas
2378 3489 2391 3526 :
2420 3469 2669 3538 benefac,
2702 3468 2962 3532 Domine,
2997 3467 3153 3522 bonis
3180 3476 3236 3522 et
3264 3465 3429 3522 rectis
3458 3465 3664 3541 corde.‘

2295 3562 2638 3619 Dcclinantes
2665 3571 2849 3615 autem
2877 3558 2943 3613 ad
2974 3557 3382 3628 obligationetn,
3424 3556 3665 3612 adducet
3718 3555 3826 3611 Do-

2220 3656 2402 3712 minus
2456 3670 2578 3710 cum
2641 3651 2994 3725 operantibus
3045 3649 3381 3722 iniquitatem
3430 3665 3448 3706 :
3491 3663 3596 3722 pax
3651 3663 3825 3722 super

2218 3747 2409 3804 Israel.

1845 3839 2160 3898 PSALMUS
2197 3839 2408 3899 CXXV.

1014 3949 1285 3994 CANTICUH
1323 3946 1601 3990 GRADUUII.

589 4036 658 4090 In
695 4017 1044 4089 convertenda
1074 4029 1332 4084 Dominus
1365 4028 1711 4098 captivitatem
1753 4025 1887 4082 Sion
1918 4042 1936 4080 :
1982 4027 2109 4097 farti

511 4146 692 4186 sumus
719 4127 851 4182 sicut
877 4122 1152 4179 consolati.

2709 3942 2989 3988 CANTICOM
3025 3944 3301 3987 GRADUUII.

2287 4026 2346 4082 In
2406 4024 2830 4082 Econvertendo
2885 4023 3150 4080 Dominus
3201 4022 3573 4096 captivitatem
3623 4019 3820 4079 Sion:

2217 4120 2346 4178 lacti
2374 4134 2566 4177 sumus
2591 4118 2734 4176 sicut
2761 4117 3052 4175 consolati.

587 4282 610 4309 τι
642 4271 842 4326 Iterum
874 4266 962 4321 hic
991 4261 1300 4334 Diapsalma
1325 4258 1394 4314 de
1415 4273 1520 4334 suo
1548 4255 1696 4334 addit
1726 4256 1967 4334 Palatin.‘
2001 4271 2102 4334 ms.
2133 4261 2186 4324 ι)
2213 4259 2414 4334 lapsus.

585 4343 614 4381 ι)
642 4343 779 4397 Tum
808 4338 946 4405 lta‘c,
976 4327 1106 4390 cutn'
1127 4349 1248 4403 qum
1275 4330 1519 4399 sequitur
1549 4327 1799 4405 h_oc__ipso
1829 4329 2108 4383 versiculo

512 4430 621 4471 vox
645 4413 793 4484 quia,
829 4410 883 4464 in
914 4399 1164 4484 Palatino
1193 4418 1293 4458 ms.
1325 4399 1866 4484 carentttbelintota.

591 4499 611 4524 ε
650 4469 810 4539 Verbi
843 4478 1172 4550 pertransit-it
1194 4471 1588 4550 prtepnsitiomin
1609 4471 1799 4550 eodem
1821 4485 1924 4526 ms.
1951 4469 2111 4541 jngu-

513 4559 654 4613 latur
684 4573 696 4606 :
732 4539 950 4607 additur
975 4557 1030 4606 et
1063 4549 1113 4602 itt
1147 4539 1252 4600 ﬁne
1283 4539 1461 4597 verius
1493 4539 1818 4613 Diapsalma.

585 4627 611 4664 ἀ
657 4625 930 4681 Palatinus
1007 4634 1108 4674 ms.
1180 4628 1233 4671 et
1304 4614 1425 4669 Cari
1470 4612 1639 4668 editio
1698 4612 1910 4666 obelum
1965 4611 2109 4666 hunc

513 4701 782 4755 nesciunt.
816 4696 1000 4748 Altero
1027 4691 1094 4743 ab
1118 4687 1220 4742 hoc
1238 4702 1397 4740 versu
1430 4700 1624 4739 nomen
1671 4683 1923 4755 Dominus
1948 4683 2107 4755 quod

513 4753 690 4839 neque
718 4770 768 4821 in
803 4766 1030 4839 Heln-ao
1061 4773 1142 4839 est
1191 4769 1363 4820 textu,
1415 4771 1589 4824 neque
1621 4757 1672 4836 in
1704 4753 1899 4836 Graeco
1947 4753 2104 4834 ipso,

507 4825 634 4913 jure
680 4839 872 4892 merito
920 4836 984 4913 in.
1025 4833 1375 4913 eodcmpms.
1409 4827 1807 4913 .tf..\|lllll.gilur.:‘
1848 4825 1901 4906 in
1951 4825 2106 4893 cujus

512 4896 677 4967 iniam
712 4913 816 4962 line
845 4904 1099 4960 versiculi
1139 4900 1356 4955 additur
1399 4896 1723 4962 Diapsalntn.
1770 4897 2012 4966 Ucttiqtte
2051 4906 2108 4952 et

506 4985 560 5036 in
587 4980 922 5050 obligationes
970 4976 1165 5050 legitur
1198 4987 1294 5040 pro
1324 4968 1393 5021 ad
1421 4969 1775 5050 obligationes.

583 5063 605 5089 ε
641 5040 967 5118 Augustinus
998 5040 1595 5118 e'tVVeruttens.ncode‘x
1624 5079 1639 5105 ,
1685 5053 1840 5118 super
1869 5053 1959 5090 nos
1991 5040 2102 5106 for.

514 5125 651 5179 sitan
680 5105 815 5175 vi‘i'os
839 5117 1217 5172 absorbuissent
1243 5127 1354 5164 nos.
1388 5109 1456 5162 Et
1483 5126 1497 5160 :
1528 5105 1666 5161 Dant
1686 5105 2001 5162 irasceretur
2017 5113 2104 5178 fu-

510 5212 598 5248 ror
629 5196 858 5264 ipsorum
886 5203 1041 5259 super
1072 5202 1182 5264 nos,
1212 5183 1432 5264 forsitan
1468 5195 1615 5264 aqua,
1634 5179 1957 5261 demersisset
1986 5195 2098 5234 nos.

507 5252 801 5319 Torrentem
828 5252 1124 5332 pertransiit
1147 5252 1325 5332 anima
1356 5260 1554 5332 nostra,
1589 5252 1812 5332 forsitan
1840 5260 2102 5332 pertrans-

503 5337 543 5388 it
573 5335 750 5388 anima
796 5321 972 5385 nostra
1012 5343 1195 5400 aquam
1225 5327 1372 5400 _(ms.
1421 5321 1512 5400 ad.
1542 5337 1657 5392 qua:
1700 5324 1796 5400 est)
1838 5322 1950 5376 sine
1980 5322 2102 5376 sub-

503 5408 714 5460 stantia.
742 5403 899 5464 Tum,
927 5394 1067 5452 dedit
1099 5413 1190 5451 nos
1218 5397 1271 5447 in
1303 5394 1642 5464 venationem.
1683 5394 1871 5446 Anima
1895 5400 2098 5460 nostra,

503 5479 635 5528 sicut
657 5488 851 5542 passer.
885 5463 1100 5542 ltberata
1127 5466 1288 5542 (Aug.
1311 5463 1479 5530 eruta)
1501 5474 1574 5518 est
1600 5463 1664 5516 de
1692 5465 1983 5542 muscipula
2011 5479 2098 5518 re-

506 5536 764 5598 nunttunt.
799 5540 1096 5606 Muscipula
1126 5536 1347 5590 contrita
1370 5543 1467 5596 est,
1495 5543 1627 5606 etc.,
1659 5536 1953 5606 namqttod
1976 5545 2097 5588 sunt

504 5615 560 5669 in
593 5611 894 5669 Veronensi
941 5602 1046 5666 uis.
1097 5609 1326 5676 legitur,
1377 5602 1698 5661 manifestus
1756 5605 1960 5662 librarii
2011 5613 2098 5663 est

2291 4329 2309 4368 τ
2337 4329 2578 4384 Plurium
2625 4340 2852 4382 numero
2879 4324 2932 4380 in
2967 4321 3266 4379 Veronensi
3315 4335 3418 4377 ms.
3450 4338 3553 4376 non
3579 4338 3824 4378 commo-

2214 4400 2466 4456 vebuntur
2489 4402 2546 4452 in
2569 4408 2815 4454 retentum
2836 4401 2922 4468 qui
2946 4395 3201 4461 habitant,
3222 4403 3328 4468 etc.
3357 4393 3527 4448 ferme
3547 4408 3669 4448 cum
3697 4396 3818 4449 Au-

2211 4474 2430 4541 gustino
2462 4487 2478 4527 :
2511 4481 2567 4524 ut
2594 4479 2650 4525 et
2675 4470 2817 4540 quod
2844 4465 3090 4537 sequitur
3118 4465 3275 4541 plebis
3317 4480 3460 4541 sum,
3497 4480 3593 4533 pro
3619 4469 3819 4541 populi

2211 4534 2311 4597 sui.
2342 4534 2708 4611 Subsequenti
2741 4534 3294 4611 ιιυιθῑιιίνρτειιζεοίιιε
3329 4534 3622 4590 Vcronens.
3660 4534 3824 4600 Quo-

2211 4621 2351 4667 aiant
2382 4629 2486 4667 non
2534 4607 2849 4680 derelinquet
2900 4610 3076 4679 virga,
3109 4607 3176 4661 de
3211 4621 3359 4661 more
3385 4647 3399 4670 ,
3451 4622 3549 4680 pro
3577 4612 3813 4680 virgam,

2211 4685 2333 4739 sine
2378 4676 2994 4753 interpositoDominus
3011 4695 3030 4733 :
3057 4688 3114 4753 et
3145 4685 3440 4746 postremo,
3474 4676 3823 4753 Declinautes

2210 4764 2384 4809 autem
2403 4755 2456 4808 in
2488 4747 2920 4824 strangulatione,
2953 4747 3096 4824 quod
3119 4759 3202 4824 est
3233 4759 3414 4803 tamen
3444 4763 3513 4803 ex
3544 4750 3820 4818 Augusri-

2211 4841 2282 4883 no
2309 4820 2706 4882 emendandum
2735 4820 3302 4890 its-strungttlationem.

2282 4905 2307 4943 ε
2329 4897 2665 4952 Veronensis
2692 4909 2795 4950 ms.
2830 4887 3483 4947 Cum—convertimmclitts
3509 4887 3816 4960 Augustin.

2209 4977 2486 5033 convertet,
2520 4977 2614 5021 aut
2660 4964 2931 5020 convertit.
2958 4963 3145 5017 Altero
3173 4962 3241 5016 ab
3287 4960 3592 5033 hocuversn
3627 4965 3814 5014 verba

2207 5031 2556 5110 magni/ienuit
2602 5037 2861 5110 Dominus
2907 5033 3079 5104 facere
3121 5047 3268 5110 _cun_t
3342 5031 3817 5110 illis-,“cjustlem

2208 5099 2437 5165 occursu
2467 5108 2645 5173 verbi,
2704 5108 2818 5161 sive
2847 5099 3012 5160 etiam
3041 5106 3204 5173 totius
3241 5099 3568 5156 hemis'tichi‘t
3600 5103 3818 5156 simili-

2211 5181 2396 5238 tudine
2428 5172 2689 5249 deceptus
2723 5174 3051 5233 Veronensis
3083 5172 3261 5249 scriba
3291 5174 3674 5249 prartertttisit;
3729 5174 3814 5226 lc-

2205 5252 2286 5322 git
2314 5266 2444 5308 vero
2473 5243 2597 5322 nteit
2626 5251 2820 5322 iterum
2853 5261 2973 5322 cum
3006 5245 3306 5322 Angnsuno
3325 5243 3604 5313 jocundati
3625 5283 3638 5307 ,
3698 5258 3818 5312 pro

2207 5314 2462 5378 letantes.
2496 5321 2602 5378 Sed
2636 5320 2690 5374 in
2714 5320 2841 5386 line,
2877 5317 3058 5370 tollens
3097 5314 3291 5384 gremia
3321 5329 3443 5375 sua,
3467 5324 3602 5386 βω..
3631 5331 3770 5382 qna-
3795 5359 3812 5381 ,

2206 5405 2266 5449 ut
2331 5396 2472 5450 bene
2515 5393 2750 5462 potuerit
2789 5383 2879 5462 εὶ-
2905 5383 3108 5462 Graeco
3143 5383 3520 5462 interpretatio
3570 5385 3808 5450 exetttli,

2206 5465 2347 5520 nulli
2378 5455 2555 5519 tamen
2584 5462 2830 5517 codicum
2861 5459 3208 5519 Latinorum,
3237 5469 3374 5520 quos
3404 5455 3520 5510 scio
3547 5496 3562 5524 ,
3591 5470 3815 5510 consu-

2207 5544 2301 5593 nat
2333 5553 2346 5591 :
2379 5543 2573 5606 estque
2602 5532 2843 5590 omnium
2888 5535 3071 5587 uolatu
3106 5525 3444 5597 dignissima.
