3918 6192
453 140 558 200 38'!

1405 72 1407 74 η
1455 124 1514 181 S.
1560 115 1939 180 HIERONYSII
1983 111 2217 171 DIVINA
2257 103 2736 167 BIBLIO'IIIECA.
3653 91 3732 148 568

521 254 799 310 Benedicat
830 251 924 306 tibi
957 247 1206 305 Dominus
1235 261 1297 300 ea:
1325 243 1491 300 Sion:
1519 251 1566 297 et
1595 241 1772 296 videas
1798 239 1932 294 bona
1957 235 2049 292 Je-
2075 237 2130 297 Α
2225 229 2520 288 Beuedieat
2568 236 2622 282 te
2668 222 2934 281 Dominus
2983 235 3051 278 ex
3095 219 3229 277 Sion
3258 234 3271 272 :
3304 223 3364 273 et
3403 211 3596 270 videas
3636 227 3736 282 qua:

453 346 682 404 rusalent
710 344 945 400 omnibus
972 341 1148 396 diebus
1175 339 1292 393 vita:
1317 349 1439 392 tute.

528 439 594 495 Et
621 437 795 494 videas
819 436 953 506 ﬁlios
966 433 1193 504 ﬁliorum
1219 438 1450 495 tuorum,
1478 441 1660 499 pacem
1687 442 1842 498 super
1867 421 2055 476 Israel.

2163 327 2306 382 bona
2334 333 2460 380 sunt
2492 323 2544 378 in
2574 319 2874 376 Jerusalem
2899 315 3152 372 omnibus
3212 311 3414 368 diebus
3463 309 3592 364 vita:
3635 317 3738 364 tute.

2234 417 2303 471 Et
2328 416 2514 472 videas
2541 412 2684 468 filios
2713 411 2946 467 filiorum
2971 418 3188 464 tuorum
3217 424 3229 460 :
3261 419 3366 476 pax
3389 416 3560 474 super
3580 400 3740 457 Israel.

1796 511 2114 574 PSALMUS
2153 507 2438 570 CXXVIII.

976 633 1241 677 CANTICL'H
1269 631 1540 674 ςιιλυεωι.

532 722 681 792 Swpe
707 722 1130 788 expugnaverunt
1156 727 1236 766 me
1256 713 1570 782 ajuventute
1592 721 1725 772 mea,
1751 703 1890 758 dicat
1921 715 2060 756 nunc

458 815 656 872 Israel.

526 910 678 981 Sa'pe
706 912 1128 980 expugnaverunt
1173 918 1251 957 me
1287 917 1320 955 a
1359 901 1628 972 juventute
1678 908 1830 950 mea:
1873 889 2063 947 etenim

456 1019 559 1058 non
587 1006 862 1073 potuerunt
888 996 1038 1052 mihi.

526 1107 554 1135 ι
600 1093 780 1164 Supra
827 1093 1038 1146 dorsum
1085 1104 1253 1144 meum
1297 1085 1683 1158 fabricaverunt
1725 1087 2063 1152 peccatores:

456 1191 892 1262 prolongaverunt
923 1184 1249 1256 iniquitatem
1278 1195 1448 1234 suam.

527 1281 784 1337 Dominus
813 1280 983 1348 iustus
1011 1275 1236 1330 concidit
1279 1271 1497 1327 cervices
1527 1276 1854 1342 peccatorum
1887 1279 1906 1318 :
1936 1279 2064 1318 con-

455 1374 744 1449 fundantur
774 1380 822 1426 et
860 1376 1225 1425 convertantur
1262 1375 1543 1421 retrorsum
1585 1377 1780 1430 omnes,
1816 1359 1904 1430 qui
1941 1357 2066 1412 ode-

452 1476 576 1522 runt
603 1465 757 1522 Sion.

2673 612 2938 654 CANTICUI
2979 606 3253 653 GRADCUI.

2234 697 2391 767 Scepe
2421 698 2868 766 expugnaverunt
2907 704 2996 745 me
3039 702 3069 741 a
3104 686 3391 757 iuventute
3437 693 3594 746 mea,
3626 677 3750 734 dicat

2168 788 2196 829 ἀ
2227 805 2372 846 nunc
2395 787 2565 844 Israel
2598 803 2612 844 :
2645 799 2802 856 smper
2822 788 3273 853 expugnaverunt
3305 791 3393 834 me
3423 791 3455 830 a
3483 774 3752 847 iuventute

2168 901 2288 942 mea
2311 926 2328 952 ,
2357 882 2559 940 etenim
2589 895 2697 936 non
2726 884 3022 949 potuerunt
3051 871 3205 930 mihi.

2242 977 2413 1048 Supra
2459 973 2588 1047 [51s.
2623 969 2840 1043 Super]
2878 968 3102 1025 dorsum
3153 979 3334 1021 meum
3367 961 3755 1018 fabricaverunt

2171 1082 2492 1145 peccatores
2519 1086 2531 1121 :
2563 1066 3035 1139 prolongaverunt
3059 1058 3377 1130 iniquitates
3406 1068 3556 1111 suas.

2244 1162 2508 1219 Dominus
2553 1161 2734 1230 justus
2785 1153 3040 1212 concidet
3085 1151 3331 1208 cervices
3387 1156 3755 1220 peccatorum:

2173 1254 2579 1314 confundantur
2634 1260 2694 1308 et
2732 1257 3085 1308 revereantur
3138 1257 3332 1302 omnes
3386 1241 3481 1314 qui
3548 1240 3760 1297 oderunt

2175 1350 2330 1410 Sion.

2249 1444 2413 1500 Fiant
2444 1442 2586 1500 sicut
2617 1439 2803 1498 fenum
2834 1436 3192 1495 mdificiorum
3220 1475 3236 1503 ,
3279 1428 3428 1506 quod
3465 1432 3758 1504 priusquam

530 1559 693 1614 Fiant
721 1558 851 1614 sicut
880 1557 1056 1628 fenum
1085 1564 1328 1611 tectorum
1350 1565 1370 1606 :
1406 1549 1546 1621 quod
1592 1547 1891 1618 priusquam
1934 1541 2068 1598 evel-
2095 1544 2145 1606 B
2172 1537 2439 1596 evellatur
2467 1578 2483 1605 ,
2515 1534 2734 1590 arescit.

459 1655 620 1724 latur,
655 1651 880 1709 exaruit.

529 1746 610 1803 De
634 1763 736 1817 quo
766 1761 872 1800 non
897 1743 1127 1814 implevit
1158 1757 1369 1796 ntanunt
1394 1754 1545 1794 suam
1573 1736 1661 1808 qui
1690 1734 1870 1790 metit:
1911 1741 1959 1788 et
1996 1731 2070 1786 si-

458 1857 586 1894 num
615 1854 767 1894 suum
793 1837 881 1907 qui
911 1835 1208 1907 manipulos
1231 1834 1452 1904 colligit.

533 1930 604 1985 Et
633 1947 736 1986 non
766 1929 1006 1984 dixerunt
1035 1927 1122 1998 qui
1155 1925 1524 1997 praeteribant;
1552 1921 1834 1978 benedictio
1859 1917 2071 1974 Domini

467 2039 628 2095 super
652 2036 780 2078 vos:
811 2019 1162 2076 benediximus
1183 2017 1323 2072 vobis
1352 2017 1406 2071 in
1430 2015 1638 2071 nomine
1662 2013 1897 2069 Domini.

2245 1631 2321 1686 De
2349 1642 2458 1700 quo
2481 1642 2590 1682 non
2617 1623 2864 1696 implevit
2890 1635 3108 1679 manum
3136 1633 3289 1676 suam
3315 1617 3407 1690 qui
3441 1624 3628 1685 metet,
3673 1629 3763 1672 nec

2173 1724 2358 1781 sinum
2387 1735 2543 1776 suum
2573 1717 2665 1790 qui
2697 1717 3002 1787 manipulos
3025 1714 3269 1784 colliget.

2251 1817 2322 1872 Et
2353 1829 2461 1871 non
2493 1813 2755 1870 dixerunt
2774 1809 2867 1882 qui
2901 1807 3257 1879 praeteribant
3279 1847 3295 1874 ,
3334 1803 3652 1862 benedictio
3675 1801 3768 1856 Do-

2178 1910 2312 1968 mini
2335 1924 2502 1980 super
2528 1921 2628 1962 vos
2653 1924 2666 1958 :
2700 1903 3078 1962 benediximus
3107 1901 3243 1977 [Ms.
3263 1897 3666 1969 benedicimus]
3684 1909 3766 1951 vos

2181 2005 2235 2060 in
2265 2003 2485 2058 nomine
2508 1998 2746 2056 Domini.
2828 2019 2838 2035 ι

1851 2097 2169 2159 PSALMUS
2206 2093 2445 2154 CXXIX.

979 2215 1246 2259 CAN'I'ICUII
1275 2213 1550 2256 οιυωυυιι.

540 2297 620 2354 De
663 2296 936 2371 profundis
993 2294 1213 2350 clamavi
1242 2294 1311 2347 ad
1342 2302 1389 2348 te
1410 2334 1426 2362 ,
1459 2289 1681 2346 Domine
1718 2305 1736 2343 :
1771 2286 2011 2356 Domine,
2046 2284 2074 2324 ιι

467 2392 661 2449 exaudi
704 2405 875 2446 vocem
901 2405 1087 2444 meam.

544 2486 704 2541 Fiant
731 2499 882 2540 aures
914 2493 1017 2538 tua:
1043 2479 1368 2537 intendentes
1391 2480 1446 2535 in
1489 2492 1662 2534 vocem
1700 2472 2076 2548 deprecationis

469 2597 616 2637 metu.

2693 2197 2964 2241 CANTICUI
2996 2196 3248 2241 GRADUUI
3259 2224 3273 2238 .

2258 2280 2336 2337 De
2365 2277 2649 2352 profundis
2685 2278 2915 2334 clamavi
2950 2276 3018 2333 ad
3052 2286 3105 2336 te
3127 2317 3144 2346 ,
3185 2274 3421 2332 Domine
3452 2293 3464 2331 :
3510 2273 3724 2330 Domine
3749 2315 3766 2343 ,

2191 2375 2390 2434 exaudi
2416 2375 2717 2431 orationem
2746 2387 2943 2428 meam.

2258 2470 2414 2528 Fiant
2441 2483 2603 2526 aures
2632 2479 2739 2525 tute
2784 2467 3133 2526 intendentes
3156 2466 3212 2525 in
3247 2476 3270 2506 ο
3298 2465 3604 2524 orationem
3639 2461 3770 2520 servi

2187 2567 2286 2623 tui.

543 2675 605 2732 Si
631 2673 928 2746 iniquitates
967 2669 1342 2727 observaveris:
1381 2665 1640 2722 Domine:
1681 2663 1922 2731 Domine,
1962 2659 2075 2733 quis
2105 2707 2152 2774 c
2257 2659 2313 2716 Si
2360 2656 2677 2729 iniquitates
2726 2653 3145 2725 observaveris,
3194 2651 3423 2710 Domine
3457 2669 3468 2705 :
3509 2645 3732 2706 Domine
3760 2684 3776 2712 ,

593 2770 603 2774 -
679 2767 721 2774 -.
763 2767 784 2774 Α
2190 2750 2304 2774 -.-3-
2338 2751 2620 2774 ----ι2--1.2.
2643 2751 2667 2774 ο

471 2767 786 2826 sustinebit?

555 2865 692 2931 Quia
721 2863 864 2934 apud
890 2871 938 2917 te
975 2858 1277 2934 prapitiatio
1295 2867 1372 2914 est
1397 2875 1410 2914 ε
1441 2865 1488 2912 et
1517 2862 1726 2927 propter
1750 2851 1912 2926 legem
1934 2861 2078 2907 tuam

399 2949 422 2972 '
482 2939 703 2994 sustinui
735 2945 812 3006 te,
847 2935 1089 2988 Domine.

547 3029 806 3085 Sustinuit
833 3028 1010 3081 aninta
1037 3041 1149 3080 mea
1174 3025 1228 3080 in
1259 3021 1411 3079 verba
1447 3023 1604 3093 ejus:
1641 3017 1862 3091 speravit
1900 3015 2078 3071 aninta

483 3140 599 3179 mea
627 3123 681 3176 in
717 3121 963 3176 Domino.

553 3216 592 3268 Α
621 3212 858 3267 custodia
883 3211 1138 3265 matutina
1168 3225 1328 3280 usqtte
1353 3207 1420 3264 ad
1447 3214 1672 3276 noctem,
1709 3213 1876 3277 speret
1914 3201 2084 3259 Israel

479 3308 536 3362 in
570 3304 812 3362 Dontino.

493 3387 516 3414 ”
555 3398 696 3466 Quia
723 3395 868 3467 apud
898 3393 1180 3450 Dominum
1210 3392 1606 3449 misericordia:
1637 3399 1686 3446 et
1713 3389 1922 3463 ecpiosa
1945 3389 2089 3462 apud

483 3508 600 3547 eum
631 3490 938 3562 redemptio.

563 3582 630 3636 Et
661 3583 770 3654 ipse
795 3581 1008 3638 redimet
1031 3578 1220 3651 Israel,
1245 3594 1307 3635 ea:
1329 3577 1564 3634 omnibus
1579 3575 1936 3647 iniquitatibus
1956 3576 2086 3646 ejus.

2183 2750 2306 2826 quis
2336 2751 2667 2807 sustinebit?

2258 2843 2396 2912 Quia
2441 2843 2582 2914 apud
2638 2852 2693 2900 te
2733 2839 3047 2915 propitiatio
3087 2845 3296 2895 estzet
3340 2843 3564 2908 propter
3616 2833 3783 2905 legem

2186 2947 2334 2995 tuam
2361 2935 2594 2992 sustinui
2626 2945 2678 2992 te
2711 2977 2729 3004 ,
2762 2933 3015 2990 Domine.

2256 3027 2527 3087 SuSIinuit
2547 3028 2728 3083 anima
2753 3043 2873 3084 mea
2897 3026 3129 3085 verbum
3151 3033 3333 3082 tuum:
3354 3020 3595 3096 speravit
3620 3019 3788 3076 anima

2191 3137 2313 3180 mea
2339 3121 2392 3176 in
2421 3119 2672 3177 Domino.

2268 3213 2316 3270 A
2363 3211 2611 3271 custodia
2663 3211 2933 3268 matutina
2977 3223 3149 3283 usque
3201 3206 3271 3264 ad
3310 3215 3525 3264 noctem
3554 3247 3569 3274 ,
3619 3207 3798 3276 speret

2198 3307 2365 3364 Israel
2407 3307 2461 3362 in
2495 3304 2744 3362 Domino.

2268 3401 2403 3469 Quia
2435 3399 2576 3471 apud
2597 3397 2895 3454 Dominum
2929 3391 3314 3452 misericordia
3343 3399 3467 3449 est:
3492 3398 3546 3447 et
3576 3386 3801 3460 copiosa

2199 3493 2342 3565 apud
2374 3507 2500 3547 eum
2527 3488 2859 3561 redemptio.

2283 3588 2347 3642 Et
2379 3585 2500 3658 ipse
2526 3583 2760 3642 redimet
2790 3579 2996 3650 Israel,
3033 3594 3100 3637 ex
3141 3577 3395 3637 omnibus
3433 3571 3808 3648 iniquitatibus

2198 3675 2336 3747 ejus.

1797 3797 1800 3800 .
1839 3760 2160 3823 PSALMUS
2196 3767 2414 3827 cxxx.
2503 3839 2508 3843 η

833 3875 1098 3920 esurienti
1125 3872 1371 3917 οιιλυυυιι
1403 3868 1425 3898 ε
1461 3873 1520 3914 -t—
1555 3871 1715 3914 DAVID
1749 3857 1771 3928 ζ

567 3957 812 4026 Domine,
844 3975 949 4012 non
977 3965 1052 4012 est
1077 3956 1361 4010 exaltatum
1399 3969 1488 4009 cor
1528 3968 1695 4008 meum
1720 3967 1740 4006 :
1777 3967 1941 4023 neque
1981 3952 2108 4010 elati

503 4063 622 4108 sunt
649 4049 788 4107 oculi
816 4051 936 4104 mei.

2701 3874 2966 3917 CANTICUI
3014 3871 3285 3916 οηλυυωι.
3316 3853 3337 3896 ί

2284 3955 2549 4022 Domine,
2601 3969 2710 4010 non
2748 3964 2834 4010 est
2880 3953 3175 4010 exaltatum
3221 3965 3321 4009 eor
3377 3940 3558 4006 meum
3596 3965 3611 4004 :
3645 3960 3816 4020 neque

2213 4047 2344 4107 elati
2371 4059 2498 4105 sunt
2526 4047 2672 4105 oculi
2703 4047 2832 4103 mei.

577 4196 605 4224 ιι
638 4181 900 4254 lnPalat.
935 4178 1271 4254 ms._Super.
1307 4177 1544 4254 in_c_ujns
1578 4178 1686 4234 line
1713 4179 1968 4254 versiculi
2009 4181 2108 4237 ad-
2133 4183 2186 4247 υ
2213 4185 2456 4240 dixerunt
2489 4192 2804 4239 transeuntes
2837 4183 3084 4254 (August.
3131 4179 3282 4236 addit
3318 4180 3477 4251 viam)
3516 4178 3818 4236 Benedictio

503 4260 652 4312 ditur
682 4251 1012 4322 Diapsalma.
1052 4249 1188 4304 Tum
1235 4250 1488 4324 concidet,
1523 4265 1624 4320 pro
1667 4251 1890 4324 concidit
1937 4253 2105 4324 legit:

509 4330 647 4385 unde
676 4335 731 4380 et
756 4321 876 4392 qua:
907 4331 1209 4391 sequuntur
1245 4321 1297 4373 in
1332 4322 1514 4392 futuro
1543 4321 2105 4392 sequiorrmanus‘rc-

504 4398 745 4468 scripsit,
775 4391 1030 4467 implebit,
1061 4399 1234 4459 metet,
1269 4391 1495 4464 colliget,
1527 4406 1627 4462 pro
1651 4391 1900 4462 implevit,
1941 4398 2104 4466 metit,

509 4485 615 4526 CIC.

580 4547 609 4583 δ
635 4535 956 4606 Prmpositio
981 4533 1130 4590 verbi
1148 4533 1336 4606 exaudi
1369 4533 1421 4587 in
1449 4531 1700 4606 Palatino
1729 4549 1831 4588 ms.
1861 4535 1928 4592 de
1956 4553 2111 4593 more

511 4605 805 4682 iugulatur.
841 4608 1028 4682 Altero
1052 4606 1120 4659 ab
1146 4605 1429 4682 Itocversu
1453 4605 1708 4682 secundis
1726 4608 1871 4662 curis
1904 4611 2114 4677 reposi-

515 4676 626 4737 tui'n
655 4691 736 4736 est
763 4678 1074 4739 obscrvabis,
1100 4676 1566 4747 prorobservaeeris
1589 4691 1607 4729 :
1631 4676 1975 4747 subsequenti
2007 4681 2114 4736 alio

519 4754 775 4807 reticetur
805 4761 850 4804 et
894 4749 1086 4819 copula
1125 4765 1138 4802 :
1183 4746 1417 4814 denique
1459 4746 1567 4800 alio
1613 4746 1916 4816 insequenti
1967 4752 2116 4819 prior

516 4827 570 4877 in
598 4822 908 4894 prmpositio
948 4818 1109 4894 obelo
1155 4818 2019 4894 pra-notatur,_quemadmodunt
2062 4833 2119 4877 et

519 4887 686 4963 penes
705 4887 898 4946 Carum
923 4892 1099 4944 anima
1127 4887 1238 4943 mea
1265 4893 1317 4952 ἑ-
1356 4889 1410 4942 in
1437 4887 1588 4942 verba
1610 4891 1762 4960 ejus:
1797 4891 1939 4946 haud
1967 4893 2120 4964 equi-

522 4965 646 5020 dem
673 4974 838 5019 recte.

519 5107 531 5118 .
595 5047 637 5118 ti
653 5034 834 5118 l‘leque
858 5031 1284 5118 asterisci'nota,
1317 5045 1496 5101 neque
1527 5031 1700 5100 ipsum
1728 5031 1896 5087 David
1922 5049 2120 5091 nomen

519 5107 576 5161 in
603 5101 846 5159 Palatino
874 5111 958 5156 cst
984 5117 1089 5158 ms.
1121 5101 1178 5156 In
1209 5111 1473 5157 contextu
1505 5113 1688 5158 autem
1719 5114 1912 5172 quarto
1951 5108 2124 5162 versi-

523 5177 645 5254 cul_o
668 5175 840 5254 ῥιπὶῶς
862 5173 1270 5254 θιθεὶῑυτζβὶαιι
1295 5173 1619 5254 ablactatunt.
1632 5191 1791 5254 super
1809 5184 1989 5254 matre,
2014 5185 2122 5233 etc.

595 5244 622 5282 ά
653 5244 980 5324 ᾼυευδιὶιιῃεε
1009 5253 1066 5298 et
1092 5243 1398 5324 Veroneus.‘
1427 5259 1530 5298 ms.
1585 5243 1722 5324 dicat
1757 5261 1874 5300 vero
1919 5245 2126 5303 Israel:

527 5328 580 5372 et
601 5315 953 5387 subsequenti
975 5327 1130 5387 versu
1160 5331 1172 5366 :
1201 5315 1349 5385 longe
1371 5316 1598 5382 fecerunt
1621 5316 1933 5387 injustitiam
1953 5335 2125 5372 suam:

529 5403 592 5442 ac
621 5385 838 5444 deinde.
878 5383 1261 5452 confundantur
1292 5383 1340 5439 et
1379 5383 1684 5439 avertantur"
1703 5397 1986 5442 retrorsum
2013 5406 2126 5444 om-

531 5464 778 5532 nes,etc.
809 5452 1124 5532 Fiantsic'ut
1162 5457 1334 5523 fenum
1365 5467 1628 5532 tectorum,
1659 5459 1800 5527 quod
1832 5461 2130 5530 priusquam

531 5529 799 5583 evellatur,
837 5523 998 5601 aruit.
1049 5521 1126 5575 De
1163 5521 1267 5592 quo
1302 5543 1414 5601 non
1457 5521 1683 5601 implevii
1731 5521 1943 5584 manum
1981 5521 2130 5586 suam

533 5611 748 5660 messor,
776 5601 823 5648 it
849 5597 1016 5648 sinuin
1047 5608 1195 5648 suum
1225 5597 1312 5664 qui
1341 5597 1634 5667 manipulos
1664 5598 1882 5673 colligit.
1917 5600 1985 5658 Et
2029 5617 2132 5660 non

2216 4253 2446 4320 Domini,
2479 4267 2587 4312 etc.

2291 4341 2313 4365 ι’
2349 4327 2509 4383 Solus
2543 4327 2819 4381 Veroiiens
2844 4340 2972 4390 ms.,
3000 4326 3052 4379 in
3080 4342 3254 4380 vocem
3279 4324 3652 4380 obsecrationis
3676 4337 3817 4384 mea',

2212 4405 2287 4466 et,
2325 4402 2436 4468 quis
2468 4399 2744 4452 tolerabit?
2772 4398 3028 4462 Quoniam
3054 4397 3196 4465 apud
3225 4406 3293 4462 te,
3323 4407 3429 4452 etc.
3467 4395 3676 4468 Deinde
3699 4410 3821 4448 cunt

2213 4466 2536 4539 Augustino,
2588 4469 2849 4522 Sustinuit
2892 4469 3069 4539 anima
3111 4484 3224 4521 mea
3274 4470 3326 4521 in
3375 4466 3580 4520 verbum
3633 4475 3826 4517 tuum:

2216 4536 2438 4607 speravit
2484 4541 2658 4594 anima
2705 4556 2818 4594 mea
2861 4541 2914 4592 in
2946 4537 3248 4592 Dominum.
3285 4539 3329 4593 Α
3359 4538 3535 4607 vigilia
3562 4536 3827 4607 matutina

2217 4605 2376 4677 usque
2412 4611 2479 4664 ad
2514 4620 2736 4677 noctem,
2769 4628 2800 4664 a
2832 4611 3007 4682 vigilia
3047 4611 3306 4682 matutina
3346 4605 3509 4678 speret
3555 4605 3734 4660 Israel
3773 4605 3825 4658 in

2220 4682 2520 4738 Dominum.
2557 4682 2818 4748 Quoninnt
2851 4678 2992 4749 apud
3036 4681 3314 4734 Dominum
3354 4678 3739 4738 misericordia,
3780 4683 3826 4730 et

2219 4753 2382 4825 multa
2409 4755 2550 4825 apud
2566 4753 2726 4825 illum
2754 4751 3052 4825 redemptio.

2297 4824 2316 4862 ί
2349 4815 2510 4880 Addit
2541 4823 2868 4878 Veronensis
2896 4815 3144 4877 Psalterii
3176 4821 3356 4877 editor
3385 4820 3450 4874 ad
3490 4819 3708 4875 codicis
3746 4815 3832 4870 sui

2223 4895 2384 4951 fidem
2409 4895 2524 4966 Ipsi
2556 4893 2764 4966 David:
2797 4895 2847 4947 in
2879 4896 3118 4966 subnexa
3149 4903 3330 4948 autem
3361 4892 3436 4966 ibi
3479 4890 3836 4966 annotation-

2223 4969 2343 5022 cula
2375 4959 2536 5036 negat
2567 4964 2906 5036 iIlud_ipsum
2944 4962 3114 5018 David
3160 4979 3358 5036 nomen
3401 4963 3454 5017 in
3497 4976 3564 5016 eo
3612 4959 3835 5036 haberi.

2228 5038 2396 5092 I‘orro
2424 5029 2476 5091 in
2510 5046 2662 5092 textu
2698 5029 2868 5090 ferme
2911 5052 3032 5090 cum
3079 5035 3519 5104 Augustinotns.
3569 5048 3744 5100 neque
3789 5029 3842 5104 in

2227 5107 2592 5178 altumielevati
2614 5107 2832 5178 (monet
2854 5106 3031 5178 editor
3053 5098 3340 5178 legendum
3361 5102 3523 5178 elati)
3551 5098 3677 5156 sunt
3703 5098 3845 5178 oculi

2228 5180 2348 5233 mei.
2380 5176 2563 5249 Neque
2589 5172 2848 5248 ingressus
2864 5193 2976 5249 sunt
2997 5177 3051 5249 in
3079 5172 3438 5249 magnis,_etc.
3457 5172 3637 5242 Atque
3663 5172 3844 5249 altero

2230 5253 2300 5303 ab
2329 5249 2431 5302 hoc
2463 5243 2665 5313 (crsu;
2684 5245 3112 5314 quemadmodum
3139 5243 3225 5316 qui
3272 5247 3474 5299 ablatus
3513 5253 3586 5296 est
3636 5261 3670 5294 α
3716 5243 3849 5316 lacte

2231 5334 2393 5390 super
2423 5312 2638 5373 matrem
2663 5312 2830 5384 suam,
2861 5319 2938 5390 δὶς
2967 5312 3230 5390 retributio
3265 5317 3318 5390 in
3347 5316 3520 5368 anima
3555 5330 3700 5378 mea,
3738 5312 3844 5374 vel,

2234 5385 2464 5444 animam
2494 5407 2678 5444 nteant.
2701 5390 2882 5454 Speret
2911 5386 3074 5441 Israel
3101 5385 3446 5440 inDominum
3470 5402 3534 5440 ea:
3555 5387 3655 5436 hoc
3683 5396 3848 5444 nunc,

2235 5476 2339 5530 qua
2374 5469 2644 5530 postrema
2677 5475 2780 5515 una
2810 5460 2999 5515 vocula
3031 5455 3391 5530 prmterntissa
3427 5457 3496 5512 ab
3530 5456 3850 5526 Augustino

2238 5531 2412 5589 codex
2437 5531 2655 5589 abludit.
2952 5577 2971 5589 ..

2238 5539 2412 5590 codex
2437 5539 2655 5589 abludit.
