3918 6192
169 322 250 381 359
1389 314 1593 372 LIBER
1630 315 2082 375 PSALMORUM.
3307 324 3414 381 570

225 434 376 506 Neque
404 430 646 488 antbulavi
692 431 748 486 in
795 428 995 502 magnis
1017 445 1037 486 :
1082 411 1242 501 neque
1278 430 1333 485 in
1383 413 1702 490 mirabilibus
1730 439 1787 504 Α
1881 433 2067 506 Neque
2090 432 2363 491 ambulavi
2394 432 2448 491 in
2481 434 2692 507 magnis
2721 449 2736 492 :
2767 448 2945 507 neque
2980 435 3036 492 in
3067 434 3410 494 mirabilibus

166 545 285 598 super
305 544 390 582 me.
463 539 476 548 ‘
1759 539 1764 544 '
1807 541 1973 598 super
1999 542 2107 584 me.

244 548 285 583 ετ
305 548 390 582 me.
1807 548 1870 584 su
1912 548 1973 584 ει·
1999 548 2107 584 me.

215 548 267 677 gi
285 637 371 675 non
405 618 659 674 humiliter
705 618 986 675 sentiebam
1008 635 1029 674 :
1073 619 1163 674 sed
1205 620 1433 676 exaltari
1471 623 1702 677 animam
1879 548 1940 677 gi
1973 634 2081 676 non
2109 619 2386 678 humiliter
2406 618 2713 678 sentiebam
2741 635 2756 675 :
2785 617 2881 676 sed
2910 615 3146 675 cxaltavi
3171 618 3410 675 animam

163 730 304 768 meam.
681 726 688 730 ’
1808 725 2010 768 meam.

216 806 332 861 Sicut
354 804 633 858 ablactatus
659 810 736 858 est
762 818 917 873 super
945 809 1112 858 matre
1142 820 1236 858 sua
1259 820 1279 859 :
1322 805 1396 859 ita
1440 807 1708 862 retributio
1880 805 2033 860 Sicut
2067 803 2372 862 ablactatus
2415 819 2583 876 super
2625 813 2859 861 matrem
2889 819 3045 860 suam
3081 821 3098 860 :
3128 803 3199 859 ita
3251 805 3413 860 retri-

163 899 202 953 in
222 899 362 952 anima
383 913 512 950 mea.
1805 893 1940 952 bues
1964 895 2020 950 in
2046 896 2288 952 animam
2319 912 2519 953 meam.

214 989 362 1058 Speret
389 985 556 1042 Israel
587 989 641 1043 in
671 987 918 1058 Domina,
945 1004 1010 1043 ea;
1038 987 1136 1043 hoc
1170 1005 1327 1057 nunc,
1371 999 1418 1046 et
1454 1007 1613 1062 usque
1645 991 1702 1046 in
1878 989 2078 1059 Speret
2097 989 2267 1048 Israel
2296 991 2354 1048 in
2384 990 2617 1048 Domino
2641 1029 2658 1059 ,
2687 1005 2756 1048 ex
2785 991 2892 1047 boc
2923 1003 3069 1047 nunc
3093 1033 3108 1060 ,
3142 997 3198 1048 et
3237 1004 3410 1061 usque

162 1079 373 1138 tutulum.
1808 1082 1862 1138 in
1891 1085 2171 1140 swculum.

1473 1193 1595 1252 PSA
1605 1194 1793 1256 LMUS
1830 1194 2070 1253 CXXXI.

600 1325 869 1368 CANTICUI
889 1326 1183 1368 'GBADUUI.
2310 1331 2578 1374 CANTICUI
2621 1331 2901 1374 GRADUUI.

214 1403 470 1474 Memento,
498 1403 744 1475 Domine,
771 1404 977 1473 David,
1008 1415 1054 1462 et
1087 1405 1256 1462 omnis
1291 1407 1709 1465 mansuetudinis
1796 1387 1809 1405 ³
1885 1388 2184 1478 Memento,
2215 1407 2470 1476 Domine,
2501 1407 2693 1476 David,
2723 1419 2781 1468 et
2808 1409 2987 1467 omnis
3025 1410 3403 1478 mansuetudi-

173 1500 268 1570 rjus.
1811 1499 1898 1556 nis
1928 1501 2072 1572 ejus.

218 1594 334 1648 Sicut
343 1594 537 1664 juraes't
571 1593 793 1648 Domino
815 1611 835 1650 :
863 1606 1036 1650 uotum
1064 1596 1198 1652 vovit
1224 1595 1335 1652 Deo
1362 1593 1550 1652 Jacob.
1880 1594 2032 1648 Sicut
2053 1593 2260 1664 jnravit
2290 1594 2526 1650 Domino
2551 1613 2565 1649 :
2599 1603 2785 1650 votum
2813 1596 2961 1652 vovit
2991 1596 3104 1654 Deo
3143 1597 3337 1654 Jacob.

217 1685 262 1741 Si
282 1687 508 1741 introiere
531 1687 584 1740 in
630 1688 1022 1743 tabernaculum
1050 1689 1235 1745 domus
1256 1706 1382 1746 mea:
1415 1706 1434 1745 :
1463 1691 1509 1744 si
1537 1707 1712 1746 ascen-
1884 1683 1942 1740 Si
2005 1684 2272 1740 inirOieI'O
2321 1685 2374 1740 in
2426 1685 2838 1742 tabernaculum
2887 1688 3083 1744 domus
3137 1705 3318 1746 metu:
3367 1689 3416 1746 si

166 1777 255 1833 dero
273 1779 316 1832 in
335 1778 512 1833 lectum
538 1777 559 1798 '
587 1782 737 1835 strati
765 1784 888 1837 mei.
1812 1776 2112 1832 ascendero
2139 1778 2190 1831 in
2216 1774 2344 1849 [διε.
2382 1787 2485 1831 tac.
2519 1775 2599 1850 in]
2632 1778 2832 1834 lectum
2865 1787 3070 1835 stratus
3101 1782 3234 1836 mei.

219 1868 264 1924 Si
295 1870 465 1925 dedero
507 1888 745 1927 somnum
766 1874 929 1930 oculis
961 1875 1083 1931 meis
1114 1891 1132 1931 :
1168 1891 1231 1932 -ε-
1283 1886 1331 1931 et
1385 1877 1408 1947 ζ
1434 1875 1701 1949 palpebris
1732 1873 1782 1950 Β
1879 1869 1937 1926 Si
1961 1869 2167 1926 dedero
2188 1885 2442 1926 somnum
2467 1871 2640 1927 oculis
2661 1873 2798 1927 meis
2823 1891 2836 1926 :
2864 1882 2956 1927 aut
2980 1873 3254 1944 palpebris
3275 1873 3412 1931 meis

171 1963 693 2021 neisdomiitationem.
1802 1961 2267 2031 dormitationem,
2313 1973 2408 2017 aut
2455 1961 2585 2036 [Με.
2633 1962 2711 2037 et]
2763 1964 3010 2037 requiem
3057 1965 3400 2036 temporibus

1805 2058 1965 2113 meis.

223 2141 352 2198 ψει
397 2144 618 2215 requiem
672 2145 983 2217 temporibus
1033 2145 1161 2201 meis
1193 2146 1216 2214 ζ
1249 2146 1412 2201 donec
1444 2147 1701 2204 inveniam
1875 2147 2065 2204 Donec
2117 2145 2247 2220 [Ms.
2301 2147 2693 2220 Quoadusque]
2748 2147 3021 2205 inveniam
3072 2147 3254 2206 locum
3299 2149 3408 2205 Do-

170 2236 294 2289 locum
315 2235 524 2293 Domino
553 2255 575 2294 :
601 2236 993 2294 tabernaculum
1021 2239 1128 2294 Deo
1151 2238 1339 2296 Jacob.
1801 2241 1953 2298 mino
1981 2259 1995 2296 :
2030 2242 2442 2297 tabernaculum
2473 2242 2588 2298 Dco
2617 2241 2813 2298 Jacob.

219 2327 323 2384 Ecce
361 2332 643 2387 audivimus
687 2349 800 2387 eam
858 2334 911 2388 in
958 2331 1200 2406 Ephrata
1227 2349 1247 2387 :
1278 2334 1564 2390 invenimus
1588 2353 1702 2391 eam
1878 2335 2020 2390 Ecce
2048 2334 2359 2391 audivimus
2385 2335 2411 2371 ά
2439 2349 2565 2390 eum
2597 2335 2652 2390 in
2685 2334 2924 2405 Ephrata
2951 2352 2965 2390 :
2999 2334 3126 2407 [Ηε.
3153 2335 3400 2408 Eufrata]

175 2423 211 2475 in
230 2427 387 2497 campis
411 2426 568 2482 silete.
1805 2429 2112 2485 invenimus
2140 2444 2263 2484 eum
2295 2429 2348 2484 in
2379 2430 2592 2500 campis
2611 2429 2786 2483 silvas.

223 2514 513 2576 lntroibimus
539 2523 593 2576 in
625 2521 1018 2576 tabemaeulum
1039 2519 1069 2562 ι)
1097 2524 1210 2596 ejus
1243 2537 1262 2577 :
1291 2521 1623 2578 adorabimus
1650 2525 1705 2580 in
1876 2519 2226 2575 lntroibimus
2274 2518 2331 2574 in
2382 2518 2794 2575 tabernaculum
2845 2517 2976 2590 [Ms.
3025 2518 3404 2592 tabernacula]

175 2608 277 2676 loco,
309 2611 382 2666 ubi
408 2621 652 2668 steterunt
682 2614 836 2685 pedes
865 2615 1000 2686 ejus.
1806 2618 1927 2688 ejus
1961 2633 1976 2670 :
2007 2614 2356 2671 adorabimus
2389 2617 2443 2669 lu
2475 2614 2623 2682 loco,
2650 2613 2743 2669 ubi
2775 2622 3049 2669 steterunt
3078 2611 3244 2683 pedes
3269 2613 3409 2682 ejus.

223 2700 390 2772 Surge,
414 2702 636 2760 Domine
659 2749 674 2775 ,
706 2706 761 2760 in
784 2707 1009 2776 requiem
1036 2715 1184 2761 tuam
1208 2723 1228 2762 :
1281 2715 1337 2762 tu
1365 2715 1411 2763 et
1431 2725 1554 2764 arca
1585 2725 1708 2765 san-
1881 2709 2146 2779 Exsurge,
2173 2697 2442 2773 Domine,
2485 2706 2540 2762 in
2573 2705 2818 2777 requiem
2851 2714 2998 2761 tuam
3033 2723 3048 2761 :
3086 2714 3144 2760 tu
3187 2713 3241 2762 et
3280 2721 3408 2762 arca

168 2794 427 2862 ctiﬁcationis
457 2808 577 2854 tute.
1809 2801 2258 2860 sanctiﬁcationis
2287 2810 2414 2856 tum.

220 2887 483 2948 Sacerdotes
538 2893 615 2948 tui
662 2893 946 2949 induantur
985 2895 1248 2968 justitiam
1278 2911 1300 2952 :
1343 2904 1394 2952 et
1436 2897 1602 2952 sancti
1632 2897 1708 2952 tui
1883 2897 2211 2955 Sacerdotes
2243 2894 2325 2952 tui
2352 2893 2650 2950 induantur
2675 2891 2941 2964 justitiam
2982 2908 2998 2947 :
3041 2899 3097 2948 ct
3125 2892 3298 2949 sancti
3330 2891 3411 2948 tui

167 2980 388 3042 exsultent.
1809 2991 2112 3048 exsultent.

218 3074 404 3147 Propter
451 3079 619 3136 David
671 3098 876 3138 servum
906 3093 1077 3152 tuum,
1133 3100 1238 3140 non
1292 3079 1494 3142 avertas
1521 3086 1708 3159 faciem
1883 3082 2114 3153 Propter
2139 3077 2308 3136 David
2339 3091 2563 3136 servum
2597 3085 2772 3146 tuum,
2803 3091 2913 3134 non
2957 3085 3171 3134 avertas
3215 3076 3407 3134 faciem

164 3167 302 3223 rbristi
321 3173 408 3225 tui.
1813 3173 2002 3231 cltristi
2035 3173 2135 3228 tui.

213 3257 387 3316 Iuravit
430 3263 684 3322 Dominus
738 3266 912 3322 David
962 3269 1260 3339 veritatem,
1293 3282 1317 3312 ε
1351 3287 1412 3328 σε-
1465 3283 1513 3327 et
1545 3273 1568 3342 ζ
1603 3268 1760 3332 ηοη(

1881 3267 2093 3323 Juravit
2136 3264 2396 3321 Dominus
2438 3262 2610 3319 David
2653 3262 2941 3319 veritatem
2977 3281 2990 3316 :
3041 3269 3098 3320 et
3144 3277 3253 3320 non
3298 3263 3412 3320 t'ru—

163 3351 441 3419 {rustrabitur
470 3375 584 3413 eam
611 3374 630 3412 :
659 3360 724 3414 de
762 3362 934 3432 [ructu
980 3363 1169 3416 ventris
1199 3364 1274 3417 tui
1317 3380 1509 3435 ponam
1553 3381 1711 3437 super
1814 3362 2081 3418 strabitur
2110 3375 2259 3416 eum.

160 3447 295 3502 sedem
323 3461 472 3507 tuam.
1885 3455 1963 3510 De
1990 3453 2171 3509 fructu
2191 3450 2404 3508 ventris
2439 3449 2516 3506 tui
2545 3464 2745 3520 ponam
2775 3465 2941 3522 super
2966 3449 3157 3505 sedem
3189 3463 3366 3505 meam
3396 3467 3412 3504 :

215 3539 266 3596 Si
282 3546 602 3602 custodierint
647 3547 746 3617 ﬁlii
776 3549 852 3603 tui
896 3557 1256 3605 testamentum
1301 3567 1502 3621 meum,
1534 3561 1582 3608 et
1635 3561 1707 3608 te-
1813 3545 1858 3601 si
1887 3545 2245 3601 custodierint
2274 3542 2370 3598 lilii
2402 3545 2477 3598 tui
2509 3550 2895 3598 testamentum
2927 3555 3143 3596 meum:
3175 3548 3231 3597 ct
3258 3541 3410 3598 testi-

157 3634 358 3693 stimonia
384 3658 490 3696 mea
518 3641 664 3710 lucc,
698 3659 814 3713 qua:
842 3644 1032 3700 docebo
1061 3663 1168 3701 eos.
1811 3637 1991 3691 monia
2023 3652 2142 3692 mea
2175 3637 2312 3702 haec,
2337 3650 2459 3707 quas
2486 3634 2697 3690 docebo
2725 3647 2842 3690 eos.

211 3725 267 3780 Et
290 3729 380 3799 ﬁlii
409 3749 583 3788 eorum
614 3750 784 3805 usque
822 3736 879 3790 in
928 3737 1208 3808 swculunt,
1255 3737 1503 3795 sedebant
1552 3755 1709 3811 super
1885 3729 1951 3784 Ει
1982 3727 2077 3783 ﬁlii
2107 3743 2296 3784 eorum
2329 3737 2352 3764 °
2398 3740 2569 3798 usque
2611 3727 2669 3780 ίιὶ
2710 3723 2969 3781 Simulum
3001 3723 3214 3794 5330"".
3250 3723 3416 3783 sede‘

152 3818 292 3873 sedem
317 3832 468 3879 tuam.
1809 3821 1943 3878 bunt
1971 3837 2133 3892 super
2163 3821 2349 3877 sedem
2379 3834 2578 3876 meam.

210 3911 444 3979 Quoniam
472 3919 626 3994 elegit
651 3919 908 3977 Dominus
936 3921 1066 3979 Sion
1096 3937 1115 3976 :
1144 3923 1295 3996 elegit
1323 3941 1437 3980 eam
1465 3925 1519 3979 in
1552 3923 1705 3979 habi-

1883 3915 2152 3980 Quoniam
2194 3913 2361 3984 elegit
2390 3912 2652 3968 Dominus
2679 3910 2809 3968 Sion
2843 3929 2856 3966 :
2892 3911 3175 3985 precelegit
3200 3927 3321 3971 eam
3353 3913 3409 3970 in

148 4002 366 4061 tationem
390 4011 500 4064 sibi.
1814 4006 2202 4062 habitationem
2233 4005 2361 4064 sibi.

207 4093 327 4152 Hec
349 4103 539 4172 requies
566 4120 681 4160 mea
709 4105 762 4159 in
790 4104 1038 4161 steculum
1069 4121 1131 4162 -ι-
1164 4105 1344 4162 seaculi
1375 4105 1398 4175 ζ
1452 4106 1534 4161 hic
1563 4106 1709 4161 Irabi-
1889 4098 2015 4152 llaec
2046 4098 2259 4168 requies
2299 4111 2418 4153 mea
2465 4097 2518 4152 in
2546 4097 2808 4155 saeculum
2842 4099 3031 4156 saeculi
3064 4115 3081 4157 :
3127 4099 3216 4157 hic
3256 4098 3414 4157 babi-

145 4185 270 4255 tabo,
294 4196 521 4262 quoniam
553 4196 686 4268 elegi
715 4213 854 4252 eam.
1816 4191 1964 4255 tabo.
1997 4193 2249 4262 quoniam
2286 4191 2546 4262 przeclegi
2589 4207 2733 4249 eam.

207 4279 418 4340 Viduam
445 4289 555 4359 ejus
580 4289 884 4346 benedicens
911 4290 1251 4346 benedicam:
1301 4307 1550 4365 pauperes
1597 4294 1710 4365 ejus
1817 4342 1821 4346 ,
1893 4284 2120 4341 Viduam
2168 4286 2288 4356 ejus
2344 4285 2672 4344 benedicens
2722 4288 3090 4346 benedicam:
3141 4299 3413 4358 pauperes

141 4374 364 4432 saturabo
394 4379 632 4450 panibus.
1817 4379 1936 4450 ejus
1973 4379 2232 4436 saturabo
2263 4378 2494 4452 panibus
2529 4396 2542 4434 :
3323 4383 3330 4390 '

200 4612 224 4684 τι
251 4605 474 4684 Palatio.
526 4626 632 4666 ms.
673 4617 868 4665 stratus
910 4611 1009 4684 mei
1034 4626 1054 4667 :
1083 4609 1148 4666 ad
1180 4609 1339 4684 cujus
1368 4610 1493 4666 libri
1547 4610 1706 4666 ﬁdem
1734 4611 1782 4673 D
1811 4613 2101 4668 sanctitatis
2131 4621 2253 4667 tuae.
2282 4609 2418 4668 Cum
2455 4612 2755 4684 Augustino
2783 4621 2968 4669 autem
3001 4627 3101 4684 per
3127 4622 3237 4668 tres
3267 4613 3414 4670 insc-

132 4675 463 4755 snlisequenti
495 4697 663 4738 versu
693 4692 742 4735 et
784 4683 1067 4752 copulam.
1101 4675 1265 4751 quod'
1286 4698 1462 4751 neque
1495 4684 1547 4736 in
1572 4684 1702 4755 ille-
1811 4693 2041 4755 quentes
2087 4699 2303 4748 versus,
2348 4694 2394 4738 et
2421 4675 2588 4739 sancvti
2615 4687 2690 4739 tui
2721 4687 2961 4740 (tutentur
2984 4675 3086 4739 {et
3107 4726 3121 4748 ,
3155 4701 3221 4737 ne
3272 4701 3420 4738 aver-

134 4742 271 4799 brmo
299 4742 589 4823 archetypo
615 4742 1524 4825 resonet;obolo.prmnotavi'mus.
1571 4754 1704 4809 Per-
1815 4742 1892 4809 tas
1927 4757 2131 4825 faciem,
2179 4742 2311 4819 etcf;
2343 4757 2601 4824 denique,
2635 4767 2680 4808 et
2710 4774 2813 4810 non
2846 4742 3268 4825 pwtzilebit't’ttttt.

135 4830 325 4896 lteram
344 4837 465 4878 vero
502 4826 674 4896 nubet
721 4826 1025 4896 insequenti
1072 4825 1184 4879 alio
1212 4839 1375 4896 versu
1419 4824 1562 4880 idem
1600 4839 1706 4880 ms.
1896 4838 1920 4863 ι’
1956 4827 2284 4880 Veronensis
2313 4843 2415 4881 ms.
2446 4842 2569 4881 cum
2623 4828 2947 4892 Augustino,
2985 4824 3055 4877 Et
3097 4828 3195 4895 ﬁlii
3241 4841 3424 4880 eorum

136 4887 221 4968 μιιί
248 4891 468 4968 primam
495 4893 564 4949 Et
597 4887 1038 4951 voculam'unice
1081 4911 1180 4966 pro
1216 4904 1329 4950 toto
1366 4895 1709 4952 hemistichio
1821 4897 2068 4951 serit-bunt
2092 4898 2146 4950 in
2173 4908 2426 4951 wteruum
2454 4914 2610 4968 super
2638 4887 2811 4951 sedem
2840 4887 3027 4968 tuam:
3059 4887 3112 4950 εἰ
3137 4912 3286 4960 mox,
3316 4896 3423 4949 ele-

135 4966 548 5040 lt‘a‘nsverberat.
589 5037 599 5040 _
789 5037 800 5040 Α
1431 5039 1434 5040 ν
1498 5039 1507 5040 7
1824 4971 1898 5040 git
1925 4985 2076 5040 eum,
2095 4982 2194 5040 pro
2223 4966 2650 5040 prwelegit_,'etc.
2673 4967 3038 5040 atquealtero
3065 4969 3132 5022 ab
3166 4969 3268 5022 hoc
3294 4982 3423 5021 ver-

197 5027 225 5067 b
251 5034 431 5109 Atque
460 5037 548 5093 hic
586 5037 863 5093 immerito
902 5053 1200 5106 pronomen
1239 5041 1352 5109 ejus
1390 5039 1550 5094 obclo
1580 5053 1718 5108 prm-
1824 5027 2022 5097 siculo.
2053 5027 2287 5092 Viduam.
2320 5027 2434 5109 ejus
2473 5027 2800 5109 benedicens,
2838 5037 3137 5109 benedicens
3162 5055 3178 5091 :
3205 5046 3249 5092 et
3292 5055 3426 5106 pau-

133 5109 280 5184 notat
330 5107 552 5184 Palatio,
573 5123 705 5184 ms,
739 5109 829 5179 qui
858 5118 914 5164 ct
945 5110 1155 5180 justitia
1199 5107 1373 5164 altero
1403 5110 1507 5165 hoc
1537 5107 1717 5176 versu,
1825 5128 1969 5178 peros
1992 5114 2128 5184 ejus.
2154 5118 2260 5184 etc.
2291 5107 2350 5184 In
2382 5109 2750 5184 quenrlocmn
2773 5108 3007 5184 insignis
3022 5107 3118 5184 illa
3142 5119 3233 5184 _e_st_
3257 5109 3426 5184 S._ip—

136 5184 230 5238 Ρτο
251 5181 508 5250 justitiam
540 5179 695 5250 legit.
757 5177 772 5179 “
946 5177 955 5180 ’
1825 5177 2054 5235 Siusmét
2080 5181 2258 5234 Patris
2307 5177 2682 5250 Annotatiojn
2715 5178 3119 5250 Quaestionilms
3142 5178 3426 5250 Hebraicis

205 5255 226 5281 τ
255 5247 422 5304 Obelo
469 5247 677 5307 temere
725 5251 1122 5321 prtetermisso,
1164 5249 1388 5321 precl‘ert
1415 5251 1557 5306 idem
1609 5265 1712 5304 ms.
1828 5253 1878 5305 in
1907 5252 2165 5321 Genesim
2194 5262 2322 5321 t-ap._
2349 5265 2494 5321 xciv,
2524 5263 2576 5300 v.
2603 5247 2674 5321 ﬁll
2712 5265 2724 5298 :
2764 5247 2883 5321 Ubi,
2926 5247 3123 5321 inquit,
3157 5251 3318 5303 nostri
3353 5248 3430 5321 lc-

138 5325 178 5393 t_.‘t
209 5332 308 5393 non
341 5316 741 5391 fustrauiteum.
765 5322 874 5378 Sed
901 5333 956 5377 et
981 5316 1391 5392 Gracci'aliquot
1421 5323 1541 5377 libri
1571 5324 1726 5378 αὐτὸν
1827 5332 1974 5393 gunt,
2005 5320 2233 5393 Viduam
2259 5319 2394 5393 ejus
2444 5316 2778 5393 benedicens
2817 5317 3137 5372 benedicam
3181 5320 3320 5390 (licet
3373 5320 3428 5371 in

145 5385 377 5465 habent:
406 5394 457 5448 in
503 5394 748 5449 Palatino
789 5405 968 5450 autem
1015 5385 1294 5464 [rustraoit'
1329 5395 1584 5464 sequiore
1633 5409 1731 5448 rc-
1827 5385 2084 5465 plerisque
2105 5385 2388 5465 codicibus,
2412 5386 2855 5465 pro_\-'_itlua,_ltoc
2881 5397 2955 5442 est
2985 5405 3076 5453 pro
3100 5385 3270 5465 χήρᾳ,
3284 5407 3433 5465 liore-

146 5458 394 5532 scriptum
419 5475 500 5520 est
531 5480 717 5520 manu.
1015 5455 1027 5464 ’
1410 5455 1422 5464 ’
1831 5455 1963 5516 nulli
1987 5455 2158 5532 legant
2181 5460 2381 5532 θήρᾳν),
2405 5455 2459 5532 in
2481 5455 2702 5532 Ilebrtco
2729 5458 2879 5511 habet
2908 5473 3062 5532 suos,
3092 5455 3146 5513 id
3175 5455 3248 5513 ea
3277 5459 3435 5514 Ciba-

213 5528 235 5563 ά
269 5531 723 5592 Pronuntiationis
766 5536 1121 5592 tribuendum
1167 5542 1250 5591 est
1287 5535 1421 5591 vitio
1457 5535 1602 5606 quod
1642 5550 1723 5599 ea,
1833 5535 1911 5588 ria
1943 5528 2060 5606 ejus
2093 5528 2418 5606 benedicens
2451 5529 2786 5606 benedicam,
2821 5541 2928 5606 etc.
2970 5529 3179 5584 Videsis
3222 5538 3428 5606 etqtuc

151 5610 240 5664 pro
260 5619 367 5656 eam
393 5606 471 5662 bis
497 5607 602 5662 hoc
623 5621 788 5662 versu
825 5606 880 5662 in
905 5607 1207 5664 Veronensi
1235 5608 1423 5663 codice
1451 5598 1726 5668 scribitur,
1837 5619 1936 5659 nos
1975 5603 2028 5656 in
2059 5615 2184 5655 eum
2226 5599 2404 5653 locum
2449 5598 2820 5653 observamus.
2855 5599 3079 5653 Demum
3127 5601 3434 5668 penultimo

154 5679 206 5721 ut
233 5682 284 5727 et
322 5690 443 5748 mox,
472 5677 830 5745 lntroivimus,
865 5688 919 5734 et
949 5680 1306 5746 adoravimus,
1340 5694 1438 5748 pro
1478 5675 1734 5748 Intran'bi-
1839 5688 2022 5748 versu.
2052 5670 2134 5725 Ibi
2164 5669 2422 5726 suscitabo
2442 5668 2600 5726 unice
2622 5671 2813 5727 iterum
2839 5684 2964 5726 cum
2995 5673 3298 5742 Augustino
3331 5689 3434 5730 ms.

155 5757 277 5810 mus,
309 5755 360 5821 et
378 5747 731 5821 adorabimtts.
761 5751 986 5806 Caetera:
1009 5750 1312 5821 peculiares
1336 5745 1438 5819 ipsi
1470 5746 1735 5803 lectiones
1843 5745 2087 5815 praefert.

156 5825 288 5887 sunt,
319 5818 372 5872 in
396 5819 586 5893 locum,
617 5821 704 5878 ubi
729 5818 1170 5892 steteru’nt,'etc.;
1198 5829 1254 5878 et
1281 5818 1430 5891 mox,
1456 5829 1511 5874 tu
1539 5826 1586 5873 et
1611 5833 1738 5873 arca
2069 5843 2084 5858 ο
