3918 6192
483 313 590 391 sit

557 447 870 506 Sacerdotes
917 445 1028 516 ejus
1065 436 1283 493 induam
1329 429 1552 520 salutari
1598 443 1617 482 :

493 542 835 599 exsultatione
859 530 1210 590 exsultabunt.

567 641 596 672 ι
625 631 764 687 Illuc
810 628 1090 697 producam
1140 633 1299 676 cornu
1352 615 1524 672 David
1553 631 1570 670 :
1601 615 1780 687 paravi
1823 614 2089 668 lucernam

499 727 688 782 christo
719 737 850 776 meo.

568 796 818 850 Inimicos
844 795 958 865 ejus
1005 787 1223 842 induam
1277 783 1582 854 confusione
1636 797 1656 837 :

496 898 673 945 autem
701 885 953 957 efﬂorebit
983 879 1331 949 sanctiﬁcatio
1353 893 1488 934 mea.

1707 794 1865 852 super
1918 779 2090 850 ipsum

1493 312 1554 369 S.
1595 302 1981 367 HIERONYMI
2018 298 2250 358 DIVINA
2291 291 2770 352 BIBLIOTlIECA.
3675 277 3766 338 372

1664 433 1709 480 et
1759 423 1924 479 sancti
1973 421 2086 495 ejus
2113 420 2169 480 Α
2261 410 2591 467 Sacerdotes
2627 408 2746 478 ejus
2791 404 3014 462 induam
3055 403 3292 460 salutare
3323 400 3455 474 [υς.
3491 394 3765 468 salutari]:

2196 514 2250 560 ct
2281 503 2454 559 sancti
2475 503 2591 572 ejus
2623 499 2994 556 eXsultatione
3023 496 3397 551 exsultabunt.

2266 597 2383 652 Illic
2435 595 2729 666 producam
2772 607 2944 648 cornu
3000 589 3168 644 David
3216 605 3229 641 :
3279 585 3468 658 paravi
3515 583 3772 639 lucernam

2196 689 2405 744 cbristo
2433 701 2579 742 meo.

2271 781 2527 837 Inimicos
2555 778 2675 849 ejus
2716 775 2936 832 induam
2966 771 3344 829 confusionem
3371 785 3388 825 :
3417 782 3586 838 super
3619 765 3776 838 ipsum

2208 885 2390 931 autem
2422 874 2638 931 ﬂorebit
2664 869 3022 928 sanctiﬁcatio
3053 882 3194 922 mea.

1823 965 2138 1026 PSALMUS
2176 966 2442 1026 CXXXII.

784 1081 1052 1127 curtcuu
1092 1079 1376 1130 cnsnuuu,
1408 1060 1436 1102 δ
1478 1067 1545 1132 >σ<
1585 1077 1746 1117 unus
1784 1060 1804 1129 ζ

573 1164 704 1222 Ecce
730 1179 882 1236 quant
905 1161 1088 1215 bonum
1117 1170 1165 1213 et
1189 1172 1345 1230 quant
1356 1153 1652 1227 jucundum
1674 1197 1690 1223 ,
1732 1153 1966 1208 habitare
1988 1153 2101 1224 frag

501 1273 602 1319 tres
633 1265 685 1317 in
716 1278 897 1317 unum.

575 1356 724 1409 Sicut
750 1361 1065 1426 unguentum
1082 1349 1134 1406 in
1149 1347 1315 1421 capite
1335 1348 1474 1420 quod
1501 1346 1759 1403 descendit
1785 1347 1840 1401 in
1864 1345 2096 1413 barbam,

504 1448 710 1504 barbam
738 1447 934 1503 Aaron.

578 1542 734 1612 Quod
759 1540 1022 1598 descendit
1066 1540 1121 1594 in
1166 1549 1190 1579 ι
1232 1554 1378 1594 oram
1426 1536 1710 1592 vestimenti
1755 1537 1912 1609 ejus:
1970 1534 2102 1590 sicut

504 1651 590 1691 ros
623 1632 854 1688 Hermon
885 1674 899 1697 ,
923 1633 1015 1703 qui
1041 1630 1304 1686 descendit
1334 1629 1389 1684 in
1419 1638 1644 1683 montem
1673 1626 1824 1684 Sion.

582 1728 840 1798 Quoniam
871 1727 981 1781 illic
1028 1723 1287 1778 mandavit
1323 1722 1573 1778 Dominus
1601 1719 2003 1778 benedictionem
2030 1735 2047 1773 :
2075 1716 2104 1757 ἀ

513 1835 568 1876 -t~
608 1831 654 1876 et
686 1819 708 1889 ζ
733 1817 889 1874 vitam
916 1833 1076 1888 usque
1102 1817 1154 1870 in
1183 1815 1450 1871 stcculum.

2677 1071 2950 1113 CANTICUII
2989 1065 3259 1110 GBADUUI.
3297 1050 3314 1089 ῐ

2277 1153 2417 1211 Ecce
2457 1167 2620 1224 quam
2663 1151 2864 1206 bonum
2903 1159 2958 1203 et
2985 1162 3145 1219 quam
3188 1142 3519 1217 jucundum,
3552 1138 3782 1196 habitare

2203 1246 2400 1302 fratres
2434 1247 2486 1302 in
2514 1259 2706 1300 unum.

2275 1339 2432 1397 Sicut
2458 1347 2796 1410 unguentum
2827 1330 2880 1392 in
2907 1305 3087 1406 capite
3107 1330 3253 1406 quod
3283 1325 3574 1387 descendit
3598 1327 3651 1382 in
3672 1324 3782 1380 bar-

2204 1431 2354 1500 bam,
2384 1431 2611 1488 barbam
2641 1431 2850 1485 Aaron.

2281 1524 2436 1594 Quod
2473 1523 2756 1579 descendit
2807 1524 2858 1577 in
2899 1536 3050 1577 oram
3090 1513 3402 1574 vestimenti
3447 1511 3605 1583 ejus:
3655 1509 3785 1565 sicut

2209 1633 2302 1675 ros
2332 1618 2593 1685 Hermon,
2628 1615 2719 1686 qui
2748 1613 3036 1671 descendit
3063 1612 3118 1667 in
3145 1619 3384 1665 montem
3409 1603 3572 1662 Sion.

2285 1711 2548 1780 Quoniam
2579 1707 2690 1764 illic
2722 1703 2999 1764 mandavit
3030 1704 3295 1763 Dominus
3325 1695 3785 1758 benedictionem:

2139 1812 2182 1872 Β
2211 1811 2265 1860 et
2295 1803 2460 1858 vitam
2489 1817 2657 1874 usque
2681 1802 2735 1858 iu
2763 1800 3047 1857 sacculum.

1834 1889 2152 1960 PSALMUS
2190 1893 2479 1954 CXXXIII.

1010 2014 1282 2057 CANTICUM
1323 2012 1592 2057 GRADUUII.

586 2097 720 2153 Ecce
749 2104 774 2134 ⁸
811 2109 873 2152 σι-
904 2110 1040 2150 nunc
1070 2093 1093 2164 ζ
1121 2093 1399 2150 benedicite
1422 2090 1734 2157 Dominum,
1765 2104 1940 2144 omnes
1975 2080 2106 2143 servi

513 2187 744 2245 Dontini.
1601 2231 1618 2239 -

589 2281 689 2346 Qui
707 2281 855 2336 statis
879 2279 933 2336 in
958 2278 1110 2334 domo
1137 2273 1380 2345 Domini,
1418 2289 1480 2332 -ε-
1520 2275 1574 2330 in
1619 2274 1766 2330 atriis
1794 2274 1979 2330 domus
2014 2271 2111 2330 Dei

513 2373 680 2427 nostri
714 2369 736 2440 ζ

588 2463 654 2518 1η
681 2463 915 2518 noctibus
945 2477 1007 2518 -εκ
1046 2478 1113 2517 ea:
1143 2460 1166 2531 ζ
1193 2459 1357 2533 tollite
1383 2476 1567 2516 manus
1593 2470 1788 2516 uestras
1807 2459 1863 2514 in
1888 2466 2067 2514 sancta
2090 2471 2112 2513 :

515 2567 562 2614 et
591 2558 868 2613 benedicite
896 2553 1202 2610 Dominum.

588 2647 866 2704 Benedicat
898 2655 947 2704 te
973 2644 1230 2705 Dominus
1257 2661 1324 2703 ea:
1349 2645 1481 2705 Sion
1509 2662 1529 2702 .°
1555 2646 1644 2719 qui
1685 2645 1803 2719 fecit
1833 2643 2016 2702 caelum
2065 2651 2113 2700 et

519 2752 732 2800 terram.

2710 1998 2978 2041 CANTICUI
3017 1994 3297 2038 GRADUUI.
3351 2033 3355 2035 _

2283 2079 2428 2138 Ecce
2478 2093 2626 2135 nunc
2673 2077 2983 2135 benedicite
3035 2073 3394 2139 Doutinum,,
3425 2083 3620 2126 omnes
3661 2065 3792 2124 servi

2215 2172 2458 2231 Domini.

2283 2267 2387 2335 Qui
2431 2266 2589 2322 statis
2625 2259 2680 2320 in
2712 2257 2877 2320 domo
2907 2257 3149 2328 Domini,
3192 2257 3246 2315 in
3275 2252 3438 2314 atriis
3484 2253 3674 2312 domus
3705 2249 3794 2310 Dei

2215 2360 2415 2418 nostri.

2287 2452 2345 2507 In
2381 2450 2632 2507 noctibus
2653 2447 2901 2506 extollite
2931 2460 3126 2503 manus
3153 2452 3364 2501 vestras
3392 2439 3450 2500 in
3493 2448 3676 2498 sancta
3704 2453 3720 2493 :
3749 2443 3801 2493 et

2221 2543 2535 2603 benedicite
2570 2541 2882 2600 Dominum.

2294 2637 2591 2694 Benedicat
2632 2645 2687 2694 te
2717 2636 2980 2693 Dominus
3011 2649 3076 2690 cx
3117 2629 3250 2691 Sion
3281 2647 3296 2688 :
3327 2629 3421 2705 qui
3451 2627 3582 2687 fecit
3610 2625 3798 2684 malum

2220 2741 2275 2788 et
2306 2739 2532 2787 terram.

1835 2841 2153 2906 PSALMUS
2190 2844 2478 2905 CXXXIV.

1181 2949 1465 2991 ALLELUM.

590 3028 827 3084 Laudate
861 3043 1047 3084 nomen
1076 3026 1290 3084 Domini
1313 3045 1331 3083 :
1359 3027 1590 3098 laudate,
1621 3029 1776 3098 servi,
1807 3020 2113 3091 Dominum.

596 3122 699 3189 Qni
722 3121 869 3176 statis
917 3123 971 3176 in
1008 3121 1159 3178 domo
1215 3119 1540 3190 Domini,in
1590 3123 1738 3178 atriis
1787 3123 1971 3180 domus
2019 3124 2118 3182 Dei

523 3215 706 3271 nostri.

599 3303 834 3360 Laudate
877 3301 1189 3375 Dominum,
1236 3306 1360 3378 quia
1401 3308 1562 3364 bonus
1588 3307 1882 3366 Dominus:
1911 3309 2121 3383 psallite

527 3399 724 3454 nomint
753 3400 897 3470 ejus,
926 3398 1168 3469 quoniam
1197 3415 1368 3455 suave.

538 3532 540 3535 τ
603 3491 860 3558 Quoniam
888 3487 1053 3546 Jacob
1079 3489 1230 3566 elegit
1268 3493 1363 3547 sibi
1395 3491 1650 3550 Dominus
1679 3509 1696 3548 :
1725 3492 1895 3550 Israel
1919 3495 1973 3550 in
2001 3513 2123 3568 pos-

528 3583 804 3640 sessionem
830 3581 947 3638 sibi.

605 3675 743 3744 Quia
768 3691 863 3748 ego
888 3675 1104 3748 cognovi
1141 3675 1281 3746 quod
1309 3692 1529 3748 magnus
1559 3691 1619 3734 σεε
1648 3687 1724 3735 est
1758 3679 1779 3750 ζ
1813 3677 2070 3736 Dominus
2101 3698 2119 3737 :

528 3779 578 3825 et
603 3765 747 3824 Deus
771 3781 944 3824 noster
965 3786 1077 3840 pra:
1099 3769 1334 3824 omnibus
1354 3770 1474 3823 diis.

607 3863 794 3918 Omnia
831 3880 948 3935 qua:
977 3877 1038 3919 σι-
1067 3879 1284 3935 cumque
1326 3865 1348 3935 ζ
1383 3863 1540 3918 voluit
1584 3861 1867 3936 Dominus,
1910 3867 2028 3937 fecit
2068 3867 2122 3922 in

530 3955 656 4012 ctelo
684 3965 731 4009 et
757 3955 810 4010 in
842 3964 978 4010 terra
1008 3971 1026 4011 :
1051 3955 1106 4010 in
1136 3956 1296 4021 mari,
1331 3967 1377 4010 et
1408 3956 1462 4010 in
1493 3957 1726 4011 omnibus
1757 3958 1975 4030 nbyssis.

603 4049 846 4105 Educens
888 4049 1043 4105 nubes
1084 4050 1146 4105 ab
1186 4061 1415 4105 extremo
1460 4058 1613 4106 term
1639 4067 1658 4108 :
1689 4050 1897 4124 fulgura
1924 4053 1975 4107 in
2004 4052 2123 4124 plu-

533 4139 669 4198 uiam
698 4142 840 4214 fecit.

606 4237 706 4305 Qui
734 4236 972 4311 producit
1002 4245 1172 4291 ventos
1198 4237 1263 4291 de
1290 4235 1542 4298 thesauris
1569 4241 1676 4295 suis
1707 4257 1726 4296 :
1752 4242 1838 4313 qui
1869 4247 2124 4316 percussit

529 4331 871 4404 primogenita
911 4328 1133 4401 [Egypti
1159 4329 1223 4386 ab
1250 4332 1454 4387 homine
1486 4349 1643 4405 usque
1671 4333 1739 4388 ad
1771 4352 1940 4407 pecus.

606 4439 667 4479 οξ-
687 4422 792 4493 Et:
824 4423 962 4478 misit
988 4423 1138 4494 signa
1155 4432 1202 4478 et
1223 4423 1462 4496 prodigia
1475 4424 1526 4478 in
1542 4424 1818 4495 mediotui,
1843 4427 2078 4502 Egypte
2101 4447 2120 4485 :

528 4519 582 4573 in
616 4516 966 4584 Pharaonem,
997 4525 1048 4571 et
1077 4517 1130 4571 in
1156 4533 1329 4571 omnes
1351 4533 1523 4573 servos
1553 4521 1684 4590 ejus.

599 4635 881 4706 ‘chuior
930 4633 1018 4692 hic
1063 4649 1252 4691 manus
1300 4635 1578 4708 rescripsit
1630 4633 1750 4693 Illic
1804 4655 1900 4708 pro
1954 4636 2115 4697 Illuc.

528 4709 608 4765 De
635 4723 785 4782 more
827 4715 1005 4763 autem
1036 4707 1380 4777 subsequeuti
1417 4723 1577 4765 versu
1625 4707 1935 4782 pra:p0$ili0
1965 4712 2118 4770 verbi

531 4779 780 4852 ef/lorebit
810 4783 1142 4852 praenotatur
1167 4793 1320 4852 veru.

603 4849 630 4890 δ
662 4853 794 4933 tjum
815 4848 1076 4933 asterisci
1102 4859 1229 4905 nota
1260 4850 1434 4922 ipsum
1458 4851 1626 4906 David
1651 4867 1850 4909 nomen
1883 4853 2114 4911 Palatio.

531 4938 635 4978 ms.
666 4931 894 4992 ignorat.

605 5003 628 5033 ο
662 4994 888 5048 Palatin.
923 5009 1026 5048 ms.
1053 4993 1107 5050 in
1146 5010 1267 5060 ora,
1299 4993 1752 5064 quemadmodum
1779 5005 1830 5052 et
1872 4995 1927 5051 in
1949 4995 2119 5054 Vero-

533 5064 687 5150 nensi
712 5064 946 5150 diximus
970 5065 1096 5150 legi.
1115 5065 1296 5150 Neque
1325 5064 1431 5150 hoc
1446 5075 1626 5150 tamen
1650 5066 1855 5150 librarii
1880 5067 2117 5150 tribuen-

529 5137 657 5190 dum
689 5145 770 5191 est
795 5135 924 5189 vitio
957 5155 967 5188 :
1006 5135 1223 5193 tametsi
1248 5137 1389 5206 quod
1419 5138 1472 5193 in
1502 5136 1695 5194 Grmco
1722 5137 1950 5194 habetur
1975 5135 2077 5206 ᾧαν
2101 5181 2115 5205 ,

530 5218 716 5290 estque
758 5215 872 5290 τρξς
896 5205 1035 5290 L_XX
1077 5197 1346 5276 peculiare
1378 5208 1619 5290 _I_tic_loci
1660 5197 2011 5290 vocabulum,
2050 5197 2120 5268 ab

529 5280 640 5332 oris
670 5280 1063 5348 signiﬁcatione
1093 5296 1314 5351 prorsus
1341 5282 1595 5348 abludat,
1623 5296 1686 5336 ac
1719 5283 1938 5351 pr0prie
1970 5293 2121 5338 notet

529 5365 816 5432 escarum
837 5365 1004 5432 sensu
1036 5353 1300 5432 [imbrium
1325 5395 1339 5418 ,
1385 5353 2020 5432 siveoramyestimenti
2050 5368 2119 5410 ex

527 5423 683 5476 ovina
718 5420 875 5490 pelle.
900 5422 1054 5488 Quod
1079 5423 1221 5478 enim
1255 5425 1560 5480 econtrariu
1583 5433 1667 5479 est
1695 5423 1744 5478 in
1777 5423 2002 5480 Hebraeo
2024 5433 2118 5490 ’9,

527 5515 639 5596 sine
668 5522 864 5596 unum
896 5499 1085 5581 ’ΣΞ-ἣν,
1115 5532 1170 5569 os
1201 5519 1632 5596 propriesonat,
1666 5518 1850 5596 idest,
1879 5536 2035 5596 super
2064 5535 2121 5596 os

529 5584 706 5666 (alaris
727 5588 840 5666 ejus
882 5602 901 5639 :
954 5584 1274 5666 u-t__s;uperiu
1305 5584 1615 5666 Scriptor-is
1658 5589 1726 5666 de
1780 5584 2113 5666 vestimentis

528 5652 779 5733 dicatur}
817 5655 932 5725 ipso
979 5657 1307 5733 Hieronymo
1338 5652 1626 5728 interprete
1672 5662 1724 5714 in
1752 5660 1912 5728 epist.
1943 5659 2013 5714 64
2043 5661 2110 5716 ad

527 5720 803 5778 Fabiolam
839 5720 996 5797 num.
1037 5729 1092 5792 4,
1125 5720 1627 5795 superiorem-eam
1656 5720 1864 5797 partem
1911 5735 2112 5786 tunicas

520 5802 668 5848 notat
689 5831 702 5857 ,
732 5810 832 5860 qua
862 5795 998 5848 collo
1013 5797 1272 5862 induitur,
1296 5808 1494 5866 aperta,
1518 5795 1830 5869 qnodonlgo
1859 5803 2109 5868 capitium

2769 2970 2774 2974 '
2873 2954 3157 2997 ALLELUIA.

2292 3035 2532 3094 Laudate
2546 3048 2742 3092 nomen
2767 3033 2984 3090 Domini
3009 3049 3025 3093 :
3049 3030 3288 3101 laudate,
3313 3031 3807 3098 sert'i,Dominum.

2295 3129 2398 3198 Qui
2439 3129 2598 3185 statis
2642 3129 2698 3185 in
2729 3127 2893 3184 domo
2923 3125 3158 3195 Domini,
3193 3125 3244 3179 in
3295 3124 3448 3180 atriis
3484 3123 3691 3180 domus
3723 3123 3811 3179 Dei

2223 3221 2424 3279 nostri.
3477 3268 3483 3274 ,

2297 3315 2540 3373 Laudate
2577 3315 2904 3383 Dominum,
2935 3303 3189 3385 Quoniam
3224 3321 3248 3361 8
3282 3309 3548 3382 benignus
3584 3317 3671 3367 est
3713 3308 3814 3363 Do-

2226 3409 2409 3481 minus
2443 3427 2456 3462 :
2487 3407 2705 3479 psallite
2743 3406 2945 3462 nomini
3006 3405 3150 3475 ejus,
3178 3405 3436 3476 quoniam
3477 3400 3672 3458 suavis
3717 3409 3814 3456 est.

2294 3503 2558 3574 Quoniam
2587 3501 2756 3558 Jacob
2782 3499 2943 3572 elegit
2970 3499 3070 3556 sibi
3102 3499 3362 3555 Dominus
3393 3513 3409 3553 :
3434 3495 3614 3553 Israel
3633 3499 3686 3552 in
3699 3509 3820 3567 pos-

2222 3600 2528 3656 sessionem
2561 3597 2687 3651 sibi.

2297 3692 2432 3761 Quia
2479 3706 2580 3762 ego
2620 3687 2851 3760 cognovi
2881 3685 3022 3756 quod
3053 3698 3280 3756 magnus
3307 3691 3393 3740 est
3423 3681 3699 3739 Dominus
3729 3697 3743 3734 ι
3771 3685 3822 3735 et

2226 3785 2373 3841 Deus
2403 3792 2588 3838 uoster
2616 3797 2731 3853 pra:
2757 3781 3011 3836 omnibus
3037 3777 3166 3832 diis.

2295 3874 2488 3932 Omnia
2516 3888 2871 3945 quzrcumque
2900 3872 3073 3928 voluit
3099 3869 3377 3936 Dominus,
3414 3867 3548 3923 fecit
3581 3869 3638 3921 in
3665 3863 3822 3929 (telo,

2225 3979 2280 4026 et
2311 3970 2362 4022 in
2395 3977 2561 4030 terra,
2595 3964 2624 4004 ιι
2656 3968 2707 4020 in
2738 3965 2871 4019 mari
2903 3975 2958 4018 et
2990 3963 3043 4016 in
3076 3961 3306 4032 abyssis.

2299 4063 2364 4118 Et
2401 4063 2638 4119 educens
2677 4059 2848 4114 nubes
2887 4056 2958 4113 ab
2995 4055 3252 4112 extremis
3279 4062 3439 4109 terrm
3473 4068 3489 4106 :
3525 4053 3748 4124 fulgura
3775 4048 3826 4104 in

2227 4158 2464 4230 pluviam
2494 4154 2642 4211 fecit.
3066 4213 3070 4218 _

2297 4251 2399 4320 Qui
2446 4248 2693 4322 producit
2735 4254 2928 4302 ventos
2965 4244 3036 4302 de
3078 4241 3352 4300 thesauris
3381 4241 3502 4298 suis
3537 4259 3553 4297 :
3585 4240 3681 4310 qui
3711 4253 3829 4311 per-

2227 4342 2397 4399 cussit
2411 4340 2764 4412 primogenita
2777 4338 3020 4411 Egypti,
3041 4339 3110 4393 ab
3124 4335 3341 4392 homine
3357 4349 3539 4405 usque
3552 4333 3625 4388 ad
3645 4347 3828 4401 pecus.

2301 4435 2446 4490 Misit
2487 4433 2640 4504 signa
2680 4440 2736 4488 et
2774 4430 3015 4502 prodigia
3047 4429 3101 4484 in
3133 4427 3312 4483 medio
3342 4427 3442 4495 tui,
3473 4424 3746 4498 Egypte,
3778 4422 3830 4478 in

2147 4514 2204 4576 D
2227 4526 2588 4592 Pharaonem,
2614 4533 2668 4579 et
2693 4524 2744 4578 in
2772 4536 2961 4578 omnes
2990 4535 3174 4578 servos
3202 4519 3338 4590 ejus.

2226 4652 2407 4698 vocant
2434 4658 2453 4697 :
2479 4650 2733 4711 apertum
2784 4639 2872 4694 illa
2927 4638 3137 4694 scilicet
3159 4678 3197 4711 ,_
3219 4651 3317 4708 per
3342 4650 3506 4706 quam
3548 4643 3726 4711 caput
3756 4633 3835 4711 in-

2225 4715 2458 4778 seritur,
2492 4707 2614 4784 q'uai
2655 4712 2722 4767 ad
2774 4712 2944 4784 instar
2990 4720 3073 4765 est
3119 4707 3271 4776 oris,
3320 4717 3486 4778 atque
3535 4722 3605 4764 os
3667 4707 3837 4778 ipsius

2223 4787 2394 4841 vestis
2420 4781 2678 4855 appellari
2710 4797 2818 4838 non
2851 4781 3370 4855 incongruepotest.

2297 4857 2325 4896 ιι
2349 4849 2657 4912 Maleidem
2687 4869 2790 4910 ms.
2821 4854 2944 4909 sine
2971 4849 3130 4908 obelo
3153 4849 3240 4906 hic
3269 4849 3421 4922 legit.

2300 4936 2326 4997 ξ
2356 4929 2530 4997 Atque
2562 4926 2648 4981 hic
2675 4925 2814 4997 male
2860 4923 3000 4997 idem
3051 4939 3152 4978 ms.
3187 4919 3402 4997 obe‘ltim
3428 4919 3836 4997 praetermittit.

2303 4995 2321 5035 ί
2352 4993 2584 5054 Additur
2611 4997 2665 5052 in
2699 4996 2997 5052 Veronensi
3037 5011 3168 5064 ηιμ,
3200 4993 3296 5066 ipsi
3345 4993 3540 5048 Dauid.
3585 4995 3659 5066 In
3684 5000 3837 5047 textu

2266 5071 2527 5125 enultimo
2559 5083 2718 5124 versu
2753 5067 2949 5137 legitur
2994 5067 3048 5120 in
3089 5064 3225 5137 ora,’
3247 5080 3345 5136 pro
3392 5080 3581 5132 oram;
3629 5064 3702 5120 de
3733 5077 3838 5132 qua

2227 5085 2527 5195 Γριιιιιιιιηυ
2559 5085 2718 5124 versu
2753 5085 2949 5137 tegitur
2994 5085 3048 5120 tn
3089 5085 3200 5127 om,
3247 5085 3345 5136 pro
3392 5085 3581 5132 oram;
3629 5085 3702 5120 ue
3733 5085 3838 5132 qua

2246 5141 2463 5196 ectione
2493 5155 2618 5194 mox
2649 5139 2915 5193 dicemus.
2949 5137 3034 5208 Et,
3062 5137 3154 5208 qui
3184 5134 3448 5208 descendit
3474 5151 3650 5204 super
3667 5149 3840 5208 _mon_-

2227 5223 2327 5267 tem
2379 5213 2531 5268 Sion.
2568 5210 2827 5279 Quoniam
2873 5207 3000 5263 mihi
3049 5206 3173 5282 (pro
3212 5207 3304 5276 ibi)
3361 5208 3606 5262 manauit
3655 5206 3837 5262 Domi-

2227 5301 2324 5337 nus
2343 5326 2356 5341 .
2391 5293 2496 5340 etc.

2301 5357 2327 5397 5
2360 5354 2662 5411 Veronens.
2706 5366 2806 5408 Ins.
2840 5351 3082 5422 quoniam
3112 5351 3274 5406 bonus
3318 5348 3608 5422 Dominus.
3661 5349 3838 5422 Atque

2227 5426 2402 5482 altero
2432 5426 2498 5480 ab
2529 5425 2632 5481 hoc
2659 5419 2861 5490 versu,
2886 5423 3143 5488 Quoniam
3175 5438 3266 5491 ego
3303 5421 3546 5491 cognoui.
3580 5419 3838 5492 quoniam

2226 5514 2443 5568 magnus
2469 5497 2744 5563 Dominus,
2767 5507 2815 5548 et
2847 5495 3100 5550 Dominus
3124 5490 3457 5555 nostersuper
3469 5490 3667 5546 omnes
3692 5490 3836 5544 deos.

2291 5565 2318 5604 ιι
2352 5569 2647 5624 Veronens.
2671 5583 2772 5622 ms.
2803 5568 2856 5621 in
2887 5566 3017 5619 mari
3034 5575 3081 5618 et
3108 5566 3160 5618 in
3184 5564 3415 5618 omnibus
3438 5562 3683 5624 abyssis.
3709 5561 3836 5616 Sus-

2430 5582 2647 5624 ranens.
2671 5583 2772 5622 1118.
2803 5577 2856 5621 in
2887 5577 3016 5619 mari
3034 5577 3081 5618 et
3108 5581 3160 5618 Ill
3184 5577 3415 5618 omnibus
3438 5577 3683 5632 aoyssss.
3709 5577 3840 5616 δυο

2198 5641 2380 5706 ἐὲιαιη
2411 5639 2568 5695 nubes
2593 5639 2657 5694 ab
2683 5647 2908 5694 extremo
2938 5645 3116 5701 teme,
3149 5646 3252 5690 etc.
3285 5634 3386 5706 Qui
3417 5632 3609 5688 eduxit
3638 5642 3838 5692 uentos.

2217 5703 2323 5779 etc.
2343 5727 2357 5777 ;
2388 5711 2640 5777 demum,
2680 5709 2904 5764 Immisit
2939 5709 3123 5779 signa,
3161 5717 3265 5763 etc.
3302 5703 3414 5762 fere
3441 5718 3685 5775 semper
3713 5716 3840 5758 cum

2218 5777 2543 5853 Augustino,
2575 5797 2748 5853 eoque
2779 5777 3134 5850 saepius—uno.
