3918 6192
187 334 281 392 375

1444 327 1647 384 LIBER
1684 326 2127 387 PS.\LMORUM.

3344 337 3449 393 574

256 453 349 521 Qui
372 450 606 525 percussit
643 459 818 524 gentes
846 450 1035 505 inultas
1068 466 1085 505 :
1113 422 1296 505 occidit
1327 462 1469 517 reges
1500 448 1681 517 fortes.
1781 446 1835 507 Α
1929 446 2030 514 Qui
2059 448 2325 519 percussit
2354 448 2849 519 gentesmultaszel
2870 448 3240 520 occiditreges
3258 449 3447 507 fortes.

250 629 406 685 Se/wn
435 645 603 700 regem
634 628 1081 697 Amorrlta’orum,
1112 637 1160 683 et
1191 626 1269 699 09
1295 641 1464 699 regem
1485 622 1681 689 Basan,
1708 635 1755 678 et

183 721 329 775 omnia
356 737 513 792 regna
544 719 821 774 Chanaan.

244 813 299 868 Et
338 815 477 869 dedit
512 826 708 869 terram
751 830 928 870 eorum
970 812 1355 883 Inereditatem,
1404 812 1757 870 ha'reditatem

187 906 326 961 lsrael
352 906 545 979 populo
576 923 692 961 suo.

242 996 469 1062 Domine,
502 1014 687 1051 nomen
717 1007 860 1051 tuum
888 996 939 1049 in
966 1003 1216 1051 aeternum
1245 1012 1265 1052 :
1292 996 1533 1063 Domine,
1561 1013 1758 1053 memo-

189 1092 292 1145 riale
316 1101 456 1144 tuum
486 1092 539 1145 in
567 1090 948 1163 generationem
975 1098 1023 1143 et
1060 1091 1460 1161 generationem.

249 1184 366 1251 Quia
385 1184 647 1256 judicubit
681 1182 936 1237 Dominus
967 1182 1215 1254 pupulum
1240 1200 1388 1238 suunt
1416 1192 1499 1239 :et
1524 1184 1577 1238 in
1601 1185 1758 1239 servis

191 1276 277 1330 suis
305 1275 681 1344 deprecabitur.

248 1367 524 1424 Simulacra
566 1369 795 1441 gentium
830 1372 1099 1439 argentum
1128 1375 1177 1423 et
1227 1384 1431 1436 aurum,
1466 1384 1622 1440 Opera
1650 1385 1761 1425 ma-

194 1479 322 1517 nuum
340 1462 623 1519 hominum.

253 1555 312 1610 0s
338 1555 541 1625 habent,
571 1564 620 1610 et
650 1572 757 1610 non
787 1554 1061 1627 laqueatur
1092 1570 1109 1611 :
1141 1556 1316 1612 oculos
1346 1553 1551 1624 habent,
1583 1564 1630 1612 et
1654 1573 1757 1613 non

197 1646 420 1702 ridebunt.

252 1738 392 1793 Aures
426 1736 634 1807 habent,
666 1749 716 1795 et
746 1755 848 1794 non
877 1738 1088 1796 audient
1117 1755 1136 1796 :
1166 1757 1327 1815 neque
1354 1744 1488 1798 enim
1504 1751 1581 1799 est
1607 1741 1759 1815 spiri-

198 1841 261 1887 tus
284 1833 329 1887 in
357 1849 437 1890 ore
472 1833 723 1906 ipsorum.

1629 2132 1655 2147 υ

255 2206 443 2264 Similes
496 2210 601 2265 illis
631 2211 762 2281 ﬁunt
785 2212 872 2284 qui
899 2211 1097 2283 faciunt
1124 2227 1205 2280 ea,
1239 2219 1267 2250 ι
1301 2225 1361 2268 οε-
1392 2219 1443 2267 et
1469 2227 1645 2268 omnes
1666 2213 1756 2284 qui

197 2301 425 2367 conﬁdunt
454 2303 504 2356 in
548 2304 644 2358 eis.

255 2392 429 2448 Domus
471 2394 656 2464 Israel,
701 2396 983 2453 benedicite
1024 2395 1247 2453 Domino
1290 2414 1308 2452 :
1347 2397 1532 2453 domus
1560 2397 1754 2467 Aaron,

198 2484 440 2542 benedicite
470 2488 711 2543 Domino.

252 2577 426 2633 Domus
461 2579 598 2650 Leri,
631 2580 912 2635 benedicite
946 2576 1164 2633 Domino
1195 2594 1215 2634 :
1245 2577 1333 2650 qui
1360 2578 1550 2635 timetis
1576 2577 1762 2635 Domi-

196 2683 298 2721 num
318 2713 332 2735 ,
360 2670 623 2725 benedicite
653 2669 901 2726 Domino.

255 2760 533 2820 Benedictus
572 2764 826 2820 Dominus
870 2778 934 2819 ea;
975 2762 1105 2820 Sion
1135 2779 1154 2819 :
1178 2762 1267 2835 qui
1297 2761 1494 2818 Italitat
1523 2766 1575 2819 in
1599 2765 1749 2822 Jeru-

193 2850 348 2908 salem.

1932 542 2077 599 Seon
2112 559 2290 613 regem
2318 542 2787 608 Amorrhazorum,
2819 551 2876 597 et
2901 541 2980 613 Og
3011 558 3194 614 regem
3226 543 3401 599 Basan
3435 560 3449 598 :

1857 646 1913 690 et
1938 636 2122 689 omnia
2156 650 2319 706 regna
2349 636 2601 691 Chanaan
2634 634 2662 673 ι)
2692 636 2911 691 occidit.

1932 728 1996 781 Et
2028 728 2177 783 dedit
2208 736 2407 784 terram
2437 744 2626 784 eorum
2660 728 3058 797 limreditatem,
3082 726 3452 785 haereditatem

1861 819 2021 877 Israel
2056 822 2251 892 populo
2292 837 2412 877 suo.

1930 914 2179 980 Domine,
2218 929 2414 970 nomen
2457 923 2605 968 tuum
2630 913 2681 969 in
2712 921 2975 968 aeternum
3010 929 3023 966 :
3059 912 3306 981 Domine,
3340 925 3457 968 me-

1859 1006 2083 1063 moriale
2116 1015 2264 1061 tuum
2298 1008 2349 1061 in
2382 1007 2641 1062 stecnlum
2674 1004 2881 1061 smeuli.

1930 1100 2064 1168 Quia
2092 1099 2356 1169 judicabit
2388 1098 2648 1154 Dominus
2677 1098 2937 1169 populum
2964 1111 3120 1151 suum
3146 1113 3157 1150 :
3184 1106 3239 1151 et
3265 1094 3317 1150 in
3342 1109 3457 1150 ser-

1859 1190 1940 1249 vis
1969 1191 2080 1245 suis
2108 1190 2499 1245 coxisolabitur.
3118 1198 3133 1214 ·

1930 1281 2232 1339 Simulacra
2282 1281 2525 1353 gentium
2571 1288 2857 1353 argentum
2906 1288 2964 1336 et
3008 1293 3240 1347 aurum,
3290 1291 3456 1349 opera

1860 1390 2116 1431 manuum
2158 1366 2459 1429 hominum.

1932 1469 2005 1525 Os
2051 1470 2272 1535 habent,
2318 1478 2374 1525 et
2415 1482 2523 1525 non
2554 1468 2846 1541 loquentur
2878 1484 2891 1524 :
2920 1465 3109 1525 oculos
3137 1465 3374 1535 habent,
3403 1473 3458 1522 et

1861 1580 1967 1622 non
1996 1564 2269 1621 videbunt.

1931 1658 2106 1713 Aures
2132 1656 2361 1721 habent,
2389 1663 2444 1711 et
2470 1668 2578 1711 non
2605 1654 2827 1712 audient
2853 1670 2869 1710 :
2905 1664 2926 1693 ο
2960 1666 3123 1710 nares
3152 1651 3381 1723 habent,
3405 1660 3463 1710 et

1863 1763 1971 1805 non
2002 1747 2329 1804 odorabunt.

1788 1826 1836 1896 B
1938 1842 2123 1897 Manus
2164 1840 2384 1909 habent,
2428 1847 2485 1898 et
2524 1853 2631 1897 non
2660 1837 2957 1911 palpabunt
2991 1854 3003 1891 :
3039 1835 3206 1907 pedes
3234 1834 3460 1905 habent,

1864 1941 1921 1990 et
1947 1947 2054 1988 non
2088 1931 2464 1987 ambulabunt.

1933 2026 2052 2083 Non
2097 2026 2410 2083 clamabunt
2452 2026 2506 2083 in
2547 2034 2769 2100 gutture
2808 2038 2908 2082 suo
2941 2041 2957 2082 :
2988 2036 3169 2096 neque
3203 2021 3350 2080 enim
3378 2030 3465 2079 est

1862 2122 2086 2191 spiritus
2116 2120 2171 2176 in
2202 2136 2297 2176 ore
2330 2122 2592 2189 ipsorum.

1932 2214 2153 2271 Similes
2183 2214 2291 2271 illis
2318 2214 2448 2269 [iant
2471 2214 2563 2285 qui
2593 2211 2795 2269 faciunt
2818 2224 2903 2279 ea,
2928 2217 2985 2267 et
3006 2222 3196 2266 omnes
3220 2207 3312 2279 qui
3333 2221 3463 2265 con-

1862 2306 2035 2363 ﬁdunt
2064 2307 2115 2361 in
2146 2306 2247 2362 eis.

1935 2400 2137 2456 Domus
2158 2398 2343 2463 Israel,
2366 2394 2673 2452 benedicite
2696 2394 2988 2450 Dominum
3013 2409 3025 2446 :
3046 2392 3239 2447 domus
3255 2388 3459 2457 Aaron,

1864 2492 2174 2548 benedicite
2216 2489 2506 2544 Dominum
2554 2502 2568 2541 :
2614 2485 2810 2542 domus
2838 2485 2991 2552 Levi,
3020 2482 3325 2539 benedicite
3356 2482 3463 2537 Do-

1864 2602 2094 2643 mtuum.

1934 2676 2039 2745 Qui
2073 2674 2275 2730 timetis
2314 2671 2625 2737 Dominum,
2651 2668 2960 2727 benedicite
2992 2665 3281 2721 Dominum
3312 2682 3328 2722 :
3360 2664 3460 2721 be-

1860 2770 2109 2827 nedictus
2160 2768 2423 2824 Dominus
2467 2781 2539 2823 ex
2588 2763 2870 2835 Sion,qui
2927 2759 3137 2817 habitat
3183 2759 3240 2816 in
3301 2757 3462 2815 Jeru-

1854 2864 2049 2919 salem.

1478 2946 1798 3008 PSALMUS
1833 2951 2101 3009 CXXXV.

806 3055 1094 3095 ALLELUIA.
1780 3051 1825 3113 α

256 3128 556 3199 Conﬁtemini
596 3130 845 3199 Domino,
890 3128 1135 3201 quoniam
1177 3132 1339 3189 bonus
1370 3149 1389 3189 :
1418 3134 1667 3204 quoniam
1702 3135 1757 3189 in

195 3230 409 3278 icternutn
435 3225 785 3280 misericordia
814 3228 946 3296 ejus.

256 3317 552 3389 Coa/itemini
582 3319 692 3375 Deo
722 3318 935 3374 deorum
966 3334 984 3371 :
1013 3318 1255 3389 quoniam
1294 3320 1348 3376 in
1376 3328 1628 3378 ceternum
1656 3321 1755 3375 mi.

194 3410 445 3465 scricordia
474 3416 602 3485 ejus.
1596 3400 1599 3401 ν

257 3500 561 3569 Conﬁtemini
594 3504 816 3557 Domino
844 3501 1173 3557 dominorum
1204 3519 1222 3556 :
1252 3504 1495 3574 quoniam
1522 3505 1576 3559 in
1604 3515 1755 3560 ceter-

196 3609 301 3646 num
329 3598 668 3651 misericordia
696 3600 832 3669 ejus.

259 3688 350 3752 Qui
383 3691 497 3758 facit
532 3688 793 3742 mirabilia
828 3704 1019 3758 magna
1046 3692 1189 3743 solus
1218 3704 1237 3743 :
1264 3687 1508 3757 quoniam
1536 3689 1591 3743 in
1616 3696 1765 3743 ceter-

193 3796 301 3831 nnm
329 3782 673 3835 misericordia
696 3783 832 3855 ejus.

258 3875 354 3939 Qui
389 3875 499 3946 fecit
538 3874 693 3930 cwlos
732 3875 787 3928 in
818 3871 1080 3930 intellectu
1112 3889 1130 3928 :
1158 3874 1404 3942 quoniam
1433 3874 1486 3929 in
1515 3882 1766 3930 teternum

193 3965 522 4020 misericordia
544 3971 679 4042 ejus.

257 4058 349 4125 Qui
386 4061 598 4129 ﬁrmavit
628 4072 817 4115 (errant
844 4078 1001 4130 super
1027 4078 1187 4133 aquas
1218 4079 1237 4116 :
1260 4062 1505 4129 quoniam
1536 4064 1588 4116 in
1614 4072 1764 4118 arter-

194 4166 301 4204 nnm
321 4155 663 4210 misericordia
686 4158 823 4228 ejus.

257 4246 354 4310 Qui
391 4248 499 4318 fecit
543 4248 828 4303 luminaria
866 4266 1054 4321 magna
1092 4253 1385 4322 :quoniam
1425 4250 1479 4305 in
1519 4258 1770 4307 aeternum

196 4337 522 4399 misericordia
558 4346 697 4417 ejus.

269 4628 287 4654 '
315 4618 414 4677 Nos
438 4623 689 4701 ohelum,
720 4624 813 4701 qui
844 4623 1042 4701 deerat
1052 4634 1235 4701 ante,
1263 4633 1313 4681 et
1344 4625 1594 4701 copulam
1618 4667 1632 4691 ,
1677 4624 1779 4701 ad:
1805 4625 1858 4688 D

209 4704 439 4813 {ponente
474 4694 897 4765 Palatinoﬂmsq
928 4698 995 4753 ad
1027 4698 1238 4754 Hebraei
1265 4704 1446 4753 textus
1476 4698 1635 4753 [idem
1667 4694 1781 4752 suf-

232 4780 431 4813 L‘ClﬂlllS-

232 4780 431 4821 L‘ClmllS.

230 4902 241 4911 ,
269 4832 292 4870 δ
316 4836 544 4911 _\’erhum
583 4839 789 4906 occidit,
835 4840 977 4910 quod
1007 4848 1059 4895 et
1090 4837 1421 4909 Augustinus
1454 4839 1674 4911 videtur
1695 4854 1782 4894 re-

212 4906 430 4975 linuisse,
470 4926 570 4966 ms.
613 4906 917 4966 Veroneris.
968 4922 1126 4966 tacet.
1166 4906 1301 4965 Tum
1348 4911 1511 4980 legit,
1548 4908 1616 4963 Et
1642 4909 1784 4965 dedit

214 4984 377 5031 terram
401 4996 567 5035 eorum
594 4984 649 5037 in
678 4982 1048 5049 licereditatem,
1074 4982 1422 5035 hcereditatem
1454 4980 1619 5035 Israel
1639 4998 1783 5037 servo

212 5060 309 5125 suo.
339 5049 563 5116 Domine,
597 5070 784 5107 nomen
816 5062 957 5106 tuum
986 5056 1037 5107 in
1067 5054 1279 5115 sarcula,
1312 5052 1611 5106 memoriale
1638 5063 1782 5125 tuum

216 5122 584 5195 ingeneralione
610 5134 655 5177 et
683 5127 1086 5194 generationem.
1116 5124 1371 5195 Quoniam
1388 5125 1644 5195 judicavit
1670 5122 1781 5177 Do-

218 5191 365 5245 minus
390 5193 579 5263 plebem
600 5191 771 5258 suam,
796 5206 928 5259 etc.,
955 5195 1281 5249 adamussim
1305 5191 1425 5249 eum
1450 5195 1779 5264 Augustino;

221 5272 311 5335 non
338 5276 502 5319 autem
530 5283 651 5335 quae
685 5268 821 5319 intra
852 5277 978 5321 sunt
1006 5269 1106 5319 tria
1136 5268 1186 5319 in
1218 5268 1438 5320 instanti
1463 5269 1647 5333 verba,
1682 5282 1783 5319 non

223 5329 485 5411 loquuntur,
519 5329 623 5391 n'on
654 5337 845 5411 uident,
878 5354 979 5392 non
1010 5336 1473 5411 audiunt,_t‘0tttra
1503 5329 1659 5407 quam
1686 5352 1786 5411 ste-

226 5407 326 5467 pius
361 5407 563 5463 laudato
604 5408 803 5463 editori
842 5407 1082 5464 notatum
1118 5419 1221 5461 est.
1255 5407 1450 5462 Nolunt
1486 5424 1647 5473 porro
1685 5408 1789 5461 huc

229 5475 395 5548 ascitos
418 5494 535 5533 esse
563 5494 632 5535 ex
664 5480 934 5545 snperiori
971 5479 1181 5533 Psalmn
1203 5495 1330 5534 cxut
1353 5480 1669 5539 versiculos,
1698 5477 1790 5548 qui

232 5546 395 5619 exinde
420 5551 851 5618 subsequuntur;
880 5554 931 5604 iu
958 5549 1153 5619 quibus
1180 5562 1357 5605 tamen
1382 5567 1485 5603 non
1507 5546 1793 5603 contrecta-

234 5612 364 5693 θηηι)
397 5636 486 5687 pro
513 5612 909 5693 palpabunt,et
948 5612 1000 5673 in
1043 5622 1278 5693 faucibus
1309 5622 1437 5683 suis,
1470 5636 1568 5693 pro
1590 5629 1801 5693 gutture

236 5701 308 5761 suo
334 5688 534 5756 legitur.
561 5688 809 5758 Denique
834 5688 1171 5747 iterutu'cuiu
1203 5696 1430 5761 August.
1464 5690 1672 5743 Similes
1696 5688 1801 5742 illis

241 5755 339 5832 limit
369 5777 533 5814 omnes
570 5764 679 5832 qui,
714 5755 849 5825 etc.,
881 5763 932 5816 in
965 5762 1067 5816 fine.
1101 5755 1382 5818 autcm‘de
1410 5778 1509 5818 suo
1542 5760 1803 5815 bencdicat

241 5834 277 5878 te
300 5828 533 5887 Dominus
560 5828 700 5904 {pro
735 5834 1022 5890 benedictus
1056 5832 1330 5889 Dominus.

2514 3054 2799 3096 ALLELUIA.

1932 3136 2278 3195 Conﬁtemini
2320 3134 2585 3203 Domino,
2625 3132 2878 3203 quoniam
2922 3128 3103 3184 bonus
3143 3127 3284 3200 [Με.
3330 3124 3459 3181 add.

1862 3232 1967 3304 est]
1999 3250 2013 3287 :
2046 3231 2302 3302 quoniam
2336 3231 2387 3285 in
2420 3227 2681 3283 saeculum
2714 3222 3084 3281 misericordia
3111 3221 3250 3291 ejus.

1933 3325 2279 3382 Contitemini
2318 3325 2431 3379 Deo
2470 3322 2696 3378 deorum
2742 3336 2756 3374 :
2803 3316 3058 3389 quoniam
3105 3315 3158 3370 in
3202 3312 3463 3371 sacculum

1862 3421 2234 3477 misericordia
2263 3420 2400 3489 ejus.

1937 3513 2284 3570 conﬁtemini
2314 3509 2543 3566 Domino
2573 3506 2922 3563 dominorum
2955 3520 2969 3559 :
2997 3503 3253 3575 quoniam
3283 3501 3337 3557 in
3362 3514 3466 3559 sas-

1868 3609 2048 3664 culum
2080 3606 2453 3663 misericordia
2480 3603 2600 3674 ejus
2629 3622 2639 3655 :

1938 3700 2037 3769 Qui
2077 3698 2202 3754 facit
2241 3698 2507 3753 mirabilia
2550 3708 2741 3765 magna
2767 3693 2917 3750 solus
2951 3710 2961 3745 :
2994 3691 3250 3763 quoniam
3278 3690 3332 3745 in
3358 3704 3466 3746 sai-

1867 3792 2052 3848 culum
2081 3788 2453 3845 misericordia
2484 3787 2625 3857 ejus.

1940 3883 2042 3950 Qui
2086 3880 2109 3918 (ί
2143 3882 2265 3936 fecit
2297 3880 2465 3935 cwlos
2496 3880 2548 3933 in
2579 3876 2856 3933 intellectu
2880 3921 2893 3947 ,
2924 3875 3179 3947 quoniam
3209 3877 3263 3931 in
3293 3890 3471 3932 siccu-

1872 3977 1983 4031 lutu
2015 3972 2388 4029 misericordia
2416 3974 2554 4042 ejus.

1944 4068 2045 4136 Qui
2074 4065 2319 4121 fundavit
2344 4074 2544 4121 terram
2576 4078 2739 4135 super
2770 4076 2937 4134 aquas
2966 4079 2980 4116 :
3009 4062 3265 4133 quoniam
3288 4062 3344 4117 in
3369 4077 3472 4119 sa:-

1872 4160 2054 4216 culum
2090 4157 2460 4214 misericordia
2504 4156 2641 4225 ejus.

1942 4253 2043 4320 Qui
2074 4260 2096 4288 ε
2121 4250 2247 4307 iecit
2275 4250 2559 4306 luminaria
2588 4263 2780 4321 magna
2804 4250 2953 4307 solus
2978 4268 2991 4303 :
3018 4249 3272 4322 quoniam
3296 4248 3348 4304 in
3370 4263 3469 4305 sm-

1872 4345 2051 4401 culum
2082 4342 2454 4399 misericordia
2485 4344 2625 4412 ejus.

1961 4634 1981 4663 ο
2022 4624 2327 4693 Sequentes
2379 4620 2633 4693 versiculi
2681 4620 2790 4676 huc
2834 4618 3080 4693 translati
3131 4613 3341 4693 suntin
3371 4614 3481 4669 Ro-

1886 4711 2047 4751 mano
2079 4684 2343 4769 Psalterio
2368 4736 2382 4759 ,
2413 4709 2477 4747 ex
2510 4692 2717 4769 psalmo
2732 4689 3010 4769 superiori
3052 4704 3178 4769 exiit
3200 4702 3229 4769 _:_
3258 4684 3336 4769 sie
3382 4700 3482 4755 pro

1886 4768 2161 4822 voluntate
2193 4767 2522 4839 scriptorum
2554 4763 2705 4839 pl_ura
2732 4762 2995 4816 habemus
3014 4760 3359 4839 admistionis
3382 4774 3471 4827 ge-

1886 4853 2015 4893 nera
2042 4839 2093 4892 in
2122 4826 2793 4904 veteri'Vulgat:t'Gravca,
2827 4828 3221 4904 atqueLatiua.
3258 4826 3440 4904 Mater.

1956 4907 1981 4945 ἀ
2016 4908 2073 4962 In
2117 4909 2334 4963 instanti
2377 4900 2481 4961 ius.
2529 4904 2825 4959 Veronens.
2853 4902 2942 4971 qui
2973 4902 3117 4971 facit,
3150 4907 3206 4951 ut
3235 4907 3289 4951 et
3318 4900 3476 4964 intra,

1886 4981 2036 5035 caelos
2074 4982 2126 5033 in
2158 4978 2499 5049 intelligentia
2533 4991 2549 5028 :
2578 4990 2700 5049 qua:
2734 4974 3060 5049 Augustino,
3098 4984 3261 5049 quem
3291 4981 3482 5049 auelor

1886 5067 2002 5105 sum
2053 5059 2111 5105 ut
2150 5040 2424 5114 censuras,
2468 5040 2628 5101 lectio
2671 5040 2926 5114 innotuit.
2964 5042 3174 5096 \‘idesis
3205 5051 3257 5093 et
3292 5040 3485 5114 I_lie_ro-

1889 5123 2031 5194 uymi
2079 5123 2359 5194 epistolam
2407 5110 2768 5194 ad_$uit_niam
2802 5123 2863 5194 let
2905 5113 3198 5194 Frctelam.
3230 5112 3318 5181 qui
3350 5110 3487 5194 aite-

1888 5182 2005 5247 rt'tm
2040 5182 2235 5247 nomen
2265 5191 2425 5254 solus,
2452 5186 2538 5239 ubi
2570 5187 2769 5239 dicitur
2795 5184 3073 5237 luminaria
3106 5199 3293 5254 magna
3319 5182 3482 5246 solus,

1889 5264 1956 5318 de
1985 5262 2247 5331 superiori
2277 5257 2548 5329 yersiculo
2590 5254 2868 5320 additum,
2904 5265 3063 5325 atque
3094 5255 3232 5308 adeo
3266 5267 3481 5321 expun-

1889 5331 2327 5405 gendumdocet.
2350 5398 2363 5405 _
2537 5396 2548 5405 .
3000 5363 3010 5375 .

1968 5414 1989 5440 ε
2036 5404 2108 5456 De
2128 5402 2230 5455 hoc
2253 5398 2440 5461 verbo,
2470 5396 2632 5464 solus,
2656 5396 3015 5468 Hieronymus
3037 5393 3288 5468 aiebatad
3311 5392 3484 5449 Suun.

1894 5484 1947 5529 et
1976 5473 2173 5528 Frelel.
2210 5490 2222 5523 :
2271 5469 2453 5523 Dicitis
2494 5470 2613 5539 quia
2646 5470 2697 5521 in
2736 5466 2917 5521 Grch
2944 5466 3273 5539 inveneritis,
3301 5481 3491 5539 magna

1900 5544 2042 5598 solus
2070 5560 2087 5608 ;
2118 5544 2206 5596 sed
2236 5542 2333 5594 hoc
2364 5541 2427 5593 de
2452 5535 2707 5607 superiori
2730 5539 2980 5608 versiculo
3001 5545 3103 5603 est,
3138 5535 3224 5589 ubi
3256 5535 3488 5606 legimus,

1902 5616 1991 5686 qui
2022 5606 2143 5686 facit
2186 5612 2443 5686 mirabilia
2495 5606 2681 5686 magna
2727 5609 2889 5663 solus.
2936 5606 3021 5686 lbi
3064 5623 3183 5686 ergo
3216 5607 3490 5686 legendum

1906 5670 1999 5750 est,
2022 5670 2077 5739 ἐι
2107 5684 2191 5737 hic
2214 5682 2366 5755 quasi
2395 5670 2735 5755 superﬂuum,
2760 5696 2862 5755 non
2894 5670 3241 5755 scribendum:
3265 5670 3349 5730 'lu
3377 5676 3493 5730 edi-

1909 5760 1977 5810 tis
2006 5749 2631 5824 excutplaribusGrmL-is
2659 5769 2741 5824 vet
2760 5751 2908 5824 bunt,
2933 5749 3107 5824 solus,
3142 5750 3355 5824 tegitur,
3385 5758 3491 5800 non

1912 5838 2090 5882 tamen
2124 5819 2180 5881 in
2210 5842 2311 5882 ms.
2340 5821 2915 5881 Sorbonicocditionis
2949 5819 3113 5875 LXX.
3141 5819 3320 5876 Mser.
