3918 6192
503 217 612 276 375

1509 207 1570 266 S.
1613 205 1997 265 HIERONYSII
2037 205 2272 266 DIVINA
2311 205 2794 266 BIBLIOTHECA.

3688 211 3786 273 376

577 339 757 395 Solem
784 337 839 392 in
865 343 1168 408 potestatem
1195 330 1298 386 diei
1325 345 1345 386 :
1371 327 1615 401 quoniam
1645 328 1697 381 in
1727 336 1976 382 interitum
2003 326 2102 380 mi-
2128 328 2180 390 Α
2279 326 2462 383 Solem
2497 327 2554 382 in
2584 332 2853 397 potestate
2882 323 2990 382 diei
3017 342 3032 383 :
3059 326 3314 399 quoniam
3342 326 3396 384 in
3421 327 3678 384 saseulum
3697 330 3788 385 mi-

502 432 784 487 sericordia
820 431 956 500 ejus.

577 525 784 580 Lunam
803 569 818 592 ,
850 533 895 576 et
919 519 1096 575 stellas
1123 519 1177 573 in
1206 524 1508 588 potestatem
1538 515 1703 570 noctis
1734 531 1750 568 :
1778 513 2023 585 quoniam
2052 513 2104 566 in

507 629 756 675 aeternum
783 611 1137 668 misericordia
1165 614 1278 684 ejus
1307 621 1354 665 δ.

580 710 682 776 Qui
723 706 974 779 percussit
1017 703 1304 777 lEgyplum
1332 718 1450 757 cum
1495 700 1851 775 primogenitis
1880 715 2054 754 eorum
2084 715 2106 767 ,-

503 804 749 875 quoniam
774 801 828 853 in
853 809 1102 854 aeternum
1132 795 1487 852 misericordia
1509 799 1641 868 ejus.

579 894 682 960 Qui
728 891 909 945 eduxit
958 888 1132 964 Israel
1169 889 1232 944 de
1272 888 1441 943 medio
1488 902 1666 941 eorum
1709 901 1730 941 :
1763 885 2008 956 quoniam
2052 885 2106 940 in

506 997 759 1043 teternum
785 983 1140 1040 misericordia
1165 985 1301 1055 ejus.

575 1078 645 1133 In
689 1095 848 1133 manu
890 1075 1108 1150 potenti,
1150 1084 1196 1130 et
1239 1073 1448 1129 brachio
1487 1071 1688 1127 excelso
1723 1087 1742 1127 :
1781 1070 2026 1140 quoniam
2050 1071 2105 1126 in

503 1183 752 1231 internum
776 1170 1134 1227 misericordia
1169 1173 1307 1242 ejus.

578 1267 680 1336 Qui
707 1265 878 1320 divisit
907 1280 1052 1320 mare
1078 1263 1313 1318 Rubrum
1340 1262 1396 1316 in
1433 1260 1710 1330 divisiones
1737 1275 1757 1314 :
1781 1258 2029 1332 quoniam
2051 1259 2106 1314 in

501 1371 752 1420 wternum
780 1356 1140 1412 misericordia
1165 1358 1303 1429 ejus.

573 1451 643 1506 Et
671 1451 852 1506 eduxit
877 1447 1046 1504 Israel
1069 1465 1162 1519 per
1181 1448 1411 1502 medium
1437 1451 1548 1515 eius
1576 1462 1594 1500 :
1621 1445 1864 1517 quoniam
1885 1445 1937 1500 in
1957 1453 2109 1501 teter-

501 1559 629 1598 num
657 1540 1015 1596 misericordia
1041 1540 1176 1609 ejus.

577 1635 645 1689 Et
684 1633 910 1688 excussit
955 1630 1285 1685 Pharaonem
1312 1669 1330 1696 ,
1372 1638 1419 1682 et
1458 1629 1696 1684 virtutem
1731 1633 1844 1702 ejus
1893 1631 1947 1683 in
1977 1629 2109 1685 mari

503 1726 686 1781 Rubro
714 1740 734 1779 :
761 1723 1007 1794 quoniam
1036 1723 1091 1775 in
1115 1730 1366 1776 (sternunt
1392 1720 1748 1776 misericordia
1773 1724 1907 1793 ejus.

501 1831 539 1884 ν
579 1818 684 1886 Qui
728 1815 962 1871 traduxit
1008 1813 1261 1885 populum
1289 1829 1442 1866 suum
1468 1811 1496 1851 ιτ
1529 1830 1619 1882 per
1645 1813 1901 1868 desertum
1929 1829 1949 1869 :
1971 1829 2106 1886 quo-

504 1911 650 1966 niam
675 1909 731 1964 in
759 1917 1010 1965 teternum
1045 1905 1403 1961 misericordia
1441 1905 1572 1974 ejus.

584 2190 685 2258 Qui
727 2189 979 2262 percussit
1016 2202 1162 2260 reges
1199 2202 1414 2260 magnos
1453 2200 1473 2241 :
1513 2185 1758 2257 quoniam
1786 2185 1839 2240 in
1861 2195 2111 2241 internum

509 2282 868 2338 misericordia
889 2282 1022 2352 ejus.

577 2379 650 2432 Et
689 2377 875 2433 occidit
902 2389 1046 2447 reges
1085 2371 1243 2444 fortes
1274 2386 1294 2427 :
1319 2370 1564 2444 quoniam
1600 2369 1656 2425 in
1680 2378 1930 2426 retentum
1959 2370 2113 2426 misc-

507 2470 744 2526 ricordia
770 2473 904 2541 ejus.

583 2564 761 2621 Sehou
801 2577 969 2635 regem
1007 2559 1429 2616 Amorrlueorum
1459 2573 1478 2612 :
1505 2557 1749 2630 quoniam
1779 2557 1832 2612 in
1859 2565 2113 2613 (sternam

507 2656 868 2715 misericordia
891 2659 1026 2728 ejus.
1481 2718 1484 2720 γ

584 2751 656 2806 Et
698 2750 777 2822 Og
813 2763 984 2821 regem
1025 2745 1204 2803 Basan
1230 2762 1250 2802 :
1274 2746 1519 2818 quoniam
1560 2745 1614 2800 in
1641 2750 1889 2801 internum
1916 2742 2117 2799 miseri-

513 2845 692 2902 cordia
730 2845 861 2916 ejus.

584 2935 656 2991 Et
685 2936 826 2991 dedit
854 2944 1043 2990 terrant
1068 2949 1245 2989 eorum
1268 2931 1622 2987 Itazreditatem
1642 2944 1663 2985 :
1682 2929 1928 2998 quoniam
1946 2928 2000 2983 in
2019 2941 2118 2982 sa:-

514 3032 692 3084 culum
714 3027 1070 3082 misericordia
1089 3030 1221 3100 ejus.

2206 418 2502 476 sericordia
2541 419 2685 490 ejus.

2279 513 2484 568 Lunam
2515 521 2572 569 et
2610 513 2796 570 stellas
2837 513 2891 567 in
2923 519 3187 584 potestate
3216 511 3390 568 noctis
3420 530 3432 566 :
3462 511 3711 584 quoniam
3740 511 3789 569 in

2207 605 2468 662 steculum
2507 605 2881 662 misericordia
2915 606 3053 673 ejus.

2277 699 2380 767 Qui
2422 699 2693 769 percussit
2734 697 3029 770 Egyptum
3072 712 3194 753 cum
3237 697 3528 770 primitivis
3564 711 3785 755 eorum:

2207 793 2464 863 quoniam
2493 792 2547 847 in
2578 793 2836 848 sarculum
2867 790 3242 846 misericordia
3267 789 3408 860 ejus.

2283 887 2348 942 Et
2376 887 2564 943 eduxit
2594 886 2757 942 lsrael
2787 886 2814 924 ά
2842 887 2909 942 de
2935 886 3118 941 medio
3142 884 3259 955 ejus
3291 899 3308 939 :
3336 884 3590 954 quoniam
3617 883 3672 940 in
3698 900 3786 941 sa:-

2207 980 2392 1036 eulum
2419 979 2795 1036 misericordia
2822 979 2960 1049 ejus.

2279 1072 2338 1127 In
2363 1087 2526 1128 manu
2554 1071 2700 1138 forti,
2721 1081 2776 1127 et
2801 1069 3028 1127 brachio
3052 1068 3268 1126 excelso
3295 1084 3310 1124 :
3339 1068 3590 1140 quoniam
3615 1069 3669 1126 in
3693 1083 3787 1126 saa-

2208 1165 2388 1222 culnm
2420 1165 2799 1222 misericordia
2825 1165 2965 1237 ejus.
3527 1224 3532 1228 ι

2280 1260 2383 1329 Qui
2412 1260 2596 1316 divisit
2632 1276 2786 1318 mare
2816 1261 3056 1317 Rubrum
3090 1260 3144 1315 in
3173 1257 3472 1316 divisiones
3504 1276 3518 1314 :
3549 1257 3789 1330 quoniam

2209 1352 2264 1409 in
2294 1354 2556 1409 sazculum
2584 1353 2958 1411 misericordia
2987 1353 3127 1424 ejus.

2282 1446 2349 1502 Et
2377 1447 2564 1503 eduxit
2589 1447 2751 1504 Israel
2781 1463 2879 1520 per
2902 1446 3139 1504 medium
3165 1445 3286 1519 ejus
3308 1462 3323 1502 :
3345 1446 3593 1518 quoniam
3614 1443 3663 1500 in
3685 1457 3787 1500 sa:-

2211 1540 2393 1596 culum
2423 1541 2798 1598 misericordia
2838 1541 2978 1612 ejus.

2286 1633 2348 1688 Et
2379 1635 2624 1689 excussit
2653 1633 2991 1689 Pharaonem
3019 1640 3074 1688 et
3101 1630 3400 1687 exercitum
3430 1629 3547 1700 ejus
3583 1629 3635 1684 in
3667 1628 3790 1684 mari

2136 1725 2186 1788 B
2211 1723 2397 1782 Rubro
2429 1745 2444 1782 :
2472 1727 2726 1798 queuiam
2755 1726 2812 1782 in
2839 1725 3100 1782 smeulum
3126 1723 3500 1780 misericordia
3526 1723 3661 1793 ejus.

2282 1817 2386 1886 Qui
2417 1819 2724 1875 transduxit
2750 1819 3007 1891 populum
3034 1834 3192 1874 suum
3217 1833 3313 1889 per
3335 1817 3615 1875 desertum
3641 1831 3790 1888 :quo-

2211 1911 2359 1967 niam
2388 1912 2440 1966 in
2468 1912 2728 1968 saeculum
2757 1911 3134 1969 misericordia
3161 1911 3304 1982 ejus.

2285 2006 2388 2074 Qui
2435 2015 2458 2045 ο
2499 2008 2685 2063 eduxit
2723 2022 2918 2079 aquam
2955 2007 3025 2064 de
3063 2015 3216 2080 petra
3245 2006 3396 2079 rupis
3427 2021 3444 2062 :
3475 2004 3717 2078 quoniam
3743 2003 3789 2059 in

2213 2099 2474 2156 saaculum
2505 2099 2882 2156 misericordia
2921 2101 3063 2171 ejus.

2286 2193 2388 2262 Qui
2421 2195 2690 2265 percussit
2717 2209 2873 2266 reges
2897 2208 3122 2267 magnos
3151 2211 3164 2249 :
3191 2193 3454 2266 quoniam
3481 2193 3534 2249 in
3555 2190 3789 2249 smculum

2213 2285 2586 2341 misericordia
2614 2286 2752 2356 ejus.

2287 2377 2355 2432 Et
2380 2376 2580 2433 occidit
2604 2390 2761 2450 reges
2790 2377 3066 2435 mirabiles
3086 2376 3220 2451 [Ms.
3245 2372 3615 2448 admirabiles]
3641 2387 3793 2446 :quo-

2216 2472 2358 2527 niam
2383 2471 2434 2526 in
2458 2471 2717 2528 sarculum
2743 2472 3119 2529 misericordia
3144 2470 3284 2542 ejus.

2287 2562 2434 2620 Seon
2465 2577 2646 2633 regem
2675 2563 3122 2623 Amorrhteorum
3154 2581 3168 2620 :
3197 2563 3461 2636 quoniam
3485 2563 3538 2619 in
3560 2558 3791 2619 sarculum

2216 2655 2590 2712 misericordia
2616 2655 2755 2727 ejus.
3201 2663 3203 2665 ’

2291 2750 2356 2805 Ει
2381 2749 2460 2820 Og
2486 2763 2670 2821 regem
2699 2749 2876 2806 Basan
2910 2767 2922 2805 :
2951 2749 3208 2823 quoniam
3236 2747 3290 2805 in
3315 2748 3579 2806 stcculum
3607 2742 3793 2803 miscri-

2219 2842 2404 2898 cordia
2428 2843 2565 2912 ejus.

2292 2936 2359 2992 Et
2389 2935 2540 2993 dedit
2570 2945 2768 2994 terram
2797 2952 2991 2994 eorum
3027 2935 3406 2993 litereditatem
3438 2953 3452 2991 :
3480 2933 3723 3009 quoniam
3748 2931 3792 2985 in

2224 3029 2485 3086 saeculum
2515 3029 2892 3087 misericordia
2922 3030 3062 3102 ejus.

590 3123 970 3178 [hereditatem
1003 3121 1175 3177 Israel
1217 3136 1364 3176 seruo
1403 3135 1495 3176 suo
1525 3136 1544 3173 :
1574 3119 1817 3190 quoniam
1864 3121 1921 3173 in
1967 3125 2116 3174 (τίει-ο
2142 3113 2189 3179 C
2291 3121 2675 3178 Hmreditatem
2699 3122 2864 3179 Israel
2895 3137 3056 3180 servo
3092 3136 3230 3180 suo:
3262 3121 3522 3194 quoniam
3560 3121 3615 3177 in
3642 3133 3794 3174 sucu-

519 3234 650 3274 num
677 3215 1036 3271 misericordia
1065 3217 1201 3285 ejus.

597 3309 734 3376 Quia
761 3308 817 3361 in
845 3305 1138 3360 humilitate
1172 3314 1350 3360 nostra
1383 3320 1578 3360 memor
1599 3305 1701 3377 fuit
1731 3304 1897 3360 nostri
1933 3319 1952 3360 :
1979 3320 2110 3376 quo-

520 3401 664 3456 niam
684 3400 739 3454 in
765 3407 1016 3454 reternum
1043 3395 1397 3451 misericordia
1422 3398 1557 3468 ejus.

599 3578 668 3632 Et
697 3577 911 3632 redemit
934 3591 1030 3631 nos
1057 3576 1122 3630 ab
1163 3573 1386 3629 inimicis
1415 3573 1606 3629 nostris
1635 3589 1654 3627 :
1683 3573 1928 3646 quoniam
1974 3575 2026 3630 in
2053 3591 2117 3632 w-

532 3681 736 3728 ternum
761 3668 1120 3724 misericordia
1144 3669 1275 3742 ejus.

603 3763 704 3830 Qui
731 3761 819 3816 dat
841 3776 1009 3816 escam
1037 3760 1177 3815 οηιηὶ
1193 3757 1339 3813 carni
1361 3773 1381 3814 :
1401 3757 1645 3830 quoniam
1671 3756 1725 3813 in
1751 3765 2000 3814 teternum
2023 3758 2120 3814 uti-

531 3855 815 3911 sericordia
845 3856 978 3926 ejus.

605 3944 936 4014 Couﬁtemiui
964 3945 1073 3998 Deo
1100 3941 1215 3998 ειειὶ
1245 3957 1266 3998 .'
1286 3940 1531 4012 quoniam
1560 3940 1613 3996 iu
1637 3950 1884 3996 a'ternum
1916 3941 2120 3999 miseri~

534 4039 713 4095 cordia
743 4040 875 4106 eius.

609 4141 633 4170 ο
663 4146 724 4187 σε-
749 4128 1076 4201 Conﬁtemini
1114 4129 1338 4185 Domino
1366 4129 1693 4184 dominorum
1725 4145 1744 4184 :
1781 4131 2028 4202 quoniam
2066 4133 2121 4188 in

532 4234 781 4282 wtemum
804 4222 1160 4278 misericordia
1188 4225 1317 4297 ejus.

2225 3213 2337 3268 lum
2370 3214 2754 3271 misericordia
2787 3216 2926 3285 ejus.

2295 3305 2436 3374 Quia
2467 3307 2595 3377 Ius.
2639 3306 2918 3381 quoniam]
2951 3307 3003 3363 in
3043 3306 3353 3363 humilitate
3381 3318 3570 3364 nostra
3610 3316 3794 3360 memor

2223 3393 2324 3450 fuit
2352 3397 2526 3451 nostri
2572 3396 2834 3455 Dominus
2865 3416 2879 3454 :
2920 3399 3181 3470 quoniam
3213 3400 3268 3455 in
3298 3398 3564 3456 smculum
3605 3393 3793 3452 miseri-

2225 3487 2416 3545 cordia
2447 3489 2585 3559 ejus.

2294 3581 2365 3636 Et
2390 3580 2626 3637 redemit
2657 3595 2758 3637 nos
2796 3580 2866 3638 de
2891 3594 3056 3635 manu
3083 3578 3440 3636 inimicorum
3469 3588 3793 3636 nostrorum:

2221 3667 2482 3744 quoniam
2512 3673 2565 3728 in
2589 3671 2852 3730 sreculum
2883 3671 3257 3728 misericordia
3288 3671 3430 3743 ejus.

2293 3763 2398 3831 Qui
2425 3763 2521 3819 dat
2545 3779 2726 3820 eseam
2766 3763 2916 3820 omni
2945 3764 3100 3821 carni
3126 3781 3140 3819 :
3170 3763 3432 3836 quoniam
3463 3764 3518 3820 in
3564 3760 3796 3820 smculum

2234 3856 2614 3913 misericordia
2637 3857 2776 3928 ejus.

2296 3947 2640 4005 Conﬁtemiui
2668 3949 2685 3989 ί
2713 3950 2826 4005 Deo
2851 3949 2978 4022 [Ms.
3004 3946 3255 4020 Domino]
3286 3948 3413 4004 coeli
3440 3965 3454 4003 :
3483 3947 3722 4023 quoniam
3752 3943 3797 3997 in

2228 4045 2488 4100 saeculum
2519 4043 2896 4100 misericordia
2927 4045 3066 4114 ejus.

2299 4134 2643 4193 Conﬁtemini
2671 4136 2904 4191 Domino
2927 4135 3298 4200 dominorum,
3329 4134 3584 4204 quoniam
3606 4131 3792 4186 bonus;

2231 4229 2488 4299 quoniam
2519 4231 2574 4287 in
2605 4229 2868 4287 sacculum
2900 4227 3275 4286 misericordia
3292 4227 3435 4300 ejus.

1831 4317 2145 4381 PSALMUS
2181 4321 2472 4379 CXXXVI.

926 4425 1085 4468 nmo
1121 4424 1382 4480 PSALIUS,
1410 4425 1654 4468 sensum
1686 4411 1708 4481 ζ

531 4516 541 4524 ‘
605 4505 782 4578 Super
803 4503 1025 4574 [Iumina
1057 4499 1342 4574 Babylonis
1368 4503 1479 4559 illic
1511 4505 1739 4562 sedimus
1766 4517 1812 4564 et
1841 4508 2079 4583 ﬂeuimus
2103 4526 2123 4564 :

534 4623 651 4663 cum
679 4602 1074 4660 recordaremur
1105 4599 1254 4655 Sion.

604 4762 632 4791 ι
662 4752 741 4809 De
770 4766 870 4808 suo
899 4748 1050 4806 addit
1077 4747 1246 4804 Palat.
1277 4760 1381 4803 ms.
1413 4745 1736 4819 Diapsalma.

599 4821 630 4862 δ
659 4824 890 4894 Sequior
919 4834 1110 4877 manus
1128 4821 1189 4894 in
1222 4819 1410 4894 eodem
1444 4820 1633 4876 codice
1653 4820 1936 4894 rescripsit
1955 4823 2009 4879 iu
2033 4823 2128 4879 de-

532 4905 668 4951 serto
697 4913 714 4949 :
746 4892 968 4966 propius
990 4894 1085 4966 Gr.
1118 4893 1166 4946 ἐν
1195 4900 1258 4963 τῇ
1284 4892 1474 4966 usus.

613 4977 634 5006 ο
680 4960 792 5021 Iluc
836 4960 1127 5020 translatus
1175 4960 1260 5015 est
1302 4960 1600 5017 i'ersiculus
1645 4965 1838 5019 tertius
1879 4965 2124 5032 ejusdem

539 5038 754 5108 psalmi,
779 5037 869 5108 qui
901 5051 1009 5089 non
1041 5035 1242 5102 legitur
1272 5033 1324 5086 in
1355 5033 1607 5108 llebrmo,
1637 5049 1736 5108 nec
1761 5037 1811 5089 in
1839 5033 1982 5092 LXX
2017 5038 2123 5093 llo-

540 5104 716 5163 ἱιιιιηω
754 5107 1030 5162 editionis.
1067 5109 1290 5178 iExst‘at
1329 5114 1509 5178 tamen
1560 5105 1613 5160 iu
1656 5104 1849 5163 Graeco
1894 5110 2122 5178 triplicis

540 5179 788 5234 Psalterii
821 5195 924 5232 ms.
958 5175 1263 5249 Sorbonici,
1300 5187 1462 5249 atque
1491 5177 1542 5231 in
1573 5179 1828 5234 omnibus
1855 5175 1986 5237 mss'.
2019 5195 2120 5237 no-

537 5252 668 5306 Stris
696 5250 924 5304 Latinis.
956 5248 1138 5303 Man'r.

611 5351 682 5362 —
706 5321 905 5375 Ubelus
938 5329 1141 5374 temere
1165 5318 1560 5387 praetermissus
1585 5321 1732 5377 estin
1760 5321 2122 5378 Palatiuonis.

542 5391 759 5465 Videsis
781 5406 943 5461 porro
968 5405 1089 5465 qua:
1118 5390 1186 5444 de
1211 5390 1478 5446 adscititio
1504 5392 1608 5448 hoc
1637 5409 1798 5450 versu
1819 5393 1885 5448 ad
1907 5394 2129 5465 oppui-

538 5471 648 5516 tam
678 5460 989 5516 columnam
1021 5460 1284 5516 dicemus.

611 5531 637 5612 ξι
659 5532 859 5589 Veron.
875 5546 978 5612 ms.
1007 5547 1096 5612 per
1118 5530 1344 5612 medium
1360 5539 1508 5612 {tum
1522 5543 1714 5612 quarto
1733 5535 1800 5590 ab
1822 5534 1924 5591 hoc
1943 5551 2127 5603 versu,

542 5600 875 5674 Pliaraonettt
898 5610 944 5652 et
972 5600 1209 5674 uirtutem
1235 5602 1344 5674 ejus
1374 5603 1426 5655 in
1439 5600 1585 5674 mare
1612 5605 1841 5658 Rubrum
1867 5621 1886 5658 :
1905 5616 1958 5661 et
1982 5600 2129 5674 mox.

542 5671 645 5736 Qui
669 5671 851 5749 eduxit
880 5673 1124 5738 populum
1154 5687 1301 5724 suum
1329 5672 1382 5725 in
1413 5673 1611 5728 deserto
1639 5690 1655 5727 :
1679 5676 1848 5732 ferme
1867 5692 1988 5733 cum
2021 5671 2132 5733 Au;

538 5749 783 5811 gusUuo.

2155 4420 2210 4480 D
2631 4431 2657 4472 ε
2688 4436 2924 4480 ιιθλωιυε
2952 4436 3136 4489 uxrio,
3165 4435 3433 4477 sensum.

2310 4523 2484 4594 Super
2508 4519 2729 4575 ﬂumina
2755 4513 3045 4589 Babylonis
3073 4515 3186 4572 illic
3205 4513 3449 4570 sedimus
3475 4522 3526 4571 et
3545 4509 3795 4569 novimus:

2232 4613 2364 4670 dum
2399 4612 2815 4670 recordaremur
2847 4608 2948 4676 tui,
2988 4607 3146 4664 Sion.

2312 4765 2335 4794 ε’
2374 4755 2433 4812 In
2476 4771 2579 4811 ms.
2629 4753 2932 4810 Sorbonico
2984 4748 3145 4806 aliter
3193 4747 3462 4820 legimus:
3519 4746 3620 4820 Qui
3646 4740 3799 4820 eduxit

2236 4841 2424 4899 aquam
2455 4828 2521 4882 de
2547 4827 2712 4882 medio
2741 4840 2940 4899 eorum.
2980 4821 3096 4899 §ed
3139 4816 3802 4899 utrumqueuadditumlost

2235 4885 2504 4969 imperitia
2539 4907 2593 4953 et
2634 4898 2944 4969 temeritate
2980 4885 3365 4969 librariorum}
3397 4890 3528 4969 nihil
3558 4888 3695 4969 enim
3719 4885 3801 4969 Im:

2228 4954 2330 5039 jus
2350 4970 2603 5025 versiculi
2629 4977 2807 5024 exstat
2830 4967 2884 5039 in
2914 4966 3196 5036 Scriptura
3226 4964 3390 5020 Sacra
3416 4959 3701 5023 llebraica,
3729 4954 3798 5009 te!

2233 5037 2417 5097 Crteea
2451 5041 2809 5096 Psalmoruut.
2839 5037 3018 5092 Mam.

2305 5112 2325 5152 ί
2358 5112 2670 5166 Postremus
2702 5109 2790 5164 hic
2813 5123 3009 5164 versus
3032 5148 3046 5171 ,
3079 5106 3170 5176 qui
3205 5119 3370 5175 purus
3402 5107 3797 5176 purusque_ter_-

2231 5183 2336 5238 tius
2362 5191 2448 5239 est
2489 5183 2647 5250 hujus
2679 5181 2898 5246 Psalmi,
2947 5178 3000 5234 in
3031 5171 3650 5250 origitthlibuﬁipsisqttc
3669 5171 3797 5250 isilli-

2233 5255 2315 5312 ttis
2337 5238 2800 5309 emenda'tioribus
2833 5238 3016 5313 libris,
3041 5238 3199 5319 atqvue
3226 5249 3360 5302 adeo
3387 5238 3680 5319 verattensi
3716 5238 3798 5318 de-

2231 5324 2519 5379 sideratur.
2604 5322 2857 5378 Admittit
2921 5337 3042 5376 eunt
3111 5315 3289 5375 tamen
3355 5315 3687 5384 Augustinus
3729 5315 3797 5379 ,ἑτι

2235 5394 2683 5449 Enarrationibus
2718 5409 2730 5445 :
2763 5409 2867 5448 non
2894 5393 3020 5446 item
3063 5402 3150 5456 et,
3187 5404 3344 5459 quem
3377 5383 3539 5440 ιιιὸιιο
3578 5383 3797 5463 laudatus

2233 5465 2420 5521 Editor
2458 5467 2588 5520 citat
2610 5507 2624 5528 ,
2675 5465 3040 5534 Hieronymus
3069 5503 3082 5527 ,
3111 5456 3270 5534 quem
3314 5466 3501 5534 notum
3535 5467 3619 5510 est
3652 5456 3796 5534 .liltt'is

2233 5548 2393 5607 atque
2409 5526 2739 5607 tonsori-bus.
2764 5526 3196 5607 Qtittitnetttaribs
3215 5529 3331 5607 illos
3347 5526 3794 5601 ψευδεπιγράφονςς

2234 5602 2330 5664 seu
2357 5606 2760 5663 Breviariutnin
2794 5605 3056 5668 Psalmos,
3081 5618 3188 5658 non
3211 5602 3527 5656 adornasse.
3713 5661 3727 5668 _
3789 5659 3796 5668 ε

2311 5661 2671 5734 {llrotitulo
2719 5685 2923 5732 tantum
2960 5661 3055 5728 est
3089 5673 3142 5727 in
3185 5669 3482 5727 Veronensi
3525 5684 3650 5729 ms..
3701 5661 3798 5731 Ιρδί

2240 5750 2428 5807 Darid.
2476 5749 2532 5806 In
2567 5758 2716 5805 textu
2737 5789 2752 5817 ,
2796 5747 2864 5802 ibi
2893 5746 3120 5802 sedimus
3147 5788 3161 5814 ,
3189 5759 3285 5813 pro
3326 5741 3437 5796 illic
3459 5780 3476 5807 ,
3503 5748 3606 5798 etc.
3637 5735 3759 5794 Tum
3780 5768 3793 5795 ν
