3918 6192
78 248 174 304 577

1364 250 1565 308 LIBER
1603 251 2047 315 PSALMORUM.

3268 272 3378 331 378

146 359 214 415 In
267 360 519 415 salicibus
567 361 623 414 in
680 361 850 416 medio
902 366 1014 436 ejus
1062 364 1426 435 snspcndimus
1469 383 1667 439 organa
1693 376 1748 436 Α
1844 373 1901 428 In
1939 374 2196 434 salicibus
2247 379 2301 435 in
2359 380 2539 439 medio
2590 382 2712 453 ejus
2748 383 3131 455 suspendimus
3169 402 3373 460 organa

80 466 277 509 nostra.

151 547 284 614 Qnia
313 546 425 599 illic
452 547 906 618 interrogaverunt
947 564 1038 605 nos
1064 593 1078 617 ,
1110 552 1199 621 qui
1236 552 1461 623 captivos
1497 556 1665 610 duxe-

77 650 199 693 runt
228 656 342 705 nos,
369 640 527 694 verba
558 643 878 698 cantionum.

144 732 206 786 Et
226 734 317 805 qui
343 734 675 791 abduxerunt
702 752 794 791 nos
820 753 841 791 :
867 737 1115 809 hymnum
1179 750 1389 799 cantate
1430 745 1577 800 trabis
1600 746 1666 802 de

80 825 284 879 canticis
316 825 475 881 Sion.

144 918 411 985 Quomodo
455 920 784 975 cantabimus
818 924 1075 979 canticum
1122 925 1376 998 Domini,
1422 930 1476 984 in
1524 939 1663 986 terra

76 1008 239 1063 aliena
268 1011 293 1064 ?

135 1104 199 1158 Si
228 1104 417 1159 oblitus
441 1106 594 1175 [uero
619 1106 715 1176 tui,
739 1105 1034 1165 Jerusalem
1057 1127 1071 1165 :
1097 1110 1345 1167 oblivioni
1366 1112 1516 1169 detur
1535 1114 1662 1170 dea:-

72 1206 170 1251 tsra
200 1212 332 1251 mea.

137 1288 416 1345 Adluereat
446 1290 632 1363 lingua
656 1308 767 1347 mea
802 1295 1039 1366 faucibus
1067 1299 1193 1354 meis
1220 1316 1234 1354 :
1268 1302 1314 1354 si
1338 1317 1441 1357 non
1479 1305 1660 1360 memi-

77 1399 184 1437 nero
208 1384 304 1437 tui.

137 1477 195 1532 Si
230 1494 333 1532 non
366 1494 691 1551 proposuero
726 1481 1041 1554 Jerusalem,
1082 1486 1135 1540 in
1174 1488 1432 1561 principio
1462 1490 1659 1547 lwtititu

82 1585 214 1627 mete.

136 1662 329 1717 Memor
352 1674 490 1731 esto,
523 1664 777 1736 Domine,
807 1667 1039 1738 ﬁliorum
1064 1670 1231 1726 Edam
1257 1714 1273 1741 ,
1306 1672 1359 1727 in
1387 1674 1472 1731 die
1498 1675 1655 1732 Jeru-

82 1756 245 1813 salem.

144 1850 237 1916 Qui
275 1851 472 1920 dicunt,
515 1850 824 1923 Exinanite,
854 1858 1133 1926 exinanite,
1167 1875 1330 1931 usque
1354 1862 1423 1917 ad
1455 1863 1649 1934 funda-

88 1953 287 1998 mentum
312 1945 365 1999 in
390 1963 471 2001 ea.

146 2032 275 2088 Filia
311 2034 592 2109 Babylonis
624 2049 651 2077 ι
693 2042 881 2095 misera
900 2082 915 2107 ,
946 2042 1121 2098 beatus
1151 2045 1240 2115 qui
1285 2046 1526 2101 retribuet
1556 2047 1650 2103 tibi

97 2130 447 2185 retributionem
481 2142 622 2187 tuam
652 2150 670 2188 :
698 2152 853 2205 quam
883 2139 1164 2192 retribuisti
1192 2141 1360 2195 nobis.

148 2218 319 2276 Beatus
346 2224 431 2294 qui
471 2225 677 2295 tenebit,
705 2236 753 2282 et
780 2228 959 2284 allidet
999 2231 1245 2300 parvulos
1294 2241 1407 2288 tuos
1450 2234 1517 2288 ad
1556 2250 1648 2306 pe-

92 2320 222 2368 nam.
288 2364 293 2367 ,

1770 475 1983 522 nostra.

1841 559 1977 627 Q-iia
2020 561 2129 619 illic
2177 563 2653 637 interrogaverunt
2700 582 2819 635 nos,
2864 571 2955 641 qui
2995 575 3237 645 captivos
3267 576 3370 633 du-

1768 663 1966 709 xerunt
2014 670 2136 723 nos,
2176 659 2340 714 verba
2392 660 2727 729 cantionum,
2776 670 2831 719 et
2883 664 2974 735 qui
3020 667 3367 727 abduxerunt

1769 760 1899 801 D05:

1840 843 2110 915 llymnum
2128 854 2345 903 cantate
2368 850 2529 906 nobis
2550 852 2619 909 de
2648 856 2879 913 canticis
2903 858 3054 916 Sion.
3076 861 3362 929 Quomodo

1765 936 2105 995 cantabimus
2135 940 2407 997 canticum
2435 942 2683 1015 Domini,
2714 950 2766 1006 in
2798 960 2941 1009 terra
2970 954 3182 1011 aliena?

1827 1114 1882 1171 Si
1913 1115 2115 1174 oblitus
2162 1120 2317 1178 luero
2357 1124 2455 1192 tui,
2487 1123 2795 1188 Jerusalem
2832 1150 2845 1187 :
2878 1134 3234 1195 obliviscatur
3263 1154 3354 1199 me

1762 1204 1984 1265 dextera
2016 1224 2160 1267 mea.

1833 1300 2125 1360 Adluereat
2170 1303 2352 1378 lingua
2381 1322 2505 1366 mea
2534 1310 2783 1369 faucibus
2818 1316 2954 1374 meis
2982 1334 2996 1374 :
3029 1319 3075 1376 si
3105 1336 3211 1381 non
3237 1339 3357 1383 me-

1762 1392 1975 1450 minero
2004 1395 2101 1451 tui.

1833 1487 1888 1582 Si
1917 1504 2023 1545 non
2051 1505 2389 1563 proposuero
2420 1495 2496 1550 tui
2525 1494 2848 1570 Jerusalem,
2882 1503 2935 1559 in
2968 1505 3235 1582 principio
3256 1511 3353 1569 lte—

1760 1580 1895 1636 titia:
1924 1597 2086 1639 mete.

1832 1674 2128 1744 Memento,
2175 1677 2423 1749 Domine,
2456 1680 2691 1739 ﬁliorum
2728 1685 2924 1757 Edom,
2976 1690 3029 1746 in
3068 1693 3158 1751 die
3192 1696 3349 1754 Jeru-

1682 1776 1732 1838 Β
1757 1768 1949 1845 Salem.

1826 1862 2150 1931 Quidicunt,
2178 1864 2489 1937 Exinanite,
2515 1870 2816 1943 exinanite,
2834 1890 3121 1952 quousque
3141 1880 3209 1937 ad
3237 1882 3350 1940 iun-

1754 1954 2075 2013 damentum
2104 1958 2158 2013 in
2189 1973 2274 2015 ea.

1825 2046 1958 2103 Filia
1982 2048 2271 2123 Babylonis
2302 2060 2325 2088 ο
2358 2051 2581 2121 misera,
2613 2053 2807 2112 beatus
2832 2059 2923 2129 qui
2956 2060 3222 2120 retribuet
3252 2065 3351 2124 tibi

1751 2141 2165 2198 retributionem
2196 2151 2341 2199 tuam
2368 2162 2378 2199 :
2412 2160 2574 2215 quam
2604 2158 2660 2203 tu
2693 2151 2992 2209 retribuisti
3023 2157 3199 2214 nobis.

1824 2233 2022 2290 Beatus
2049 2236 2141 2307 qui
2173 2238 2400 2307 tenebit,
2426 2248 2483 2295 et
2503 2240 2690 2299 allidet
2729 2248 2984 2315 parvulos
3014 2258 3134 2307 tuos
3160 2253 3227 2308 ad
3254 2269 3349 2325 pe-

1751 2335 1910 2382 tram.

1331 2420 1651 2482 PSALMUS
1688 2423 2005 2481 CXXXVII.

626 2524 685 2564 +
721 2525 818 2568 lPSl
848 2513 870 2581 ζ
901 2528 1078 2569 DAVID.

152 2596 412 2668 Conﬁtebor
436 2602 812 2674 tibi,§Domine,
841 2610 896 2663 in
926 2618 1031 2666 toto
1052 2613 1211 2669 corde
1242 2631 1353 2671 meo
1383 2632 1404 2672 :
1431 2632 1483 2674 -τ-
1510 2635 1643 2691 quo-

99 2688 211 2742 aiam
230 2692 402 2748 audisti
427 2696 578 2751 verba
600 2699 708 2752 oris
736 2702 835 2754 mei
870 2704 892 2771 ζ

155 2779 177 2818 δ
204 2783 322 2838 οξΕι
347 2788 367 2857 ζ
393 2788 444 2843 in
463 2802 740 2861 conspectu
770 2796 1073 2866 angelorum
1103 2799 1325 2871 psallam
1343 2803 1434 2857 tibi
1455 2819 1474 2857 :
1506 2806 1639 2859 ado-

102 2876 198 2928 rabo
223 2879 281 2931 ad
320 2883 557 2955 tt‘ntplum
598 2885 797 2955 factum
833 2900 1003 2961 tuum,
1034 2900 1081 2947 et
1120 2895 1403 2964 conﬁtebor
1440 2899 1642 2953 nomini

103 2974 189 3019 tuo.

158 3060 304 3130 Super
328 3068 680 3125 misericordia
720 3082 840 3139 tua,
886 3086 936 3131 et
978 3078 1196 3134 veritate
1237 3089 1364 3135 tua:
1392 3084 1640 3153 quoniam

107 3157 395 3224 tnagni/icasti
417 3177 569 3232 super
600 3173 623 3202 θ
657 3179 716 3219 σξ-
745 3183 897 3221 omne
924 3169 944 3237 ζ
972 3186 1154 3225 nomen
1175 3173 1368 3243 factum
1398 3184 1566 3231 tuum.

158 3242 214 3298 la
236 3262 287 3302 ἡ
308 3268 618 3323 quacumque
642 3257 765 3324 :die
787 3260 1079 3336 invocat-ero
1110 3279 1167 3318 οξ⁴
1202 3266 1277 3334 te:
1301 3266 1493 3320 exaudi
1514 3282 1593 3322 me
1616 3285 1636 3323 :

104 3339 414 3411 multiplicabis
438 3347 493 3401 in
518 3349 695 3402 anima
720 3367 833 3405 mea
860 3354 1119 3411 virtutem.
1614 3366 1623 3377 '

154 3428 476 3502 Conﬁteantur
501 3440 613 3509 tibi,
641 3441 889 3510 Domine,
921 3462 1096 3501 onmes
1120 3465 1263 3519 reges
1291 3458 1441 3507 terra:
1472 3468 1485 3506 :
1517 3453 1641 3524 quia

98 3524 328 3583 audierunt
352 3546 405 3585 οξ
436 3534 611 3587 omnia
638 3537 660 3606 ζ
692 3539 845 3591 verba
870 3540 973 3592 oris
1001 3541 1096 3595 tui.

150 3612 205 3667 Et
228 3628 419 3675 cantent
448 3623 502 3676 in
522 3625 619 3678 viis
643 3625 857 3681 Domini
892 3643 910 3683 :
937 3632 1182 3699 quoniam
1205 3649 1393 3705 magna
1420 3634 1448 3674 (³
1481 3652 1539 3692 σιξ-
1568 3647 1641 3693 est

98 3707 114 3771 ζ
143 3710 289 3776 gloria
314 3713 531 3771 Domini.

148 3802 376 3866 Quoniam
400 3810 637 3865 excelsus
669 3811 946 3881 Dominus,
972 3825 1018 3870 et
1050 3816 1267 3873 humilia
1297 3821 1544 3892 respicit,
1589 3830 1635 3879 et

90 3891 173 3945 alta
188 3913 214 3947 ιι
230 3897 373 3972 longe
399 3904 681 3973 cegnoscit.

88 4027 309 4113 Quoniam
338 4037 403 4091 ibi
430 4038 875 4112 interrogaverunt
906 4062 1021 4111 nos,
1051 4056 1183 4113 etc.,
1216 4049 1365 4102 verba
1401 4052 1624 4106 cantico-

84 4116 192 4156 rum.
219 4108 433 4185 uterne
456 4108 647 4167 autem'
666 4115 735 4167 ab
757 4115 858 4170 hoc
884 4108 1043 4172 versu
1066 4163 1080 4185 ,
1112 4120 1155 4173 si
1174 4108 1257 4172 tui
1293 4137 1396 4174 non
1444 4125 1629 4177 memi-

86 4176 403 4266 nerat-Sinon
430 4192 476 4235 te
502 4198 831 4266 pra'posuero
855 4176 1151 4266 Jerusalem
1177 4193 1231 4243 in
1261 4193 1517 4266 principio
1536 4176 1628 4266 jac

85 4248 322 4334 tltntditatis
350 4268 474 4306 mea:
500 4248 513 4305 Ξ
552 4248 718 4334 ratique
759 4258 864 4334 alio
896 4248 1581 4334 iute_rposito,i'Dicentium
1606 4310 1621 4334 ,

86 4310 328 4406 lErucitate,
349 4310 768 4406 evacuateu'sque
793 4331 861 4406 ad
880 4310 1292 4406 [aridairtentaiin
1319 4351 1399 4388 ea.
1432 4336 1475 4389 Ε
1504 4310 1625 4406 qui:

83 4383 427 4508 lstgznpl‘craque
457 4397 641 4451 omnia
665 4383 789 4453 eum
816 4383 1214 4472 Augustiniana
1232 4383 1475 4462 lectione
1490 4383 1621 4463 ἓοῖί-

207 4480 217 4508 1
249 4500 260 4508 .

133 4471 261 4514 naut.

83 4539 171 4662 pr;
204 4532 464 4661 immerito
503 4538 753 4608 ἐπίθετον,
794 4542 1002 4613 misera,
1032 4543 1309 4601 Palatinus
1336 4561 1443 4602 ms.
1474 4547 1635 4606 obelo

173 4618 230 4656 nn
256 4622 285 4660 a
315 4649 328 4662 .

111 4612 328 4662 minutal.

140 4673 343 4759 lllpsam
376 4695 497 4736 cum
530 4682 693 4759 obelo
727 4692 776 4737 et
816 4685 1069 4755 copulam
1118 4686 1396 4745 Palatinus
1426 4705 1528 4748 ms.
1577 4700 1634 4748 et

83 4736 179 4797 Cari
204 4736 359 4822 editio
384 4736 835 4822 prastermittunt.

143 4822 161 4849 ε
204 4816 341 4899 [lane
367 4816 583 4899 quoque
635 4824 866 4899 Palatin.
896 4844 999 4884 ms.
1050 4838 1229 4884 notam
1262 4832 1532 4899 asterisei,
1566 4848 1630 4889 ac

84 4894 293 4971 fumum,
323 4894 506 4971 juncta
537 4895 662 4951 Cari
704 4897 963 4971 editione,
1012 4903 1395 4971 subsequentis
1439 4894 1630 4961 versus

86 4966 287 5040 priorem
306 4966 515 5020 obelum
546 4981 645 5040 per
671 4970 1014 5025 oscitantiam
1044 4966 1265 5027 omittit.
1304 4975 1468 5030 Addit
1498 4992 1629 5032 vero

87 5036 165 5113 "IS;
261 5032 357 5113 line
387 5032 579 5113 versus
606 5038 677 5113 de
700 5055 794 5093 suo
818 5040 1149 5113 Diapsalma.

142 5095 385 5187 diﬂcetius
416 5108 503 5165 hic
538 5112 767 5187 verbum
813 5095 988 5187 ipsum
1022 5114 1419 5171 substantivnm
1443 5162 1457 5187 ,
1502 5133 1625 5174 cum

92 5175 332 5253 Prttfgsite
356 5194 505 5243 veru,
541 5179 775 5253 Palatin.
809 5175 913 5237 ιίιπ.
941 5186 1175 5253 ignorat.

147 5243 272 5329 riis.
290 5247 581 5329 Ver-oneris.
605 5252 809 5329 infelix,
842 5271 936 5323 pro
952 5243 1165 5323 misera,
1195 5266 1270 5325 et,
1294 5277 1447 5329 quant
1469 5262 1623 5315 retri-

257 5333 349 5401 ηρη
364 5306 681 5401 interposito
702 5333 756 5376 tu
780 5306 1102 5401 pretiomine
1116 5306 1625 5401 E'Ztéiiitiiefhe'diis

177 5387 341 5467 tenebit
367 5387 589 5469 infantes
623 5403 758 5469 tuos,
780 5387 833 5450 et
855 5397 1007 5451 elidct
1030 5414 1114 5452 eos
1135 5402 1203 5452 ad
1227 5387 1425 5469 pelrarit
1454 5419 1473 5456 :
1499 5419 1623 5457 cum

100 5449 343 5539 Αηβιξειξῃο
371 5449 479 5518 fere
507 5449 874 5539 continenter.

132 5521 243 5612 illi
269 5530 552 5612 \l'erunensi
573 5552 699 5612 _ms.
736 5547 863 5593 utet
891 5554 1059 5610 penes
1092 5542 1447 5612 Augustinum
1470 5585 1485 5606 ,
1530 5560 1625 5598 au-

206 5599 334 5684 uerba
357 5606 456 5658 oris
485 5606 605 5684 mei,
633 5616 683 5661 et
713 5591 1107 5681 coramrangelis
1128 5591 1351 5684 pfallam
1373 5591 1485 5667 tibi:
1512 5614 1621 5670 Ta-

186 5674 568 5755 ctlsubsequeuti
598 5694 757 5755 versu
784 5673 1050 5755 postrema
1074 5673 1179 5737 vox
1201 5684 1623 5755 Domine:atque

109 5734 199 5791 inde
224 5734 428 5811 legitur,
460 5745 527 5801 In
557 5734 1616 5827 misericordia;

1654 4441 1704 4501 D

2395 2537 2495 2579 IPSI
2523 2539 2705 2581 Μνιυ.

1818 2611 2130 2669 Conlitebor
2164 2611 2282 2679 tibi,
2308 2611 2561 2683 Domine,
2596 2618 2647 2673 in
2673 2626 2788 2675 toto
2821 2623 2987 2677 corde
3018 2638 3139 2681 meo
3169 2643 3184 2681 :
3210 2642 3344 2697 quo-

1747 2706 1892 2762 niam
1924 2703 1943 2743 ‘
1979 2704 2249 2763 exaudisti
2295 2708 2476 2763 omnia
2519 2711 2684 2766 verba
2716 2711 2825 2769 oris
2864 2715 2992 2784 mei,
3025 2725 3081 2774 et
3121 2720 3174 2774 in
3206 2735 3339 2776 con-

1746 2814 1931 2876 spectu
1968 2804 2285 2876 angelorum
2317 2805 2541 2874 psallam
2572 2807 2689 2862 tibi.

1818 2895 2073 2951 Adorabo
2097 2895 2165 2951 ad
2187 2896 2449 2967 templum
2481 2909 2729 2956 sanctum
2754 2908 2937 2959 tuum:
2961 2910 3016 2959 et
3035 2904 3339 2965 conﬁtebor

1748 2986 1955 3043 nomini
1990 2997 2103 3055 tuo,
2133 2988 2382 3045 Domine.

1820 3082 2000 3151 Super
2029 3080 2398 3136 misericordia
2431 3089 2543 3148 tua,
2574 3087 2629 3136 et
2660 3079 2893 3136 veritate
2923 3088 3010 3135 tua
3036 3098 3048 3134 :
3082 3082 3337 3152 quoniam

1667 3190 1714 3255 ρ
1749 3184 1774 3223 s
1798 3174 2159 3245 magniﬁcasti
2188 3190 2359 3245 super
2384 3188 2483 3229 nos
2523 3189 2722 3229 nomen
2751 3183 2999 3229 sanctum
3030 3183 3202 3229 tuum.

1815 3269 1871 3323 lu
1896 3283 2236 3340 quacumque
2262 3268 2351 3324 die
2380 3267 2707 3324 invocavero
2730 3278 2803 3334 te,
2828 3267 3022 3323 exaudi
3047 3283 3132 3324 me
3157 3284 3171 3323 :
3202 3268 3340 3324 mul-

1742 3363 2016 3433 tiplicabis
2043 3362 2094 3417 in
2125 3362 2305 3417 animo
2338 3376 2456 3417 mea
2492 3360 2747 3416 virtutem
2785 3372 2950 3415 tuam.

1814 3454 2189 3511 Conﬁteantur
2228 3454 2350 3521 tibi,
2400 3454 2648 3520 Domine,
2692 3468 2885 3510 omnes
2933 3468 3090 3525 rcges
3134 3461 3336 3511 terrm:

1741 3546 1995 3617 quoniam
2026 3546 2310 3601 audierunt
2346 3547 2529 3602 omnia
2560 3546 2722 3603 verba
2764 3546 2878 3603 oris
2910 3549 3007 3614 tui,
3041 3556 3097 3603 et
3118 3556 3342 3603 cantent

1742 3638 1795 3694 in
1822 3640 2049 3695 eauticis
2078 3638 2333 3694 Domino.

1813 3735 2079 3803 Quoniam
2125 3748 2314 3804 magna
2354 3742 2442 3788 est
2472 3732 2641 3801 gloria
2696 3731 2911 3788 Domini
2961 3750 2973 3786 :
3030 3734 3154 3803 quia
3199 3733 3333 3809 [Με.

1744 3824 2020 3897 quoniam]
2052 3825 2307 3881 excelsus
2344 3824 2631 3893 Dominus,
2674 3832 2729 3878 et
2762 3823 2989 3881 humilia
3017 3827 3260 3897 respicit,
3283 3836 3340 3883 et

1746 3920 1855 3975 alta
1887 3935 1917 3975 a
1950 3921 2109 3991 longe
2140 3918 2384 3990 agnoscit
2416 3917 2545 3992 [Ms.
2585 3918 2907 3991 cognoscit].

1734 4064 1819 4109 est
1851 4065 2028 4110 tamen
2059 4055 2112 4110 in
2141 4054 2538 4127 Augustiniano
2569 4055 2856 4111 Psalterio.
2894 4054 3108 4112 Videsis
3139 4057 3333 4113 llicro-

1733 4142 1951 4201 uyiunm
1978 4128 2043 4182 ad
2076 4127 2221 4183 hunc
2249 4127 2502 4201 versiculi
2524 4128 2726 4201 locum,
2760 4128 2848 4182 ubi
2881 4127 3103 4201 dicitur,
3132 4132 3337 4201 magni-

1731 4198 1903 4266 ﬁcasti
1932 4215 2090 4268 super
2116 4216 2241 4263 nos,
2275 4198 2329 4253 in
2356 4198 2519 4266 epist.
2556 4198 2625 4253 ad
2657 4202 2916 4254 Sunniam
2950 4208 3008 4255 et
3034 4198 3329 4255 Fretelam.

1731 4270 1905 4324 l’nrro
1928 4268 1982 4323 in
2007 4270 2196 4326 eodem
2221 4285 2324 4324 ms.
2356 4280 2410 4325 et
2430 4271 2570 4339 apud
2598 4270 2985 4339 Augustinum,
3012 4270 3116 4323 cito
3137 4271 3331 4324 exaudi

1730 4355 1830 4403 nte,
1862 4340 2236 4409 multiplicabis
2277 4357 2359 4396 me
2386 4342 2441 4394 in
2476 4342 2654 4394 anima
2676 4358 2790 4395 mea
2824 4344 2878 4394 in
2903 4342 3111 4393 uirtute.
3144 4339 3238 4393 Sic
3273 4342 3329 4396 in

1729 4412 2112 4480 subsequentis
2138 4414 2266 4476 line,
2299 4412 2366 4466 In
2393 4412 2487 4467 viis
2515 4412 2745 4477 Domini,
2782 4426 2878 4480 pro
2896 4412 2948 4463 in
2980 4410 3193 4464 canticis
3214 4409 3327 4465 Do-

1740 4484 1879 4535 mino
1906 4498 1925 4536 :
1958 4493 2071 4538 tum
2099 4485 2334 4547 excelsa,
2365 4498 2463 4552 pro
2498 4485 2628 4537 alta.
2662 4483 2919 4552 Denique,
2955 4480 3204 4552 retribues
3233 4497 3328 4547 pro

1738 4569 1841 4617 me,
1874 4552 2115 4623 Domine,
2140 4549 2497 4610 misericordia
2524 4566 2614 4609 tua
2651 4555 2708 4607 in
2746 4549 2993 4609 internum
3020 4566 3038 4603 :
3082 4549 3326 4618 Domine,

1736 4634 2054 4705 Opera,etc.
2120 4697 2150 4705 κ
2226 4698 2238 4705 _
2337 4696 2350 4705 _
2631 4697 2662 4705 ,,
2794 4694 2828 4705 η
2897 4693 2909 4705 .

1807 4706 1832 4743 8
1874 4697 1954 4751 Ita
1986 4712 2088 4754 ms.
2117 4696 2454 4754 Sorbonicus
2484 4711 2548 4752 ae
2578 4697 2761 4753 editus
2788 4694 2912 4750 Cari
2937 4710 2950 4747 :
2984 4708 3087 4748 ms.
3138 4702 3323 4748 autem

1732 4766 2088 4845 (_3_arnu_te_nsis
2128 4769 2257 4839 legit
2282 4810 2312 4845 ,Α
2350 4785 2506 4839 super
2549 4769 2743 4845 omnia.
2796 4767 3326 4845 QuodnmgisOaccc-

1732 4838 1814 4893 dit
1853 4838 1919 4893 ad
1964 4836 2252 4895 lectionem
2291 4836 2651 4907 Antiquorum
2694 4838 3012 4893 Latinorum
3042 4836 3320 4907 codicum,

1734 4911 1811 4962 uti
1839 4910 2006 4981 liquet
2032 4925 2099 4965 ex
2127 4913 2211 4965 his
2248 4904 2562 4981 Hieronymi
2596 4911 2780 4964 verbis
2803 4908 2869 4961 ad
2895 4908 3069 4963 Suun.
3102 4916 3157 4959 et
3187 4904 3321 4981 Fre-

1733 4980 1864 5065 με
1895 4979 2079 5065 Graeco
2100 4984 2354 5065 reperisse
2380 4978 2468 5035 vos
2485 4981 2679 5065 dicitis,
2708 4995 2859 5065 super
2881 4992 3108 5065 omnes:
3147 4978 3235 5063 sed
3266 4978 3320 5065 in

1733 5051 2079 5124 §eplnaginla
2130 5050 2205 5106 ita
2255 5052 2462 5124 legitur,
2510 5050 2588 5106 ὅτι
2634 5050 2942 5124 Egnatium;
2994 5050 3078 5105 ἐπὶ
3118 5054 3221 5124 πᾷν
3261 5051 3319 5105 τὸ

1730 5118 1909 5198 irroga,
1934 5118 1996 5179 ἶτὸ
2025 5124 2164 5198 ἅγιόν
2197 5118 2323 5198 eoo,
2347 5123 2479 5198 sicut
2507 5132 2555 5174 et
2583 5118 2674 5173 nos
2700 5118 2752 5173 in
2782 5120 3026 5198 Latinum
3052 5121 3316 5198 pertimus.

1729 5190 1985 5247 Cancrum
2014 5190 2154 5257 apud
2191 5193 2432 5246 llebrtuos
2461 5193 2535 5245 ita
2564 5208 2675 5245 esse
2692 5192 3015 5260 cognoscite.
3047 5191 3181 5256 Quia
3208 5206 3319 5244 ma-

1728 5265 1990 5333 gniﬁcasti
2038 5281 2194 5332 super
2244 5279 2393 5333 omne
2440 5277 2627 5315 nomen
2672 5263 2873 5316 verbum
2922 5272 3084 5315 tuum.
3152 5260 3318 5315 Juxta

1728 5331 2005 5387 editionem
2050 5343 2221 5385 autem
2273 5331 2515 5386 Latinam
2550 5334 2635 5385 ttic
2686 5351 2866 5387 sensus
2908 5342 3024 5387 est:
3060 5334 3316 5396 Quoniam

1727 5404 2070 5473 rnagniﬁeasti
2098 5419 2249 5469 super
2281 5418 2430 5456 omne
2455 5420 2660 5466 nomen,
2694 5406 2789 5457 hoc
2816 5414 2910 5469 est,
2941 5404 3079 5472 quod
3108 5404 3161 5473 in
3189 5406 3314 5456 aulo

1727 5484 1776 5528 et
1809 5472 1861 5527 in
1889 5482 2024 5527 terra
2051 5474 2154 5527 dici
2201 5484 2364 5541 potest
2395 5486 2661 5539 sanctum,
2698 5475 2865 5543 ﬁlium
2892 5484 3060 5527 tuum.
3111 5472 3317 5526 Nutan-

1727 5545 1853 5599 dnm
1906 5558 2038 5599 vero
2094 5545 2145 5597 in
2198 5561 2297 5598 ms.
2335 5545 2706 5600 Alexandrino
2743 5546 3005 5613 scriptum
3048 5558 3170 5598 esse
3223 5545 3320 5597 ad-

1729 5617 1853 5677 huc,
1882 5630 1986 5669 non
2010 5618 2096 5669 ὲπὶ
2121 5621 2245 5682 πᾶν,
2270 5616 2365 5670 sed
2388 5617 2470 5671 ἐπὶ
2492 5618 2713 5682 πάντας,
2743 5615 2794 5670 id
2822 5624 2923 5680 est,
2948 5630 3102 5685 super
3119 5629 3315 5681 omnes,

1728 5696 1789 5811 Et
1818 5686 2065 5811 legeba‘tlit
2108 5687 2313 5743 Suunia
2343 5696 2397 5742 et
2442 5686 2650 5745 Fretela
2690 5692 2743 5744 in
2776 5688 2888 5743 suis
2912 5687 3319 5758 exemplaribus

1774 5774 1955 5811 REGIS.
1988 5772 1999 5811 ﬁ
2044 5773 2169 5811 ΛΒΤ.

1725 5758 1955 5815 Grmcis.
1988 5758 2169 5813 Mam.
