3918 6192
106 272 200 331 ssi
1370 264 1575 321 LIBER
1615 261 2063 322 PSALMORUM.
3268 266 3374 322 383

172 384 291 439 Non
334 394 403 440 est
446 382 748 437 occultatum
775 396 831 437 os
872 398 1040 437 meum
1064 398 1097 435 a
1129 389 1197 450 te,
1226 381 1362 450 quod
1386 381 1573 453 fecisti,
1602 380 1660 435 in
1690 385 1737 443 Λ
1835 380 1956 437 Non
1984 390 2070 438 est
2102 380 2428 438 occultatum
2456 395 2520 437 os
2548 396 2727 438 meum
2757 382 2855 436 abs
2885 388 2956 446 te,
2991 379 3137 450 quod
3169 378 3374 447 iecisti,

104 480 292 533 occulto
322 496 341 533 :
365 490 407 533 et
430 479 704 531 substantia
731 494 858 543 mea,
889 478 943 531 in
970 478 1307 547 inferioribus
1338 486 1511 532 terrm.
1765 474 1818 528 in
1844 476 2058 530 occulto
2084 494 2095 528 :
2121 483 2177 529 et
2206 476 2501 530 substantia
2544 489 2694 541 mea,
2730 473 2783 529 iu
2811 472 3157 528 inferioribus
3188 484 3368 527 terrm.

164 570 513 642 Imperfectum
557 585 723 623 meum
760 570 995 623 viderunt
1033 570 1170 623 oculi
1218 570 1314 638 tui,
1360 579 1410 624 et
1446 570 1496 623 in
1528 569 1661 623 l:bro
1836 566 2215 636 Imperfectum
2264 582 2445 623 meum
2494 566 2754 622 viderunt
2798 565 2941 621 oeuli
2975 564 3053 620 tui
3084 582 3097 619 :
3124 573 3176 620 et
3208 562 3261 618 in
3306 563 3372 619 li-

102 674 177 715 tuo
221 678 385 717 omnes
422 660 705 715 scribentur
734 676 753 715 :
782 660 891 715 dia
921 661 1324 733 formabuntur,
1353 671 1403 715 et
1436 678 1584 715 nemo
1607 662 1662 716 in
1764 657 1863 715 bro
1898 669 1991 715 tuo
2020 675 2210 715 Omnes
2249 660 2578 716 scribentur.

101 754 179 807 eis.
750 802 755 809 .
1834 750 1960 805 Dies
2006 750 2414 820 formabuntur,
2466 761 2520 806 et
2547 765 2706 807 nemo
2749 748 2925 806 inreis
2955 767 2969 803 :
3004 749 3134 804 mihi
3187 759 3368 805 autem

162 843 283 898 lli/ti
309 856 479 897 autem
501 844 653 898 nimis
674 843 1004 913 honori/irati
1028 852 1148 899 sunt
1170 844 1327 899 amici
1351 844 1449 913 tui,
1480 842 1617 901 Deus
1639 861 1660 901 :
1761 841 1922 897 nimis
1961 842 2305 900 honoriﬁcati
2340 854 2468 899 sunt
2498 844 2656 899 amici
2691 842 2789 910 tui,
2829 842 2974 899 Deus
3005 860 3017 896 :
3046 842 3207 897 nimis
3236 858 3370 897 con-

100 936 225 989 nimis
252 938 573 1007 confortatus
594 947 668 990 est
698 937 1025 1005 principatus
1050 953 1249 990 eorum.
1760 934 1995 992 fortatus
2021 948 2105 993 est
2132 938 2468 1009 principatus
2496 953 2711 994 eorum.

155 1025 483 1081 Dinumerabo
503 1044 610 1093 eos,
642 1038 689 1081 et
715 1044 869 1099 super
892 1045 1112 1082 arenam
1142 1027 1658 1100 multiplicabuntur:
1832 1030 2197 1089 Dinumerabo
2228 1049 2343 1102 eos,
2384 1042 2440 1089 et
2470 1048 2639 1104 super
2678 1046 2902 1088 arenam
2932 1031 3373 1103 multiplicabun-

98 1118 348 1185 ωειλ-γεεί,
380 1127 427 1171 et
452 1118 625 1173 adhuc
646 1135 760 1172 sum
788 1128 976 1173 tecum.
1762 1130 1886 1179 tur:
1918 1126 2231 1194 resurrexi,
2280 1136 2335 1183 et
2382 1125 2561 1183 adhuc
2613 1135 2794 1182 tecum
2838 1138 2960 1179 sum
2990 1142 3003 1177 :
3034 1124 3079 1180 si
3125 1122 3367 1193 occidas,

156 1210 210 1265 Si
252 1211 523 1279 occideris,
570 1210 742 1280 Deus,
790 1221 1081 1284 peccatores
1112 1228 1133 1268 :
1160 1213 1257 1268 viri
1302 1216 1656 1288 sanguinum,
1761 1214 1927 1281 Deus,
1964 1227 2300 1287 peccatores.

97 1303 316 1355 derlinale
338 1319 368 1355 a
398 1320 499 1357 me.
1833 1310 1945 1366 Viri
1999 1313 2355 1383 sanguinum,
2406 1310 2681 1367 declinato
2734 1324 2763 1365 a
2795 1324 2905 1377 me,
2947 1310 3071 1381 quia
3101 1309 3283 1365 dicitis
3314 1310 3367 1365 in

154 1397 273 1462 Quia
315 1397 489 1450 dicitis
533 1398 587 1451 in
632 1398 943 1471 cogitatione
973 1414 992 1454 :
1020 1401 1272 1474 accipient
1326 1402 1379 1457 in
1426 1404 1656 1459 vani’ate
1759 1400 2184 1472 cogitationibus
2240 1403 2436 1459 vestris
2465 1419 2480 1458 :
2508 1400 2779 1473 accipient
2827 1402 2881 1456 in
2936 1400 3177 1455 vanitate
3230 1401 3369 1455 civi-

100 1500 300 1543 tn'tlales
326 1500 415 1542 tua
428 1508 461 1541 ς.
1761 1504 1899 1550 tates
1932 1510 2079 1551 suas.

157 1581 318 1636 Nonne
360 1583 449 1652 qui
489 1581 705 1637 oderunt
734 1591 802 1651 te,
852 1581 1093 1653 Domine,
1138 1586 1472 1643 oderam?et
1499 1604 1654 1659 super
1828 1588 2020 1643 Nonne
2068 1588 2160 1659 qui
2210 1596 2260 1642 te
2312 1584 2569 1654 oderunt,
2624 1586 2788 1653 Deus,
2840 1584 3063 1642 oderam
3112 1583 3362 1641 illos?ct

96 1676 287 1732 inimicos
312 1686 422 1729 tuos
451 1675 781 1731 tabcscebam
807 1677 831 1731 ?
1759 1695 1923 1753 super
1954 1682 2206 1736 inimicos
2239 1689 2359 1735 tuos
2392 1676 2735 1735 tabescebam
2767 1679 2791 1733 ?

149 1767 408 1838 “Perfecto
458 1768 584 1825 odio
626 1770 837 1825 oderam
874 1768 993 1826 illos
1024 1786 1044 1826 :
1072 1782 1119 1825 et
1143 1771 1342 1827 inimici
1383 1775 1508 1845 facti
1536 1790 1656 1836 sunt
1692 1785 1736 1845 Β
1836 1774 2086 1830 Perfecto
2114 1771 2241 1830 odio
2266 1772 2489 1829 oderam
2532 1770 2655 1828 illos
2687 1787 2701 1827 :
2728 1780 2781 1828 et
2812 1768 2942 1844 [Με.
2993 1779 3092 1823 tac.
3144 1766 3219 1839 et]
3258 1766 3364 1824 ini-

96 1862 213 1915 mibi.
1760 1869 1885 1925 mici
1918 1867 2038 1923 facti
2064 1877 2192 1923 sunt
2218 1865 2375 1922 mihi.

149 1954 297 2009 Proba
322 1971 421 2022 me,
453 1953 621 2024 Deus,
655 1965 703 2011 et
742 1954 871 2012 scito
892 1973 981 2011 cor
1011 1974 1180 2014 meum
1208 1975 1227 2015 :
1260 1960 1523 2037 interrega
1548 1982 1650 2037 me,
1824 1961 1999 2016 Proba
2021 1974 2130 2029 me,
2158 1960 2297 2015 Deus
2321 1958 2449 2033 [πε.
2482 1954 2821 2028 Domine],et
2839 1964 2861 1992 ε
2881 1954 3016 2009 scito
3040 1966 3135 2008 cor
3156 1966 3361 2007 meum:

98 2054 133 2097 tl
152 2063 369 2116 cognosce
392 2049 609 2101 multa:
632 2064 793 2103 meas.
1754 2054 2026 2126 interroga
2058 2068 2166 2122 me,
2199 2061 2254 2109 et
2280 2065 2546 2123 cognosce
2572 2048 2792 2107 semitas
2820 2062 2988 2105 meas.

149 2136 203 2190 Et
228 2139 330 2191 cide
364 2140 409 2193 si
428 2139 513 2193 cia
544 2138 837 2211 iniquitatis
867 2140 921 2195 in
955 2157 1033 2197 me
1052 2151 1128 2198 est
1155 2158 1176 2199 :
1199 2153 1249 2200 et
1279 2142 1445 2200 deduc
1488 2163 1567 2203 nte
1596 2148 1651 2204 in
1827 2149 1895 2204 Et
1942 2148 2065 2205 vide
2109 2148 2152 2203 si
2189 2146 2277 2203 via
2312 2146 2612 2215 iniquitatis
2640 2144 2692 2199 in
2721 2158 2806 2199 me
2836 2151 2919 2199 est
2950 2158 2965 2197 :
2996 2149 3051 2198 et
3076 2136 3250 2197 deduc
3276 2152 3365 2196 me

97 2233 155 2283 ria
190 2242 378 2289 eterna.
1754 2241 1807 2295 in
1838 2240 1980 2295 viam
2026 2251 2284 2297 :cternam
2326 2237 2455 2313 [Ms.
2485 2237 2571 2293 via
2604 2234 2854 2307 mterna].

1366 2332 1489 2391 PSA
1501 2332 1686 2393 LMUS
1724 2333 2014 2391 CXXXIX.

436 2417 464 2458 δ
491 2435 545 2474 in
592 2434 775 2486 sissit,
808 2434 1041 2475 pssuos
1079 2436 1257 2477 ωλι-ιι).
1940 2439 1983 2480 is

1940 2439 1992 2480 lt't
2020 2438 2182 2479 riscu
2202 2463 2215 2486 ,
2248 2435 2480 2477 rsucuus
2504 2436 2664 2476 nam)
2692 2418 2821 2492 [Με.
2856 2432 2952 2473 IPSI
2982 2415 3164 2487 DAVID]

156 2511 285 2584 Eripe
319 2532 415 2581 me,
450 2512 702 2582 Domine,
730 2514 792 2569 ab
823 2514 1032 2570 homine
1074 2516 1210 2571 malo
1238 2533 1313 2572 :a
1344 2518 1452 2573 tiro
1475 2518 1651 2589 iniquo
1831 2515 1992 2588 Eripe
2040 2514 2059 2554 ί
2108 2531 2217 2585 me,
2265 2515 2514 2584 Domine,
2564 2513 2634 2567 ab
2679 2512 2902 2567 homine
2949 2509 3093 2565 malo
3136 2526 3151 2565 :
3187 2522 3219 2562 a
3244 2504 3361 2564 viro

103 2606 209 2670 eripe
231 2622 321 2659 me.
1755 2609 1944 2679 iniquo
1973 2609 2142 2665 libera
2166 2624 2273 2663 me.

158 2699 239 2766 Qui
262 2700 613 2771 cogitaverunt
645 2698 936 2769 iniquitates
961 2698 1013 2755 in
1040 2699 1194 2755 corde
1224 2715 1241 2754 :
1276 2707 1384 2754 tota
1412 2700 1497 2756 die
1523 2718 1651 2757 con-
1828 2700 1930 2773 Qui
1955 2704 2329 2775 cogitaverunt
2369 2701 2607 2758 malitias
2632 2700 2685 2757 in
2719 2698 2889 2757 corde
2924 2716 2937 2755 :
2974 2706 3083 2755 tota
3112 2696 3200 2754 die
3225 2711 3362 2754 con-

104 2791 331 2844 ttiluebanl
357 2793 568 2860 prtelia.
1755 2797 2059 2852 stituebant
2100 2796 2310 2867 prtelia.

154 2885 382 2939 Acuerunt
431 2887 651 2957 linguas
693 2901 813 2939 suas
857 2885 987 2940 sicut
1022 2894 1044 2923 ο
1077 2884 1327 2952 serpentis
1358 2900 1376 2940 :
1402 2900 1649 2941 venenum
1830 2892 2111 2947 Acnerunt
2148 2892 2363 2962 linguas
2395 2903 2523 2945 suas
2552 2888 2694 2944 sicut
2723 2894 3010 2957 serpentes
3041 2902 3053 2940 :
3086 2898 3357 2940 venenum

102 2976 291 3045 atpidttttt
317 2977 405 3032 sub
436 2977 597 3032 labiis
620 2994 819 3031 eorum.
866 2992 1182 3033 nupsauta.
1755 2985 2004 3055 aspidum
2044 2984 2145 3041 sub
2176 2985 2333 3041 labiis
2362 2998 2575 3040 eorum.
2626 2983 2949 3038 [tiara/tus.

154 3066 333 3124 Custodi
362 3088 459 3138 me,
498 3069 747 3138 Domine,
782 3073 844 3126 de
867 3088 1021 3125 manu
1046 3071 1329 3144 peccatoris
1354 3087 1372 3127 :
1398 3080 1445 3125 et
1475 3074 1537 3127 ab
1560 3072 1651 3127 Ito-
1680 3066 1727 3131 C
1829 3078 2053 3135 Custodi
2098 3093 2206 3148 me,
2250 3077 2498 3147 Domine,
2548 3074 2617 3132 de
2646 3092 2809 3133 manu
2834 3070 3135 3148 peccatoris
3164 3090 3177 3127 :
3203 3078 3258 3127 el
3289 3068 3357 3125 ab

103 3163 277 3216 minibus
304 3167 490 3237 iniquis
510 3166 663 3237 eripe
684 3182 784 3221 me.
1758 3170 2069 3226 hominibus
2096 3170 2297 3242 iniquis
2326 3170 2493 3226 libera
2526 3184 2634 3225 me.

156 3255 239 3324 Qui
262 3260 969 3331 cogitareruntsupplantare
988 3276 1189 3333 gressus
1219 3277 1359 3315 meos
1391 3277 1407 3315 :
1436 3261 1652 3316 abscon-
1824 3263 1929 3332 Qui
1974 3265 2348 3334 cogitaverunt
2383 3263 2735 3335 supplantare
2766 3275 2987 3333 gressus
3017 3275 3168 3316 meos
3196 3276 3209 3313 :
3234 3256 3359 3313 abs-

102 3348 244 3403 derunl
266 3353 462 3421 superbi
490 3354 741 3424 laqueum
768 3351 914 3405 mihi.
1754 3356 2056 3411 conderunt
2082 3356 2302 3424 superbi
2342 3356 2567 3427 laqueos
2597 3354 2747 3409 mihi.

155 3438 207 3494 Et
240 3446 376 3514 funes
403 3445 756 3499 extenderunt
798 3444 849 3496 in
887 3446 1125 3515 laqueum
1149 3446 1338 3517 :ju.rta
1379 3446 1472 3499 iter
1501 3462 1651 3500 scan-
1827 3446 1891 3502 Et
1934 3447 2087 3503 funes
2112 3448 2469 3504 extenderunt
2499 3448 2553 3501 in
2585 3448 2830 3517 laqueum
2866 3450 2891 3489 α
2918 3440 3145 3516 pedibus
3180 3442 3357 3499 meis:
3404 3502 3421 3513 _

103 3531 235 3586 dolum
256 3548 526 3605 posuerunt
550 3535 701 3589 mihi.
731 3526 1044 3592 cursant.
1749 3541 1897 3613 juxta
1927 3543 2027 3597 iter
2057 3542 2369 3597 scandalum
2406 3549 2702 3612 posuerunt
2731 3539 2884 3596 milii.
2923 3539 3247 3593 Diues/tut.

154 3623 253 3681 Dixi
279 3627 532 3693 Domino,
572 3628 709 3682 Deus
742 3646 880 3681 meus
910 3646 960 3681 es
990 3640 1041 3682 tu
1076 3643 1094 3684 :
1126 3644 1167 3684 -ξ
1216 3646 1280 3684 ea:
1312 3628 1333 3698 ζ
1368 3630 1513 3697 audi,
1542 3629 1650 3684 Do-
1827 3633 1941 3688 Dixi
1981 3630 2009 3671 ιι
2045 3633 2299 3701 Domino,
2357 3634 2498 3688 Deus
2550 3649 2701 3689 meus
2750 3648 2810 3688 es
2843 3643 2896 3686 tu
2928 3648 2941 3685 :
2970 3630 3197 3696 exaudi,
3249 3628 3357 3684 Do-

103 3718 219 3782 mine,
257 3736 421 3776 vorem
448 3722 833 3794 deprecationis
857 3737 998 3776 mete.
1750 3726 1917 3791 mine,
1949 3742 2134 3782 vocem
2182 3728 2447 3783 orationis
2476 3744 2632 3783 mca'.

155 3808 355 3875 Doniine.
406 3815 653 3880 Domine,
708 3815 871 3867 virtus
912 3812 1093 3868 salutis
1135 3830 1261 3870 mete
1291 3828 1309 3869 :
1336 3813 1649 3869 obumbrasti
1822 3814 2072 3883 Domine,
2122 3816 2386 3883 Domine,
2437 3816 2608 3873 virtus
2650 3815 2842 3871 salutis
2873 3829 3006 3870 mea:
3042 3832 3055 3866 :
3086 3812 3354 3869 obumbra

105 3915 135 3952 —:
171 3920 305 3973 super
337 3908 541 3976 :caput
574 3923 744 3959 meum
771 3906 821 3959 in
847 3904 932 3959 die
968 3905 1103 3960 belli.
1138 3901 1164 3942 ἀ
1751 3918 1911 3978 caput
1944 3924 2119 3962 meum
2150 3908 2201 3963 in
2228 3908 2313 3963 die
2342 3908 2487 3963 belli.

156 3992 219 4049 Ne
242 3999 402 4052 tradas
429 4015 533 4068 me,
592 3997 833 4065 Domine,
872 4015 904 4051 a
933 3996 1193 4051 desiderio
1227 4012 1273 4051 -ξ
1323 4014 1432 4051 meo
1464 3997 1485 4066 ζ
1522 4014 1641 4066 pec-
1825 4000 1902 4055 Ne
1934 3999 2113 4054 tradas
2153 4015 2237 4055 me
2264 4015 2293 4054 a
2322 4000 2593 4056 desiderio
2640 4014 2761 4055 meo
2800 3998 3071 4070 peccatori
3104 4016 3117 4052 :
3146 3998 3353 4068 cogita-

102 4090 223 4141 turori
250 4106 266 4144 :
289 4093 638 4163 cogitaverunt
673 4100 852 4144 contra
886 4107 982 4159 me,
1027 4107 1089 4144 ne
1112 4090 1437 4160 derelinquas
1462 4109 1558 4159 me,
1584 4109 1647 4146 ne
1755 4102 1948 4147 verunt
1986 4092 2247 4147 adversus
2297 4108 2383 4147 me
2414 4109 2429 4147 :
2462 4109 2530 4146 ne
2578 4090 2930 4160 derelinquas
2957 4106 3075 4160 me,
3123 4107 3191 4145 ne
3232 4106 3346 4144 utn-

102 4177 200 4241 lorte
224 4184 520 4239 exultentur.
561 4200 879 4241 ntsrssws.
1752 4199 1913 4255 quam
1942 4184 2273 4242 exaltentur.
2304 4185 2635 4242 Durum“.

104 4353 180 4426 etc.
202 4347 343 4426 Ium,
372 4349 666 4426 exsulrexi,
697 4360 744 4404 et
776 4351 1096 4426 adhaesum
1121 4360 1306 4426 tecum
1330 4366 1348 4403 :
1376 4351 1421 4426 si
1442 4351 1645 4405 occide-
1749 4350 1955 4426 luebant
1982 4350 2132 4407 bella.
2178 4354 2435 4426 A_cuerunt
2466 4352 2696 4426 linguam
2722 4358 3035 4426 suam,_etc.
3085 4346 3150 4401 Et
3200 4346 3350 4402 inse-

104 4421 174 4497 ris,
195 4418 328 4502 Deus,
359 4434 462 4505 etc.
493 4423 587 4487 Et,
644 4424 887 4517 quoniam
914 4423 1084 4506 dicitis
1114 4423 1166 4503 in
1195 4423 1521 4517 cogitation’s,
1554 4438 1639 4477 ac-
1672 4458 1721 4517 D
1748 4424 1931 4505 quenti
1958 4439 2136 4517 vLet'Lsu,
2166 4424 2441 4517 .Colnserva
2468 4418 2570 4508 me',
2600 4422 2865 4517 ligamine,
2889 4420 2963 4517 αξ
2980 4434 3135 4471 manu
3166 4432 3348 4517 pecca-

102 4486 1005 4567 ripieat‘intjanitatem.‘velvanitate,
1030 4486 1422 4567 civitates'suas.
1454 4492 1642 4567 Nonne
1674 4486 1721 4517 υ
1747 4486 1895 4567 toris,
1944 4494 2007 4548 ab
2038 4486 2333 4567 hominibus
2362 4486 2571 4567 injustis
2595 4494 2874 4567 libe_ra_me.
2921 4489 3055 4544 Tum
3076 4532 3089 4548 .
3132 4486 3350 4567 abscon-

102 4572 163 4639 tos
188 4564 259 4629 qui
284 4565 522 4633 oderunt,
558 4565 644 4619 vel
675 4564 890 4619 oderant
918 4558 998 4632 te,
1027 4563 1277 4631 Domine,
1312 4564 1429 4617 odio
1456 4564 1638 4633 habui,
1746 4558 1928 4639 derunt
1961 4566 2170 4639 superbi
2198 4558 2715 4639 muscipulammihi.
2745 4562 2811 4616 Et
2834 4570 2988 4616 restes
3011 4558 3346 4639 inpenderunt

103 4638 444 4709 αξυρετεειθτ
506 4630 515 4633 ’
712 4706 737 4709 ,
794 4707 805 4709 ,
1149 4703 1159 4709 ,
1264 4630 1269 4631 7
1547 4704 1560 4709 _
1604 4630 1632 4709 ξ
1746 4636 1800 4690 in
1824 4630 2113 4709 muscipula
2140 4630 2499 4707 pedibus'ineis
2543 4637 2686 4705 (qua:
2720 4643 2993 4709 postrema
3022 4630 3131 4709 duo
3179 4631 3343 4709 verba

156 4700 246 4777 '_lu
291 4706 511 4760 l‘alatin.
541 4720 645 4761 ms.
704 4706 913 4775 Derecto
941 4705 1063 4761 odio
1093 4703 1301 4777 oderam
1346 4702 1463 4759 illos
1491 4721 1510 4759 :
1543 4704 1641 4759 ini.
1744 4700 2015 4775 superﬂua
2064 4700 2211 4775 esse,
2264 4700 2623 4777 Hieronymus
2661 4700 2825 4774 epist.
2864 4701 2930 4757 ad
2961 4701 3219 4777 Sunniam
3238 4700 3353 4777 Δ(10-

103 4772 211 4851 ἀἱςῇ
232 4778 464 4851 εει-,νίρβθ
494 4792 602 4831 non
636 4770 947 4851 interposita
968 4786 1025 4851 _et
1051 4776 1242 4851 copula
1255 4819 1280 4851 ._
1744 4770 1852 4847 cel)
1896 4796 1909 4831 :
1941 4782 2100 4851 juxta
2138 4770 2369 4834 semitam
2410 4770 2660 4834 scan:.’ala
2692 4770 2975 4851 posuerunt
3035 4770 3163 4825 mihi
3190 4787 3209 4826 :
3233 4770 3349 4827 fere

154 4840 175 4878 δ
196 4844 243 4919 in
263 4840 495 4903 Palatino
527 4865 627 4903 ms.
658 4840 817 4904 verba
849 4848 914 4903 In
944 4849 1099 4919 ﬁnem
1124 4840 1541 4919 desiderantur.
1746 4840 2064 4903 continenter
2098 4851 2165 4902 ad
2186 4851 2391 4905 verbum
2424 4867 2539 4904 cum
2566 4840 2876 4919 Augustino.

157 4922 173 4948 ε
202 4914 325 4970 Idem
367 4933 485 4992 gms.
540 4928 797 4992 serpentes
851 4910 1085 4992 plurium
1134 4933 1381 4992 numero.
1420 4918 1641 4992 Betieet
1819 4929 1844 4968 ε
1886 4920 2012 4975 Iliae
2045 4921 2232 4984 verba,
2257 4921 2474 4992 pedibus
2497 4922 2621 4976 meis
2646 4910 2672 4980 ζ
2701 4919 2803 4992 hoc
2834 4918 2885 4970 in
2914 4912 3035 4968 loco
3065 4910 3338 4983 superﬂua

103 4994 227 5063 Porro
251 4991 378 5058 quod
400 4991 738 5063 subnectitur
762 4987 1060 5063 Diapsalma
1080 5029 1093 5055 ,
1127 5000 1181 5042 et
1209 5005 1330 5059 qua!
1355 4987 1642 5063 infrasunt
1743 5004 1865 5063 esse
1894 4992 2055 5047 docet
2080 4987 2301 5047 sanctus
2331 4987 2929 5063 Hiemnytnus.__b_ltnr.

104 5053 415 5123 reliqua'duo.
455 5061 620 5117 Tacet
653 5073 707 5117 et
742 5053 1045 5131 insequenti
1083 5053 1246 5115 versu
1276 5062 1623 5132 etgcoﬁpulam,
1818 5060 1843 5099 ιι
1875 5063 2072 5118 lterum
2095 5053 2696 5132 cumAngustino'idetn
2731 5058 2888 5132 liber,
2928 5053 3071 5132 Dixi,
3100 5054 3343 5132 Domine,

103 5136 223 5203 ‘ljlam
248 5144 365 5189 sane
390 5142 607 5201 prastat
634 5126 961 5203 expungere,
983 5147 1105 5187 cum
1131 5146 1304 5200 neque
1332 5130 1385 5185 in
1410 5126 1642 5187 Hebraeo
1746 5132 1884 5188 Deus
1914 5150 2056 5187 meus
2084 5152 2134 5188 es
2166 5142 2239 5194 tu,
2285 5126 2498 5203 auribus
2524 5129 2750 5203 percipe,
2782 5126 3023 5192 Domine,
3058 5142 3227 5180 vocem
3252 5128 3343 5179 de-

104 5202 174 5273 Sil,
194 5214 345 5273 neque
377 5200 429 5257 in
458 5204 650 5259 Graeco
685 5205 802 5273 ipso
820 5200 996 5258 textu.
1324 5272 1337 5273 ί
1746 5205 2056 5271 precationis
2099 5220 2237 5273 manv.
2302 5201 2399 5273 Iit,
2430 5200 2752 5273 obu'tnbrasti
2787 5215 2967 5273 super_
2990 5208 3156 5273 caput
3174 5213 3342 5251 meum

156 5266 176 5301 ⁸³
212 5269 296 5325 Hie
330 5284 501 5329 autem
552 5276 617 5329 de
662 5266 762 5329 suo
802 5274 951 5328 addit
989 5274 1131 5328 idem
1174 5287 1275 5327 ms.
1310 5272 1637 5343 Diapsalma.
1744 5266 1797 5327 in
1822 5276 1905 5328 die
1926 5275 2067 5327 belli.
2123 5272 2206 5325 Ne
2238 5272 2412 5324 tradas
2462 5289 2571 5337 me,
2599 5268 2839 5334 Domine,
2872 5286 2904 5321 a
2934 5267 3343 5343 desiderio_meo

107 5332 240 5417 Pluto
264 5343 397 5414 legit,
448 5345 565 5398 Non
594 5345 791 5413 tradas,
825 5344 1071 5411 Domine,
1102 5344 1359 5398 desiderio
1387 5332 1496 5398 meo
1526 5363 1641 5417 pec-
1746 5345 1962 5413 peccati,
1991 5358 2086 5417 pro
2132 5344 2384 5417 peceatori
2412 5357 2431 5394 :
2462 5351 2537 5409 et,
2558 5332 2634 5394 ⁷ηε
2674 5342 2808 5417 forte
2828 5332 3150 5417 reraltentur-
3178 5338 3339 5402 Τιιιιι.

108 5413 233 5485 catori
258 5429 275 5465 :
299 5409 468 5470 minus
507 5424 671 5471 recte.
779 5409 786 5413 ’
1059 5409 1064 5411 ’
1526 5409 1536 5417 ’
1746 5409 1875 5485 teget
1896 5409 2001 5467 eos;
2051 5413 2300 5465 Decidant
2330 5428 2484 5479 super
2504 5430 2589 5465 eos
2605 5409 2860 5485 carbones
2883 5413 3015 5479 ignis
3049 5411 3099 5461 in
3114 5418 3265 5485 terra
3292 5418 3343 5465 et

162 5487 181 5513 ε
204 5480 342 5539 Solus
368 5487 687 5541 Veronensis
718 5502 817 5541 ms.
852 5488 980 5541 scito
1003 5501 1089 5539 cor
1131 5502 1327 5552 meum,
1362 5496 1535 5540 scruta
1558 5503 1643 5540 re-
1743 5479 1947 5554 dijicies
2000 5495 2087 5536 eos
2114 5524 2128 5545 ,
2177 5491 2307 5546 etc.,
2361 5495 2523 5554 atque
2569 5482 2741 5554 altern
2785 5495 2967 5554 versu,
3014 5479 3157 5554 inata
3186 5496 3345 5554 uena-

110 5561 179 5623 ηεξ
195 5568 329 5623 meos,
357 5567 397 5611 et
424 5562 548 5612 scito
572 5560 778 5613 semitas
807 5574 968 5612 meas.
1317 5548 1324 5552 ’
1746 5548 1934 5608 ὸιῐηιιιν
1969 5556 2022 5606 in
2051 5555 2331 5609 interitum.
2386 5548 2648 5622 Denique,
2700 5548 2953 5603 Dominus
3001 5550 3156 5623 faciet
3201 5550 3345 5623 iudi-

119 5687 125 5695 ,
167 5618 179 5655 ί
208 5618 333 5680 idem
363 5643 463 5682 ms.
486 5623 677 5684 'Libera
702 5644 804 5693 me,
838 5628 1075 5694 Domine,
1108 5638 1239 5695 etc.,
1272 5638 1318 5681 et
1353 5644 1383 5680 a
1420 5628 1528 5679 viro
1559 5626 1643 5679 in-
1745 5627 1883 5695 cium
1932 5624 2143 5695 egentis,
2186 5632 2468 5695 et‘causam
2497 5618 2782 5693 pauperum
2813 5635 2829 5672 :
2862 5629 2918 5675 ut
2958 5618 3012 5676 et
3045 5620 3096 5673 in
3128 5620 3237 5675 line
3267 5622 3319 5673 in

112 5691 217 5743 nuto
237 5711 341 5750 erue
367 5716 459 5755 me.
487 5702 584 5769 Qui
609 5691 955 5775 cogitaberunt
986 5691 1292 5772 injustitias,
1325 5708 1401 5767 et,
1450 5697 1638 5751 constl-
1745 5692 2070 5760 habitabant,
2102 5709 2200 5764 pro
2231 5691 2550 5747 habitabant.
