3918 6192
505 264 619 322 585

1510 248 1571 305 S.
1614 241 2000 304 HIERONYMI
2041 241 2274 300 DIVINA
2314 237 2790 300 BIBLIOTIIECA.

3689 239 3787 299 58l

585 377 751 450 Caput
803 372 1046 430 circuitus
1102 381 1277 425 eorum
1313 380 1332 422 :
1363 364 1510 421 labor
1572 362 1825 419 labiorum
1870 362 2106 434 ipsorum
2127 366 2185 430 Α
2277 360 2455 432 Caput
2493 361 2751 417 circuitus
2788 374 2980 418 eorum
3029 360 3157 435 [51s.
3209 358 3504 434 illorum],
3547 357 3695 418 labor
3730 358 3799 416 la-

513 470 707 542 operiet
734 484 838 523 eos.

585 560 778 615 Cadent
827 571 978 628 super
1019 569 1106 610 eos
1145 552 1416 622 carbones,
1463 551 1518 606 in
1551 549 1722 623 ignem
1747 547 1958 622 dejicies
1982 562 2070 602 eos
2094 562 2114 602 :

511 653 565 707 in
596 650 814 705 miseriis
837 665 938 702 non
961 647 1256 702 subsistant.

591 741 685 795 Vir
723 739 992 812 linguosus
1036 756 1140 794 non
1171 739 1424 812 dirigetur
1465 736 1520 792 in
1551 745 1692 792 terra
1722 751 1742 792 :
1766 736 1934 790 virum
1962 733 2112 804 inju-

512 841 649 890 stum
674 832 818 890 mala
845 834 1049 904 capient
1078 835 1135 888 in
1163 833 1398 888 interitu.

579 924 806 1000 Cognovi
825 927 950 996 quia
971 927 1123 997 faciet
1137 923 1395 980 Dominus
1397 923 1660 998 judicium
1673 921 1840 994 inopis
1855 939 1873 976 :
1893 931 1920 961 τι
1942 936 2003 979 -t—
2022 923 2108 992 et:

510 1016 792 1072 uindictam
821 1033 1131 1089 pauperum.

592 1110 951 1166 Verumtamen
981 1111 1118 1182 justi
1155 1110 1538 1181 confitebuntur
1573 1108 1773 1164 nomini
1808 1118 1896 1162 tuo
1924 1122 1944 1162 :
1975 1120 2035 1162 ~:—
2065 1114 2114 1162 et

516 1203 538 1275 ζ
570 1202 876 1260 habitabant
903 1204 1027 1260 recti
1057 1219 1174 1260 cum
1204 1204 1352 1259 uultu
1385 1211 1496 1258 tuo.

2215 455 2428 511 biorum
2455 455 2695 525 ipsorum
2727 455 3013 526 eooperiet
3052 471 3169 513 eos.

2287 545 2496 604 Cadent
2518 561 2682 618 super
2703 562 2799 604 eos
2827 548 3094 604 carbones
3112 547 3273 618 ignis,
3310 547 3364 602 in
3384 546 3564 619 ignem
3594 545 3800 618 dejicics

2216 655 2312 697 eos
2341 657 2355 695 :
2386 641 2439 696 in
2469 639 2708 697 miseriis
2748 653 2857 695 non
2885 641 3209 697 subsistent.

2291 733 2385 788 Vir
2427 733 2706 802 linguosus
2752 748 2860 788 non
2887 732 3148 804 dirigetur
3177 745 3343 803 super
3371 741 3573 787 terram
3598 747 3612 787 :
3635 731 3799 788 virum

2220 824 2480 896 injustam
2510 825 2654 880 mala
2677 825 2895 896 capient
2921 824 2974 880 in
2997 823 3244 880 interitu.

2288 920 2530 992 Cognovi
2574 919 2830 991 quoniam
2881 919 3043 976 faciet
3087 918 3350 975 Dominus
3391 917 3656 990 judicium
3695 919 3802 977 ino-

2219 1026 2346 1084 pum
2378 1029 2392 1066 :
2423 1021 2481 1068 et
2509 1011 2800 1068 vindictam
2828 1025 3150 1082 pauperum.

2292 1104 2676 1160 Verumtamen
2715 1103 2845 1174 justi
2891 1102 3296 1160 conﬁtebuntur
3331 1103 3541 1160 nomini
3586 1112 3794 1161 tuozet

2219 1197 2540 1254 habitabant
2569 1195 2705 1254 recti
2730 1210 2853 1253 cum
2875 1195 3024 1253 vultu
3055 1204 3172 1252 tuo.

1912 1311 2230 1372 PSALMUS
2266 1311 2425 1368 CXL.

1078 1423 1316 1468 ΡεΑωωε
1361 1423 1544 1466 ωινιυ.

585 1504 838 1571 Domine,
875 1502 1099 1558 clamavi
1142 1503 1212 1558 ad
1258 1510 1328 1570 te,
1370 1501 1564 1557 exaudi
1606 1517 1689 1559 me
1718 1515 1738 1558 :
1767 1501 1978 1558 intende
2005 1502 2120 1558 t'oci

513 1617 640 1658 mea:
669 1616 787 1655 cum
816 1599 1106 1653 clamauero
1136 1597 1207 1651 ad
1234 1607 1302 1654 te.

586 1696 862 1770 Dirigatur
887 1693 1054 1749 oratio
1100 1709 1213 1747 mea
1253 1692 1390 1747 sicut
1435 1691 1702 1747 incensum
1738 1690 1790 1744 in
1841 1699 2118 1761 conspectu

522 1797 610 1843 tuo
639 1803 659 1843 :
691 1786 908 1842 elevatio
948 1800 1194 1840 manuum
1229 1799 1464 1840 mearum
1502 1781 1822 1853 sacri/icium
1868 1781 2120 1854 uesperti-

516 1899 666 1938 num.

586 1972 756 2042 Pone,
785 1973 1029 2041 Domine,
1062 1971 1355 2027 custodiam
1384 1968 1465 2026 ori
1500 1985 1610 2024 meo
1637 1983 1656 2023 :
1692 1983 1754 2025 σθ
1793 1977 1842 2024 et
1873 1967 1897 2038 ζ
1927 1967 2116 2023 ostium

513 2066 918 2122 circumstantia:
945 2065 1096 2121 labiis
1127 2065 1273 2120 meis.

595 2160 722 2216 Non
747 2157 972 2216 declines
992 2175 1080 2213 cor
1104 2173 1272 2213 nteum
1298 2157 1354 2212 in
1380 2155 1532 2212 verba
1561 2154 1778 2211 malitia:
1807 2169 1826 2210 :
1855 2153 1925 2211 ad
1951 2170 2117 2226 excu-

521 2253 716 2308 sandas
745 2251 1102 2308 excusationes
1128 2249 1185 2305 in
1206 2249 1453 2322 peccatis.

588 2432 719 2488 Cum
765 2430 1062 2486 hominibus
1107 2430 1442 2504 operantibus
1496 2428 1822 2500 iniquitatem
1864 2444 1884 2484 :
1925 2436 1973 2484 et
2014 2444 2118 2485 non

517 2524 908 2581 communicabo
936 2541 1052 2579 cum
1079 2524 1257 2580 electis
1288 2539 1471 2580 eorum
1495 2522 1548 2578 δ.

591 2618 850 2690 Corripiet
885 2633 966 2673 me
998 2618 1181 2688 justus
1207 2617 1263 2670 in
1311 2615 1671 2670 misericordia
1701 2633 1715 2668 :
1744 2622 1793 2669 et
1831 2615 2119 2688 increpabit

517 2726 640 2766 me:
669 2711 841 2767 oleum
875 2723 939 2764 -t—
970 2715 1144 2761 autem
1177 2705 1202 2774 ζ
1232 2706 1516 2778 peccatoris
1543 2721 1648 2760 non
1702 2706 1989 2778 impinguet
2031 2723 2121 2763 ca-

518 2817 613 2881 put
642 2822 834 2862 meum.

596 2901 861 2968 Quoniam
899 2894 1074 2951 adhuc
1115 2904 1164 2950 et
1205 2895 1377 2950 oratio
1424 2911 1538 2950 mea
1572 2894 1628 2949 in
1656 2894 1987 2968 beneplacitis
2033 2910 2123 2951 eo-

519 3010 640 3049 rum
670 3009 690 3048 :
715 2989 948 3061 absorpti
974 2997 1098 3044 sunt
1119 2989 1296 3062 juncti
1325 3001 1486 3061 petra:
1507 2991 1712 3060 iudices
1739 3005 1940 3044 eorum.

592 3085 820 3140 Audient
849 3081 1001 3136 verba
1032 3098 1168 3148 mea,
1199 3083 1447 3152 quoniam
1466 3091 1747 3154 potuerunt
1775 3099 1794 3137 :
1821 3083 1954 3137 sicut
1981 3100 2124 3138 cras-

520 3176 697 3232 situdo
730 3183 882 3228 terra:
907 3182 1093 3243 erupta
1121 3183 1194 3228 est
1221 3189 1378 3246 super
1408 3182 1622 3228 terram.

2544 1419 2780 1462 essurus
2806 1421 2966 1462 mvm
2996 1403 3126 1480 [Με.
3152 1421 3254 1463 IPSI
3276 1405 3481 1480 DAVID].

2292 1497 2543 1564 Domine,
2561 1497 2788 1554 clamavi
2805 1499 2872 1553 ad
2889 1508 2965 1569 te,
2982 1497 3178 1555 exaudi
3194 1514 3283 1554 me
3299 1515 3313 1553 :
3331 1497 3549 1555 intende
3560 1499 3673 1556 voci
3686 1515 3810 1556 ora-

2219 1589 2385 1646 tionis
2403 1587 2530 1662 [Ms.
2564 1587 2991 1661 deprecationis]
3013 1605 3173 1658 mete,
3187 1590 3316 1647 dum
3330 1591 3638 1648 clamat-ero
3656 1593 3720 1648 ad
3734 1602 3804 1650 te.

2290 1682 2567 1756 Dirigatur
2597 1684 2774 1746 oratio
2797 1699 2917 1740 mea
2945 1684 3091 1742 sicut
3119 1683 3406 1741 incensum
3439 1685 3494 1741 iu
3522 1697 3806 1758 conspectu

2222 1785 2335 1831 tuo.

2143 1856 2194 1918 B
2292 1867 2534 1925 Elcvatio
2580 1884 2839 1926 manuum
2890 1869 3171 1942 mearum,
3219 1869 3549 1928 sacriﬁcium
3603 1885 3811 1944 vesper-

2219 1961 2417 2017 linunt.

2288 2054 2457 2121 Pone,
2491 2055 2749 2122 Domine,
2791 2055 3097 2114 custodiam
3136 2035 3228 2113 ori.
3269 2070 3396 2114 meo
3425 2074 3437 2110 :
3471 2064 3529 2114 et
3563 2056 3755 2114 ostium
3783 2056 3809 2093 ιι

2217 2149 2649 2205 circumstantia:
2682 2148 2841 2206 labiis
2872 2150 3034 2207 meis.

2292 2241 2362 2300 Ut
2386 2257 2493 2298 non
2521 2243 2764 2300 declines
2787 2259 2884 2300 cor
2914 2259 3095 2300 meum
3128 2243 3184 2301 in
3215 2243 3444 2301 verbum
3471 2245 3670 2301 malum
3704 2261 3720 2302 :
3749 2244 3813 2302 ad

2219 2334 2561 2391 excusandas
2588 2335 2976 2392 excusationes
3007 2336 3060 2392 in
3084 2338 3347 2408 peccatis.

2291 2429 2425 2485 Cum
2457 2428 2768 2484 hominibus
2808 2429 3162 2499 Operantibus
3189 2430 3545 2502 iniquitatem
3580 2447 3593 2484 :
3630 2438 3814 2488 etnon

2219 2522 2574 2579 combinabor
2597 2538 2720 2578 cum
2743 2524 2932 2579 electis
2958 2539 3170 2580 eorum.
3197 2529 3206 2538 ’

2293 2611 2567 2683 Corripiet
2594 2629 2680 2668 me
2703 2614 2882 2684 justus
2907 2615 2962 2670 in
2994 2615 3370 2673 misericordia
3390 2657 3406 2683 ,
3434 2625 3489 2673 et
3519 2616 3819 2689 increpabit

2222 2721 2310 2762 me
2340 2722 2354 2762 :
2387 2706 2570 2762 oleum
2597 2716 2778 2764 autem
2817 2709 3125 2779 peccatoris
3171 2725 3282 2766 non
3319 2709 3624 2784 impinguet
3663 2721 3819 2784 caput

2224 2813 2429 2854 meum.

2295 2890 2565 2960 Quoniam
2588 2890 2768 2948 adhuc
2788 2893 2968 2948 oratio
2989 2907 3110 2949 mea
3131 2893 3187 2948 in
3214 2893 3573 2965 beneplacitis
3593 2907 3781 2949 eorum
3805 2910 3819 2950 :

2229 2981 2475 3054 absorpti
2506 2993 2635 3039 sunt
2677 2985 2978 3039 continuati
3021 2994 3189 3056 petrae
3224 2984 3438 3056 judiccs
3473 3001 3705 3052 eorum,
3735 3001 3823 3040 au-

2224 3082 2378 3138 dient
2406 3081 2577 3139 verba
2609 3097 2760 3151 mea,
2789 3081 3046 3154 quoniam
3078 3091 3396 3154 potuerunt.

2297 3172 2448 3230 Sicut
2474 3172 2782 3230 crassitudo
2809 3183 2970 3230 terra:
2996 3184 3210 3230 eructat
3233 3189 3399 3246 super
3421 3184 3630 3231 terram
3669 3191 3683 3229 :
3718 3174 3822 3230 dis-

606 3268 880 3338 Dissipata
904 3276 1023 3322 sunt
1051 3283 1168 3322 ossa
1191 3274 1370 3322 nostra
1394 3282 1540 3321 secus
1570 3266 1832 3336 infernum
1862 3283 1882 3322 :
1910 3267 2035 3337 quia
2055 3267 2122 3320 ad
2149 3243 2196 3307 Ο
2225 3267 2400 3335 sipata
2424 3275 2552 3322 sunt
2581 3282 2702 3323 ossa
2735 3276 2920 3324 nostra
2949 3283 3111 3324 secus
3144 3267 3438 3324 infernum.

533 3372 602 3430 te,
628 3360 866 3426 Domine,
900 3358 1143 3425 Domine,
1167 3357 1307 3412 oculi
1327 3358 1425 3412 mei
1454 3373 1471 3411 :
1503 3357 1554 3411 in
1577 3366 1624 3412 te
1639 3358 1865 3427 speravi,
1897 3375 2000 3412 non
2024 3376 2125 3412 an-

535 3461 674 3529 feras
702 3453 934 3506 animam
965 3467 1154 3505 meam.

597 3545 813 3600 Custodi
859 3561 939 3600 me
978 3561 1010 3598 a
1057 3545 1246 3615 laqueo
1290 3559 1442 3614 quem
1470 3550 1764 3598 statuerunt
1807 3540 1934 3598 mihi
1967 3558 1986 3598 :
2015 3551 2060 3598 et
2087 3561 2120 3616 a

523 3637 790 3694 scandulis
823 3636 1152 3709 aperantium
1183 3635 1531 3707 iniquitatem.

597 3729 795 3784 Cadent
829 3730 883 3784 in
925 3728 1179 3784 retiacqu
1225 3731 1339 3798 ejus
1389 3736 1686 3802 peccatores
1727 3741 1744 3782 :
1785 3728 2129 3801 singulariter

527 3837 646 3878 sum
670 3837 764 3896 ego
792 3822 953 3877 donec
982 3830 1261 3876 transeam.

2297 3359 2435 3428 Quia
2479 3359 2546 3414 ad
2590 3367 2668 3427 te,
2713 3360 2968 3426 Domine,
3016 3362 3278 3431 Domine,
3329 3360 3476 3418 oculi
3503 3360 3656 3420 mei:
3691 3361 3827 3417 inte

2228 3451 2471 3522 speravi,
2500 3467 2567 3508 ne
2597 3451 2817 3510 auferas
2848 3453 3084 3508 animam
3117 3469 3320 3511 meam.

2301 3541 2529 3599 Custodi
2562 3559 2650 3601 me
2675 3561 2704 3599 a
2733 3547 2927 3618 laqueo
2957 3561 3122 3618 quem
3145 3555 3461 3604 statuerunt
3488 3548 3627 3604 mibi
3665 3565 3680 3604 :
3721 3557 3772 3605 et
3799 3563 3828 3604 a

2234 3637 2505 3692 scandulis
2532 3637 2888 3708 operantibus
2911 3640 3271 3711 iniquitatem.

2306 3727 2516 3783 Cadent
2536 3729 2588 3785 in
2613 3729 2932 3786 retiaculum
2956 3731 3076 3803 ejus
3098 3741 3455 3805 peccatores:
3487 3732 3830 3807 singulariter

2237 3836 2354 3876 sum
2387 3835 2510 3891 ego,
2537 3820 2713 3878 donec
2742 3831 3038 3882 transeam.

1919 3911 2243 3972 PSALMUS
2280 3912 2464 3969 CXLI.

525 4021 894 4064 INTELLECTUS
924 4021 1112 4075 DAVID,
1146 4020 1253 4062 ουκ
1285 4019 1450 4062 ESSET
1478 4020 1529 4061 IN
1559 4008 1874 4072 ‘SPELUNCA,
1905 4020 2125 4062 ORATIO.

609 4162 746 4221 Voce
775 4179 888 4218 utea
920 4163 990 4216 ad
1019 4163 1300 4219 hominum
1336 4161 1581 4231 clamavi,
1621 4179 1741 4219 uoce
1765 4180 1880 4220 mea
1914 4166 1983 4220 ad
2012 4165 2126 4221 Do-

532 4259 727 4312 minum
754 4255 1066 4328 deprecatus
1093 4271 1229 4312 sum.

618 4436 850 4507 E/fundo
880 4437 934 4490 in
963 4442 1236 4507 conspectu
1265 4434 1377 4506 ejus
1407 4433 1694 4489 orationem
1735 4450 1899 4490 meam
1929 4451 1942 4490 ε
1978 4447 2001 4477 ε
2036 4437 2130 4492 tri-

549 4529 862 4585 bulationem
887 4543 1052 4582 meam
1077 4536 1194 4582 ante
1221 4527 1395 4598 ipsum
1417 4525 1720 4598 pronuntio.

610 4621 676 4677 In
707 4623 997 4691 deﬁciendo
1031 4637 1096 4676 ea:
1134 4637 1213 4675 me
1251 4620 1491 4692 spiritum
1519 4635 1686 4674 meum
1719 4636 1738 4676 :
1767 4630 1816 4676 et
1853 4633 1908 4677 tu
1927 4621 2129 4698 :cogno-
2155 4643 2211 4707 D

529 4716 647 4771 eisti
675 4718 881 4772 semitas
911 4732 1074 4772 meas.

601 4853 820 4928 ⁸εΜίιιιιε
849 4865 996 4913 recte
1015 4855 1294 4913 Palatinus
1322 4872 1424 4912 ms.
1453 4854 1598 4912 obeli
1621 4865 1802 4912 notam
1827 4857 1966 4916 hanc
1993 4878 2122 4928 pra:-

529 4927 678 4982 terit.
714 4928 1034 4985 [lectissime
1063 4941 1244 4984 autem
1275 4928 1627 4994 subscqnenti
1673 4945 1832 4984 versu
1872 4927 2120 4988 eamdem

532 4999 781 5053 voculam
809 5010 856 5052 et
880 5000 1038 5069 plane
1059 5001 1283 5066 omittit,
1306 5003 1459 5068 juxta
1485 4997 1542 5055 S.
1568 4998 1849 5068 ipsiusmet
1876 5001 2124 5060 Doctoris

531 5078 766 5124 tuentem
790 5070 843 5124 in
866 5071 1026 5139 epist.
1055 5071 1120 5126 ad
1143 5073 1406 5129 Sunniatn
1431 5081 1485 5126 et
1509 5070 1778 5126 Fretelam
1810 5089 1823 5124 :
1851 5071 1917 5126 In
1939 5073 2124 5130 Graeco

527 5141 773 5218 reperisse
796 5157 882 5218 vos
906 5143 1097 5208 dicitis,
1127 5153 1183 5199 et
1204 5143 1544 5199 habitabunt.
1578 5142 1686 5198 Sed
1711 5141 1796 5198 ltic
1824 5155 1879 5200 et
1905 5149 2127 5218 conjun-

531 5215 634 5283 ctt'_o
662 5212 928 5283 superﬂua
954 5222 1048 5267 est.

601 5281 628 5319 ι’
661 5281 962 5355 Atquehic
985 5283 1052 5338 de
1079 5299 1179 5340 suo
1206 5283 1441 5340 Palatia.
1473 5299 1576 5341 ms.
1609 5283 1761 5340 addit
1792 5285 2122 5355 Diapsalma.

609 5361 631 5391 ο
657 5353 996 5423 AdPalatini
1028 5369 1128 5409 ms.
1157 5355 1339 5420 ﬁdem,
1389 5355 1806 5423 astipulantibus
1841 5353 1972 5414 vero
2020 5360 2126 5416 He-

534 5420 703 5489 ιιι-ρο,
737 5422 1038 5494 Graecoque
1069 5425 1185 5492 ipso
1217 5435 1386 5493 textu,
1419 5435 1466 5478 et
1501 5420 1955 5494 coniunctionem
2002 5446 2125 5486 cum

542 5496 832 5562 praeposito
856 5493 958 5562 ipsi
987 5495 1146 5549 obclo
1177 5495 1301 5550 hinc
1324 5493 1648 5552 amovimus.

608 5561 633 5598 ἀ
663 5563 721 5617 1η
760 5561 1058 5632 Veronensi
1087 5564 1388 5632 Psalterio,
1419 5569 1606 5621 ostium
1641 5571 1972 5625 continentia:
1997 5573 2134 5627 circa

538 5631 675 5709 labia
705 5648 838 5686 mea.
876 5630 959 5685 Ne
988 5633 1210 5709 declines
1232 5651 1330 5709 _cor_
1359 5630 1527 5692 meum
1557 5639 1611 5709 in
1658 5641 1808 5692 verba
1852 5642 2084 5709 maligna
2118 5660 2138 5699 :

536 5703 697 5771 paulo
721 5710 867 5773 post,
887 5710 936 5753 et
957 5718 1059 5755 non
1080 5704 1376 5760 combinabo
1392 5723 1506 5762 cum
1533 5705 1708 5763 electis
1725 5726 1922 5767 eorum.
1949 5703 2140 5770 Emen-

2236 4020 2604 4063 INTELLEC‘I'US
2629 4022 2788 4064 nmo
2823 4006 2951 4079 [Ms.
3005 4023 3103 4066 lPSl
3149 4008 3376 4084 nutu],
3422 4025 3531 4069 catt
3582 4027 3744 4070 essm
3783 4029 3828 4069 tu

2761 4094 3056 4151 SPELUNCA,
3087 4097 3306 4141 ORATIO.

2308 4167 2455 4227 Voce
2487 4184 2605 4226 mea
2635 4171 2654 4244 [
2683 4169 2790 4225 Ms.
2835 4187 3024 4228 vocem
3056 4188 3232 4229 meam
3263 4172 3280 4244 ]
3309 4172 3378 4229 ad
3405 4173 3705 4231 Dominum
3734 4175 3832 4231 cla-

2236 4265 2376 4318 mavi
2402 4279 2416 4317 :
2446 4277 2582 4320 voce
2603 4278 2724 4319 mea
2749 4263 2817 4320 ad
2853 4263 3022 4321 Deum
3053 4263 3184 4340 [Ms.
3219 4265 3528 4342 Dominum]
3573 4267 3830 4342 depreca-

2239 4361 2326 4409 tus
2350 4369 2490 4410 sum.

2309 4446 2592 4502 Ell‘undam
2618 4448 2670 4504 in
2700 4458 2723 4486 ο
2747 4459 3042 4522 conspectu
3071 4451 3190 4522 ejus
3210 4452 3510 4509 orationem
3534 4468 3753 4511 meam:
3784 4460 3834 4510 et

2240 4539 2638 4598 tribulationem
2670 4557 2846 4599 meam
2876 4553 3006 4601 ante
3039 4545 3214 4616 ipsum
3245 4545 3618 4617 pronuntiem.

2311 4630 2369 4688 In
2397 4631 2697 4690 deﬁcieudo
2728 4634 2781 4690 in
2811 4649 2898 4692 me
2926 4635 3176 4709 spiritum
3199 4651 3378 4694 meum
3407 4653 3424 4693 :
3455 4645 3513 4694 et
3543 4645 3605 4694 tu
3639 4651 3835 4710 cogno-

2241 4723 2367 4780 visti
2397 4725 2620 4781 semitas
2651 4741 2823 4784 meas.

2225 4866 2363 4941 dabit
2389 4882 2470 4941 me
2472 4869 2650 4941 justus
2671 4869 2725 4923 in
2739 4868 3094 4925 misericordia
3108 4887 3127 4924 :
3147 4877 3194 4924 el
3217 4876 3399 4941 arguet
3422 4886 3525 4935 me,
3543 4879 3656 4926 etc.
3682 4869 3839 4931 Tum.

2229 4937 2488 5002 Quoniam
2517 4939 2688 5012 adhuc
2717 4949 2763 4994 et
2794 4943 2959 4994 oratio
2991 4957 3122 5012 mea.
3152 4950 3258 4996 etc.
3280 4937 3517 5012 absorpti
3536 4952 3666 4996 sunt
3695 4946 3841 5012 juxta

2226 5019 2423 5085 petram
2446 5009 2658 5080 judices
2671 5027 2865 5085 eorum
2896 5027 2910 5064 :
2940 5011 3220 5085 audiuntur
3246 5013 3396 5085 verba
3427 5009 3565 5076 mea,
3597 5009 3841 5085 quoniam

2227 5079 2626 5154 prreealuerunt.
2658 5081 2808 5138 Sicut
2839 5083 3133 5152 grassitudo
3163 5092 3315 5137 terrm
3337 5082 3547 5154 dirupta
3591 5079 3669 5139 est
3693 5097 3838 5153 super

2230 5162 2441 5227 terram,
2456 5153 2707 5227 dispersa
2729 5163 2848 5208 sunt
2861 5156 3017 5227 juxta
3040 5156 3303 5227 infernum
3325 5153 3665 5227 ossanostra.
3704 5153 3837 5221 Quo-

2231 5221 2374 5275 niam
2398 5222 2466 5274 ad
2489 5221 2563 5287 te,
2599 5233 2734 5288 ctc.,
2769 5241 2832 5278 ne
2862 5221 3061 5278 avertas
3086 5221 3260 5278 anima
3289 5241 3399 5278 mea
3434 5223 3716 5293 (solemni
3750 5239 3837 5276 ve-

2233 5293 2332 5345 teri
2367 5294 2771 5363 pronuntiandi,
2806 5296 2922 5350 sive
2964 5295 3242 5350 scribendi
3273 5309 3448 5359 mnre.
3485 5311 3588 5364 pro
3617 5296 3836 5350 animum

2231 5365 2440 5436 meam).
2473 5364 2685 5420 Custodi
2719 5384 2795 5420 me
2823 5384 2854 5419 a
2884 5365 3176 5436 muscipula
3196 5406 3211 5430 ,
3238 5382 3353 5434 qua:
3379 5366 3504 5433 (pro
3533 5366 3717 5436 quam)
3753 5381 3833 5418 oce

2234 5434 2558 5508 cnlravcrnnt
2589 5436 2739 5500 inihi,
2768 5447 2817 5492 et
2842 5437 2903 5491 ab
2928 5435 3188 5490 scandulis
3209 5452 3323 5508 qurc
3345 5434 3633 5508 Operantur
3661 5435 3841 5503 iniqui-

2238 5514 2414 5558 tatem.
2437 5506 2640 5588 .Cadenl
2686 5508 2736 5560 in
2775 5509 3026 5588 retiacqu
3057 5506 3346 5588 peccatores
3374 5506 3393 5560 ὲ
3425 5506 3714 5588 singularis
3754 5519 3841 5588 {go

2242 5592 2379 5635 sum.
2413 5577 2576 5631 donec
2607 5587 2884 5632 transeam.
2917 5577 3333 5647 Quae’plcraque
3366 5577 3552 5632 omnia
3583 5593 3713 5634 cum
3742 5578 3843 5632 Au~

2246 5647 2488 5718 gustino.
2516 5664 2691 5717 coque
2721 5649 2922 5718 sacpius
2949 5649 3109 5703 unico
3133 5647 3356 5718 faciunt.

2324 5727 2347 5754 °
2375 5718 2700 5777 Psalterium
2729 5717 3064 5788 Veronense,
3123 5717 3408 5787 E/fundam
3433 5725 3556 5776 ante
3583 5734 3704 5776 eum
3736 5733 3844 5790 pre.
