3918 6192
144 170 216 227 585

189 289 236 346 lu
257 291 326 347 ria
344 291 443 346 hac
474 306 579 361 qua
607 285 935 344 ambulabam
966 299 984 341 :
1014 283 1391 341 absconderant
1420 282 1666 355 laqueum
1693 283 1746 343 Α

139 384 246 441 mihi.

189 470 550 536 Considerabam
580 478 651 531 ad
686 476 968 545 dexteram,
1018 483 1066 529 et
1114 474 1349 529 videbam
1381 489 1400 528 :
1433 481 1457 510 ⁸
1484 483 1531 527 ct
1558 488 1661 527 non

141 580 228 627 erat
248 573 321 642 qui
340 578 660 642 cognosceret
688 585 790 623 tne.

181 664 314 720 Periit
350 666 475 737 fuga
504 684 537 720 a
562 681 644 720 me
675 680 695 718 .'
722 672 769 720 et
801 680 901 719 non
930 672 1006 719 est
1035 663 1123 734 qui
1163 665 1392 735 requirat
1435 663 1666 717 animam

132 772 271 811 meum.

177 847 374 905 εἰσωαυὶ
397 848 467 902 ad
496 858 567 915 te,
597 848 818 905 Domine
847 863 868 904 :
888 848 1020 918 dixi,
1050 847 1128 903 Tu
1157 865 1209 903 es
1230 866 1347 920 spes
1372 865 1505 916 utea,
1537 864 1663 921 por-

126 942 177 998 tio
199 957 289 996 mea
313 940 368 995 in
395 950 538 995 terra
562 941 863 997 viventium.

122 1054 131 1087 r
176 1035 360 1091 Intende
386 1036 803 1107 deprecationem
828 1051 993 1090 meam
1023 1050 1043 1090 :
1070 1035 1193 1107 quia
1222 1034 1527 1090 humiliatus
1550 1051 1666 1091 sum

123 1147 252 1185 Μηηι

174 1200 331 1257 Libera
374 1217 455 1256 me
502 1218 535 1256 a
580 1200 1001 1272 persequentibus
1044 1216 1126 1257 me
1158 1217 1179 1258 :
1221 1203 1344 1273 quia
1388 1202 1670 1274 confortati

123 1304 214 1349 sunt
233 1310 373 1365 super
398 1310 498 1349 me.
934 1304 949 1305 ί

174 1386 302 1441 Educ
320 1389 382 1442 de
401 1387 634 1441 custodia
659 1387 886 1442 animam
903 1402 1092 1453 meam,
1112 1387 1181 1440 ad
1204 1386 1552 1456 conﬁtendum
1577 1404 1672 1441 no-

1369 163 1576 221 LIBER
1615 159 2061 222 PSALMORUM.

3267 159 3373 217 586

1845 279 1900 334 lu
1934 280 2019 334 via
2052 277 2153 333 liae
2172 291 2276 350 qua
2308 274 2649 333 ambulabam
2687 289 2699 331 :
2731 270 3133 330 absconderunt
3151 274 3375 346 superbi

1774 375 1998 445 laqueos
2025 372 2180 427 milii.

1843 465 2270 522 Considerabam
2299 478 2328 519 a
2352 462 2581 528 dextris,
2612 472 2667 518 et
2696 458 2944 517 videbam
2982 476 2996 515 :
3031 468 3086 515 et
3114 474 3223 514 non
3251 466 3367 514 erat

1772 560 1864 631 qui
1890 567 2213 629 agnosceret
2239 572 2347 613 me.

1845 650 2017 707 Periit
2045 651 2168 721 fuga
2199 666 2228 705 a
2270 664 2359 705 me
2391 666 2405 704 :
2440 662 2550 705 non
2582 656 2668 704 est
2699 646 2791 718 qui
2822 645 3064 718 requirat
3091 642 3234 717 [Με.
3268 645 3365 701 ἰη-

1776 742 1981 817 quirat]
2014 744 2253 799 animam
2281 758 2484 799 meam.

1846 838 2089 894 Clamavi
2126 838 2193 893 ad
2227 846 2300 903 te,
2336 837 2567 893 Domine
2598 853 2611 890 :
2645 835 2792 902 dixi,
2824 834 2905 892 Tu
2945 849 3006 891 es
3035 848 3160 905 spes
3208 848 3326 889 mea
3358 850 3371 887 ;

1776 931 1955 1005 portio
1987 946 2108 986 mea
2137 929 2192 985 in
2225 939 2367 985 terra
2397 928 2720 984 viventium.

1848 1022 2071 1081 Intende
2117 1022 2170 1078 in
2219 1020 2365 1095 [Με.
2410 1020 2529 1093 ad]
2583 1021 2890 1078 orationem
2942 1034 3121 1075 meam
3176 1036 3190 1074 :

1777 1116 1904 1190 [Με.
1934 1114 2213 1188 quoniam]
2246 1114 2559 1170 humiliatus
2580 1128 2701 1169 sum
2727 1112 2913 1168 nimis.

1847 1208 2044 1265 Libera
2072 1224 2161 1264 me
2191 1223 2219 1261 a
2270 1205 2733 1278 persequentibus
2770 1220 2857 1261 me
2890 1223 2903 1260 :
2943 1202 3203 1277 quoniam
3245 1216 3378 1259 con-

1779 1300 1963 1357 fortati
1992 1311 2117 1356 sunt
2140 1315 2303 1371 super
2330 1315 2440 1356 me.
2636 1364 2639 1373 ν

1853 1393 2002 1450 Educ
2031 1393 2097 1449 de
2129 1408 2353 1449 carcere
2383 1392 2621 1448 animam
2653 1405 2857 1461 meam,
2892 1389 2961 1446 ad
3003 1387 3371 1446 conﬁtendum

3246 1016 3372 1089 quia

120 1480 218 1535 mini
242 1492 325 1536 tuo
351 1497 367 1535 :
392 1496 471 1535 me
508 1490 811 1552 exspectant
840 1481 1005 1553 justi,
1029 1482 1191 1537 donec
1222 1481 1478 1537 retribuas
1522 1482 1670 1536 milii.
1706 1474 1755 1534 B
1784 1488 1989 1543 nomini
2022 1500 2139 1554 tuo,
2168 1485 2420 1541 Domine.

1778 1616 1783 1621 ν
1846 1580 1928 1636 lle
1958 1578 2431 1651 exspectantjusti
2455 1620 2468 1640 .
2503 1576 2677 1633 donec
2713 1575 2985 1634 retribuas
3017 1572 3169 1630 mihi.

1447 1667 1570 1726 PSA
1580 1669 1762 1729 LMUS
1799 1668 2005 1727 CXLII.

112 1780 313 1823 ρεωιυε
342 1779 518 1835 ωνιυ,
552 1780 609 1822 ἐν
638 1780 848 1876 ρυλιὶυθ
871 1779 1323 1829 Ρειιεερυεηλτοιι
1364 1780 1471 1822 εωι
1500 1782 1676 1823 FILIUS

830 1852 953 1876 nnc

830 1852 976 1893 ειυς.
1262 1876 1265 1879 -

168 1930 400 1999 Domine,
428 1932 619 1987 exaudi
655 1931 939 1985 orationem
974 1946 1175 2000 meam,
1213 1929 1424 1985 auribus
1470 1933 1676 2004 percipe

107 2022 481 2080 obsecrationem
527 2041 719 2092 meam,
766 2024 819 2077 in
858 2023 1069 2079 veritate
1104 2034 1241 2080 tua:
1288 2026 1479 2080 exaudi
1514 2041 1594 2079 me
1619 2026 1674 2079 in

107 2123 183 2166 tua
193 2116 412 2185 justitia.

165 2205 228 2260 Et
250 2224 347 2261 non
373 2208 525 2263 intres
548 2208 600 2262 in
620 2208 887 2281 judicium
924 2226 1039 2263 cum
1068 2225 1213 2265 servo
1249 2219 1339 2265 tuo
1370 2227 1389 2267 :
1415 2214 1537 2285 quia
1566 2229 1671 2269 non

100 2298 454 2367 justiﬁcabilur
480 2300 535 2354 in
565 2310 840 2371 conspectu
864 2311 950 2356 tuo
977 2302 1144 2357 onmis
1175 2303 1366 2361 uiuens.

168 2479 294 2548 Quia
312 2492 605 2554 persecutus
637 2492 710 2537 est
739 2482 979 2540 inimicus
1004 2486 1231 2541 animam
1257 2502 1422 2542 meam
1452 2502 1472 2543 :
1508 2486 1674 2544 humi-

109 2574 241 2628 liavit
272 2578 326 2631 in
355 2587 490 2633 terra
512 2578 670 2632 vitam
698 2595 888 2632 meum.

168 2665 435 2724 Collocavit
477 2687 557 2724 me
584 2671 639 2724 in
676 2670 903 2725 obscuris
940 2669 1071 2724 sicut
1115 2679 1345 2727 mortuos
1373 2673 1555 2729 saeculi
1585 2691 1602 2729 :
1634 2683 1683 2729 et

103 2760 330 2816 anxietas
350 2770 423 2815 est
447 2778 604 2833 super
624 2778 705 2817 me
732 2761 946 2830 spiritus
976 2777 1117 2815 meus
1139 2798 1156 2830 ,
1198 2763 1250 2816 in
1300 2779 1381 2818 me
1428 2767 1684 2821 turbatum

102 2858 169 2905 est
191 2868 277 2905 cor
301 2869 485 2910 meum.

164 2941 363 2999 Memor
395 2944 471 3017 fui
512 2945 713 3000 dierum
759 2945 1120 3014 antiquorum,
1162 2946 1436 3002 meditatus
1469 2964 1583 3001 sum
1630 2947 1685 3001 in

102 3036 326 3090 omnibus
366 3036 601 3107 operibus
643 3037 744 3092 tuis
774 3052 793 3091 :
829 3046 851 3075 ο
886 3036 940 3091 in
986 3037 1138 3108 factis
1180 3054 1431 3093 manuum
1482 3050 1686 3095 tuarum

112 3130 401 3186 meditabar.

170 3219 404 3292 Ezpandi
440 3242 625 3281 manus
661 3243 803 3282 meas
832 3228 902 3282 ad
937 3236 1016 3297 te,
1049 3229 1225 3284 anima
1265 3246 1377 3285 mea
1407 3244 1465 3286 "°r
1500 3231 1629 3286 sicut
1661 3229 1683 3301 ζ

115 3318 238 3368 terra
269 3317 374 3371 sine
400 3336 532 3387 aqua
572 3317 743 3386 tibi._d
778 3319 1110 3379 Duesauut.

183 3405 425 3466 Velociter
484 3414 675 3468 exaudi
731 3430 831 3481 me,
879 3415 1101 3470 Domine

122 3509 261 3554 MS.

181 3592 291 3649 Non
321 3606 519 3652 avertas
560 3596 746 3668 faciem
784 3604 929 3651 tuam
969 3614 1000 3652 a
1029 3613 1109 3653 me
1148 3608 1241 3655 :et
1277 3599 1463 3655 similis
1494 3617 1580 3656 ero
1608 3602 1697 3658 de-

128 3687 449 3743 scendentibus
471 3691 525 3743 in
554 3690 746 3744 lacum.

186 3781 412 3838 Auditum
453 3788 539 3856 fac
577 3782 707 3839 mihi
742 3799 896 3839 mane
932 3783 1339 3842 misericordiam
1371 3794 1551 3843 tuam:
1576 3790 1698 3860 quia

132 3877 237 3928 inte
264 3877 478 3947 speravi.

1150 3433 1165 3472 :
1226 3416 1412 3487 defecit
1474 3418 1691 3489 spiritus

64 4054 67 4129 ‘j
135 4066 219 4109 cm
239 4073 430 4112 meam:
456 4052 838 4129 tribulationem
864 4070 1030 4129 meam
1056 4054 1108 4129 in
1138 4064 1413 4125 conspectu
1442 4055 1572 4129 ejus,
1605 4073 1699 4112 an-

66 4127 69 4177 Γ
135 4131 365 4197 nuntiabo.
398 4130 534 4182 Dum
574 4128 747 4197 deﬁcit
773 4144 805 4180 a
836 4143 913 4180 me
938 4127 1153 4195 spiritus
1193 4143 1333 4181 meus
1353 4169 1368 4193 ,
1396 4127 1562 4195 etitu,
1596 4140 1702 4185 etc.

134 4196 263 4263 Tum,
293 4196 664 4255 absconderunt
710 4199 836 4251 mihi
879 4197 1246 4267 muscipulam.
1298 4198 1739 4255 Considerabams

66 4326 67 4345 η
129 4272 170 4322 in
192 4274 466 4345 dexteram,
492 4281 539 4325 et
565 4269 799 4345 uidebam
830 4285 849 4323 :
880 4277 1060 4345 etnon
1085 4278 1192 4322 erat
1221 4270 1310 4339 qui
1337 4287 1415 4345 me
1442 4287 1707 4343 cognosce-

128 4358 200 4393 νει.
226 4341 591 4419 δυιιςρςιειθηιί
618 4357 782 4419 ver_su
806 4340 1010 4419 vocula:
1035 4348 1081 4393 et
1100 4356 1202 4393 non
1214 4349 1319 4419 est,
1344 4340 1551 4419 librarii
1573 4344 1709 4398 osci-

1781 1780 2019 1824 rsauws
2047 1780 2208 1821 mmo
2254 1760 2381 1835 [Με.
2432 1764 2532 1818 irsr
2578 1760 2757 1831 DAVID]
2805 1774 3015 1824 quasue
3056 1774 3167 1814 seu
3210 1771 3381 1813 riuus

2268 1850 2396 1891 δυῢὸ
2426 1848 2897 1898 Ρειιεερυεωτυιι.

1854 1930 2102 1995 Domine,
2145 1926 2345 1985 exaudi
2388 1928 2693 1983 orationem
2740 1940 2953 1990 meam,
2986 1922 3212 1979 auribus
3255 1937 3381 1993 pcr-

1779 2024 1903 2095 cipe
1935 2034 1959 2062 ο
1992 2023 2429 2080 obsecrationem
2454 2036 2654 2093 meam,
2681 2018 2735 2075 in
2758 2016 2991 2075 veritate
3014 2026 3104 2073 tua
3137 2016 3377 2074 :exauiti

1778 2134 1867 2175 me
1889 2119 1941 2173 in
1972 2126 2059 2173 tua
2083 2116 2319 2188 justitia.

1852 2210 1921 2265 Et
1946 2225 2014 2266 ne
2037 2210 2208 2265 intres
2237 2209 2292 2263 in
2311 2206 2577 2278 judicium
2605 2206 2623 2279 [
2649 2203 2753 2260 Ms.
2779 2200 3029 2275 judicio]
3054 2220 3174 2259 cum
3216 2218 3377 2259 servo

1782 2312 1874 2359 tuo
1910 2320 1923 2355 :
1953 2302 2078 2373 quia
2112 2316 2223 2357 non
2247 2298 2639 2371 justiﬁcabitur
2667 2301 2721 2351 in
2754 2305 3050 2367 conSpectu
3086 2306 3178 2351 tuo
3205 2294 3384 2351 omnis

1781 2396 1988 2451 vivens.

1854 2489 1991 2555 Quia
2032 2484 2169 2559 Uis.
2224 2481 2505 2556 quoniam]
2585 2490 2907 2554 persecutus
2977 2489 3063 2537 est
3134 2479 3387 2535 inimicus

1786 2583 2022 2639 animam
2048 2594 2225 2635 meam
2253 2598 2266 2631 :
2294 2575 2603 2653 humiliavit
2626 2576 2680 2631 in
2705 2584 2848 2630 terra
2876 2576 3043 2630 vitam
3073 2589 3275 2630 meam.

1863 2670 2163 2729 Collocavit
2213 2686 2301 2727 me
2328 2668 2382 2725 in
2404 2669 2644 2725 obscuro
2674 2668 2813 2722 sicut
2854 2674 3102 2722 mortuos
3145 2664 3333 2721 saeculi
3371 2681 3385 2719 :

1794 2773 1849 2820 et
1879 2764 2131 2820 auxiatus
2160 2770 2247 2839 est
2267 2762 2319 2818 in
2343 2776 2430 2817 me
2457 2760 2685 2831 spiritus
2715 2774 2893 2825 meus,
2923 2758 2975 2813 in
2998 2772 3086 2813 me
3112 2756 3385 2812 turbatum

1712 2835 1759 2897 C
1789 2868 1872 2915 est
1901 2873 1997 2913 COl‘
2034 2872 2237 2913 meum.

1862 2951 2069 3008 Memor
2099 2950 2173 3005 l'ui
2206 2948 2417 3005 dierum
2448 2947 2799 3019 antiquorum
2821 2987 2836 3013 ,
2867 2954 2924 3002 et
2947 2944 3239 3001 meditatus
3266 2959 3385 2999 sum

1791 3044 1846 3102 in
1897 3043 2155 3100 omnibus
2196 3042 2457 3113 operibus
2506 3040 2669 3101 tuis:
2718 3048 2775 3098 et
2824 3040 2879 3096 in
2921 3039 3080 3096 lactis
3130 3054 3389 3095 manuum

1791 3145 2007 3194 tuarum
2044 3135 2368 3193 meditabar.

1864 3230 2111 3301 Expandi
2160 3244 2350 3285 manus
2401 3242 2553 3285 meas
2588 3226 2655 3282 ad
2695 3236 2789 3297 te,
2848 3226 3029 3282 anima
3080 3240 3200 3282 mea
3254 3225 3394 3280 sicut

1798 3332 1939 3380 terra
1994 3322 2114 3379 sine
2158 3337 2297 3394 aqua
2343 3320 2463 3377 tibi.
2512 3320 2845 3377 DIAPSALMA.
2890 3318 3162 3376 Velociter
3188 3318 3389 3375 exaudi

1797 3434 1905 3475 me.

1874 3511 2123 3579 Domine,
2152 3509 2352 3567 deiecit
2380 3506 2609 3581 spiritus
2634 3524 2811 3576 meus,
2860 3522 2930 3564 ne
2959 3515 3175 3564 avertas
3202 3506 3392 3564 faciem

1801 3616 1946 3664 tuam
1992 3622 2021 3661 a
2069 3620 2203 3664 me:
2240 3612 2297 3662 et
2340 3618 2438 3661 ero
2482 3602 2680 3660 similis
2722 3601 3180 3660 descendentibus
3221 3600 3277 3656 in
3318 3600 3395 3655 la-

1799 3714 1946 3756 cum.

1869 3791 2125 3849 Auditam
2154 3790 2287 3846 mihi
2306 3789 2561 3846 lacmane
2587 3786 3020 3844 misericordiam
3049 3795 3193 3843 tuam
3220 3804 3233 3843 :
3265 3786 3388 3858 quia

1796 3882 1923 3958 [Ms.
1956 3880 2233 3955 quoniam]
2259 3882 2314 3937 in
2346 3890 2399 3938 te
2421 3880 2673 3951 speravi,
2706 3877 2725 3918 ί
2771 3879 3018 3935 Domine.

1795 4058 2172 4131 justiﬁcabitur
2196 4075 2370 4131 coram
2399 4068 2447 4113 te
2475 4059 2641 4113 omnis
2670 4059 2857 4115 vivens.
2889 4060 3025 4117 Tum
3051 4078 3237 4119 rursus
3258 4080 3395 4131 cum

1808 4128 2128 4201 Augustino,
2162 4130 2554 4186 Collocavcrunt
2582 4148 2660 4186 me
2691 4133 2741 4185 in
2772 4132 3075 4197 tenebrosis,
3111 4146 3157 4189 et
3188 4128 3399 4192 ttat/ium

1810 4219 1993 4273 passus
2019 4211 2091 4255 est
2120 4203 2181 4273 in,
2204 4218 2283 4256 me
2305 4202 2519 4273 spiritus
2549 4219 2715 4265 meus,
2743 4204 2797 4257 in
2832 4222 2911 4259 me
2937 4207 3297 4260 conturbatum
3328 4224 3400 4263 est

1811 4272 1897 4327 cor
1938 4290 2127 4328 meum.
2159 4272 2480 4327 Demaratus
2508 4290 2619 4347 sum
2656 4275 2878 4340 dierum,
2910 4290 3015 4347 etc.
3038 4319 3051 4341 ,
3088 4280 3141 4330 in
3185 4279 3403 4347 [acturis

1811 4362 2060 4398 manuunt
2124 4354 2333 4398 tuarum
2402 4344 2678 4400 meditatus
2735 4362 2872 4399 sum.
2941 4344 3402 4401 Extentli'manus

56 4410 61 4463 Σ
126 4410 644 4503 lautia
919 4412 1344 4503 simulenLaLliue‘,
1368 4410 1512 4503 Erue
1553 4430 1647 4503 me
1674 4431 1705 4467 a
1735 4442 1789 4503 D
1816 4433 1973 4503 meas,
2001 4428 2135 4481 etc.,
2166 4428 2303 4498 terra
2332 4416 2441 4470 sine
2468 4432 2605 4483 aqua
2644 4416 2820 4503 sitivi,_
2847 4416 3094 4503 prontibil.
3128 4417 3192 4469 Et
3226 4418 3404 4471 sitiens

48 4514 53 4533 ν
120 4486 518 4553 persequentibus
562 4500 643 4535 me
678 4498 697 4535 :
730 4482 975 4553 quoniam
1027 4482 1344 4553 corroborati
1387 4492 1505 4536 sunt
1534 4527 1547 4550 ,
1599 4495 1706 4540 etc.

121 4552 272 4614 Tum,
300 4564 353 4608 ut
386 4556 719 4623 conﬁteatur,
743 4552 844 4620 pro
871 4554 939 4605 ad
966 4552 1339 4621 conﬁtendum.
1366 4554 1443 4608 Ac
1465 4554 1709 4620 demum,

115 4628 200 4681 die
242 4626 601 4698 exspectabant
641 4625 819 4695 justi,
873 4625 1214 4698 quoadusque
1258 4626 1510 4679 retribuas
1560 4626 1706 4679 mihi.

115 4695 405 4754 Maximam
437 4712 570 4751 sane
598 4708 808 4765 partem
842 4699 906 4767 ad
933 4695 1383 4767 Augustiniauum
1409 4700 1709 4767 exemplar.

188 4780 215 4806 ι
249 4770 395 4822 llanc
419 4771 637 4838 quidem
668 4775 716 4820 et
742 4765 993 4838 copulam
1031 4766 1211 4838 minus
1246 4776 1394 4838 recte
1415 4808 1430 4831 ,
1460 4765 1584 4835 jure
1611 4784 1708 4821 au-

112 4853 219 4895 lem
236 4834 569 4895 merito'eam
594 4853 715 4908 qua:
732 4837 907 4891 altero
937 4836 1005 4890 ab
1028 4836 1131 4889 hoc
1154 4834 1499 4908 bemisticltio
1517 4854 1576 4893 su
1588 4837 1711 4893 bse-

107 4914 309 4979 quitur,
340 4912 467 4964 etin
499 4909 772 4964 llebraico
796 4916 944 4963 textu
977 4922 1083 4961 non
1126 4912 1231 4975 est,
1278 4907 1558 4964 Palatinus
1603 4926 1706 4965 tus.

108 4985 272 5039 obclo
302 4991 590 5050 praenatat.
1015 5047 1054 5050 _
1143 5046 1167 5050 Α
1273 5048 1281 5050 _
1369 5034 1373 5040 ,

180 5054 209 5093 δ
236 5046 516 5107 Palatinus
545 5065 649 5106 ms.
677 5049 817 5118 [ilius
840 5065 987 5105 suus.
1014 5047 1102 5114 Et,
1131 5046 1347 5103 Domine
1373 5064 1428 5105 -ε-
1466 5068 1530 5106 ea:
1562 5051 1584 5120 ζ
1618 5068 1712 5105 au-

106 5128 185 5189 di,
220 5135 328 5178 etc.
353 5167 367 5189 ,
393 5122 619 5193 przelixo
641 5122 711 5176 de
738 5138 890 5176 inure
913 5120 1281 5191 pra-positioni
1304 5121 1484 5176 obelo.
1512 5124 1713 5177 Subse-

105 5196 299 5267 quemi
334 5210 493 5267 versu
522 5195 847 5263 rescriptum
880 5192 1133 5261 scquiore
1162 5206 1356 5259 manu,
1390 5194 1441 5245 in
1478 5194 1709 5267 judicio,

108 5266 213 5339 pro
232 5266 519 5339 judicium.

191 5331 485 5404 C'Sequior
520 5336 611 5390 hic
639 5349 836 5389 manus
886 5335 939 5389 in
970 5331 1199 5388 Palatia.
1241 5348 1343 5388 ms.
1390 5334 1626 5404 prmﬁxit
1668 5344 1716 5389 et

114 5408 584 5477 conjunctionem.
645 5406 815 5477 Porro
867 5407 957 5474 qui
1007 5405 1176 5459 verbo
1223 5406 1353 5459 sicut
1386 5406 1719 5477 praeponitur

110 5475 419 5533 asteriscus
442 5520 456 5546 ,
507 5480 562 5534 in
612 5475 807 5533 eodem
842 5490 943 5530 ms.
974 5483 1028 5531 et
1059 5476 1181 5530 Cari
1233 5477 1475 5533 editione
1502 5475 1724 5531 deside-

113 5559 296 5608 ratur.

189 5619 217 5658 ά
245 5620 423 5675 Tacet
452 5620 624 5675 Palat.
653 5634 757 5675 tus.
796 5618 1118 5691 Diapsalma.

194 5692 391 5748 fidem
437 5706 543 5748 ms.
577 5707 781 5765 precem
811 5690 975 5749 meum
1006 5699 1097 5747 :et
1139 5703 1293 5761 mox,
1338 5690 1585 5763 quoniam
1627 5704 1729 5745 non

1816 4486 2056 4556 quidem,
2112 4502 2209 4555 pro
2238 4488 2347 4541 sine
2388 4503 2527 4557 aqua
2570 4486 2856 4541 commode
2903 4487 3026 4541 aliis
3076 4488 3272 4540 lectum
3323 4500 3403 4542 at—

1814 4572 1919 4623 que
1964 4560 2267 4625 expositum
2313 4560 2450 4623 scio,
2500 4572 2565 4612 ac
2605 4558 2677 4612 do
2707 4558 2896 4613 lubens
2930 4575 2945 4612 :
2992 4572 3218 4625 verum,
3258 4560 3400 4624 quml

1814 4627 2147 4683 Veronensis
2192 4629 2438 4683 Psallerii
2478 4628 2657 4683 editor
2700 4636 2892 4695 putat,
2942 4628 3111 4691 sitivi,
3165 4642 3261 4697 pro
3291 4626 3403 4694 tibi,

1817 4698 2188 4769 (manifestum
2214 4700 2332 4769 ejus
2360 4699 2565 4755 codicis
2588 4699 2862 4768 utendum)
2884 4699 3168 4768 probatum
3190 4714 3404 4768 quoque

1815 4768 2120 4839 Augnsnino
2142 4768 2283 4834 esse,
2318 4787 2380 4824 ex
2434 4786 2499 4825 eo
2525 4772 2668 4840 quod
2716 4772 2821 4837 ait,
2866 4771 3012 4823 sitire
3041 4768 3132 4822 tibi
3172 4786 3404 4839 possunt,

1817 4858 1896 4894 me
1921 4841 2139 4910 irrigare
2166 4858 2269 4895 non
2293 4859 2521 4912 possum,
2548 4848 2912 4895 commentum
2934 4841 3174 4907 estejus,
3205 4842 3295 4907 qui
3314 4857 3407 4912 ne.

1819 4927 1925 4981 que
1953 4912 2098 4966 istud
2128 4914 2269 4981 quod
2295 4911 2550 4975 diximus,
2573 4915 2863 4981 glossema,
2896 4926 3072 4978 neque
3102 4914 3275 4981 saucti
3308 4911 3407 4963 l'a-

1820 4980 1920 5036 tris
1949 4992 2262 5039 contextum
2306 4980 2617 5040 attenderit.
2650 4983 2874 5037 Demum
2917 4981 3023 5033 cito
3062 4980 3276 5051 legitur,
3313 4996 3411 5051 pro

1819 5052 2079 5108 uelociter.

1898 5129 1915 5168 ῐ
1943 5126 2042 5179 Ms.
2064 5124 2364 5180 Veronens.
2385 5140 2506 5179 cum
2528 5120 2852 5192 Augustino,
2870 5120 3123 5194 quodltie
3150 5122 3251 5179 loci
3277 5141 3417 5194 pra-

1822 5198 2091 5260 tertuittit,
2128 5194 2369 5256 Domine,
2426 5197 2776 5262 subsequcutt
2812 5206 2971 5262 versu
3020 5193 3300 5249 interserit
3345 5200 3411 5247 ml

1820 5266 1963 5321 hunc
1994 5265 2210 5319 modum
2238 5281 2253 5317 :
2307 5263 2498 5316 Notam
2530 5260 2621 5332 [ac
2658 5263 2786 5313 milii
2813 5303 2827 5326 ,
2860 5260 3079 5318 Domine
3106 5304 3120 5329 ,
3154 5266 3286 5319 viam
3313 5307 3326 5328 ,
3362 5267 3412 5317 in

1821 5353 1923 5404 qua
1951 5334 2215 5406 ingrediar
2237 5378 2251 5401 ,
2284 5335 2526 5406 quoniam
2565 5332 2632 5385 ad
2664 5343 2712 5384 te
2747 5332 3184 5406 Alcvauianimam
3227 5352 3412 5389 nteant.

1822 5401 1961 5462 Tum
1989 5401 2139 5458 s'ulus
2168 5417 2268 5457 ms.
2297 5401 2311 5456 ὲ
2340 5401 2527 5456 Libera
2546 5418 2628 5456 me
2648 5406 2711 5455 de
2742 5402 2965 5456 inimicis
2991 5406 3139 5468 meis,
3163 5406 3382 5460 Domine
3401 5451 3415 5471 ,

1862 5477 2067 5528 naniam
2090 5474 2157 5527 ad
2189 5482 2235 5527 te
2255 5474 2466 5543 confugi
2494 5489 2511 5525 :
2543 5474 2668 5543 doce
2690 5489 2769 5527 me
2796 5482 2851 5525 ut
2884 5472 3074 5541 faciam
3102 5478 3412 5531 voluntatem

1862 5494 2067 5528 ttontam
2091 5494 2155 5527 (ια
2189 5494 2235 5527 ιε
2255 5494 2466 5543 εοηιιιθι
2494 5494 2511 5525 .'
2543 5494 2668 5526 αοσε
2690 5494 2769 5527 me
2796 5494 2851 5525 ω
2884 5494 3074 5541 [acrum
3102 5494 3412 5531 vommatem

1824 5494 2179 5621 (iuon‘addito
2214 5554 2355 5597 tuam
2404 5542 2724 5621 pronomine
2746 5558 2814 5598 ex
2846 5543 3053 5600 librarii
3104 5547 3417 5621 oscitantis)

1829 5613 2072 5687 quoniam
2104 5625 2159 5670 tu
2194 5628 2408 5687 es,_etc.
2442 5613 2892 5687 Deinderursum
2934 5629 3058 5671 cum
3090 5613 3416 5685 Augustino,

1832 5683 2108 5761 t'iviﬁcabis
2139 5703 2240 5746 me.
2270 5684 2337 5743 In
2383 5696 2470 5743 tua
2492 5685 2701 5760 justitia
2742 5683 2930 5744 educes
2976 5687 3040 5750 de
3067 5683 3418 5759 tribulatione,
