3918 6192
585 163 691 222 387
1598 158 1657 215 S.
1701 153 2082 213 lllERONYMI
2122 147 2358 208 DIVINA
2400 144 2880 206 BIDLIOTIIECA.
3767 143 3844 201 £88

659 281 858 338 Notam
890 286 976 354 {ac
995 281 1123 336 mihi
1163 279 1297 334 riam
1328 277 1382 331 in
1426 291 1529 346 qua
1555 274 1810 329 ambulem
1839 292 1858 329 :
1899 273 2021 344 quia
2050 269 2118 324 ad
2149 278 2197 324 te
2222 270 2272 328 Δ
2371 263 2567 319 Notam
2599 260 2731 354 milii
2775 261 2864 354 tae
2903 259 3049 354 viam
3080 259 3135 316 in
3166 272 3274 332 qua
3315 256 3591 315 ambulem
3624 272 3639 312 :
3669 258 3774 327 quia
3801 262 3848 316 ad

2303 367 2374 422 te,
2408 355 2659 419 Domine,
2695 352 2869 408 levavi
2899 351 3138 407 animam
3171 367 3382 410 meam:

2374 450 2536 518 Eripe
2567 462 2652 502 me
2670 446 2740 501 de
2770 445 3008 502 inimicis
3025 445 3183 509 meis.
3216 445 3472 510 Domine,
3491 443 3562 498 ad
3585 451 3638 497 te
3659 442 3848 516 coniugi:

2300 543 2438 599 doce
2472 557 2560 597 tne
2594 540 2775 595 facere
2800 539 3134 596 voluntatem
3165 548 3309 594 luam
3336 578 3350 603 ,
3391 540 3519 608 quia
3550 547 3605 592 tu
3646 552 3702 593 es
3743 537 3849 594 Deut

2302 649 2479 692 turus.

2377 725 2613 798 Spiritus
2644 724 2772 780 tuus
2800 723 2978 780 bonus
3019 721 3250 779 deducet
3281 736 3369 778 me
3413 721 3468 777 in
3520 721 3660 776 viam
3690 733 3851 777 rectam

2307 817 2435 892 [31s.
2471 830 2617 874 terra
2644 815 2816 890 recta]
2843 835 2856 872 :
2887 824 3116 888 prapter
3154 830 3353 872 nomen
3395 824 3572 886 tuum,
3627 813 3851 883 Domine,

2300 911 2605 967 viviﬁcabis
2640 925 2728 966 me
2757 911 2809 965 in
2843 909 3102 980 aequitate
3132 917 3244 964 tua.

2375 1007 2441 1062 Et
2467 1006 2669 1063 educes
2707 1005 2778 1061 de
2818 1004 3180 1060 tribulatione
3210 1001 3446 1066 animam
3497 1008 3781 1058 meamzet
3816 1001 3856 1057 in

2301 1099 2677 1156 misericordia
2703 1108 2794 1154 tua
2823 1097 3109 1167 disperdes
3133 1095 3388 1151 inimicos
3411 1109 3586 1150 meos.

2373 1193 2437 1248 Et
2487 1191 2682 1262 perdes
2719 1205 2911 1246 omnes
2956 1191 3046 1261 qni
3091 1187 3354 1244 tribulant
3394 1187 3631 1243 animam
3674 1200 3855 1243 meam:

2299 1285 2557 1357 quoniam
2585 1297 2783 1339 servus
2816 1293 2940 1338 tuus
2966 1297 3069 1355 ego
3093 1297 3236 1340 sum.

1950 1383 2275 1447 PSALMUS
2308 1379 2538 1436 CXLIII.

741 1510 791 1550 os
835 1493 864 1533 δ
889 1509 1125 1550 ρεΑιιιυς
1163 1492 1186 1561 1
1219 1506 1417 1547 ομπος
1449 1502 1728 1546 anvensns
1765 1498 1997 1544 comm
2031 1484 2052 1553 1
2221 1477 2271 1540 Β

582 376 744 431 levari
786 377 1014 429 animam
1045 389 1228 428 meam.

661 469 820 540 Eripe
867 486 942 520 ne
963 466 1028 518 de
1049 463 1272 518 inimicis
1302 462 1454 529 meis,
1495 461 1735 524 Domine,
1767 462 1836 512 ad
1867 468 1914 512 te
1940 454 2153 526 confugi
2181 466 2200 507 :

581 563 708 616 doce
739 578 815 614 me
844 562 1014 630 facere
1043 558 1352 610 voluntatem
1389 564 1556 619 tuam,
1585 553 1707 624 quia
1736 550 1875 606 Deus
1906 564 2052 604 meus
2075 556 2102 585 ⁸
2130 560 2191 602 οξ-

588 671 644 709 es
668 656 690 722 ζ
718 663 796 708 tu.

667 745 904 811 Spiritus
933 751 1052 798 tuus
1088 741 1250 797 bonus
1282 742 1495 796 deducet
1525 754 1606 794 me
1653 739 1708 791 in
1745 744 1933 790 terram
1963 741 2156 786 rectam
2179 747 2199 786 :

577 847 798 908 prapter
824 853 1016 892 nomen
1047 847 1211 903 tuum,
1245 835 1490 901 Domine,
1530 830 1812 901 civiﬁcabis
1840 846 1919 883 me
1946 829 1998 882 in
2035 827 2196 896 tequi-

583 941 692 986 tate
728 942 836 984 tua.

656 1023 864 1078 Educes
887 1023 948 1077 de
972 1022 1310 1078 tribulatione
1329 1021 1558 1075 animam
1589 1034 1754 1073 nteam
1778 1031 1799 1072 :
1835 1024 1883 1072 et
1913 1015 1968 1070 in
2000 1011 2199 1069 miseri-

589 1118 771 1173 cordia
801 1128 893 1172 tua
920 1117 1192 1187 disperdes
1230 1116 1468 1169 inimicos
1505 1123 1640 1169 tuos.

653 1209 721 1263 Et
743 1208 924 1281 perdes
966 1225 1140 1263 omnes
1169 1209 1258 1279 qui
1301 1205 1552 1261 tribulant
1585 1204 1815 1258 animam
1841 1217 2004 1257 meum
2029 1215 2047 1253 :
2070 1213 2199 1270 quo-

590 1305 736 1360 niam
765 1320 857 1376 ego
884 1319 1058 1360 servus
1081 1312 1198 1358 tuus
1223 1318 1356 1356 sum.

2608 1469 2736 1544 [Ms.
2771 1469 3026 1543 putatus]
3065 1486 3224 1527 DAVID
3263 1486 3331 1526 an
3366 1484 3581 1527 comit.

662 1585 974 1642 Benedictus
1000 1585 1250 1638 Dominus
1294 1581 1436 1636 Deus
1483 1598 1628 1636 meus
1660 1598 1680 1636 :
1717 1581 1805 1650 qui
1834 1585 1981 1632 docet
2012 1589 2196 1628 manus

583 1696 732 1733 meas
765 1679 835 1732 ad
863 1677 1123 1747 prcclium,
1159 1690 1219 1729 σξη
1251 1671 1310 1728 εί
1336 1674 1357 1742 1
1395 1673 1588 1743 digitos
1607 1688 1746 1727 meos
1775 1672 1845 1724 ad
1872 1669 2083 1725 bellum.

660 1769 1027 1824 Misericordia
1077 1784 1224 1831 mea,
1281 1779 1327 1821 et
1384 1767 1646 1837 refugium
1691 1777 1905 1818 meum:
1936 1767 2196 1831 susceptor

587 1880 754 1929 meus,
784 1871 829 1916 et
864 1861 1111 1916 liberator
1143 1876 1280 1913 incus
1309 1875 1328 1914 :

666 1957 944 2010 Protector
974 1971 1135 2020 meus,
1172 1963 1219 2008 et
1248 1955 1299 2007 in
1332 1953 1444 2023 ipso
1471 1950 1671 2023 speravi
1699 1966 1718 2005 :
1745 1950 1832 2021 qui
1855 1959 1876 1987 °
1902 1946 2074 2001 subdit
2103 1961 2195 2016 po-

587 2050 771 2119 pulum
797 2063 967 2100 mcum
992 2045 1085 2100 sub
1130 2063 1227 2100 me.

658 2137 904 2197 Domine.
935 2138 1064 2210 quid
1097 2148 1168 2192 est
1196 2136 1350 2192 homo
1373 2138 1496 2209 quia
1533 2135 1809 2193 inuoluiin
1836 2134 1919 2188 ci?
1957 2147 2000 2188 οξ
2051 2139 2139 2186 aut
2166 2130 2188 2199 1

584 2233 727 2304 [ilius
753 2234 976 2288 hominis
1004 2235 1126 2305 quia
1159 2243 1373 2305 reputas
1405 2251 1518 2288 eum
1540 2236 1565 2288 ?

662 2408 837 2464 Homo
878 2409 1331 2470 vanitati.similis
1372 2409 1539 2480 {actus
1584 2418 1660 2464 est
1693 2426 1711 2465 :
1742 2410 1854 2465 dies
1899 2409 2010 2482 ejus
2061 2407 2194 2463 sicut

588 2501 774 2555 umbra
801 2510 1135 2572 praztcreunt.

657 2590 902 2660 Domine,
919 2594 1114 2647 inclina
1136 2592 1290 2650 caelos
1319 2602 1455 2662 tuos,
1480 2604 1528 2649 et
1549 2593 1804 2649 descende
1827 2609 1846 2650 :
1868 2603 2020 2666 tange
2047 2609 2194 2648 mon-

585 2693 682 2748 tes,
715 2694 764 2739 et
792 2685 1143 2757 fumigabunt.

658 2774 898 2848 Fulgura
941 2776 1379 2840 coruscationem,
1425 2785 1473 2829 et
1513 2775 1788 2847 dissipabis
1833 2791 1970 2831 eos:
2019 2775 2194 2832 emitte

579 2870 797 2941 sagittas
828 2878 964 2937 tuas,
997 2879 1045 2924 ct
1071 2869 1410 2924 conturbabis
1435 2885 1544 2923 eos.

659 2959 849 3016 Emitte
871 2976 1083 3014 manum
1112 2969 1257 3014 tuam
1287 2960 1352 3014 de
1381 2959 1512 3027 alto,
1544 2959 1684 3033 eripe
1702 2977 1804 3027 me,
1831 2970 1879 3016 et
1909 2960 2072 3017 libera
2111 2977 2190 3015 me

583 3051 648 3106 de
671 3055 818 3124 aquis
839 3054 1038 3119 multis,
1062 3053 1090 3090 ά
1123 3054 1187 3107 de
1209 3070 1364 3107 manu
1400 3052 1629 3116 filiorum
1666 3053 1978 3109 alienarum.

641 3227 896 3292 Quorum
926 3241 984 3280 os
1009 3224 1236 3280 locutum
1255 3227 1648 3284 esti-anitatem:
1679 3238 1727 3283 ct
1750 3227 1967 3284 dextera
1983 3212 2185 3294 eorum,

586 3321 803 3374 dextera
831 3319 1141 3388 iniquitatis.

661 3412 825 3477 Deus,
857 3411 1114 3464 canticum
1168 3428 1354 3466 nouum
1407 3413 1626 3466 cantabo
1678 3413 1889 3468 tibi:in
1940 3413 2192 3485 psalteria

586 3501 908 3557 decacltordo
937 3503 1157 3571 psallam
1198 3505 1312 3558 tibi.

665 3596 766 3664 Qui
800 3596 896 3649 das
925 3597 1145 3650 salutem
1172 3596 1416 3666 regibus:
1444 3597 1534 3668 qui
1572 3596 1836 3652 redemisti
1883 3596 2050 3653 David
2083 3615 2191 3655 ser-

593 3706 714 3744 uum
739 3699 883 3744 tuum
910 3689 976 3744 de
1001 3691 1182 3762 gladio
1211 3691 1468 3762 maligno,
1492 3709 1535 3746 et
1548 3693 1631 3765 ipe
1661 3708 1762 3748 me.

662 3780 727 3836 Et
757 3799 878 3838 erue
904 3801 982 3838 me
1005 3785 1069 3839 de
1093 3801 1252 3839 manu
1273 3786 1508 3856 filiorum
1532 3787 1852 3855 alienorum,
1879 3804 2100 3860 quarunt
2129 3808 2187 3847 as

589 3876 820 3930 locutum
847 3887 923 3931 est
949 3878 1248 3948 vanitatem,
1292 3888 1338 3934 et
1368 3879 1579 3936 dextera
1607 3897 1815 3952 eorum,
1846 3881 2057 3938 dextera
2087 3884 2189 3939 ini-

587 3975 818 4045 quitatis.

2372 1565 2701 1622 Benedictus
2749 1565 3011 1620 Dominus
3039 1565 3183 1621 Deus
3223 1581 3378 1621 meus
3415 1582 3430 1620 :
3460 1565 3548 1636 qui
3579 1565 3726 1620 docet
3763 1579 3864 1619 ma-

2299 1671 2402 1713 nus
2435 1672 2587 1711 meas
2611 1666 2634 1693 ι·
2664 1658 2730 1709 ad
2763 1655 3032 1724 pra-lium,
3060 1664 3116 1712 et
3144 1657 3344 1726 digitos
3375 1670 3529 1711 meos
3561 1655 3626 1710 ad
3657 1655 3856 1710 bellum.

2371 1749 2743 1805 Misericordia
2771 1764 2910 1817 mea,
2953 1761 3002 1805 ct
3040 1749 3304 1822 refugium
3336 1766 3517 1807 meum
3551 1768 3566 1804 :
3604 1760 3855 1820 susceptor

2313 1857 2488 1908 meus,
2520 1854 2570 1896 ct
2599 1842 2858 1897 liberator
2886 1857 3063 1897 meus.

2372 1936 2656 1990 Protector
2701 1950 2877 2002 meus,
2905 1943 2963 1992 et
2991 1937 3042 1992 in
3081 1935 3200 2007 ipso
3227 1937 3445 2007 speravi
3479 1954 3492 1990 :
3551 1935 3569 1976 τ
3601 1935 3859 2008 subiiciens

2301 2030 2531 2098 populos
2563 2027 2665 2082 sub
2691 2043 2800 2083 me.

2368 2118 2618 2184 Domine,
2653 2118 2783 2187 quid
2811 2127 2894 2174 est
2923 2116 3089 2173 ltonto
3109 2117 3252 2188 quod
3281 2117 3408 2191 [.lls.
3435 2119 3715 2193 quoniam]
3734 2120 3858 2176 iam).

2300 2208 2451 2265 tuisti
2513 2210 2619 2265 ei?
2681 2219 2775 2265 aut
2839 2209 2984 2265 illius
3049 2211 3284 2267 hominis
3347 2211 3608 2283 quoniam
3674 2222 3859 2284 reputas

2296 2321 2420 2361 eunt
2447 2307 2470 2358 ?

2372 2397 2547 2452 ltomo
2576 2398 2803 2453 vanitati
2835 2398 3030 2455 similis
3073 2399 3247 2459 factus
3283 2411 3367 2458 est
3398 2419 3418 2458 :
3457 2401 3578 2459 dies
3607 2403 3721 2477 ejus
3743 2405 3861 2460 sicut

2299 2489 2489 2544 umbra
2528 2499 2881 2560 praetereunt.

2369 2581 2622 2647 Domine,
2667 2582 2866 2639 inclina
2895 2583 3066 2640 cmlos
3097 2594 3251 2657 tuos,
3298 2595 3355 2643 et
3401 2587 3867 2660 descendeztange

2295 2684 2536 2742 montes,
2563 2687 2619 2731 et
2647 2676 3005 2748 lurnigabunl.

2367 2770 2608 2826 Carusca
2651 2774 3064 2831 coruscatinncs
3113 2784 3231 2831 tuas
3258 2817 3275 2844 ,
3328 2787 3384 2834 et
3417 2778 3714 2853 dissipabis
3753 2796 3866 2839 eos:

2215 2867 2263 2933 Ο
2293 2864 2482 2922 emitte
2509 2863 2738 2936 sagittas
2771 2875 2912 2930 tuas.
2956 2877 3010 2923 et
3038 2869 3394 2926 conturbabis
3421 2887 3540 2927 eos.

2373 2959 2568 3014 Emitte
2598 2975 2816 3016 manum
2849 2969 2997 3018 tuam
3026 2962 3093 3018 de
3119 2963 3250 3029 alto,
3286 2966 3438 3037 eripe
3472 2983 3584 3034 me,
3627 2979 3683 3024 et
3725 2969 3872 3026 libera

2297 3065 2384 3106 me
2413 3051 2480 3105 de
2501 3053 2655 3122 aquis
2685 3053 2889 3119 multis,
2917 3064 2970 3110 et
3000 3053 3127 3127 [Με.
3149 3065 3250 3111 tac.
3277 3057 3355 3130 et]
3380 3059 3449 3115 de
3478 3076 3644 3116 manu
3667 3060 3870 3117 ﬁliorum

2296 3143 2628 3200 ahenorunn

2369 3237 2612 3305 Quorum
2643 3252 2706 3292 os
2736 3239 2981 3295 locutum
3005 3251 3087 3297 cst
3111 3241 3404 3301 vanitatem
3433 3262 3445 3298 :
3472 3254 3528 3301 et
3556 3245 3780 3304 dextera
3797 3260 3872 3303 eo-

2295 3345 2450 3397 rum,
2485 3332 2711 3387 dextera
2746 3333 3073 3404 iniquitatis.

2368 3422 2512 3478 Deus
2538 3425 2810 3480 canticum
2857 3441 3056 3482 novum
3105 3420 3340 3485 cantabo
3370 3429 3511 3488 tibi:
3545 3433 3607 3488 in
3644 3431 3878 3504 psalterio

2295 3511 2483 3569 decem
2507 3515 2838 3570 chordarum
2870 3517 3100 3587 psallam
3134 3521 3248 3576 tibi.

2367 3606 2469 3672 Qui
2498 3605 2596 3662 das
2623 3607 2854 3663 salutem
2889 3611 3110 3681 regibus
3141 3629 3155 3664 :
3190 3611 3283 3683 qui
3315 3612 3520 3672 liberas
3575 3617 3741 3675 David
3784 3632 3880 3675 scr-

2296 3711 2422 3776 vum
2459 3706 2608 3752 tuum
2638 3699 2704 3754 de
2735 3699 2918 3769 gladio
2952 3702 3211 3774 maligno.

2370 3789 2534 3861 Eripe
2563 3807 2681 3855 me,
2730 3801 2785 3846 et
2816 3793 2984 3847 libera
3016 3809 3102 3850 me
3122 3803 3147 3841 8
3172 3794 3244 3850 de
3270 3797 3426 3867 aquis
3467 3801 3663 3860 multis
3688 3844 3704 3872 ,
3753 3814 3804 3856 ct
3826 3801 3883 3855 de

2297 3898 2460 3940 manu
2485 3885 2718 3942 liliurum
2745 3888 3072 3944 alienorum.

2371 3982 2611 4049 Quorum
2654 3997 2718 4037 os
2771 3983 3010 4038 locutum
3061 3993 3146 4040 est
3181 3985 3481 4044 vanitatem
3512 3961 3534 4049 ε’
3575 4001 3635 4048 et
3678 3991 3882 4048 dextera

2303 4089 2516 4142 corum,
2540 4075 2763 4131 dextera
2794 4073 3113 4148 iniquitatis.

587 4270 732 4350 εις.)
766 4259 972 4344 librarii
1016 4259 1549 4350 enimpmanit‘estum
1579 4273 1662 4350 cst
1700 4264 1912 4331 vitium.
1941 4269 2083 4350 quod
2108 4287 2188 4328 sc-
2224 4275 2275 4337 Ι)
2302 4275 2444 4332 tione
2469 4288 2518 4334 et
2558 4279 2942 4350 rrrrtcrniissa.

589 4335 779 4404 quitur
947 4347 1014 4387 co
1075 4333 1298 4396 codice,
1355 4350 1464 4407 mea
1519 4335 1736 4401 ἁπλῶς,
1806 4353 1903 4407 pro
1961 4332 2190 4398 animum

594 4403 783 4482 meum.
829 4403 1074 4475 Denique
1103 4420 1279 4458 omnes
1299 4405 1627 4474 tribulautcs,
1665 4422 1761 4476 pro
1784 4403 1956 4464 omnes
1986 4415 2072 4482 qui
2095 4417 2191 4470 tri-

591 4478 794 4531 bulant.

658 4557 684 4585 α
709 4547 1001 4626 Perperna}
1029 4546 1280 4626 Martian.
1319 4547 1500 4626 ipsum
1527 4563 1740 4620 quoque
1765 4564 2068 4626 pronomen
2096 4565 2149 4611 tu
2170 4597 2188 4626 ,

584 4617 730 4742 quod
753 4628 837 4673 est
858 4618 1292 4674 luculentissime
1319 4618 1372 4673 in
1403 4617 1566 4674 Hebr}
1596 4617 1781 4683 testu,—
1804 4622 1964 4678 obelo
1993 4617 2186 4682 conﬁt:

625 4700 761 4742 erat.
789 4705 815 4742 a
844 4705 948 4742 auo
973 4704 1071 4742 nos
1108 4689 1272 4742 illud.
1307 4690 1634 4742 admonente
1671 4693 1838 4742 Palat.
1873 4710 1996 4742 msh
2027 4711 2186 4742 ntmm

625 4700 815 4768 cratLa
844 4704 1071 4768 quonos
1108 4689 1272 4768 illud,
1307 4690 1651 4768 admonente
1671 4693 1838 4746 Palat.
1873 4710 1999 4763 lllS.,
2027 4711 2190 4768 atque

589 4763 701 4827 ipsa
743 4760 865 4816 Cari
897 4763 1054 4826 edit.,
1079 4763 1410 4839 exemimus.
1445 4763 1564 4817 Mox
1589 4805 1603 4824 .
1633 4763 1686 4816 in
1719 4773 1854 4839 terra
1881 4760 2052 4832 recta,
2091 4760 2189 4839 pro

587 4841 777 4957 τιννῦσᾳυι
797 4842 1012 4901 rectam,
1051 4832 1306 4903 scquiore
1348 4849 1510 4888 manu
1552 4836 1853 4904 repositum
1901 4847 1983 4892 est
2020 4832 2190 4897 in'eo

588 4919 652 4956 co
695 4919 796 4957 lCt‘.

588 4919 796 4958 COUICt‘.

658 4972 685 5012 ιι
708 4973 926 5029 Rectius
955 4973 1006 5029 in
1029 4973 1226 5029 eodem
1256 4989 1360 5030 ms.
1386 4977 1446 5032 τὸ
1481 4974 1728 5030 Psalmus
1757 4993 1865 5031 non
1897 4989 1976 5033 est
2004 4996 2018 5034 :
2046 4983 2188 5040 haud

593 5053 772 5115 autem
800 5045 940 5100 bene
967 5045 1210 5115 reliquus
1236 5045 1357 5102 sine
1395 5048 1556 5102 obelo
1585 5059 1666 5102 est
1699 5051 1910 5104 titulus.

665 5125 686 5151 ο
718 5114 994 5189 Dalatinus
1023 5114 1126 5171 ms.
1157 5118 1245 5186 qui
1271 5117 1449 5173 subdis
1482 5135 1501 5173 :
1551 5118 1644 5189 qui
1674 5127 1731 5175 et
1754 5120 1871 5174 sine
1905 5122 2064 5178 obelo
2097 5136 2190 5182 aut

595 5186 842 5264 voculam
874 5187 1228 5264 subsequenti
1263 5191 1536 5264 versiculo
1568 5186 1673 5264 non
1713 5202 1862 5247 recte
1894 5193 2042 5264 legit.

659 5252 684 5332 tl
713 5255 857 5310 Idem
901 5273 1002 5332 ms.
1037 5252 1104 5332 de
1134 5272 1232 5313 suo
1261 5261 1410 5316 addit
1450 5274 1498 5317 et
1535 5252 2015 5332 coniunctionem,
2051 5267 2187 5324 etin

592 5327 978 5402 subsequentis
1036 5328 1143 5384 line
1191 5333 1442 5387 versiculi
1497 5327 1826 5402 Diupsalma.
1861 5327 2013 5390 Tum
2056 5354 2188 5394 vero

591 5397 1144 5476 postaliums'ersunt
1177 5407 1398 5471 sequior
1422 5397 1616 5460 manus
1644 5405 1947 5476 rescripsit,
1977 5410 2068 5474 qui
2108 5427 2191 5464 re-

591 5467 746 5520 demit
780 5466 950 5522 David
973 5485 1179 5523 servum
1205 5466 1372 5526 stt—um.

666 5546 688 5576 ο
719 5537 862 5594 idem
887 5555 990 5596 ms.
1034 5541 1089 5594 in
1113 5544 1314 5613 praelia,
1343 5545 1533 5617 digitos
1567 5562 1735 5616 meos,
1767 5555 1900 5622 etc.,
1924 5549 2194 5622 conjunc-

2373 4349 2725 4428 {.Vt'l‘dllells.
2783 4354 2899 4428 ηιμ,
2945 4353 3115 4428 subdit
3143 4357 3392 4428 populum
3433 4377 3596 4415 suum
3641 4362 3738 4417 sub
3779 4378 3883 4416 me:

2299 4420 2456 4486 paulo
2483 4435 2622 4490 post,
2654 4425 2897 4488 quoniam
2930 4420 3157 4480 a'ctintas
3181 4420 3318 4483 cum.
3354 4428 3530 4485 Homo
3561 4435 3784 4488 vanitati
3827 4434 3884 4485 si-

2296 4493 2504 4546 milatus
2527 4502 2598 4547 est
2622 4511 2641 4547 :
2664 4493 2774 4568 dies
2801 4494 2944 4549 illius
2971 4507 3234 4568 tamquam
3267 4499 3449 4556 umbra
3475 4514 3780 4558 transeunt.
3801 4504 3888 4558 Ne-

2292 4579 2398 4642 que
2432 4579 2601 4642 porro
2635 4565 2787 4619 addit
2831 4574 2945 4642 tuos
2979 4565 3276 4642 pronomen
3322 4571 3388 4626 ad
3434 4574 3617 4642 caelos,
3668 4585 3758 4629 aut
3788 4587 3886 4630 tuas

2297 4636 2607 4716 insequenti
2633 4651 2808 4716 versu
2839 4638 2903 4691 ad
2936 4639 3320 4695 coruscatianes
3343 4657 3364 4696 :
3405 4636 3664 4716 legitque
3706 4647 3889 4716 disper-

2294 4721 2404 4775 ges.
2435 4720 2533 4775 pro
2555 4707 2835 4780 dissipabis
2857 4749 2870 4770 ,
2900 4721 2947 4761 ιιι
2982 4717 3037 4764 et
3067 4726 3188 4780 mox
3207 4752 3221 4773 ,
3255 4728 3318 4766 ea:
3361 4707 3674 4772 alto‘lib'cra
3705 4707 3812 4780 me',
3847 4726 3888 4767 et

2294 4791 2417 4856 erue
2438 4793 2518 4830 me
2541 4793 2560 4831 :
2595 4777 3063 4856 quibusomnibus
3102 4779 3237 4856 locis
3268 4781 3352 4836 vix
3385 4801 3493 4840 uno
3521 4800 3694 4856 atque
3731 4777 3888 4842 altera

2295 4846 2624 4919 verltocutn
2652 4850 3066 4919 Augustiniania
3100 4851 3332 4907 lectiune
3353 4846 3648 4911 consanai.

2369 4927 2394 4964 ες
2427 4917 2524 4972 llic
2551 4933 2682 4974 vero
2731 4917 3062 4994 adsuntssitn
3108 4937 3232 4977 eum
3269 4931 3576 4994 Augustino
3617 4929 3764 4984 idem
3797 4943 3886 4983 ms.

2295 4985 2446 5069 Erue.
2464 5005 2566 5069 me,
2589 4998 2635 5044 et
2660 4991 2925 5069 eximente
2953 4993 3016 5044 de
3033 5009 3223 5069 litauit,
3248 4985 3380 5064 etc;
3417 4999 3630 5069 verbis.
3667 5001 3733 5052 de
3757 5002 3889 5069 aquis

2295 5057 2474 5132 multis
2520 5068 2618 5132 et,
2659 5063 2979 5132 repudiatis.
3014 5065 3168 5132 rTlllll
3207 5057 3380 5120 altero
3427 5068 3497 5123 ab
3544 5057 3658 5125 hoc
3686 5057 3844 5124 versu
3877 5090 3885 5120 :

2298 5128 2660 5213 Quonim-ﬁlii
2691 5128 2824 5186 velut
2873 5131 3089 5213 novella:
3135 5135 3475 5192 constabilita:
3521 5139 3577 5213 in
3626 5144 3892 5213 jurentute

2293 5216 2411 5256 sua.
2445 5199 2604 5256 Filia:
2629 5218 2806 5272 eorum
2833 5205 3153 5272 compositae,
3184 5215 3230 5259 et
3259 5217 3455 5261 ornata'
3486 5199 3890 5266 sicut’sintflitw

2295 5271 2362 5324 do
2394 5274 2586 5340 templi.
2620 5271 2847 5328 Cellaria
2889 5271 3092 5339 catum,
3134 5285 3265 5342 etc.,
3295 5293 3359 5332 es:
3394 5280 3490 5333 hoc
3516 5283 3572 5334 in
3616 5285 3740 5339 hoc.
3773 5285 3891 5332 (Las

2295 5359 2473 5396 eorum
2503 5343 3174 5419 fecunda:multiplicantes
3198 5347 3252 5419 in
3278 5350 3569 5418 egressibus
3601 5356 3737 5419 suis,
3756 5356 3889 5406 loc-ss

2295 5428 2474 5490 eorum
2505 5414 2843 5490 crassi._i\'an
2896 5414 2969 5468 est
3008 5417 3160 5490 ruina
3191 5417 3244 5471 in
3273 5414 3345 5472 eis
3375 5419 3702 5490 (Augustin.
3724 5414 3733 5419 ’
3752 5425 3888 5477 ruina

2296 5487 2480 5564 scpis).
2515 5501 2604 5564 nec
2629 5487 2818 5564 exitus,
2845 5501 3019 5564 neque
3041 5485 3257 5564 clanior,
3291 5485 3422 5564 etei;
3453 5485 3508 5545 et
3532 5491 3591 5549 in
3627 5494 3759 5564 line,
3783 5497 3888 5549 bea-

2297 5563 2378 5609 tus
2407 5557 2651 5627 populus,
2680 5557 2831 5627 cujus
2861 5555 3119 5614 Dominus
3139 5555 3279 5616 Deus
3307 5561 3490 5632 ipsius.
