3918 6192
158 166 244 223 589

1368 150 1576 209 LIBER
1616 149 1738 207 PSA
1748 145 2057 206 LMORUM.

3235 149 3345 207 590

211 280 398 343 Quorum
416 274 493 339 lilii
516 272 646 329 sicut
670 270 876 328 novellis
891 272 1234 343 plantationes
1255 270 1374 345 (Ms.
1400 267 1645 340 novetta],
1674 272 1728 333 Α
1824 266 2068 334 Quorum
2105 260 2204 319 lilii
2250 260 2391 317 sicut
2418 259 2654 318 novellae
2684 260 3084 332 plantationes:
3119 263 3347 320 stabiliti

156 374 195 426 in
210 376 425 445 juventute
440 383 534 421 sua.

212 463 341 517 Filia:
363 476 501 516 eorum
539 459 832 530 composita:
860 474 881 514 :
912 459 1309 515 circumornata:
1329 498 1345 524 ,
1378 464 1432 511 ut
1460 455 1648 510 simili-

151 558 251 611 tudo
289 556 443 622 templi.

195 646 497 718 Protnptuaria
523 662 698 701 eorum
733 646 887 717 plena
934 661 952 701 :

150 742 271 796 illud.

200 831 300 887 Oves
332 848 488 885 eorum
507 835 699 902 [ρεισκε.
728 830 1050 886 abundantes
1098 830 1151 885 in
1180 830 1465 903 egressibus
1494 832 1602 885 suis
1634 846 1654 885 :

146 928 251 979 bores
277 941 427 978 eorum
453 940 647 979 crasste.

194 1017 287 1071 Non
313 1026 377 1072 est
402 1018 542 1070 ruina
575 1017 813 1072 maceria
834 1032 1000 1087 neque
1039 1016 1329 1072 transitus:
1357 1033 1520 1087 neque
1552 1018 1661 1072 cla-

145 1126 226 1163 mor
243 1111 283 1162 in
302 1110 464 1181 plateis
486 1126 677 1164 eorum.

188 1201 363 1256 Beatum
402 1212 424 1240 ι
462 1218 515 1258 σθ
568 1204 860 1271 dixerunt:
895 1202 1163 1275 populum,
1213 1205 1297 1259 cui
1344 1202 1453 1261 Ittec
1492 1213 1660 1259 sunt:

139 1297 270 1349 beatus
295 1295 495 1366 populus
515 1300 668 1369 cujus
687 1296 937 1351 Dominus
961 1294 1102 1352 Dcus
1124 1298 1259 1367 ejus.

995 645 1289 699 cructantia
1335 661 1399 699 ex
1443 645 1538 699 hoc
1597 646 1650 699 in

1759 375 1790 416 a
1815 361 2104 431 juventute
2134 371 2250 411 sua.

1830 455 1983 511 Filiae
2014 470 2204 509 eorum
2234 451 2551 523 composita:
2580 469 2593 507 :
2629 452 3075 521 circumornatte,
3108 462 3168 510 ut
3200 455 3348 511 simi-

1758 547 1934 602 litudo
1960 547 2170 616 letnpli.

1834 640 2213 712 Promptuuria
2253 654 2441 696 eorum
2489 637 2648 708 plena
2681 655 2696 693 :
2732 640 3036 695 eructantia
3066 656 3129 697 ex
3160 642 3261 700 hoc
3296 644 3349 699 in

1762 736 1917 793 illud.

1833 830 1977 885 Oves
2007 843 2196 885 eorum
2221 827 2431 892 fetosse,
2460 826 2802 883 abundantes
2822 827 2877 883 in
2910 827 3198 885 itineribus
3219 832 3357 886 suis:

1765 925 1933 981 boves
1960 939 2148 979 eorum
2176 936 2395 977 crassae.

1832 1018 1949 1074 Non
2002 1026 2087 1071 cst
2128 1017 2286 1070 ruina
2328 1014 2581 1070 maceriae
2620 1028 2795 1084 neque
2842 1014 3140 1082 transitus,
3188 1030 3363 1089 neque

1760 1111 1972 1168 clamor
2002 1110 2057 1165 in
2092 1107 2291 1179 plateis
2312 1122 2527 1163 eorum.

1834 1205 2057 1258 Beatum
2083 1201 2337 1257 dixerunt
2365 1200 2659 1270 populum,
2691 1200 2777 1256 cui
2810 1199 2927 1255 inec
2953 1209 3081 1257 sunt
3110 1219 3122 1255 :
3164 1201 3357 1258 beatus

1761 1298 1991 1369 populus
2017 1298 2176 1366 cujus
2204 1304 2288 1351 est
2315 1293 2579 1350 Dominus
2600 1295 2741 1350 Deus
2766 1310 2982 1351 eorum.

1401 1432 1723 1491 PSALMUS
1758 1433 1991 1491 CXLIV.

559 1563 825 1604 LAUDATIO
866 1564 965 1605 IPSI
1003 1564 1182 1607 DAVID.

183 1657 379 1730 [Aleph.]
411 1658 661 1715 Exultabo
684 1672 754 1731 te,
780 1660 920 1717 Deus
952 1680 1093 1718 nteus
1119 1678 1249 1718 rex:
1277 1670 1322 1716 et
1345 1661 1650 1716 benerticans

132 1751 283 1802 nomini
304 1752 448 1804 tuoin
473 1754 743 1817 saeculum,
774 1764 819 1807 et
852 1756 903 1807 in
928 1756 1176 1811 sa'culum
1202 1753 1226 1791 ι)
1265 1769 1325 1809 -ερ
1354 1755 1531 1808 steculi
1565 1755 1587 1822 ζ

180 1840 345 1910 [Datin]
368 1841 464 1896 Per
482 1845 720 1916 singulos
743 1845 852 1900 dies
882 1847 1178 1901 benedicam
1201 1848 1325 1901 tibi:
1354 1857 1401 1901 et
1430 1846 1656 1902 laudabo

129 1948 267 1986 nomen
290 1943 419 1987 tuum
450 1938 499 1989 in
532 1938 807 2004 steculum,
831 1948 877 1993 et
910 1941 964 1992 in
989 1940 1237 1993 sarculum
1274 1955 1329 1994 -ξί
1358 1939 1581 2007 seaculi:

178 2025 382 2098 [GinwLJ
410 2028 635 2101 Magnus
665 2031 944 2100 Dominus,
974 2044 1021 2089 et
1062 2032 1347 2088 laudabilis
1388 2035 1579 2089 nimis:
1610 2045 1659 2089 et

129 2119 439 2186 magnitudinis
466 2126 583 2193 ejus
615 2140 717 2177 non
746 2135 820 2179 est
847 2126 985 2193 finis.

176 2211 395 2285 {Dulcia}
412 2212 693 2271 Generatio
715 2228 761 2272 et
779 2220 1039 2290 generatio
1060 2230 1081 2260 ο
1100 2219 1337 2276 laudabit
1358 2238 1513 2293 opera
1529 2231 1617 2276 tua
1640 2236 1659 2277 :

126 2310 158 2351 et
178 2308 413 2370 potentiam
442 2317 587 2362 tuam
619 2311 1052 2377 pronuntiabunt.

172 2396 287 2467 die]
316 2398 763 2474 Magniﬁcentiam
784 2404 965 2473 gloria:
993 2406 1285 2461 sanctitatis
1320 2417 1425 2462 tute
1455 2409 1662 2476 loquen-

124 2497 197 2555 tur,
224 2502 262 2544 et
286 2494 535 2550 mirabilia
571 2506 666 2550 tua
698 2498 1000 2553 narrabant.

171 2584 317 2657 [Van]
349 2587 412 2642 Et
456 2592 710 2643 virtutem
741 2590 1050 2645 terribilium
1103 2601 1308 2646 tuorum
1350 2594 1565 2649 dicent:
1615 2602 1662 2647 et

122 2679 467 2746 nmgnitudimm
490 2694 643 2737 tuam
672 2684 978 2739 narrabant.
1418 2682 1430 2697 ’

166 2771 334 2848 [laid]
360 2776 679 2832 Memoriam
727 2778 1061 2835 abundantia!
1090 2780 1363 2835 suavitatis
1410 2791 1513 2835 tua:
1548 2797 1666 2835 eru-

115 2865 294 2932 ctabunt,
321 2877 365 2921 et
383 2871 604 2941 justitia
629 2880 719 2924 tua
744 2871 1098 2926 exsultabant.

164 2956 339 3029 [Metu]
362 2961 651 3016 Hiserator
672 2972 718 3017 et
740 2964 1027 3017 misericors
1052 2967 1305 3021 Dominus
1331 2979 1348 3021 :
1369 2966 1592 3037 patiens,
1624 2974 1672 3019 et
1700 2942 1747 3006 (ἶ

113 3051 283 3104 multum
306 3054 626 3109 misericors.

160 3140 335 3219 [Teth.]
356 3146 550 3203 Suavis
600 3147 856 3204 Dominus
883 3150 1131 3205 universis
1161 3166 1179 3205 :
1209 3160 1259 3205 et
1314 3150 1670 3205 miserationes

113 3234 197 3301 ejus
216 3254 352 3309 super
372 3243 551 3294 omnia
578 3257 742 3310 opera
767 3243 897 3313 ejus.

160 3326 301 3401 [led]
329 3331 707 3403 Conﬁteantur
734 3334 849 3395 tibi.
884 3332 1125 3400 Domine,
1152 3336 1326 3391 omnia
1358 3351 1517 3407 opera
1545 3345 1669 3389 tua:

108 3430 143 3473 et
160 3427 299 3479 sancti
320 3430 392 3482 tui
419 3429 739 3485 bendicant
761 3430 873 3485 tibi.

159 3513 346 3591 [Καρίῃ]
366 3519 618 3576 Gloriam
642 3522 785 3592 regni
807 3522 882 3576 tui
907 3521 1077 3576 dicent
1100 3538 1118 3577 :
1144 3532 1192 3577 et
1215 3522 1497 3593 potentiam
1527 3530 1671 3576 tuum

109 3604 349 3672 loquentur.

156 3696 399 3778 [Lamed.]
429 3706 500 3761 Ut
528 3713 710 3761 notam
732 3706 929 3776 faciant
951 3706 1075 3776 ﬁliis
1096 3707 1363 3763 hominum
1387 3706 1670 3779 potentiam

107 3797 230 3858 tuam,
253 3807 296 3849 et
321 3800 551 3869 gloriam
578 3799 978 3871 magniﬁcentia:
1004 3801 1151 3871 regni
1178 3801 1275 3854 tui.

156 3881 337 3959 [Mem]
360 3887 610 3961 Regnum
643 3902 808 3957 tuum,
838 3907 1052 3962 regnum
1079 3891 1308 3944 omnium
1331 3890 1671 3946 saeculorum:

102 3980 135 4021 et
159 3975 419 4035 dominatio
464 3992 560 4036 tua
609 3981 664 4037 in
705 3983 842 4036 onmi
875 3982 1208 4055 generatione
1232 4022 1249 4050 ,
1291 3992 1343 4037 et
1381 3984 1674 4053 generatio-

100 4081 202 4124 llt’lll.

152 4159 173 4197 ά
210 4180 251 4219 ~:
298 4165 509 4225 Fidelis
562 4169 824 4225 Dominus
855 4171 906 4223 in
958 4171 1193 4226 omnibus
1240 4170 1403 4226 verbis
1440 4169 1580 4226 suis:
1625 4179 1672 4225 et

100 4270 269 4318 tant-tus
290 4264 345 4320 in
378 4268 636 4321 ommbns
668 4266 905 4338 operibus
931 4268 1037 4323 suis
1065 4267 1086 4337 ζ

1683 1553 1733 1613 Β

2222 1560 2245 1588 °
2287 1565 2553 1607 LAL'DATIO
2591 1565 2689 1607 IPSI
2730 1565 2911 1606 υΑγιυ.

1831 1662 2065 1736 ῘΑιερΙι.]
2089 1664 2355 1719 Exaltabo
2380 1677 2452 1733 to,
2473 1666 2613 1720 Dens
2635 1682 2731 1721 rex
2753 1681 2939 1721 meus:
2966 1676 3019 1721 et
3038 1666 3356 1725 benedicam

1759 1770 1954 1810 nomen
1985 1766 2133 1811 tuum
2168 1756 2221 1810 in
2245 1764 2535 1825 mternum,
2566 1766 2621 1813 et
2650 1758 2703 1812 in
2737 1758 2996 1813 sarculum
3022 1762 3234 1815 saeculi.

1831 1847 2145 1920 [Betlt.]Per
2175 1849 2417 1920 singulos
2444 1850 2564 1905 dies
2587 1851 2902 1906 benedicam
2922 1861 2973 1906 te
2998 1870 3010 1905 :
3044 1862 3099 1907 et
3129 1854 3359 1909 laudabo

1761 1956 1955 1996 nomen
1989 1954 2137 1996 tuum
2169 1941 2225 1997 in
2247 1950 2537 2007 aeternum,
2573 1951 2627 1997 et
2657 1943 2708 1995 in
2738 1944 2999 1997 saeculum
3032 1944 3250 1997 saeculi.

1832 2030 2066 2105 [GimeL]
2096 2032 2322 2103 Magnus
2352 2032 2641 2099 Dominus,
2674 2043 2731 2087 et
2759 2032 3055 2089 laudabilis
3079 2034 3268 2089 nimis:
3304 2045 3357 2089 et

1762 2125 2153 2195 magnitudinis
2173 2125 2291 2196 ejus
2323 2141 2431 2181 non
2460 2133 2547 2181 est
2573 2124 2719 2181 linis.

1833 2216 2095 2291 [Daletlt.]
2122 2216 2417 2275 Gener-aiio
2444 2227 2499 2274 et
2528 2220 2812 2289 generatio
2849 2219 3153 2275 laudabunt
3198 2235 3364 2291 opera

1766 2318 1889 2364 tua:
1922 2320 1977 2364 et
2008 2311 2312 2380 potentiam
2342 2319 2486 2364 tuam
2520 2310 2965 2379 pronuntiabunt.

1838 2399 1992 2473 [He.'|
2024 2401 2479 2471 Magniﬁcentiam
2521 2401 2822 2471 majestatis
2856 2414 2983 2467 tum,
3023 2414 3076 2456 et
3107 2402 3363 2457 sanctita-

1766 2506 1873 2551 tcm
1902 2504 2045 2551 tuam
2080 2494 2398 2563 loquentur:
2430 2502 2487 2550 et
2510 2494 2777 2549 mirabilia
2803 2504 2889 2549 tua
2917 2495 3236 2550 narrabant.

1838 2587 2024 2661 [Van]
2047 2587 2313 2643 Virtutem
2330 2587 2716 2644 terribiliorum
2732 2598 2945 2643 tuorum
2959 2588 3139 2644 dicent
3164 2598 3215 2643 ct
3235 2604 3348 2644 ma-

1765 2681 2098 2753 gnitudinem
2128 2690 2272 2735 tuam
2305 2681 2622 2737 narrabant.

1840 2771 2040 2846 [Zain.]
2064 2771 2374 2827 Memoriam
2396 2772 2743 2827 abundantia:
2768 2770 3054 2828 suavitatis
3078 2780 3187 2828 tua:
3204 2786 3364 2829 οι·ηο-

1770 2869 1989 2923 tabunt:
2022 2878 2077 2921 et
2098 2868 2305 2936 iustitia
2340 2877 2427 2923 tua
2450 2867 2823 2923 exsultabunt.

1851 2960 2059 3031 [ΗΜΛ]
2090 2960 2400 3016 Misericors
2425 2971 2479 3017 et
2501 2962 2791 3020 miseratur
2810 2960 3100 3016 Dominus:
3136 2959 3373 3031 patiens,

1774 3064 1829 3111 et
1854 3056 2085 3110 multum
2115 3053 2454 3110 misericors.

1846 3146 2043 3221 [Tum]
2070 3148 2261 3205 Suavis
2288 3148 2549 3204 DOminus
2575 3147 2877 3206 universis:
2910 3157 2964 3206 et
2986 3148 3375 3206 miserationes

1775 3242 1894 3314 ejus
1917 3258 2081 3313 super
2107 3242 2289 3297 omnia
2320 3256 2484 3312 opera
2512 3241 2653 3312 ejus.

1848 3334 2021 3410 μαψ]
2065 3335 2442 3390 Conliteantur
2493 3334 2613 3401 tibi,
2669 3334 2929 3401 Domine,
2971 3333 3152 3389 omnia
3194 3347 3362 3403 opera

1775 3436 1973 3484 tuazet
2023 3427 2193 3482 sancti
2238 3427 2314 3482 tui
2346 3427 2691 3483 benedicent.
2726 3427 2856 3499 Uis.
2902 3427 3247 3500 benedicant]
3291 3439 3364 3484 te.

1847 3520 2321 3593 [Caph.]Gloriam
2368 3521 2522 3592 regni
2575 3521 2648 3575 tui
2701 3521 2915 3578 dicent:
2971 3529 3026 3578 et
3068 3521 3372 3593 potentiam

1776 3626 1923 3671 tuam
1953 3616 2262 3685 loquentur.

1848 3705 2109 3779 [Μηρώ]
2145 3706 2216 3763 Ut
2244 3715 2427 3761 notam
2452 3705 2651 3761 faciant
2707 3705 2834 3760 ﬁliis
2876 3704 3159 3760 hominum
3188 3715 3381 3776 poten-

1775 3801 1903 3858 tiam
1938 3810 2111 3867 tuatn,
2136 3810 2189 3855 et
2214 3798 2444 3870 gloriam
2480 3797 2497 3837 τ
2528 3798 2943 3870 magniﬁcentia:
2974 3800 3126 3871 regni
3153 3799 3252 3854 tui.

1848 3890 2057 3965 [Mem]
2090 3891 2332 3960 Regnum
2361 3900 2534 3957 tuum,
2570 3890 2822 3959 Domine,
2852 3906 3075 3963 regnum
3132 3891 3377 3948 omnium

1775 3986 2101 4042 smculorum
2126 3999 2141 4040 :
2171 3994 2226 4040 et
2247 3982 2548 4039 dominatio
2593 3991 2682 4039 tua
2711 3983 2767 4039 in
2807 3982 2957 4039 omni
2982 3985 3340 4057 generatione
3362 4027 3376 4053 ,

1775 4088 1830 4137 et
1858 4078 2137 4149 progenie.

1848 4171 2053 4227 Fidelis
2080 4168 2337 4227 Dominus
2360 4168 2415 4225 in
2448 4169 2633 4227 verbis
2664 4168 2815 4229 suis:
2850 4177 2907 4226 et
2932 4179 3153 4229 sanctus
3186 4172 3238 4229 in
3262 4187 3381 4229 om-

1778 4264 1937 4321 nibus
1958 4262 2213 4335 operibus
2243 4262 2376 4319 suis.

162 4578 183 4641 ?
212 4570 468 4632 Fortasse
494 4572 707 4632 reetius
734 4573 957 4629 verbum
982 4573 1256 4639 dixerunt,
1294 4571 1410 4627 sine
1441 4571 1600 4626 oble
1634 4569 1684 4624 in
1717 4568 1764 4628 D
1793 4568 2130 4628 nuntiabunt.
2168 4568 2612 4641 Magniﬁcentiam
2634 4568 2815 4639 gloriu'
2854 4569 3144 4641 sanctitatis
3183 4581 3282 4623 tute
3308 4568 3360 4621 lo

100 4634 309 4700 Palatina
341 4658 429 4702 est
474 4664 615 4707 ms.;
658 4661 833 4714 nrqite
864 4650 1006 4699 enim
1046 4634 1268 4713 proprie
1315 4644 1556 4696 abundat
1598 4660 1688 4694 stt-

97 4725 170 4783 pra
197 4719 494 4785 originnlcs
539 4728 746 4780 textus,
782 4718 1064 4772 ilebrmum
1098 4724 1283 4781 Nam,
1310 4727 1401 4770 aut
1434 4717 1684 4771 Grtccum

98 4789 388 4858 εμᾳκᾲρισαν
409 4832 424 4852 ,
456 4806 577 4846 uno
607 4790 794 4844 verbo.

148 4852 429 4916 bLibrarii
480 4860 806 4923 oscitantis,
856 4872 1033 4927 neque
1090 4857 1352 4913 lleliraica
1414 4857 1686 4911 elementa

92 4923 293 4993 singulis
323 4932 596 4986 versibus
647 4934 900 4999 prmlixa,
947 4923 1123 4999 neque
1172 4929 1585 4991 obelumhunc,
1636 4938 1691 4982 et

92 4998 162 5061 qui
192 5014 325 5067 pene
346 5003 613 5072 sequitur
646 4998 817 5055 altero
842 4998 1045 5063 versu,
1069 5001 1227 5053 habet
1258 5000 1483 5072 Palatia.
1513 5015 1613 5051 ms.

150 5078 167 5103 ε
195 5070 522 5141 Sequiunin
560 5073 753 5129 eodem
776 5072 897 5126 cod.
925 5086 1117 5127 manus
1144 5070 1425 5138 rescripsit
1454 5072 1686 5136 plurium

92 5152 292 5197 numero
316 5144 649 5199 laudabunt.

147 5206 375 5283 dAtque
433 5217 593 5270 hunc
644 5229 926 5283 perperam
975 5214 1095 5270 sine
1143 5212 1305 5269 obelo
1354 5212 1685 5267 versiculum

88 5276 348 5357 Palatinus
379 5301 494 5341 ms.
531 5276 680 5357 legil.

150 5363 168 5387 ε
197 5352 542 5412 Inscribitur
572 5352 625 5411 in
655 5357 954 5413 Vcronensi
999 5373 1099 5409 ms.
1127 5363 1186 5409 ut
1234 5365 1286 5408 et
1318 5369 1485 5423 penes
1510 5352 1691 5420 Angu-

84 5423 265 5479 stinum
293 5426 443 5482 Laus
465 5471 483 5494 ,
522 5437 628 5484 cte.
660 5428 718 5484 In
746 5439 932 5491 textu,
964 5426 1218 5481 Exultabo
1242 5437 1319 5491 te,
1354 5424 1494 5477 Deus
1522 5440 1686 5487 mens,

86 5509 181 5557 να,
211 5511 356 5562 etc.;
389 5513 444 5552 et
481 5515 615 5553 ιῐιυι
642 5502 695 5552 in
727 5502 972 5555 swculum
992 5542 1005 5563 ,
1035 5513 1133 5567 pro
1163 5499 1214 5549 in
1244 5506 1517 5567 a’ternmn,
1554 5503 1609 5546 nt
1637 5505 1692 5547 et

87 5577 253 5627 postea
276 5612 291 5635 ,
326 5568 628 5624 laudabilis
658 5572 837 5632 ualde.
878 5586 976 5639 pro
1004 5564 1177 5621 nimis.
1213 5567 1348 5621 Tum
1369 5609 1381 5629 ,
1412 5564 1690 5619 Generatio

83 5648 120 5687 ει
150 5642 425 5710 generatio
452 5642 701 5698 laudabit
742 5658 899 5712 Opera
937 5651 1057 5709 tua,
1089 5648 1134 5695 et
1164 5639 1395 5693 virtutem
1421 5645 1563 5690 tuam
1592 5651 1686 5687 tm-

1790 4650 2032 4712 guentur,
2058 4653 2104 4693 et
2133 4639 2392 4693 mirabilia
2412 4652 2497 4694 tua
2518 4644 2850 4693 enarrabunt.
2888 4639 3142 4712 Virtutem
3163 4653 3388 4693 metm-n-

1791 4708 1976 4765 ilorum
2004 4722 2203 4767 tuorum
2227 4712 2421 4777 dicent,
2457 4722 2503 4765 et
2530 4712 2931 4781 magnitudinem
2953 4719 3091 4763 tuam
3114 4708 3390 4780 loquuntur

1793 4782 2147 4852 (Augustinus
2174 4784 2487 4836 enarrabunt
2517 4790 2674 4852 carri).
2726 4784 2843 4834 Mox
2887 4781 3261 4854 eructuabunt,
3292 4800 3389 4854 pro

1793 4851 2126 4931 cruciabam,
2179 4864 2233 4931 et
2295 4855 2639 4931 longanimis,
2695 4867 2794 4921 pro
2833 4851 3058 4931 patiens.
3110 4851 3384 4931 Denique,

1795 4925 1983 4978 Suavis
2034 4923 2290 4977 Dominus
2350 4922 2619 4987 omnibus,
2670 4933 2719 4976 et
2774 4922 3128 4975 miserationes
3171 4926 3285 4994 ejus
3333 4926 3386 4978 in

1793 5012 1968 5067 omnia
1999 5013 2155 5067 opera
2194 5011 2326 5063 ejus.

1871 5066 1887 5105 ί
1925 5060 2087 5121 ΙίιΙοίη
2142 5060 2305 5130 libri,
2360 5064 2581 5134 gloriam
2606 5060 3006 5134 magnitudinis
3036 5062 3234 5118 decoris
3287 5067 3385 5121 tui.

1794 5136 2031 5209 Regnum
2058 5150 2221 5209 tuum,
2254 5132 2645 5209 regnum,elc.;
2678 5142 2751 5195 ct,
2785 5132 2836 5182 in
2867 5133 3008 5209 omni
3035 5137 3380 5209 generatione,

1792 5219 1839 5262 et
1874 5201 2236 5280 generatione.
2273 5206 2459 5280 Altero
2489 5204 2557 5255 ab
2590 5202 2689 5280 Irioc
2717 5215 2909 5265 versu,
2963 5201 3250 5280 Confirmat
3284 5208 3387 5280 [)o.

1794 5274 1964 5333 mt'tius
2000 5290 2172 5331 omnes
2204 5275 2492 5325 decidentes
2514 5315 2526 5335 ,
2563 5279 2631 5332 et,
2685 5283 2825 5333 etc.;
2862 5282 2994 5336 tum,
3027 5274 3148 5328 aliis
3179 5277 3388 5331 duobus

1795 5346 2159 5412 interpositis,
2189 5344 2371 5395 Justus
2406 5341 2653 5412 Dominus
2682 5341 2733 5392 in
2756 5342 2990 5412 omnibus
3018 5345 3111 5396 viis
3149 5349 3255 5399 suis
3282 5364 3297 5399 :
3328 5365 3391 5399 ne

1794 5410 2025 5479 deinde,
2083 5415 2255 5480 PrOpe
2309 5421 2381 5464 est
2438 5410 2693 5464 Dominus
2748 5410 2983 5461 omnibus
3037 5414 3390 5471 invocantibus

1792 5506 1908 5543 eum
1930 5529 1943 5552 ,
1975 5485 2205 5539 omnibus
2227 5484 2314 5551 qui
2340 5483 2575 5558 invocant
2604 5495 2719 5534 eum
2748 5480 2799 5532 in
2838 5481 3049 5536 veritate
3075 5499 3094 5538 :
3121 5486 3351 5558 dt'lliqllt:
3372 5531 3387 5558 ,

1794 5570 1841 5617 et
1864 5573 2039 5632 preces
2067 5568 2241 5611 eorum
2269 5552 2529 5609 exaudiet.
