3918 6192
566 159 666 220 391

634 273 944 348 [Lamecln]
971 275 1168 330 Allevat
1191 271 1444 328 Dominus
1471 286 1646 326 omnes
1671 273 1758 342 qui
1779 280 2030 328 corruunt
2063 286 2078 326 :
2105 280 2151 326 et
2182 271 2238 334 Α

565 369 718 442 erigit
745 384 919 423 omnes
941 367 1109 422 elisos.

638 460 816 534 [Δία]
850 459 999 514 Oculi
1029 457 1258 512 omnium
1288 457 1340 511 in
1367 465 1415 512 te
1435 466 1670 526 sperant,
1694 465 1718 494 α
1744 456 1966 512 Domine
1989 471 2008 512 :
2031 465 2078 511 et
2103 465 2158 512 tu

566 555 661 610 das
690 570 858 610 escam
882 553 1089 607 illorum
1112 551 1166 605 in
1197 561 1423 623 tempore
1441 561 1758 623 opportuno.

637 643 816 718 [Plte.]
847 643 1028 716 Aperis
1059 658 1116 698 -:—
1153 643 1477 711 tu1manum
1510 653 1653 698 tuam
1687 660 1705 698 :
1733 652 1782 699 et
1803 643 1983 715 imples
2009 659 2163 699 omne

573 735 770 793 animal
790 735 1163 792 benedictione.

633 825 839 900 [,Sade.]
879 826 910 880 Ι
921 835 1065 881 ustus
1112 826 1366 882 Dominus
1403 826 1457 881 in
1494 827 1732 883 omnibus
1777 827 1873 882 viis
1913 826 2024 882 suis
2056 843 2075 882 :
2113 834 2164 882 et

571 930 784 976 sanctus
807 920 862 974 in
895 920 1126 974 omnibus
1159 920 1399 991 operibus
1427 921 1555 976 suis.

636 1013 859 1088 [Copln]
893 1012 1065 1087 Prope
1117 1023 1190 1068 est
1222 1013 1476 1069 Dominus
1528 1014 1768 1069 omnibus
1807 1012 2166 1069 invocantibus

559 1124 677 1163 eum
697 1105 725 1146 δ
755 1112 821 1176 >ε<
860 1107 1098 1162 omnibus
1124 1106 1479 1162 invocantibus
1498 1123 1616 1160 eum
1643 1106 1665 1174 1
1695 1107 1749 1160 in
1779 1107 2008 1160 veritate.

637 1195 814 1271 [Res.]
850 1196 1177 1272 Voluntatem
1205 1197 1494 1252 timentium
1521 1213 1575 1252 se
1599 1197 1753 1267 faciet
1787 1212 1806 1251 :
1833 1204 1880 1251 et
1911 1197 2162 1267 depreca-

567 1290 756 1346 tionem
779 1305 958 1344 eorunt
977 1289 1243 1357 exaudiet,
1275 1299 1326 1344 et
1349 1290 1516 1344 salvos
1547 1289 1703 1359 faciet
1728 1305 1836 1343 eos.

632 1381 796 1453 [Sim]
844 1380 1083 1437 Custodit
1129 1380 1383 1437 Dominus
1424 1398 1600 1438 omnes
1653 1381 1927 1453 diligentes
1965 1395 2068 1437 se:
2117 1390 2166 1437 et

567 1493 742 1532 omnes
762 1485 1061 1548 peccatores
1091 1476 1376 1546 disperdet.

639 1567 859 1641 [Ἥκω]
889 1567 1273 1622 Laudationem
1305 1566 1518 1622 Domini
1545 1567 1785 1638 loquetur
1807 1582 1860 1620 os
1888 1582 2092 1621 meum:
2118 1574 2166 1621 et

1569 158 1628 216 S.
1675 153 2052 216 IIIERONYMI
2091 154 2323 214 DlVINA
2366 152 2840 215 BlllLlOTllECA.
3598 161 3601 164 ’
3743 159 3826 219 Ξθξ

2336 269 2626 343 [Lanteclt.]
2658 270 2874 324 Allevat
2903 267 3159 325 Dominus
3196 283 3393 326 omnes
3434 268 3528 341 qui
3569 283 3720 326 ruunt
3748 291 3759 327 :
3786 285 3826 331 et

2263 363 2427 433 erigit
2448 376 2642 418 omnes
2665 362 2853 418 elisos.

2337 452 2508 527 [Ann]
2537 455 2694 511 Oculi
2726 454 2969 510 omnium
2999 455 3051 510 in
3081 463 3134 510 te
3163 463 3408 524 sperant,
3439 455 3691 514 Domine:
3715 469 3757 514 et
3785 468 3825 516 tu

2263 545 2363 603 das
2391 562 2576 602 eseam
2606 546 2710 602 illis
2733 546 2786 602 in
2817 556 3062 618 tempore
3093 557 3426 619 opportuno.

2338 639 2518 714 [Phe.]
2571 640 2767 713 Aperis
2817 650 2872 696 lu
2923 657 3143 696 manum
3172 652 3348 703 tuam:
3391 649 3448 698 et
3490 643 3678 717 imples
3700 663 3828 704 omne

2265 733 2467 789 animal
2499 732 2627 806 [Με.
2671 747 2891 788 omnem
2918 732 3181 807 animam]
3211 734 3617 792 benedictione.

2340 823 2552 898 [Sade.]
2584 825 2772 881 Justus
2801 825 3063 883 Dominus
3097 827 3150 882 in
3177 827 3280 883 viis
3306 828 3455 885 suis:
3494 837 3552 886 et
3578 840 3774 887 sanctus
3793 833 3832 888 in

2266 918 2521 975 omnibus
2550 918 2806 988 operibus
2837 921 2972 974 suis.

2339 1007 2556 1080 [C0plt.]
2584 1009 2761 1080 Prope
2787 1019 2871 1066 est
2901 1011 3161 1067 Dominus
3194 1012 3450 1070 omnibus
3484 1015 3834 1074 invocantibus

2267 1117 2416 1171 eum,
2445 1104 2501 1158 in
2532 1103 2784 1160 veritate.

2338 1191 2511 1266 [Res.]
2540 1194 2886 1251 Voluntatem
2911 1196 3220 1254 timentium
3251 1213 3311 1256 se
3335 1199 3535 1256 laciet:
3569 1210 3623 1257 et
3660 1201 3835 1259 oratio-

2264 1300 2362 1342 nes
2387 1301 2577 1341 eorum
2607 1288 2883 1357 exaudiet,
2917 1298 2972 1345 et
3002 1291 3185 1346 salvos
3211 1291 3375 1348 faciet
3403 1307 3530 1348 eos.

2339 1377 2506 1452 [Sim]
2534 1378 2788 1436 Custodit
2811 1382 3074 1438 Dominus
3103 1399 3293 1441 omnes
3327 1384 3619 1457 diligentes
3640 1402 3694 1444 se
3721 1385 3836 1460 [Μδ.

2266 1472 2448 1540 ευιηζε
2477 1481 2532 1529 et
2563 1488 2752 1530 ontnes
2785 1485 3101 1545 peccatores
3128 1477 3434 1551 disperdet.

2338 1563 2550 1638 [Tuam]
2574 1567 2819 1624 Laudem
2847 1567 3062 1625 Domini
3083 1570 3340 1642 loquetur
3364 1588 3427 1629 os
3450 1589 3653 1630 meum:
3679 1583 3730 1630 et
3755 1575 3838 1631 be-

565 1663 832 1720 benedicat
864 1660 1030 1714 omnis
1058 1671 1080 1699 c
1110 1677 1233 1714 caro
1261 1661 1459 1714 nomini
1477 1669 1658 1715 sancto
1682 1659 1797 1732 ejus
1819 1659 1872 1714 in
1892 1659 2163 1726 siccatum,
2195 1674 2243 1734 Β
2272 1657 2486 1715 nedicat
2508 1661 2686 1716 omnis
2708 1674 2838 1718 caro
2859 1677 3060 1720 nomen
3087 1673 3334 1722 sanetum
3348 1666 3466 1738 ejus
3490 1668 3544 1723 in
3574 1676 3830 1735 aeternum,

565 1766 613 1811 et
639 1757 694 1812 in
723 1755 973 1813 saxulum
999 1771 1058 1812 -ε-
1086 1755 1306 1822 surculi:

2269 1761 2325 1808 et
2351 1752 2406 1807 in
2446 1753 2705 1811 saeculum
2728 1755 2934 1811 saeculi.

1927 1840 2245 1902 PSALMUS
2281 1842 2490 1900 CXLV.

783 1953 1074 2008 accentus,
1108 1935 1135 1978 ά
1169 1953 1224 1995 -εν
1278 1953 1473 2006 suam,
1517 1954 1584 1994 ετ
1623 1938 1946 2006 zacnantte1

635 2031 844 2101 Lauda,
871 2034 1047 2088 anima
1075 2049 1212 2097 mea,
1262 2031 1568 2098 Dominum,
1613 2031 1844 2086 laudabo
1878 2027 2168 2085 Dominum

565 2126 621 2181 in
648 2126 756 2180 vita
780 2141 890 2179 mea
913 2141 929 2177 :
960 2123 1183 2193 psallam
1205 2123 1316 2179 Deo
1346 2139 1458 2176 meo
1486 2123 1736 2193 quamdiu
1758 2124 1928 2196 fuero.

638 2219 820 2275 Nolite
843 2219 1104 2288 conﬁdere
1130 2218 1186 2272 in
1211 2217 1554 2289 principibus,
1583 2217 1636 2271 in
1665 2217 1792 2285 [iliis
1817 2215 2107 2284 hominum,
2140 2225 2164 2254 ο

564 2315 617 2368 in
640 2312 825 2382 quibus
847 2328 954 2366 non
981 2320 1053 2366 est
1079 2310 1245 2365 salus.

636 2403 813 2459 Exibit
833 2403 1045 2473 spiritus
1089 2405 1226 2473 ejus,
1255 2411 1305 2456 et
1351 2410 1632 2456 revertetur
1659 2400 1712 2456 in
1750 2410 1939 2456 terram
1973 2415 2162 2456 suam:

565 2500 618 2554 in
646 2497 741 2554 illa
761 2498 846 2553 die
874 2497 1112 2570 peribunt
1139 2511 1198 2552 σιμ
1232 2493 1251 2534 ί
1279 2511 1458 2551 omnes
1483 2495 1505 2564 1
1535 2497 1872 2568 cogitationes
1900 2511 2101 2551 eorum.

631 2591 822 2647 Beatus
842 2595 989 2665 cujus
1013 2591 1154 2646 Deus
1177 2591 1344 2646 Jacob
1378 2589 1592 2663 adjutor
1618 2592 1770 2660 ejus:
1798 2607 1914 2661 spes
1959 2594 2072 2662 ejus
2109 2590 2162 2646 in

563 2685 792 2740 Domino
814 2683 924 2740 Deo
955 2685 1119 2756 ipsius
1147 2684 1235 2754 qui
1267 2684 1388 2754 fecit
1417 2682 1598 2738 ctelum
1623 2693 1670 2738 et
1698 2691 1913 2751 terram,
1941 2699 2085 2736 mare
2114 2692 2162 2738 et

561 2778 736 2834 omnia
755 2793 874 2849 qute
895 2778 947 2832 in
978 2778 1052 2832 eis
1072 2785 1230 2834 sunt:

637 2872 742 2941 Qui
777 2873 998 2927 custodit
1022 2871 1286 2927 veritatem
1311 2871 1366 2927 in
1409 2871 1680 2939 steculum,
1727 2871 1858 2943 facit
1894 2870 2160 2942 judicium

562 2967 815 3036 injuriam
840 2965 1187 3037 patientibus;
1219 2964 1309 3019 dat
1332 2979 1504 3020 escam
1529 2964 1897 3020 esurientibus.

636 3055 892 3112 Dominus
919 3054 1072 3111 solvit
1095 3055 1448 3127 compeditos:
1479 3052 1736 3110 Dominus
1760 3053 2026 3111 illuminat
2051 3071 2154 3111 ca:-

566 3163 894 3295 cosDominus
918 3238 1067 3311 erigit
1089 3248 1113 3287 ε
1139 3239 1291 3295 elisos
1309 3255 1327 3292 :
1359 3238 1614 3297 Dominus
1635 3241 1806 3313 diligit
1817 3241 2012 3313 justas.

639 3417 890 3477 Dominus
906 3418 1132 3474 custodit
1160 3417 1410 3484 advenas,
1440 3418 1699 3491 pupillum
1721 3430 1771 3475 et
1799 3419 2014 3474 viduam
2047 3436 2163 3476 sus-

563 3516 716 3586 cipiet
739 3529 757 3566 :
783 3522 829 3567 et
850 3513 958 3567 rius
989 3520 1313 3582 peccatorum
1335 3512 1615 3583 disperdet.

641 3605 896 3680 liegnnbit
922 3604 1178 3659 Dominus
1209 3605 1260 3658 in
1281 3604 1506 3659 sterula:
1529 3603 1671 3660 Deus
1699 3612 1817 3660 tuus
1843 3605 1974 3662 Sion
1995 3608 2047 3662 in
2070 3623 2162 3680 ge-

570 3698 892 3754 nerationem
913 3706 963 3753 et
992 3695 1400 3768 generationem.

2893 1955 3183 1998 summa.
3231 1942 3246 1980 ί

2343 2027 2549 2097 Lauda,
2579 2030 2759 2087 anima
2787 2047 2930 2097 mea,
2957 2034 3271 2103 Dominum,
3311 2034 3549 2093 laudabo
3578 2036 3834 2095 Dominum

2270 2120 2325 2178 in
2349 2122 2454 2177 vita
2475 2137 2623 2178 mea:
2656 2125 2880 2195 psallam
2916 2126 3029 2180 Deo
3057 2142 3179 2182 meo
3217 2128 3479 2199 quamdiu
3513 2127 3686 2187 fuero.

2339 2211 2520 2269 Nolite
2540 2216 2819 2273 conlidere
2845 2215 2898 2272 in
2923 2218 3284 2289 principibus,
3313 2234 3492 2291 neque
3523 2220 3575 2276 in
3614 2221 3732 2278 liliis
3757 2222 3838 2277 lio-

2269 2304 2502 2374 minum,
2534 2306 2587 2362 in
2622 2307 2820 2378 quibus
2844 2323 2950 2365 non
2981 2321 3066 2366 est
3087 2311 3255 2367 salus.

2341 2397 2500 2454 Exiet
2527 2399 2757 2470 spiritus
2786 2400 2904 2471 ejus
2924 2409 2980 2458 et
3014 2411 3321 2460 revertetur
3350 2405 3403 2460 in
3439 2413 3638 2463 terram
3674 2422 3842 2463 suam:

2266 2489 2321 2546 in
2347 2490 2437 2546 illa
2463 2490 2552 2549 die
2575 2492 2828 2564 peribunt
2847 2493 2976 2566 [Με.
3009 2494 3244 2568 perierit]
3283 2512 3479 2556 omnes
3509 2501 3841 2572 cogitationes

2264 2598 2475 2641 eorum.

2335 2676 2534 2734 Beatus
2561 2677 2715 2750 cujus
2737 2679 2880 2737 Deus
2915 2681 3085 2738 Jacob
3148 2681 3364 2753 adjutor
3401 2684 3524 2759 ejus
3551 2685 3680 2760 [Ms.
3713 2684 3841 2758 est]:

2263 2784 2390 2842 spes
2416 2769 2536 2841 ejus
2568 2771 2621 2827 in
2653 2773 2882 2830 Domino
2909 2773 3022 2830 Deo
3045 2775 3235 2846 ipsius.

2334 2864 2437 2934 Qui
2463 2864 2590 2922 fecit
2616 2866 2812 2923 ctelum
2840 2877 2895 2924 et
2919 2877 3144 2936 terram,
3168 2884 3338 2940 mare,
3363 2879 3420 2928 et
3440 2872 3623 2929 omnia
3661 2889 3770 2946 qua:
3804 2874 3845 2928 in

2263 2955 2343 3013 eis
2366 2953 2497 3029 [.lls.
2525 2956 2611 3030 ea]
2641 2969 2791 3015 sunt.

2333 3048 2436 3115 Qui
2464 3050 2701 3107 custodit
2727 3053 3009 3110 veritatem
3033 3053 3086 3110 in
3126 3054 3413 3127 saeculum,
3441 3056 3569 3114 facit
3603 3057 3846 3130 judicium

2261 3141 2512 3214 injuriam
2540 3144 2892 3215 patientibus:
2925 3147 3017 3203 dat
3036 3162 3219 3205 escam
3247 3149 3640 3208 esurientibus.

2339 3235 2603 3295 Dominus
2623 3237 2783 3312 erigit
2801 3238 2990 3309 elisos,
3007 3241 3273 3299 Dominus
3293 3245 3457 3300 solvit
3483 3247 3817 3316 compeditos
3837 3260 3848 3300 :

2275 3331 2542 3388 Dominus
2573 3330 2847 3390 illuminat
2872 3347 3072 3406 caecos,
3102 3334 3366 3392 Dominus
3385 3335 3572 3410 dirigit
3587 3341 3786 3410 justos.

2341 3422 2608 3478 Dominus
2637 3423 2879 3480 custodit
2906 3424 3196 3496 advenam,
3240 3427 3504 3500 pupillum
3554 3439 3605 3486 te
3656 3431 3848 3487 viduam

2271 3514 2560 3586 suscipiet,
2591 3525 2646 3572 et
2674 3517 2812 3571 viam
2838 3527 3181 3588 peccatorum
3207 3519 3614 3578 exterminabit.

2337 3607 2604 3679 Regnabit
2633 3609 2897 3668 Dominus
2924 3611 2978 3667 in
3009 3621 3305 3682 :eteroum;
3338 3613 3482 3672 Deus
3502 3623 3628 3672 tuus
3654 3616 3779 3676 SiOn
3806 3617 3850 3672 in

2265 3701 2526 3758 sarculum
2552 3702 2761 3760 smeuli.

1914 3792 2235 3855 PSALMUS
2273 3794 2505 3854 CXLVI.
2572 3856 2580 3865 ,

780 3883 809 3926 ιι
836 3903 1119 3945 Αιιειυιιλ.
1155 3901 1212 3942 ~2-
1245 3901 1434 3954 scotet,
1466 3901 1534 3942 er
1565 3900 1846 3943 ZACBARIE
1873 3887 1896 3956 1

644 3977 884 4036 Laudate
924 3979 1250 4049 Dominum,
1289 3981 1535 4050 quoniant
1563 3979 1726 4035 bonus
1773 3989 1850 4037 est
1879 3983 2110 4050 psalmus
2143 4001 2158 4040 :

567 4073 679 4132 Deo
707 4083 885 4130 nostro
912 4073 977 4130 sit
999 4072 1258 4146 jucunda,
1291 4075 1356 4138 )zoﬁ
1385 4073 1674 4151 decoraque
1703 4073 1724 4141 1
1749 4073 2006 4130 laudatio.

638 4223 666 4252 ι
692 4213 802 4270 Aut
824 4226 953 4268 veru
982 4207 1400 4279 pramotandum
1431 4207 1535 4263 hoc
1565 4216 1874 4280 estnomen
1908 4208 2126 4266 Domine
2145 4255 2160 4280 ,

567 4295 663 4342 aut
693 4283 836 4355 quod
883 4282 1032 4351 juxta
1067 4280 1424 4355 Palatinitns.
1468 4287 1555 4355 est
1605 4279 1796 4345 Iidem,
1835 4293 1912 4355 ac
1957 4282 2160 4355 rectius

565 4350 736 4413 multo
765 4350 1008 4419 videtur,
1035 4366 1258 4422 prorsus
1289 4350 1676 4416 inducendum,
1704 4353 1846 4419 quod
1873 4351 2068 4406 nedum
2101 4353 2156 4408 in

564 4429 796 4484 Hebraeo
822 4425 916 4481 sed
942 4421 1117 4493 neque
1147 4424 1199 4477 in
1227 4425 1416 4477 Graeco
1439 4421 1558 4492 ipso
1587 4431 1736 4477 textu
1770 4434 2010 4477 resonet.

634 4500 660 4538 δ
691 4497 946 4554 Aslerisci
979 4509 1158 4548 notant
1186 4493 1461 4550 Palatinus
1493 4507 1594 4546 ms.
1623 4502 1677 4546 el.
1706 4493 1826 4547 Cari
1851 4493 2016 4548 editio
2045 4495 2156 4549 dis-

563 4571 842 4632 simulant.
892 4567 1178 4637 Sequentis
1207 4575 1384 4619 autem
1418 4565 1662 4637 proxime
1712 4565 1860 4620 verbi
1912 4567 2153 4621 exaudiet

563 4636 1000 4714 pru'posil'tnncttt
1032 4654 1132 4692 nis.
1164 4641 1230 4714 de
1261 4652 1414 4690 more
1439 4636 1668 4714 jugulat.

636 4725 659 4752 ο
680 4705 1010 4782 Ἀηιίιιιιοπὶί,
1044 4717 1103 4762 ut
1129 4709 1369 4773 videtur,
1398 4705 1684 4761 oscitantia
1714 4707 1915 4764 excidit
1936 4724 1966 4764 e
1997 4708 2151 4764 Pala-

564 4785 678 4840 tino
707 4798 808 4838 ms.
836 4797 940 4836 Vox
971 4796 1113 4834 caro.

632 4853 656 4892 d
712 4855 843 4922 Quae
906 4851 1068 4908 obelo
1115 4857 1513 4919 prtenotantur.
1573 4849 1751 4920 Aggiei
1803 4861 1849 4906 et
1878 4849 2152 4906 Zachariw

562 4927 780 4982 nomina
807 4965 822 4989 ,
873 4925 927 4979 in
977 4923 1221 4977 Palatino
1249 4935 1350 4976 nis.
1386 4923 1584 4976 rectius
1611 4922 1834 4975 ontnino
1864 4937 1969 4976 non
2001 4933 2145 4976 sunt.

637 5008 659 5033 ο
687 4998 862 5066 Atque
890 4996 1029 5049 hanc
1057 4994 1256 5066 rectius
1283 4993 1513 5066 pauloin
1543 4991 1980 5061 prtepositionem
2008 4992 2152 5048 idem

564 5083 668 5123 ms.
699 5063 905 5136 respuit
933 5066 1082 5136 juxta
1110 5064 1400 5133 originales
1433 5063 1620 5136 libros.

633 5137 650 5177 ί
687 5132 836 5192 llaud
867 5132 1012 5191 recte
1044 5135 1130 5189 ltie
1155 5132 1294 5190 idem
1325 5149 1426 5190 ms.
1459 5135 1577 5189 sine
1612 5133 1773 5188 obelo
1801 5132 1964 5204 legit,
1996 5149 2060 5190 ac
2083 5134 2152 5191 de

558 5225 660 5265 suo
680 5209 830 5263 addit
853 5209 906 5260 in
935 5208 1040 5260 line
1075 5206 1400 5275 Diapsalma.

633 5290 658 5326 8
685 5279 952 5335 Secundis
982 5279 1126 5331 curis
1167 5274 1462 5343 repositum
1494 5275 1582 5330 hic
1618 5284 1702 5330 est
1731 5274 1911 5329 allisos
1944 5318 1958 5344 ,
1985 5284 2150 5347 atque

557 5352 731 5406 altero
759 5350 827 5404 ab
854 5347 959 5402 huc
991 5361 1182 5410 versu,
1206 5348 1341 5401 viam
1381 5348 1574 5402 minori
1600 5362 1846 5402 numero.

631 5420 657 5458 ιι
681 5419 905 5475 Rectius
934 5417 1260 5490 iuPalatiuo
1285 5432 1390 5473 ms.
1415 5427 1470 5473 et
1486 5415 1609 5490 Cari
1631 5417 1870 5490 editione
1890 5417 2068 5490 Aggtei
2091 5427 2138 5474 et

491 5489 517 5500 ‘
556 5489 830 5545 Zacharia:
867 5487 1082 5542 notuiua
1115 5503 1335 5557 prorsus
1362 5505 1465 5544 noti
1497 5488 1790 5544 adduntur.
1830 5487 2140 5558 Sed‘iteque

556 5565 821 5683 lauimus
849 5559 1015 5628 priori
1047 5560 1315 5614 versiculo
1350 5563 1574 5614 verbum
1613 5561 2020 5615 substantivum
2063 5571 2139 5614 est

661 5639 789 5683 Itur.

550 5639 789 5685 additur.

629 5696 645 5738 ι
679 5697 840 5756 Addit
866 5695 1160 5757 Veronens.
1187 5712 1290 5757 ins.
1316 5699 1494 5772 Aggwi
1523 5709 1569 5757 et
1595 5699 1862 5758 Zaclrariw
1892 5700 2129 5761 nomina.

2887 3907 3176 3950 ALLELUIA.
3212 3895 3227 3946 i

2330 3984 2572 4042 Laudate
2609 3983 2925 4053 Dominum,
2967 3988 3228 4060 quoniam
3257 3989 3435 4048 bonus
3465 4001 3550 4050 est
3580 3991 3848 4064 psalmus:

2260 4077 2372 4133 Deo
2402 4085 2592 4134 nostro
2609 4077 2848 4149 jucunda
2872 4080 2945 4136 sit
2969 4080 3232 4138 laudatio.

2266 4209 2323 4266 In
2359 4219 2504 4297 textu
2532 4211 2728 4297 habet,
2758 4215 3011 4300 quamdiu
3035 4217 3145 4299 vivo
3168 4259 3182 4285 ,
3211 4230 3318 4340 pro
3343 4217 3492 4300 [uero
3513 4260 3529 4284 ,
3561 4227 3617 4274 et
3642 4262 3656 4281 ,
3684 4217 3847 4273 Nolite

2272 4284 2429 4340 ﬁdere
2458 4301 2511 4338 tn
2542 4302 2798 4340 nrtncmes
2819 4327 2835 4340 .
2867 4295 2915 4340 et
2942 4303 2997 4340 in
3041 4287 3178 4340 ﬁlios
3251 4304 3511 4340 omnium-
3547 4292 3728 4340 auibus
3760 4305 3847 4340 non

2270 4284 2511 4360 ﬁderejn
2541 4284 2798 4360 principes
2819 4327 2835 4354 ,
2867 4295 2915 4340 et
2942 4288 2997 4341 in
3038 4284 3512 4360 ﬁliosﬁltominum,
3547 4292 3728 4360 quibus
3760 4305 3849 4341 non

2265 4365 2340 4410 est
2366 4354 2554 4410 salus:
2603 4358 2822 4427 propius
2854 4359 2920 4410 ad
2975 4354 3426 4428 Augustinianum
3456 4354 3736 4426 exemplar
3755 4401 3769 4420 .
3798 4369 3848 4413 ut

2264 4434 2464 4496 etquae
2511 4437 2809 4496 sequuntur
2837 4429 3009 4483 tribus
3054 4429 3124 4483 ab
3155 4430 3277 4486 hinc
3298 4432 3582 4496 versibus,
3610 4433 3716 4498 Qui
3758 4447 3845 4482 cu-

2262 4498 2418 4573 stodit
2443 4498 2701 4573 veritatem
2742 4499 2796 4573 in
2831 4509 3107 4573 wternum,
3149 4503 3420 4573 facientem
3462 4504 3725 4573 judicium
3776 4502 3848 4553 in-

2252 4569 2450 4644 juriam
2488 4569 2855 4644 accipientibus
2898 4587 2916 4624 :
2971 4569 3176 4644 dante
3213 4572 3295 4627 vel
3325 4569 3532 4625 daturin
3563 4572 3582 4643 )
3613 4584 3662 4644 t_e
3691 4586 3844 4644 escam

2258 4639 2617 4694 esurientibus.
2664 4640 2926 4711 Dominus
2979 4641 3131 4694 solvit
3166 4639 3494 4711 compeditos
3541 4639 3572 4698 ε’
3603 4642 3846 4697 Dominus

2261 4711 2411 4784 erigit
2439 4710 2613 4784 elisos.
2650 4709 2901 4784 Dominus
2930 4716 3185 4780 sapientes
3215 4709 3341 4784 facit
3372 4731 3534 4768 etecos
3559 4730 3577 4766 :
3603 4714 3849 4768 Dominus

2180 4770 2233 4831 Ι)
2256 4770 2427 4855 diligit
2461 4782 2647 4851 justas.
2687 4781 2935 4855 Dominus
2965 4770 3188 4855 custodit
3215 4770 3527 4855 proselytos,
3563 4785 3847 4855 orpltanum

2255 4860 2303 4904 et
2324 4853 2663 4927 viduam_etc.
2699 4852 2958 4924 Denique,
2984 4852 3123 4909 Deus
3145 4852 3264 4909 tuus
3291 4852 3421 4911 Sion
3450 4857 3506 4909 in
3528 4852 3850 4927 generatione

2259 4932 2306 4975 et
2325 4922 2722 4992 generationem.

2333 4998 2348 5045 i
2379 4994 2472 5068 llic
2495 5009 2629 5068 vero
2669 4993 2875 5068 eadem,
2905 4995 3085 5068 Λεισωὶ
3125 5005 3173 5050 et
3204 4994 3486 5068 lac/rario:
3523 4999 3766 5061 nomina,
3794 5004 3843 5049 ut

2257 5075 2310 5137 et
2329 5065 2396 5120 ad
2424 5066 2818 5136 subsequentes
2837 5065 3076 5137 illuuiem
3098 5067 3429 5137 psalmorum
3460 5069 3674 5131 titulos.
3702 5068 3844 5122 addit

2263 5135 2560 5210 _Ve_rouens.
2604 5135 2704 5191 ins.
2739 5138 2794 5190 In
2826 5136 3029 5193 Textus
3053 5135 3234 5210 altero
3260 5152 3420 5193 versu
3449 5184 3464 5203 ,
3501 5140 3842 5210 concolligens

2260 5206 2442 5271 habet,
2469 5222 2569 5277 pro
2599 5223 2936 5280 congregans,
2962 5223 3024 5263 ac
3047 5208 3243 5263 deinde
3267 5224 3391 5264 cum
3421 5206 3749 5280 Augustino,
3767 5223 3842 5259 ro-

2255 5292 2376 5331 cans
2401 5317 2416 5340 .
2461 5293 2557 5345 pro
2586 5277 2747 5332 vocat.
2778 5277 2940 5332 Solus
2970 5288 3149 5334 autem
3188 5293 3312 5335 mox
3334 5319 3350 5342 ,
3390 5277 3685 5347 prudentia:
3715 5282 3836 5344 rius,

2258 5363 2354 5421 pro
2378 5349 3256 5421 etsapientite,_ctc.__'I‘umwiterum
3279 5351 3435 5418 juxta
3463 5351 3836 5421 Augustinum,

2248 5416 2537 5473 Ituntiliuris
2555 5461 2570 5483 ,
2599 5434 2700 5490 pro
2731 5419 2996 5479 Itumiliat.
3027 5420 3113 5485 Et,
3151 5420 3253 5487 Qui
3278 5416 3514 5488 coeperit
3542 5416 3721 5476 celum
3750 5435 3840 5490 uu-_

2247 5490 2415 5551 bibus,
2444 5500 2489 5543 et
2510 5487 2656 5561 parat
2687 5491 2813 5561 (ms.
2841 5495 3041 5558 pensat)
3061 5501 3212 5544 terr-te
3240 5487 3486 5555 pluviam.
3525 5493 3624 5557 Qui
3648 5487 3840 5545 exoriri

2246 5561 2373 5629 facit
2401 5563 2453 5614 in
2479 5561 2755 5624 montibus,
2785 5568 2890 5616 etc.
2916 5561 3016 5626 Qui
3059 5561 3148 5614 dat
3178 5563 3446 5630 pecoribus
3467 5579 3655 5624 escam.
3697 5569 3801 5616 etc.
3824 5601 3836 5622 ,

2243 5642 2320 5695 et,
2351 5647 2639 5703 corvorum
2697 5632 2787 5701 qui
2834 5633 3071 5703 invocant
3113 5648 3247 5703 eum.
3301 5631 3424 5686 Non
3472 5635 3524 5688 in
3579 5640 3838 5703 potentatu

2242 5702 2389 5777 equi,
2427 5711 2562 5774 etc.,
2596 5700 2838 5777 nec‘benc
2865 5704 2916 5759 in
2943 5700 3282 5762 tabernaculis
3312 5704 3414 5762 viri
3460 5700 3663 5764 sentiet.
3709 5701 3840 5758 Bene
