3918 6192
137 182 220 242 393
1426 175 1631 237 LIBER
1669 175 2118 237 PSALMORUM.

3296 186 3403 246 594

197 302 486 373 Ᾰῐάίβωηε
514 298 817 358 Jerusalem
842 295 1133 355 Dominus:
1161 298 1503 370 dispersiones
1530 297 1697 355 Israe-

1880 297 2183 354 Ediﬁcans
2223 297 2527 358 Jerusalem
2576 300 2840 359 Dominus
2883 317 2899 362 :
2940 310 2997 360 et
3038 302 3409 375 dispersioncs

142 397 199 451 lis
225 397 338 469 libs.
366 394 596 466 Israhel]
620 395 969 469 congregabit.

196 488 284 557 Qui
325 498 477 543 sanat
521 489 780 543 contritas
833 487 1022 542 corde:
1066 496 1116 543 et
1154 486 1338 561 alligat
1372 487 1703 543 contritiones

130 599 297 638 eorum.

188 676 276 745 Qui
293 686 533 734 amna-at
560 676 947 731 multitudinem
972 674 1241 731 stellarum
1268 692 1288 731 :
1312 685 1339 715 α
1372 689 1433 731 +
1464 684 1512 731 et
1539 674 1561 743 ζ
1592 690 1701 730 om-

129 770 248 825 nibus
274 772 344 825 eis
366 771 586 825 nontina
616 780 782 826 vocat.

187 863 396 935 Magnus
429 863 695 919 Dominus
724 875 915 933 noster,
952 873 1001 921 et
1039 881 1231 937 magna
1272 866 1437 921 virtus
1467 868 1579 934 eius
1604 854 1625 919 ξ
1652 874 1702 921 et

140 956 378 1027 sapientiae
405 959 525 1028 ejus
549 972 654 1010 non
682 969 758 1011 est
788 972 1051 1012 numerus.
1580 941 1597 959 “

186 1046 480 1119 Suscipiens
522 1058 819 1103 mansuetos
857 1047 1112 1105 Dominus
1136 1048 1466 1122 :humilians
1512 1064 1569 1105 -εν
1605 1067 1700 1105 au-

128 1152 210 1195 tem
236 1142 257 1209 ζ
288 1150 584 1212 peccatores
615 1158 777 1213 usque
805 1143 872 1195 ad
894 1151 1105 1197 terram.

198 1230 468 1287 Prtecinite
496 1230 726 1287 Domino
745 1233 798 1287 in
824 1234 1147 1304 confessione
1178 1248 1197 1288 :
1223 1232 1429 1305 psallite
1458 1231 1563 1288 Deo
1580 1249 1699 1289 nos-

125 1336 191 1380 tro
216 1325 266 1378 in
289 1325 513 1379 cithara.

185 1415 280 1483 Qui
323 1417 493 1486 operit
549 1416 735 1471 uelum
781 1416 999 1471 nubibus
1030 1432 1050 1473 :
1085 1426 1137 1473 et
1189 1427 1341 1489 parat
1390 1427 1538 1474 teme
1579 1417 1699 1488 plu-

129 1511 269 1564 riam.
632 1562 635 1565 .

184 1601 209 1639 ι’
232 1601 329 1667 Qui
351 1603 588 1672 producit
612 1604 668 1658 in
692 1603 948 1660 montibus
969 1606 1175 1675 fenum:
1195 1618 1256 1659 -ξε
1282 1613 1329 1659 et
1359 1602 1567 1659 herbam
1588 1619 1697 1658 ser-

126 1692 250 1746 vituti
273 1694 538 1748 hominum
568 1692 596 1761 ξ

187 1786 279 1853 Qui
302 1787 385 1841 dat
398 1789 652 1859 jumentis
680 1788 1095 1861 escamipsorurn
1119 1804 1136 1844 :
1172 1804 1229 1843 -ξ-
1266 1797 1315 1843 et
1347 1788 1371 1857 ζ
1400 1788 1562 1860 pullis
1580 1804 1690 1844 cor-

124 1894 285 1932 rorum
307 1880 658 1935 invocantibus
686 1896 825 1935 eum.
1474 1898 1479 1901 ‘

183 1969 234 2024 Ν
237 1988 297 2025 an
324 1973 372 2025 in
400 1973 709 2043 fortitudine
732 1973 869 2044 equi,
902 1973 1221 2029 voluntatem
1249 1973 1492 2030 habebit:
1521 1988 1612 2028 nec
1636 1973 1692 2027 in

125 2064 241 2118 tibiis
268 2065 362 2119 viri
386 2063 761 2136 beneplacitum
788 2065 885 2119 erit
924 2065 994 2119 ei.

186 2166 207 2193 ε
249 2170 305 2212 -:—
339 2155 472 2211 Bene
509 2157 531 2225 ζ
585 2156 834 2229 placitum
879 2167 952 2213 est
990 2156 1217 2213 Domino
1256 2174 1409 2230 super
1457 2158 1693 2211 timentes

126 2264 252 2319 eum,
284 2264 344 2305 οξ-
381 2259 428 2305 et
474 2250 497 2319 ζ
534 2251 589 2305 in
629 2252 703 2306 eis
746 2252 834 2322 qui
878 2260 1092 2322 sperant
1138 2267 1295 2321 super
1334 2249 1690 2306 misericordia

126 2358 240 2414 ejus.

1803 389 1979 449 Israel
2010 407 2372 465 congregans.

1874 487 1976 555 Qui
2001 497 2159 544 sanat
2184 490 2454 548 contritos
2490 492 2657 549 corde
2691 510 2705 550 :
2734 501 2791 550 et
2829 493 3015 566 alligat
3044 494 3404 554 contritiones

1802 592 2015 635 eorum.

1874 672 1977 741 Qui
2006 684 2257 731 numerat
2282 675 2685 734 multitudinem
2706 677 2989 735 stellarum
3023 696 3035 733 :
3070 689 3125 735 et
3151 680 3403 737 omnibus

1802 770 1884 822 eis
1907 768 2125 823 nomina
2154 780 2336 827 vocat.

1872 861 2097 932 Magnus
2128 862 2394 920 Dominus
2424 876 2633 931 noster,
2660 874 2716 921 et
2741 880 2932 938 magna
2953 866 3126 924 virtus
3156 867 3276 938 ejus
3304 884 3320 925 :
3349 876 3405 924 et

1801 959 2084 1029 sapientiae.
2111 959 2231 1030 ejus
2260 973 2367 1015 non
2390 968 2475 1016 est
2504 975 2786 1016 numerus.

1871 1051 2187 1123 Suscipiens
2214 1061 2527 1109 mansuetos
2555 1053 2820 1110 Dominus

1803 1153 2121 1215 peccatores
2150 1159 2321 1216 usque
2346 1147 2415 1202 ad
2446 1153 2673 1203 terram.

1870 1236 2096 1308 Incipite
2127 1237 2359 1295 Domino
2388 1238 2442 1293 in
2474 1238 2824 1296 confessione
2850 1258 2861 1293 :
2914 1241 3128 1311 psallite
3158 1241 3271 1299 Deo
3302 1256 3400 1298 no-

1804 1337 1919 1385 stro
1942 1329 1995 1383 in
2024 1329 2254 1385 cithara.

1872 1422 1975 1489 Qui
2015 1422 2195 1493 operit
2243 1422 2441 1479 ctelum
2476 1424 2716 1481 nubibus
2753 1434 2851 1482 :et
2886 1435 3045 1496 parat
3084 1435 3246 1484 terra:
3281 1427 3401 1499 plu-

1799 1530 1966 1571 vram.

1869 1608 1970 1677 Qui
2000 1607 2253 1680 producit
2278 1610 2335 1666 in
2373 1608 2651 1667 mentibus
2680 1609 2863 1667 fenum
2892 1629 2906 1667 :
2940 1620 2994 1668 et
3020 1611 3247 1668 herbam
3286 1624 3401 1668 ser-

2867 1072 2878 1109 :
2923 1054 3175 1112 humiliat
3217 1066 3399 1115 autem

1722 1716 1771 1778 Β
1796 1700 1952 1756 vituti
1991 1698 2292 1756 hominum.

1865 1790 1965 1859 Qui
1986 1789 2080 1846 dat
2096 1790 2360 1861 jumentis
2386 1806 2567 1849 escam
2598 1794 2839 1865 ipsorum
2874 1810 2888 1848 :
2916 1801 2968 1850 et
3004 1794 3170 1865 pullis
3197 1808 3396 1851 corvo-

1794 1898 1913 1939 rum
1941 1884 2323 1939 invocantibus
2351 1899 2494 1941 eum.

1864 1974 1983 2030 Non
2036 1974 2091 2030 in
2128 1974 2339 2032 viribus
2380 1978 2505 2047 equi
2544 1977 2883 2034 voluntatem
2924 1978 3181 2035 habebit:
3214 1995 3393 2052 neque

1796 2065 1854 2123 in
1885 2066 2256 2123 tabernaculis
2282 2068 2381 2123 viri
2413 2070 2813 2140 beneplacitum
2843 2078 2925 2126 est
2953 2072 3025 2126 ei.

1870 2157 2278 2229 Beneplacitum
2318 2170 2401 2215 est
2435 2159 2665 2215 Domino
2697 2180 2708 2214 :
2748 2176 2914 2232 super
2940 2163 3197 2219 timentes
3219 2178 3345 2222 eum
3374 2207 3388 2233 ,

1797 2258 1856 2307 et
1880 2250 1934 2306 in
1964 2265 2058 2308 eos
2080 2251 2174 2321 qui
2198 2262 2420 2322 sperant
2446 2252 2504 2308 in
2537 2254 2909 2311 misericordia
2932 2254 3073 2325 ejus.

1432 2456 1757 2518 PSALMUS
1804 2453 2057 2515 CXLVII.

401 2568 668 2611 susum
696 2551 725 2591 ἀ
754 2568 949 2621 suam,
979 2570 1046 2610 ετ
1072 2554 1393 2622 ιλεηλιιιεεζ

183 2642 354 2701 lauda
374 2688 391 2717 ,
422 2645 718 2703 Jerusalem
737 2688 754 2716 ,
786 2646 1066 2703 Dominum
1091 2654 1123 2703 :‘
1141 2648 1300 2703 lauda
1328 2646 1497 2703 Deum
1524 2657 1689 2713 tuum,

126 2734 257 2791 Sion.

186 2828 429 2896 Quoniam
458 2849 553 2887 con
560 2833 775 2905 fortavit
802 2849 944 2890 seras
972 2844 1239 2907 portarum
1263 2843 1469 2893 tuarum
1494 2851 1512 2890 :
1536 2835 1688 2890 bene-

124 2919 238 2974 dixit
261 2922 379 2991 ﬁliis
406 2927 506 2980 tuis
527 2927 582 2980 in
611 2936 680 2980 te.

184 3012 279 3080 Qui
305 3017 468 3087 posuit
494 3017 625 3088 ﬁnes
646 3027 761 3074 tuos
785 3035 963 3091 pacem
990 3034 1010 3075 :
1041 3034 1103 3075 -ι-
1128 3028 1176 3075 et
1211 3019 1227 3089 ζ
1264 3020 1420 3091 adipe
1442 3018 1693 3091 frumenti

123 3106 260 3158 satiat
282 3116 345 3161 te.

187 3194 283 3261 Qui
316 3199 494 3253 emittit
523 3200 784 3272 eloquium
826 3217 980 3257 suum
1013 3209 1165 3259 terrae
1187 3218 1207 3258 :
1244 3202 1484 3258 velociter
1534 3194 1695 3255 currit

124 3302 272 3343 sermo
314 3295 438 3365 ejus.

186 3379 282 3445 Qui
311 3382 393 3439 dat
416 3384 585 3440 nivem
613 3385 745 3442 sicut
784 3385 958 3441 lauant
991 3402 1010 3443 :
1038 3387 1276 3443 nebulam
1303 3388 1437 3443 sicut
1468 3386 1691 3442 cinerem

123 3474 320 3543 Spargit.

183 3561 333 3619 Mittit
354 3568 659 3639 crystallum
692 3587 841 3625 suam
880 3571 1013 3625 sicut
1038 3570 1289 3626 buccellas
1310 3586 1329 3625 :
1358 3582 1477 3626 ante
1504 3570 1691 3643 facient

122 3652 311 3727 frigoris
336 3665 442 3734 ejus
467 3663 584 3732 quis
614 3663 878 3719 sustinebit
905 3666 930 3719 ?

184 3763 237 3803 -ε-
275 3750 363 3821 Εζ
393 3755 553 3810 mittet
575 3756 784 3811 uerbum
813 3773 984 3825 suum,
1010 3764 1057 3813 et
1089 3757 1382 3831 liquefaciet
1408 3775 1467 3815 ea
1502 3776 1515 3815 :
1543 3758 1693 3829 ﬂabit

118 3839 318 3908 spiritus
340 3850 470 3918 ejus,
501 3858 549 3903 et
571 3851 736 3919 ﬂuent
765 3865 933 3920 aquae.

183 4015 283 4083 Qui
310 4023 575 4077 annuntiat
598 4024 807 4080 verbum
834 4041 987 4081 suum
1024 4025 1188 4083 Jacob
1223 4029 1489 4100 :justitias
1532 4042 1580 4086 et
1600 4036 1696 4105 ju-

119 4106 247 4164 dicia
275 4130 363 4168 sua
390 4115 583 4174 Israel.

128 4365 267 4444 {elisit
289 4365 453 4444 (Aug.
478 4368 695 4442 sentiet)
722 4367 977 4426 Dominus
998 4372 1051 4425 in
1074 4370 1367 4427 timentibus
1389 4387 1503 4426 eum
1526 4388 1545 4437 ;
1568 4379 1615 4425 et
1642 4372 1698 4425 in

128 4428 192 4487 his
212 4428 542 4511 qui'spe'r'ant,
571 4434 679 4495 etc.

186 4514 211 4543 ⁸
235 4507 352 4582 _Nos'
376 4520 422 4565 et
462 4511 840 4582 coniunctioni
869 4512 1082 4568 ohelum
1122 4513 1456 4582 prmﬁximus
1503 4512 1569 4567 ad
1600 4513 1700 4568 Ile-

131 4569 247 4649 brtei
280 4591 451 4636 textus
485 4569 672 4649 (idum,
701 4583 1027 4638 admonente
1057 4569 1305 4638 Palatino
1332 4600 1437 4638 ms.

185 4647 212 4686 δ
241 4649 560 4708 Econtrario
597 4647 928 4723 superﬂuum
966 4656 1185 4711 obelum
1215 4655 1339 4710 hinc
1363 4670 1465 4709 nos
1491 4656 1700 4709 amovi-

128 4729 260 4794 mus,
284 4737 438 4790 quem
470 4724 636 4793 plane
663 4733 902 4789 constat,
930 4734 1025 4780 aut
1049 4726 1202 4791 nulli,
1234 4736 1325 4780 aut
1356 4727 1520 4781 etiam
1552 4740 1695 4794 pra:-

126 4791 323 4846 cedeuti
349 4791 599 4864 proxime
620 4836 635 4860 ,
678 4805 735 4849 et
760 4796 1107 4863 subsequenti
1139 4799 1228 4863 qui
1257 4798 1499 4852 relativis
1528 4791 1695 4852 luisse

126 4866 555 4927 prceponendum.
573 4866 780 4921 Monuit
793 4882 923 4921 vero
944 4867 1142 4922 nedum
1158 4867 1435 4922 Palatinus
1450 4882 1547 4923 ms.
1564 4909 1578 4930 ,
1599 4867 1697 4923 sed

126 4939 173 5009 9t
213 4933 335 4989 Cari
370 4936 562 4991 editio.
596 4937 771 4992 Minus
810 4946 990 5009 autem
1024 4938 1161 4992 bene
1198 4939 1504 5009 insequenti
1534 4952 1699 4993 versu

128 5003 261 5077 idem
280 5020 382 5062 ms.
413 5009 619 5077 absque
641 5022 774 5063 veru
812 5007 977 5063 habet
998 5017 1043 5062 et
1067 5003 1340 5077 copulam.

193 5084 214 5150 ς
237 5074 408 5145 Atque
439 5074 723 5150 hic'lerme
752 5078 955 5150 rectius
976 5074 1371 5150 Beneplacitum
1393 5079 1583 5150 legunt
1599 5079 1702 5134 Pa-

130 5139 442 5221 latinus-ms.
466 5157 523 5203 et
550 5149 676 5221 cari
700 5148 868 5204 editio
893 5139 1216 5221 sineobélo.
1246 5149 1406 5221 quisi
1434 5139 1580 5204 r‘écte
1603 5151 1701 5205 ha-

133 5212 216 5269 bet
238 5258 270 5290 ,Α
294 5217 478 5275 debuit
508 5220 701 5276 eadem
739 5234 964 5290 prorsus
994 5219 1061 5274 de
1092 5212 1343 5276 causa'et
1370 5220 1699 5289 praecedenti

137 5288 361 5353 proxime
389 5290 567 5346 eidem
595 5288 860 5346 vocabulo
895 5291 1119 5360 prmllgi.
1147 5292 1323 5347 Minus
1350 5288 1528 5346 autem
1562 5293 1701 5346 bene

144 5360 316 5434 vocula
334 5363 629 5434 quoqueqin
658 5362 730 5415 eis
749 5402 765 5426 ,
793 5362 985 5417 eodem
1013 5403 1028 5427 ,
1056 5377 1166 5433 quo
1196 5372 1244 5417 et
1268 5362 1464 5434 copula
1484 5362 1702 5433 jugula-

146 5435 238 5503 tur,
258 5429 420 5503 Carus
440 5429 606 5487 obelo
630 5434 1056 5503 transverberat.
1074 5429 1090 5433 ’
1134 5472 1139 5477 ι

209 5496 233 5535 ἀ
256 5501 349 5556 llic
376 5503 603 5571 iterum,
638 5512 698 5558 ut
718 5500 1113 5573 adsuperioris
1138 5504 1331 5573 psalmi
1356 5505 1571 5559 titulum
1603 5519 1709 5557 no-

157 5575 299 5646 tatum
324 5584 424 5646 est,
463 5574 646 5646 Aggari
664 5582 722 5646 et
761 5572 1033 5628 Zacltarice
1061 5572 1279 5630 nomina
1303 5576 1576 5631 Palatinus
1603 5590 1707 5629 ms.

159 5647 204 5693 et
224 5638 332 5716 cari
359 5638 532 5700 editio
544 5638 767 5716 penitus
794 5646 1045 5701 reticent.

152 5736 161 5745 -
220 5720 239 5750 ε
274 5713 499 5787 lterum,
531 5713 677 5788 quod
726 5723 782 5770 et
812 5716 973 5771 modo
1021 5726 1265 5775 notatum
1295 5726 1402 5788 est,
1436 5716 1613 5789 Αθαίυὶ
1659 5725 1712 5772 et

567 5811 847 5874 ΡΑτιιοι..
890 5809 1140 5876 XXIX.

2440 2569 2702 2609 ALLELUIA
2737 2564 2784 2609 θ.

1871 2644 2076 2714 Lauda,
2104 2642 2428 2716 Jerusalem,
2454 2644 2746 2701 Dominum
2778 2660 2791 2699 :
2819 2644 2977 2703 lauda
3006 2645 3175 2705 Deum
3213 2656 3387 2716 tuum,

1801 2737 1955 2795 Sion.

1872 2829 2136 2899 Quoniam
2168 2828 2494 2886 confortavit
2537 2844 2689 2886 seras
2719 2837 2995 2901 portarum
3022 2841 3232 2888 tuarum
3256 2873 3271 2900 ,
3302 2832 3392 2889 be-

1803 2922 2013 2979 nedixit
2036 2922 2176 2977 ﬁlios
2199 2931 2319 2977 tuos
2342 2921 2394 2975 in
2425 2930 2500 2977 te.

1871 3016 1973 3082 Qui
1998 3014 2176 3087 posuit
2212 3013 2350 3071 lines
2390 3022 2511 3070 tuos
2539 3027 2728 3086 pacem
2762 3031 2774 3069 :
2822 3022 2879 3071 et
2921 3014 3081 3087 adipe
3129 3015 3387 3072 frumenti

1798 3108 2001 3164 satians
2033 3115 2106 3164 te.

1869 3197 1973 3267 Qui
1995 3198 2195 3257 emittit
2220 3195 2242 3237 ι
2275 3197 2548 3271 eloquium
2577 3212 2733 3254 suum
2760 3206 2917 3255 terrai
2944 3215 2957 3253 :
2986 3199 3243 3256 velociter
3264 3213 3391 3257 cur-

1797 3293 1869 3349 rit
1898 3308 2079 3349 sermo
2102 3292 2241 3363 ejus.

1867 3384 1972 3453 Qui
2017 3384 2109 3441 dat
2132 3385 2315 3441 nivem
2356 3385 2498 3442 sicut
2539 3384 2717 3443 lanam
2752 3403 2766 3441 :
2796 3386 3048 3443 nebulam
3081 3388 3228 3443 velut
3258 3388 3389 3459 [51s.

1796 3475 1961 3550 sicut]
1996 3477 2235 3533 cinerem
2267 3478 2497 3549 spargit.

1870 3571 2031 3626 Mittit
2072 3570 2393 3643 crystallum
2432 3585 2585 3626 suam
2617 3572 2758 3627 sicut
2804 3572 2975 3629 frusta
3006 3573 3162 3644 panis
3194 3588 3210 3629 :
3266 3583 3396 3631 ante
3430 3560 3433 3563 ’

1798 3664 1992 3721 faciem
2026 3664 2246 3736 frigoris
2268 3665 2385 3735 ejus
2408 3666 2530 3735 quis
2560 3664 2869 3721 subsistet?

1876 3756 2332 3812 Mittet‘verbum
2378 3770 2571 3822 suum,
2617 3764 2672 3811 et
2723 3753 3035 3825 liquefaciet
3080 3771 3191 3812 ea:
3246 3757 3402 3814 ﬂabit

1803 3848 1934 3923 [Με.
1966 3849 2137 3919 ﬂavit]
2177 3848 2400 3919 spiritus
2435 3847 2553 3917 ejus
2576 3889 2592 3915 ,
2628 3856 2682 3903 et
2719 3847 2889 3904 ﬂuent
2925 3847 3053 3920 [Με.
3099 3848 3399 3922 proﬂuent]

1806 3960 1982 4015 aquce.

1877 4032 2245 4089 Pronuntians
2267 4029 2494 4088 verbum
2528 4045 2687 4087 suum
2716 4030 2889 4089 Jacob
2922 4050 2936 4088 :
2963 4031 3206 4105 justitias
3234 4044 3287 4091 et
3315 4036 3404 4107 ju-

1803 4126 1943 4182 dicia
1965 4140 2060 4183 sua
2094 4124 2281 4181 Israel.

1808 4370 2083 4427 Zacharia:
2110 4371 2387 4427 adduntur
2418 4371 2510 4427 hic
2540 4370 2760 4428 nomina
2793 4373 2843 4426 in
2875 4372 3176 4427 Veronensi
3214 4388 3314 4428 ms.
3344 4376 3401 4431 In

1806 4452 1959 4499 textu
1979 4443 2313 4515 conﬁrmavit
2329 4443 2549 4514 legitur,
2569 4444 2713 4511 quod
2730 4444 2965 4515 plurium
2990 4443 3399 4515 esseeodicum,

1807 4530 1907 4585 pro
1938 4516 2271 4585 confortavit,
2296 4514 2356 4569 S.
2382 4514 2954 4585 quoqueAugustinus
2977 4521 3227 4585 testatur.

1882 4583 1904 4621 ί
1938 4584 2092 4655 Legit
2121 4600 2245 4640 cum
2274 4583 2580 4654 Augustino
2609 4584 2937 4638 Veronensis
2971 4596 3071 4655 ms.
3110 4604 3121 4635 :
3160 4583 3260 4649 Qui
3283 4587 3403 4639 mit-

1725 4679 1781 4738 Ι)
1809 4658 1870 4710 tit
1902 4658 2119 4738 rerburn
2163 4667 2740 4738 st-t‘umnterrwsusqne
2782 4655 2835 4738 in
2884 4654 3198 4735 uelocitatem
3240 4659 3404 4709 currit

1808 4726 2013 4798 igrbum
2034 4729 2164 4798 ejus.
2198 4726 2285 4791 Et,
2316 4727 2418 4793 Qui
2444 4727 2601 4798 mittit
2617 4726 2923 4798 crystallum
2938 4740 3106 4798 suum,
3132 4723 3400 4798 sicut,etc.

1812 4796 2026 4852 Emittet
2047 4794 2255 4850 uerbum
2268 4812 2443 4858 suum,
2463 4805 2507 4849 et
2530 4795 2823 4866 labefaciet,
2846 4802 2951 4866 et_(_:.
2981 4795 3058 4866 Ae
3075 4794 3238 4866 paulo
3255 4809 3398 4864 post,

1812 4868 2143 4922 Annuntians
2172 4867 2379 4920 verbum
2405 4883 2577 4929 suunt,
2608 4861 2711 4919 etc.
2762 4865 2845 4929 Et,
2876 4861 2928 4915 Ν
2937 4878 3000 4915 0n
3030 4863 3148 4931 fecit
3182 4861 3403 4919 sic'unii-

1813 4955 1974 4993 uersa:
1995 4939 2153 5007 genti,
2177 4946 2286 4993 etc.
2315 4937 2657 4991 Postremum
2677 4934 2910 5007 denique
2934 4932 3160 5007 verbum
3177 4934 3404 4989 Alleluia

1814 5003 2211 5080 praetermittit,
2258 5008 2402 5080 quod
2436 5007 2551 5080 pari
2584 5013 2740 5080 pacto
2771 5005 2822 5057 in
2866 5004 2978 5080 line
2999 5003 3403 5080 insequentium

1821 5074 2153 5148 psalmorum
2188 5074 2350 5133 tacet.
2382 5074 2478 5131 Rei
2512 5075 2670 5148 hujus
2699 5088 2917 5148 causam
2966 5074 3407 5148 ita__Augt1s_tinus

1824 5143 1878 5205 in
1923 5151 2285 5206 Euarratione
2326 5147 2521 5215 psalmi
2557 5159 2626 5199 ον
2654 5145 2878 5215 exponit
2910 5162 2923 5197 :
2972 5143 3198 5215 Quidam
3227 5146 3406 5198 dicunt

1809 5238 1978 5275 unum
2008 5218 2276 5273 "alleluia
2305 5214 2562 5285 pertinere
2595 5214 2664 5266 ad
2691 5215 2849 5285 ﬁnem
2868 5214 3057 5285 psalmi
3081 5216 3362 5284 superioris
3388 5259 3403 5279 ,

1810 5287 2144 5367 alterumnatl
2172 5284 2327 5367 hujus
2357 5285 2688 5367 principium:
2730 5284 2929 5367 E-t'ho‘c
2968 5295 3224 5367 asserunt,
3266 5285 3407 5355 quod

1817 5378 1992 5416 omnes
2014 5358 2066 5412 II
2072 5353 2370 5409 alleluiatici
2388 5354 2578 5423 psalmi
2598 5353 2783 5407 habent
2797 5355 2851 5407 in
2872 5355 2973 5423 ﬁne
2994 5353 3286 5421 Hallelttia,’
3304 5372 3412 5408 non

1822 5446 1997 5484 omnes
2037 5431 2090 5480 in
2122 5426 2290 5495 capite
2316 5441 2333 5477 :
2362 5423 2499 5495 unde
2537 5424 2843 5493 quicumque
2872 5424 3100 5495 psalmus
3130 5442 3233 5479 non
3263 5425 3413 5477 habet

1818 5504 1878 5555 in
1897 5502 1999 5567 ﬁne
2026 5494 2318 5559 I-Ialleluia,
2334 5510 2425 5567 nec
2444 5494 2683 5567 incapite
2698 5494 2881 5548 uolunt
2904 5512 3018 5567 eum
3038 5496 3223 5549 habere
3243 5495 3413 5567 :qnod

1822 5563 1997 5625 autem
2037 5570 2089 5621 in
2126 5570 2235 5637 ejus
2267 5566 2432 5635 capite
2467 5563 2669 5617 videtur
2688 5581 2817 5630 esse,
2846 5565 3093 5637 adﬁnem
3132 5563 3415 5635 superioris

1826 5643 2101 5708 pertinere,
2130 5636 2422 5709 etcret‘era,
2450 5648 2573 5709 qua:
2601 5642 2716 5691 tute
2740 5636 3016 5704 consulas,
3038 5638 3173 5695 satis
3200 5637 3415 5709 prolixe

1825 5703 1948 5770 toto
1974 5722 2202 5767 numero
2225 5705 2405 5779 primo
2432 5703 2728 5777 disputata.

2923 5802 3002 5863 13
