3918 6192
447 214 556 272 595

1450 208 1510 267 S.
1554 205 1932 263 lllltRONYMl
1973 204 2205 261 DIVINA
2247 201 2724 262 BlBLlOTllECA.

3643 168 3752 257 sas

522 328 648 382 Non
675 328 797 399 fecit
825 326 998 380 taliter
1027 321 1168 379 omni
1197 307 1392 376 nationi
1420 336 1438 375 :
1465 330 1512 376 et
1533 320 1742 394 judicia
1766 337 1862 376 sua
1891 329 1914 357 ιι
1942 337 2045 376 non
2073 326 2124 383 Α
2220 317 2336 375 Non
2365 318 2492 374 fecit
2521 317 2702 373 taliter
2723 307 2874 372 omni
2909 297 3112 369 nationi
3145 325 3158 369 :
3185 319 3241 370 et
3277 287 3484 385 judicia
3508 311 3606 368 sua
3641 327 3749 369 non

453 421 801 492 manifestavit
825 419 918 476 eis.
944 419 1236 475 ALLELUIA.

2155 413 2523 470 manilestavit
2551 413 2651 469 eis.
2687 425 2974 468 ALLELUIA.

1793 525 2110 608 PSALllUS
2149 521 2426 607 CXLVIII.

1101 682 1385 724 ALLELUIA.

451 765 453 768 1
525 768 762 824 Laudate
801 764 1076 819 Dominum
1124 765 1186 819 de
1231 762 1419 819 uelis:
1462 757 1674 814 laudate
1711 773 1829 813 eum
1871 758 1923 811 iu
1954 773 2044 811 ea:-

450 863 622 916 celsis.

525 952 761 1007 Laudate
787 967 926 1016 eum,
955 964 1133 1004 omnes
1159 945 1332 1020 angeli
1360 945 1508 1017 ejus:
1532 943 1742 1000 laudate
1761 958 1898 1010 eum,
1936 957 2044 997 ont-

456 1064 541 1102 nes
569 1049 782 1102 virtutes
813 1051 945 1119 ejus.

521 1140 755 1193 Lamlate
780 1155 914 1204 eum,
934 1136 1013 1192 sol
1031 1146 1076 1192 et
1099 1135 1261 1191 luna:
1284 1134 1496 1189 laudate
1521 1150 1654 1198 eum,
1683 1146 1856 1187 omnes
1883 1128 2044 1184 stella:

456 1247 504 1287 -ξ
555 1243 601 1286 et
635 1231 657 1298 1
691 1230 886 1284 lumen.

516 1323 750 1378 Laudato
771 1339 908 1390 eum,
948 1322 1061 1376 caeli
1098 1321 1343 1375 caelorum
1369 1327 1468 1386 :,et
1499 1333 1648 1386 aqua:
1674 1315 1699 1354 δ
1731 1329 1907 1369 omnes
1928 1328 2044 1383 qua:

450 1432 603 1488 super
626 1416 779 1470 (αξιοι
805 1423 948 1478 sunt,
980 1413 1191 1468 laudent
1213 1426 1398 1464 nomen
1419 1407 1654 1462 Domini.

444 1612 494 1658 et
526 1612 698 1656 creata
719 1609 864 1654 sunt.
1495 1603 1502 1628 '

519 1695 714 1750 Statuit
743 1710 802 1747 ea
839 1693 896 1745 in
923 1687 950 1727 ἀ
975 1698 1244 1756 (eternum,
1269 1697 1316 1742 et
1345 1689 1397 1742 in
1428 1685 1680 1741 stecnlum
1717 1699 1775 1740 σε»
1809 1683 1987 1739 swculi
2013 1684 2035 1752 1

443 1795 758 1858 prazceptum
791 1784 984 1854 posuit,
1009 1791 1056 1835 et
1081 1798 1182 1836 non
1209 1779 1510 1852 praeteribit.

515 1876 754 1930 Laudate
793 1874 1077 1928 Dominum
1119 1874 1182 1926 de
1221 1883 1379 1938 terra,
1430 1870 1714 1936 dracones,
1766 1878 1814 1922 et
1867 1883 2040 1923 omnes

443 1971 642 2040 abyssi.

513 2061 662 2132 Ignis
690 2101 704 2126 ,
729 2059 954 2130 grando,
987 2057 1078 2111 nix
1102 2095 1116 2122 ,
1143 2055 1338 2129 glacies
1361 2099 1374 2124 ,
1400 2055 1616 2126 spiritus
1650 2052 2038 2125 procellarum:

442 2170 560 2225 qua:
589 2154 789 2223 faciunt
814 2151 1019 2206 verbum
1044 2151 1178 2216 eius.

519 2245 722 2300 Montes
768 2255 815 2299 et
857 2259 1031 2298 omnes
1059 2241 1239 2308 colles,
1281 2241 1424 2314 ligna
1466 2239 1760 2310 fructifera,
1787 2248 1834 2292 et
1865 2251 2040 2292 omnes

440 2338 588 2392 cedri
599 2377 612 2390 .
2014 2337 2023 2353 υ

522 2428 712 2484 Bestice
723 2437 772 2484 et
795 2428 1030 2482 universa
1053 2440 1262 2498 pecora,
1287 2431 1566 2495 serpentes,
1595 2432 1642 2478 et
1663 2422 1894 2478 volucres
1914 2437 2040 2493 pen-

445 2531 598 2578 nataz.
643 2579 652 2589 ,

522 2618 688 2690 Reges
716 2625 867 2671 terra:
908 2623 958 2670 et
990 2599 1166 2668 omnes
1205 2593 1410 2685 populi,
1452 2599 1730 2681 principes,
1775 2617 1821 2663 et
1861 2623 2038 2662 omnes

441 2710 646 2782 judices
677 2719 848 2762 teme.
1993 2777 1998 2782 ι

505 2800 754 2867 Iuvenes,
797 2809 842 2853 et
871 2798 1116 2871 virgines,
1151 2810 1298 2849 senes
1329 2810 1444 2848 cum
1469 2792 1776 2865 junioribus
1816 2789 2034 2856 laudent

436 2913 620 2950 nomen
668 2895 878 2948 Domini
902 2909 918 2946 :
945 2893 1066 2961 quia
1099 2890 1383 2944 exaltatum
1409 2898 1482 2942 est
1505 2902 1690 2942 nomen
1712 2889 1825 2960 ejus
1847 2884 2039 2964 solius.

2326 677 2591 719 ALLELUM
2622 659 2750 734 [31s.
2771 660 2899 714 add.
2932 658 3118 716 Acs-et
3141 674 3208 714 er
3235 653 3563 726 ZACKABIA-Z].
3713 715 3722 722 ,

2219 754 2461 810 Laudate
2504 754 2789 808 Dominum
2811 752 2880 808 de
2920 751 3116 807 caelis:
3152 750 3368 806 laudate
3396 763 3522 804 eum
3571 748 3628 803 in
3662 762 3754 803 ex-

2150 847 2335 902 celsis.

2224 940 2462 995 Laudate
2491 955 2650 1005 eum,
2684 955 2874 995 omnes
2911 937 3092 1010 angeli
3130 937 3250 1008 ejus
3279 953 3294 992 :
3328 935 3552 993 laudate
3584 950 3709 991 eum
3735 976 3751 1002 ,

2151 1047 2340 1088 onmes
2366 1033 2594 1087 virtutes
2623 1032 2764 1102 ejus.
3571 1093 3576 1098 _

2225 1123 2462 1178 Laudato
2497 1140 2647 1190 eum,
2691 1124 2774 1179 sol
2815 1134 2872 1180 et
2900 1123 3028 1179 luna
3063 1141 3076 1178 :
3126 1121 3342 1177 laudate
3377 1136 3526 1184 eum,
3562 1135 3752 1174 omnes

2150 1217 2321 1272 stella:
2350 1225 2405 1272 et
2436 1216 2636 1272 lumen.

2220 1307 2462 1362 Laudate
2482 1323 2627 1373 eum,
2655 1308 2775 1363 coeli
2795 1308 3060 1364 caelorum
3087 1323 3101 1361 :
3133 1317 3192 1362 et
3220 1321 3398 1378 aqua),
3425 1315 3548 1378 quae
3580 1311 3746 1376 super

2054 1413 2060 1419 '
2150 1399 2318 1456 caelos
2345 1411 2490 1464 sunt,
2523 1399 2743 1455 laudent
2771 1415 2967 1456 nomen
3003 1399 3237 1454 llomini.

522 1509 659 1574 Quia
699 1521 757 1561 οξ-
791 1518 812 1545 ο
836 1508 948 1575 ipse
990 1505 1143 1571 dixit,
1173 1513 1218 1558 et
1249 1507 1386 1562 facta
1416 1510 1533 1556 sunt
1564 1501 1587 1568 1
1613 1501 1722 1570 ipse
1751 1497 2039 1562 mandauit,
2093 1549 2098 1558 ,

2076 1597 2120 1656 Β
2150 1585 2444 1652 mandavit,
2477 1595 2533 1642 et
2562 1595 2742 1642 creata
2773 1596 2922 1644 sunt.

2221 1491 2353 1557 Quia
2380 1491 2506 1563 [Με.
2538 1490 2825 1560 Quoniam]
2854 1493 2970 1562 ipse
2997 1491 3156 1559 dixit,
3187 1501 3243 1548 et
3266 1493 3405 1547 laeta
3427 1499 3588 1547 sunt:
3623 1491 3743 1562 ipse

2213 1676 2415 1732 Statuit
2434 1692 2498 1732 ea
2525 1678 2578 1732 in
2601 1687 2889 1741 :etscrnum,
2911 1687 2966 1734 et
2987 1680 3040 1734 in
3063 1678 3328 1734 saeculum
3358 1678 3542 1734 szeculi
3567 1693 3580 1732 :
3607 1691 3752 1748 pra:-

2143 1761 2357 1842 ceptum
2398 1773 2597 1840 posuit,
2631 1780 2686 1826 et
2717 1787 2824 1827 non
2855 1772 3171 1841 praeteribit.

2215 1863 2453 1920 Laudate
2493 1864 2785 1920 Dominum
2815 1864 2882 1921 de
2909 1875 3053 1921 terra
3078 1907 3093 1931 ,
3125 1865 3424 1936 dracones,
3474 1873 3533 1920 et
3561 1867 3755 1918 omnes

2143 1955 2346 2028 abyssi.

2215 2049 2378 2117 Ignis,
2403 2049 2625 2119 grando,
2645 2049 2758 2114 uix,
2786 2049 3254 2121 glacies,spiritus
3287 2047 3304 2087 ί
3330 2047 3697 2120 procellarum
3725 2064 3739 2101 :

2143 2156 2264 2212 qua:
2291 2139 2497 2196 facium
2522 2141 2749 2198 verbum
2774 2142 2912 2212 ejus.
3327 2205 3330 2210 _

2214 2231 2427 2288 Montes
2451 2240 2507 2289 et
2534 2248 2726 2291 omnes
2749 2234 2943 2303 colles,
2969 2234 3115 2306 ligna
3144 2233 3431 2291 fructifera
3458 2242 3515 2290 et
3546 2247 3743 2292 omnes

2143 2323 2316 2380 ceer

2217 2417 2421 2472 Bestiae
2445 2426 2500 2474 et
2539 2419 2794 2476 universa
2824 2433 3059 2491 pecora,
3097 2427 3386 2491 serpentes
3413 2427 3470 2474 et
3501 2417 3754 2474 volucres

2143 2495 2411 2580 pennatze.
2836 2587 2839 2588 ν
3022 2563 3044 2588 η
3323 2495 3325 2497 ’

2215 2606 2392 2675 Reges
2447 2589 2608 2689 terrai.
2656 2615 2712 2664 et
2765 2587 2957 2664 omnes
3011 2587 3248 2679 populi,
3303 2587 3622 2678 principes,
3676 2613 3750 2660 et

2143 2712 2336 2752 omnes
2363 2697 2576 2767 iudices
2625 2707 2805 2754 teme.

2211 2787 2449 2844 Iuvenes
2476 2797 2532 2844 et
2558 2789 2992 2860 virgines,scnes
3012 2804 3135 2846 cum
3159 2789 3496 2861 junioribus,
3514 2795 3747 2852 laudent

2143 2896 2340 2936 nomen
2389 2869 2628 2936 Domini.
3625 2877 3628 2879 Α

511 2986 779 3054 Confessio
819 2987 930 3056 ejus
957 2957 1118 3052 super
1163 2980 1349 3035 cwlum
1371 2987 1417 3032 et
1445 2987 1637 3032 terram
1679 2957 1766 3031 :et
1795 2959 2039 3030 exultavit.
2065 2986 2110 3049 ρ
2212 2974 2348 3042 Quia
2393 2972 2534 3047 [Με.
2579 2973 2878 3047 Quoniam]
2918 2975 3230 3057 exaltatum.
3261 2986 3347 3034 est
3379 2957 3588 3052 nomen
3629 2981 3757 3051 ejus

435 3096 596 3133 cornu
618 3078 796 3146 populi
818 3077 921 3129 sui.

505 3169 746 3241 Hymnus
783 3167 1020 3221 omnibus
1047 3165 1240 3220 sanctis
1279 3167 1413 3236 ejus,
1451 3163 1574 3234 filiis
1608 3161 1798 3232 Israel,
1839 3162 2036 3234 populo

439 3257 884 3334 appropinquanti
907 3257 1021 3313 sibi.
1051 3265 1074 3295 ο
1093 3255 1392 3312 Αιιειυιλ.

2140 3067 2349 3132 solius;
2382 3063 2652 3123 confessio
2679 3068 2794 3137 ejus
2824 3084 2992 3139 super
3027 3070 3225 3125 coelum
3257 3079 3315 3127 et
3351 3067 3580 3128 terram.

2213 3159 2280 3215 Et
2336 3159 2602 3216 exultavit
2648 3175 2830 3240 cornu.
2873 3163 3060 3238 papuli
3110 3165 3194 3220 sui
3241 3183 3256 3221 :
3303 3164 3542 3238 hymnus
3598 3165 3740 3239 [Με.

2139 3252 2425 3326 hymnum]
2459 3254 2709 3311 omnibus
2745 3257 2948 3311 sanctis
2976 3257 3114 3328 ejus,
3150 3258 3277 3316 [iliis
3310 3259 3500 3331 Israel,
3535 3262 3749 3333 populo

2149 3347 2605 3418 appropinquanti
2635 3347 2760 3403 sibi.
2793 3351 3096 3406 ALLELUIA.

1804 3480 2117 3540 PSALMUS
2157 3481 2388 3540 CXLIX.

1089 3610 1370 3653 ALLELUIA.

509 3699 722 3754 Cantate
753 3692 977 3748 Domino
1013 3691 1274 3746 canticum
1303 3704 1490 3745 novum
1520 3704 1535 3742 :
1565 3687 1679 3744 laus
1719 3689 1833 3762 ejus
1863 3689 1915 3744 in
1947 3703 2032 3743 ec-

445 3790 604 3845 clesia
633 3795 950 3841 sanctorum.
1134 3773 1136 3776 ’

514 3883 740 3938 Lwtetur
766 3875 935 3934 Israel
955 3879 1010 3932 in
1031 3889 1110 3944 eo,
1134 3876 1224 3948 qui
1246 3874 1368 3946 fecit
1389 3891 1502 3931 eum
1526 3891 1544 3931 :
1567 3887 1622 3930 -εν
1650 3879 1697 3929 et
1729 3874 1752 3944 1
1778 3863 1878 3944 ﬁlii
1903 3869 2033 3929 Sion

438 3984 695 4040 exsultent
723 3985 777 4033 in
799 3995 915 4050 rege
941 3994 1059 4030 suo.

511 4073 751 4129 Laudent
779 4085 963 4124 nomen
991 4069 1100 4138 ejus
1141 4067 1195 4121 in
1225 4065 1383 4122 choro
1408 4082 1427 4123 :
1458 4067 1510 4121 in
1543 4061 1786 4138 tympano
1815 4075 1864 4122 et
1890 4061 2031 4136 psal-

440 4171 570 4224 terio
602 4165 829 4239 psallant
856 4164 923 4218 ei.

513 4259 648 4324 Quia
672 4252 1049 4326 beneplacitum
1070 4261 1144 4308 est
1174 4250 1402 4308 Domino
1422 4254 1476 4307 in
1499 4253 1692 4324 papula
1714 4269 1811 4308 suo
1833 4268 1891 4308 σε»
1928 4261 1977 4306 et
2002 4251 2024 4321 1

439 4352 682 4410 exaltabit
711 4359 1006 4406 mansuetos
1031 4348 1087 4402 in
1116 4347 1356 4403 salutem.

2722 3611 2746 3650 Β
2787 3618 3076 3660 Αιιειυιλ.

2230 3689 2458 3748 Cantate
2486 3690 2718 3748 Domino
2753 3681 3022 3751 canticum
3071 3681 3269 3754 novum
3299 3715 3310 3752 :
3345 3688 3589 3756 laudatio
3627 3701 3756 3772 ejus

2141 3788 2196 3843 in
2222 3788 2447 3842 ecclesia
2473 3793 2806 3846 sanctorum.

2210 3880 2451 3937 Laetetur
2481 3881 2646 3938 Israel
2679 3883 2731 3938 in
2757 3897 2824 3939 eo
2845 3882 2936 3955 qui
2964 3883 3094 3941 fecit
3120 3873 3308 3957 ipsum
3339 3903 3353 3940 :
3385 3895 3442 3944 et
3479 3877 3586 3944 ﬁlii.
3605 3889 3752 3945 Sion

2139 3976 2412 4032 exsultent
2442 3991 2607 4048 super
2631 3993 2760 4049 rege
2785 3994 2907 4036 suo.

2210 4065 2459 4123 Laudent
2479 4081 2680 4148 nomen
2700 4068 2819 4140 ejus
2841 4069 2895 4125 in
2920 4058 3090 4128 choro
3121 4080 3177 4129 et
3201 4082 3497 4148 tympano:
3523 4076 3578 4133 in
3605 4078 3755 4148 psal-

2141 4159 2280 4216 terio
2314 4160 2546 4230 psallant
2568 4162 2643 4218 ei.
2677 4165 2681 4168 ’

2212 4251 2241 4290 ιι
2267 4253 2403 4320 Quia
2437 4255 2841 4326 beneplacitum
2873 4267 2961 4314 est
2997 4256 3230 4317 Domino
3261 4260 3316 4318 in
3354 4262 3562 4335 populo
3591 4278 3702 4322 suo
3733 4281 3747 4320 :

2143 4348 2407 4405 exaltabit
2432 4356 2747 4413 mansuetos
2787 4351 2841 4406 in
2872 4350 3137 4409 salutem.

513 4571 538 4598 ἰ
565 4557 840 4615 Palatinus
870 4570 972 4610 ms.
1005 4554 1059 4610 in
1101 4553 1323 4609 instanti
1372 4552 1496 4609 Non
1528 4553 1680 4625 facit,
1710 4549 1803 4624 qui
1831 4560 1887 4608 et
1916 4567 2037 4623 pos-
2061 4553 2117 4616 D
2145 4553 2343 4609 ximus.

441 4641 669 4688 tremum
695 4628 916 4683 verbum
936 4625 1164 4680 Alleluia
1191 4625 1414 4682 omittit.

513 4702 538 4740 ιι
567 4697 938 4769 Expuugeuda
980 4711 1083 4752 vox
1116 4706 1200 4752 est
1234 4712 1427 4769 omnes,
1465 4711 1627 4767 quam
1677 4710 1851 4769 neque
1905 4694 2028 4769 libri

442 4773 614 4828 nostri
639 4766 1030 4834 mss—addunt,
1056 4766 1521 4838 uequeillebrretis
1551 4775 1754 4838 textus,
1777 4766 1843 4820 ad
1874 4768 2028 4836 cujus

447 4844 606 4897 [idem
639 4841 832 4895 saltem
873 4850 993 4910 erat
1039 4839 1201 4910 obelo
1241 4837 1556 4907 jugulanda.
1599 4837 1707 4910 Sed
1747 4853 1922 4908 neque
1970 4839 2027 4893 in

441 4913 632 4969 Graeco
662 4923 744 4966 est
765 4952 780 4976 ,
809 4919 902 4965 aut
942 4909 1148 4965 Latinis
1179 4909 1313 4978 ipsis
1341 4909 1806 4978 emendatioribus
1845 4924 1910 4965 ac
1936 4925 2028 4965 ve-

440 4982 753 5038 tustioribus
782 4983 933 5036 libris
961 4999 972 5033 :
1003 4996 1066 5035 ac
1099 4977 1256 5048 plane
1285 4977 1582 5048 superﬂua.

512 5068 532 5092 ε
576 5055 868 5120 Perperam
900 5053 1018 5106 sine
1061 5051 1221 5106 obclo
1252 5051 1391 5106 idem
1417 5067 1517 5105 Ius.
1543 5052 1694 5121 legit.

507 5122 533 5161 ⁴¹
565 5125 622 5179 111
648 5123 890 5178 Palatino
908 5139 1011 5177 Ins.
1035 5123 1213 5175 statuit
1236 5123 1370 5176 eain
1400 5125 1649 5177 saeculum
1676 5137 1735 5177 σε·
1766 5131 1812 5177 et
1842 5123 1895 5176 in
1921 5139 2022 5176 sa:-

429 5195 609 5248 culum
658 5195 680 5262 ζ
711 5193 884 5247 sinenti
917 5201 1253 5264 pra'ceptum,
1293 5202 1402 5248 etc.
1436 5194 1606 5250 Recte
1633 5203 1813 5250 autem
1860 5192 2028 5250 liabet

419 5263 692 5334 impressa
727 5265 907 5318 lectio.

506 5347 528 5373 ο
571 5336 732 5391 Deest
761 5339 812 5389 in
853 5333 1098 5388 Palatino
1127 5349 1231 5388 ms.
1265 5333 1510 5389 Alleluia.

505 5407 523 5443 ί
554 5406 680 5461 Post
708 5404 1068 5479 Augustinum
1104 5403 1435 5479 Veronensis
1466 5406 1631 5474 liber,
1654 5406 1867 5479 spiritus
1891 5417 2024 5462 tem-

429 5480 678 5544 pestatis:
719 5487 773 5530 et
801 5474 948 5540 mox,
978 5474 1168 5546 Bestia:
1201 5485 1247 5529 et
1265 5479 1438 5530 omnia
1481 5474 1691 5546 pecora,
1716 5480 1944 5546 reptilia,
1973 5490 2029 5533 et

428 5549 654 5600 rola'itia
695 5556 938 5616 pennata.
973 5545 1120 5617 Tum,
1148 5545 1286 5600 iul'ra
1321 5545 1548 5602 seniores
1587 5564 1689 5617 pro
1716 5545 1860 5602 senes
1885 5566 1905 5604 :
1930 5559 2018 5604 at-

425 5631 529 5682 que
551 5617 766 5678 exinde,
794 5616 1045 5682 confessio
1075 5616 1188 5683 ejus
1215 5617 1268 5668 in
1299 5625 1437 5669 terra
1464 5629 1509 5671 et
1543 5616 1598 5670 in
1621 5618 1747 5672 cmlo
1777 5635 1794 5672 :
1825 5621 2030 5676 ultimo-

423 5683 642 5740 demum
672 5685 838 5739 verbo
863 5683 1088 5738 Alleluia
1113 5686 1504 5755 pratermisso,
1532 5687 1597 5742 de
1617 5703 1722 5756 quo
1745 5688 1905 5745 modo
1927 5692 2020 5745 di-

2199 4636 2237 4708 ,κ
2279 4624 2528 4708 Additet
2546 4625 2865 4708 ,Vcrouens.
2902 4643 3015 4708 ms._
3043 4629 3224 4702 Aggazi
3253 4639 3300 4684 et
3329 4629 3607 4708 Zacharias
3636 4649 3742 4689 no-

2141 4697 2308 4774 mina.
2352 4696 2408 4750 In
2445 4705 2626 4774 textus
2672 4701 2848 4774 primo
2890 4701 3073 4754 statim
3092 4696 3292 4774 Versu,
3332 4704 3473 4769 laus,
3493 4721 3601 4774 pro
3625 4708 3748 4761 lau-

2139 4769 2283 4849 datio
2310 4783 2325 4820 :
2364 4775 2496 4848 tum,
2529 4769 2618 4849 qui
2657 4771 2777 4849 fecit
2825 4787 2962 4836 eum,
3007 4780 3062 4826 (λι
3091 4773 3348 4849 exsultent
3377 4775 3436 4849 in
3457 4769 3579 4849 rege
3607 4794 3707 4831 suo
3726 4794 3748 4832 :

2137 4839 2392 4920 denique,
2424 4839 2478 4891 in
2504 4839 2683 4920 choro,
2723 4841 2777 4920 in
2810 4850 3076 4913 tympano,
3106 4853 3156 4896 et
3201 4845 3252 4897 in
3299 4839 3575 4914 psalterio,
3612 4862 3744 4903 cum

2137 4911 2438 4979 Augustino
2469 4911 2821 4965 adanntssim.

2211 4978 2240 5016 ³⁵⁷
2281 4980 2398 5035 Uno
2429 4980 2515 5056 llic
2544 4982 2711 5036 verba
2739 4983 2896 5056 aliter
2921 4992 3083 5056 atque
3111 4984 3253 5052 apud
3286 4987 3654 5056 Augustinum
3687 4991 3743 5044 in

2140 5052 2442 5106 Veronensi
2489 5061 2574 5107 est
2613 5067 2716 5108 ms.
2764 5052 3022 5120 Quoniam
3067 5055 3191 5109 bene
3237 5052 3398 5111 sensit
3435 5057 3698 5114 Dominus
3725 5077 3748 5114 :

2137 5137 2338 5200 nempe
2365 5125 2694 5200 Augustinus
2723 5134 2874 5200 eer_to
2891 5125 3092 5200 certjtts
3118 5125 3243 5195 legit
3277 5125 3550 5200 benefecit,
3582 5131 3733 5200 quod

2135 5194 2305 5268 liquet
2339 5208 2403 5249 ex
2431 5194 2551 5268 ejus
2581 5193 2955 5268 Euarratione.
2989 5194 3102 5250 Silii
3144 5193 3274 5268 vero
3305 5193 3479 5268 magis
3518 5193 3747 5255 constat

2142 5263 2656 5340 _\l_eroneusis_l_iber,
2677 5265 2886 5340 qlli‘pt'r
2905 5265 3286 5340 beneseutiendi
3317 5263 3568 5335 verbum,
3589 5272 3738 5340 truod

2140 5333 2232 5389 ltic
2261 5344 2420 5404 atque
2449 5335 2576 5390 alibi
2608 5335 2862 5406 superius
2907 5336 3285 5404 beneplacitum
3328 5356 3440 5394 esse
3486 5333 3692 5397 dicitur
3715 5385 3731 5406 ,

2137 5415 2402 5482 quantum
2433 5407 2681 5482 memini,
2707 5407 3052 5462 continenter
3078 5409 3368 5482 expressit.
3391 5411 3597 5467 Caetera
3621 5417 3737 5482 pari

2136 5491 2276 5564 cum
2301 5478 2600 5564 Augustino
2647 5493 2946 5564 consensu,
2992 5488 3039 5532 et
3066 5478 3311 5564 exaltabit
3342 5478 3639 5564 iitansuetos
3681 5486 3738 5536 in

2139 5548 2327 5601 salute.
2359 5547 2493 5619 Tum
2519 5551 2688 5602 altero
2709 5548 2778 5600 ab
2809 5547 2912 5602 hoc
2937 5563 3120 5615 versu,
3151 5561 3195 5604 et
3221 5551 3435 5619 framea:
3465 5554 3542 5607 bis
3568 5565 3738 5608 acuta:

2136 5619 2194 5695 in
2223 5617 2457 5695 manibus
2487 5619 2799 5695 ερνηηιηΑά
2833 5619 3124 5695 faciendam
3168 5617 3448 5695 uindictam
3479 5625 3533 5678 in
3569 5634 3740 5695 genti-

2138 5689 2257 5758 bus,
2289 5690 2672 5764 objurgationes
2694 5690 2746 5746 in
2777 5691 3004 5762 ponatis.
3042 5688 3111 5746 Ut
3139 5691 3359 5763 alligent
3386 5688 3694 5765 regesfetc.
