3918 6192
431 185 536 246 599
1436 178 1494 236 S.
1539 173 1917 234 HIERONYMI
1955 171 2188 230 DIVINA
2227 166 2705 229 BIBLIOTHECA.
3458 160 3468 181 '
3629 159 3732 218 400

441 281 3714 319 __________________________________________.

1319 436 1940 511 A'DMONITIO
2003 435 2100 507 J.
2173 429 2842 507 MARTIAN/EI

1233 614 1300 669 IN
1337 615 1509 669 DUAS
1547 613 1916 677 SEQUENTES
1959 611 2421 666 PRASFATIONES
2457 611 2507 662 S.
2547 609 2926 663 HIERONYMI.

503 935 700 996 Praeter
722 939 989 995 volumina
1016 939 1233 996 JobLac
1263 943 1484 999 Davidis
1509 961 1542 998 a
1577 943 1725 1000 nobis
1747 947 1866 1017 jam
1895 945 2034 1000 edita
2053 985 2068 1012 ,
2102 945 2302 1018 periere
2332 945 2505 1000 exteri
2534 943 2653 998 libri
2683 945 2851 1014 sacri,
2895 961 3026 1018 quos
3064 943 3422 1015 Hieronymus
3460 942 3528 997 de
3559 941 3744 998 Greece

438 1035 825 1106 diligentissime
849 1029 1177 1102 emendatos,
1209 1036 1405 1090 additis
1435 1037 1650 1107 insuper
1677 1037 1850 1092 obelis
1891 1047 1937 1092 et
1964 1036 2238 1092 asteriscis
2261 1079 2275 1103 ,
2307 1037 2505 1109 lingua:
2531 1054 2644 1092 suae
2678 1038 2928 1093 studiosis
2956 1037 3253 1092 hominibus
3274 1077 3289 1103 ,
3315 1037 3371 1090 id
3399 1045 3472 1092 est
3492 1077 3509 1104 ,
3542 1035 3746 1091 Latinis

431 1127 694 1181 tribuerat.
725 1125 1022 1195 Supersunt
1053 1135 1252 1180 tantum
1273 1126 1392 1181 dua:
1413 1125 1862 1195 Prcefatiunculte,
1889 1141 2005 1198 qua:
2050 1126 2195 1180 libris
2222 1125 2664 1198 Paralipomenon
2691 1144 2752 1181 ac
2783 1127 3090 1184 Salomonis
3117 1135 3263 1181 erant
3290 1127 3458 1196 affixa
3480 1127 3550 1180 ad
3573 1125 3747 1180 decla-

429 1217 684 1270 rationem
711 1218 860 1288 ejus,
892 1216 1032 1286 quod
1067 1214 1422 1286 Hieronymus
1462 1216 1769 1285 prtestiterat
1803 1217 1857 1268 in
1889 1216 2191 1290 hujusmodi
2219 1215 2648 1272 translationibus
2685 1234 2748 1272 ex
2788 1216 2972 1273 Grazco
3013 1218 3239 1272 Latinis.
3277 1216 3438 1272 Faxit
3474 1217 3613 1273 Dens
3635 1259 3653 1283 ,
3691 1226 3745 1271 ut

432 1309 679 1379 (aqualem
709 1306 934 1362 habeant
965 1307 1045 1362 illi
1074 1307 1194 1361 libri
1227 1318 1418 1361 sortem
1448 1323 1561 1362 cum
1591 1306 1714 1363 Jobi
1750 1306 2040 1374 volumine,
2073 1307 2212 1377 quod
2239 1319 2452 1380 excepta
2478 1308 2715 1380 ejusdem
2739 1311 3048 1382 prwfatione
3074 1309 3327 1363 ineditum
3360 1309 3433 1362 ad
3462 1325 3556 1363 nos
3587 1325 3748 1378 usque

421 1400 630 1474 jacebat
656 1399 711 1453 in
740 1399 988 1466 tenebris,
1012 1415 1151 1454 nunc
1187 1407 1360 1453 autem
1390 1399 1646 1471 integrum
1674 1417 1736 1454 ac
1766 1399 2157 1454 immaculatum
2188 1401 2240 1453 in
2271 1398 2438 1454 lucem
2477 1401 2732 1472 prodiisse
2756 1400 3062 1472 gaudemus.
3100 1398 3171 1454 Id
3206 1400 3381 1466 ipsum
3412 1400 3648 1469 equidem
3685 1399 3748 1455 de

435 1492 858 1564 Paralipomenis
899 1503 948 1548 et
985 1493 1227 1564 aperibus
1256 1493 1558 1550 Salomonis
1585 1510 1794 1566 sperare
1823 1493 1971 1548 nobis
2004 1493 2207 1560 liceret,
2239 1495 2283 1548 si
2312 1494 2487 1564 plures
2509 1503 2678 1550 essent
2708 1510 2770 1550 ac
2793 1495 3068 1568 diligentes
3101 1491 3494 1566 Scripturarum
3518 1494 3746 1563 indaga-

440 1596 595 1652 tores,
629 1587 718 1657 qui
738 1585 917 1641 labore
951 1586 1187 1656 improbo
1210 1594 1381 1640 cetera
1417 1601 1685 1640 sacrorum
1711 1583 2004 1639 Bibliorum
2037 1583 2326 1640 evolverent
2353 1597 2686 1640 monumenta
2711 1585 2766 1639 in
2803 1585 3031 1656 antiquis
3058 1581 3421 1638 Ecclesiarum
3443 1583 3663 1637 archivis
3684 1599 3747 1636 ac

437 1677 797 1733 Bibliothecis.
835 1676 1127 1732 Hortamur
1153 1679 1328 1747 itaque
1359 1679 1512 1732 etiam
1539 1688 1691 1748 atque
1716 1677 1871 1731 etiam
1899 1677 2162 1731 studiosos
2191 1694 2386 1744 omnes,
2417 1687 2473 1732 ut
2501 1679 2546 1732 si
2575 1679 2663 1749 qui
2691 1679 2793 1732 sint
2820 1695 2976 1749 penes
3007 1678 3150 1746 ipsos
3177 1676 3520 1749 manuscripti
3543 1675 3749 1730 codices

438 1766 597 1838 ‘acri,
631 1773 908 1844 diligenter
945 1789 1064 1828 cum
1093 1773 1245 1828 editis
1276 1789 1361 1829 eos
1399 1773 1640 1843 conferre
1673 1789 1777 1826 non
1805 1780 2109 1843 graventur.
2142 1770 2224 1824 Ex
2252 1770 2350 1824 hac
2389 1772 2524 1825 enim
2550 1771 2880 1825 contentione
2907 1771 3062 1842 facile
3093 1769 3536 1840 deprehenditur,
3567 1784 3753 1842 super-

433 1865 538 1919 sint
562 1867 868 1932 etiamnum,
902 1883 1060 1922 necne
1086 1867 1400 1940 Hieronymi
1429 1869 1688 1923 versiones
1716 1865 1925 1922 Latium
1937 1870 2101 1939 juxta
2127 1865 2269 1922 LXX
2291 1910 2305 1934 ,
2339 1869 2564 1922 maxime
2593 1869 2638 1922 si
2669 1869 2812 1923 intra
2840 1887 3048 1924 sacrum
3078 1880 3377 1926 contextum
3393 1871 3548 1944 signa
3579 1868 3754 1924 obeloo

434 1973 554 2011 rum
575 1966 622 2012 et
641 1958 1003 2013 asteriscorum
1021 1961 1310 2032 legentibus
1329 1961 1672 2016 occurrerint.
1708 1959 1753 2014 Ο
1779 1959 1984 2031 felicem
2009 1971 2214 2014 wtatem
2242 1970 2501 2031 nostram,
2527 1963 2573 2016 si
2602 1973 2718 2035 post
2741 1964 2941 2018 editum
2973 1963 3236 2019 Canonem
3266 1963 3546 2020 Hebraica:
3570 1964 3757 2019 verita-

435 2051 530 2120 tis,
559 2051 923 2110 translationes
953 2070 1153 2126 quoque
1175 2055 1428 2109 universa:
1453 2054 1516 2109 ab
1544 2052 1871 2124 Hieronymo
1902 2053 2228 2108 concinnata:
2262 2054 2332 2106 ad
2369 2051 2579 2109 Gra'cos
2610 2056 2665 2110 in
2693 2057 2949 2127 integrant
2977 2058 3374 2112 restituerentur
3392 2057 3412 2110 .'
3441 2055 3753 2124 Quaeramus

435 2145 598 2216 igitur
626 2146 933 2218 quicumque
969 2145 1212 2201 utilitatis
1241 2145 1465 2217 publica:
1500 2146 1692 2200 curiosi
1738 2161 1954 2213 sumus,
1987 2145 2180 2216 aperiet
2213 2145 2396 2217 forsan
2431 2146 2704 2202 thesauros
2731 2147 2904 2202 adhuc
2944 2148 3244 2203 reconditos
3276 2148 3372 2202 ille
3397 2189 3413 2216 ,
3443 2149 3534 2219 qui
3571 2148 3708 2202 dixit
3737 2161 3755 2200 :

436 2235 680 2304 qurite
700 2275 716 2302 ,
744 2245 800 2292 et.
829 2237 1140 2296 invenietis.

507 2327 765 2384 Cceterum
794 2331 847 2383 in
874 2331 1150 2401 superstite
1181 2331 1488 2402 praefatione
1517 2330 1587 2384 ad
1617 2329 2054 2403 Paralipomena,
2091 2329 2144 2384 in
2173 2331 2356 2400 primis
2385 2332 2672 2388 notandum
2711 2335 2879 2402 venit,
2914 2333 3297 2406 Hieronymum
3325 2353 3429 2390 non
3466 2352 3530 2392 ex
3556 2334 3755 2392 Crcccis

435 2422 846 2496 exemplaribus,
879 2422 969 2478 sed
997 2440 1060 2477 ex
1099 2422 1326 2478 Hebraeo
1366 2423 1666 2478 emendasse
1701 2423 1838 2476 hunc
1868 2421 2080 2476 librum.
2124 2424 2406 2495 Assumpto
2448 2440 2668 2495 namque
2699 2427 2829 2497 tegis
2869 2426 3081 2482 doctore
3108 2425 3252 2496 apud
3293 2425 3509 2483 Juda'os
3533 2428 3754 2499 inclyta,

434 2526 596 2570 totum
627 2516 872 2570 volumen
899 2514 1343 2588 Paralipomenon
1369 2531 1489 2568 cum
1513 2531 1574 2569 eo
1601 2514 1824 2569 contulit
1848 2531 1879 2567 a
1906 2513 2093 2568 vertice
2121 2530 2281 2582 usque
2313 2515 2384 2567 ad
2407 2525 2695 2570 extremum
2723 2532 2978 2587 unguem,
3011 2519 3152 2588 quod
3181 2519 3312 2574 liber
3339 2517 3432 2574 ille
3465 2517 3518 2573 N
3523 2521 3759 2573 ominum

436 2612 499 2664 in
531 2607 721 2661 Greecis
753 2617 799 2661 et
828 2605 1030 2660 Latinis
1059 2605 1324 2660 codicibus
1354 2606 1427 2658 ita
1468 2604 1781 2675 scriptorum
1805 2603 1929 2656 vitio
1973 2603 2155 2673 fuisset
2181 2603 2512 2674 deprauatus,
2545 2613 2602 2659 ut
2633 2621 2736 2658 non
2767 2615 2872 2659 tam
2906 2604 3128 2661 Hebra'a
3154 2624 3313 2679 quam
3347 2607 3589 2662 Barbara
3610 2625 3761 2679 qua:-

437 2699 559 2754 dam
585 2716 646 2752 ac
675 2699 968 2755 Sarmatica
991 2693 1202 2751 nomina
1228 2696 1440 2750 haberet
1459 2699 1715 2767 conjecta.
1747 2692 1890 2746 Hinc
1921 2709 2124 2748 necesse
2149 2703 2258 2748 erat
2285 2694 2569 2750 adhtesisse
2592 2695 2930 2752 Hebrazorum
2945 2697 3200 2767 fontibus,
3227 2699 3315 2752 ubi
3341 2701 3558 2754 nomina
3581 2699 3763 2755 istluzc

433 2792 691 2847 distinctis
711 2790 999 2844 intervallis
1021 2788 1193 2858 posita
1212 2827 1227 2851 ,
1254 2786 1466 2858 suisque
1486 2784 1703 2855 syllabis
1737 2783 1976 2855 apposite
2002 2784 2271 2853 descripta
2300 2784 2562 2855 leguntur.
2597 2783 2802 2841 Deinde
2831 2787 2990 2840 etiam
3018 2786 3156 2840 illud
3185 2787 3581 2857 attendendum,
3604 2789 3752 2861 quod

437 2901 551 2938 cum
584 2883 941 2954 Hieronymus
973 2881 1403 2951 undiqueversum
1431 2895 1496 2934 ex
1521 2879 1631 2933 suis
1660 2877 2080 2948 prcefatiunculis
2109 2880 2406 2935 testimonia
2442 2879 2708 2952 collegerit
2742 2882 2814 2936 ad
2844 2881 3225 2936 retundendam
3253 2882 3438 2954 Ruﬁni
3465 2884 3758 2956 reprehen-

439 2981 659 3050 sionem,
687 2997 790 3049 qua
814 2978 877 3035 S.
904 2977 1183 3033 Doctorem
1206 2976 1416 3030 invidia:
1440 2990 1562 3048 erga
1587 2973 1940 3045 Septuaginta
1965 2971 2288 3046 Interpretes
2323 2975 2674 3031 calumniator
2694 2975 3054 3044 insimulabat,
3091 2977 3226 3032 nihil
3255 2987 3424 3033 tamen
3452 2977 3612 3052 hujus
3635 2995 3768 3050 pro-

441 3068 550 3141 logi
577 3068 873 3140 replicatin
900 3085 1007 3124 sua:
1035 3067 1306 3139 Apologiw
1331 3066 1610 3137 posteriori
1640 3065 1796 3128 libro,
1841 3065 1909 3118 ad
1939 3066 2088 3135 cujus
2117 3065 2270 3131 ﬁnem
2298 3065 2470 3120 citata
2495 3067 2832 3138 reperiuntur
2858 3082 3036 3120 omnes
3071 3067 3403 3138 pratfationes
3442 3070 3633 3124 veteris
3661 3066 3762 3122 In-

432 3159 722 3214 strumenti.
754 3157 860 3210 Cur
880 3158 976 3211 hoc
997 3157 1267 3222 acciderit,
1296 3157 1517 3210 necdum
1544 3155 1670 3210 bene
1693 3155 1925 3209 novimus
1951 3171 1970 3208 :
1997 3154 2102 3209 nisi
2131 3159 2429 3228 conjectare
2447 3165 2720 3227 utcumque
2749 3155 2904 3210 liceat
2931 3173 3048 3211 cum
3079 3156 3301 3213 Erasmo
3319 3201 3334 3226 ,
3367 3157 3760 3232 Hieronymum

437 3269 544 3306 non
571 3267 635 3305 ex
663 3267 755 3305 sua
782 3253 1036 3305 sententia
1061 3251 1254 3306 dixisse
1274 3291 1290 3316 ,
1323 3250 1679 3320 Septuaginta
1713 3248 2046 3319 Interprelcs
2074 3248 2269 3318 plenos
2299 3248 2472 3306 fuisse
2505 3248 2710 3320 Spiritu
2740 3258 2934 3306 sancto
2961 3293 2976 3316 ,
3023 3260 3073 3305 et
3111 3252 3166 3306 in
3197 3252 3345 3306 libris
3375 3253 3542 3308 sacris
3588 3253 3761 3308 multa

443 3344 712 3398 addidisse
740 3342 810 3398 ob
839 3345 1220 3398 auctoritatem
1248 3341 1487 3411 Spiritus
1514 3341 1701 3396 Sancti
1727 3357 1740 3395 :
1769 3340 1858 3394 sed
1883 3340 1938 3394 id
1969 3341 2210 3394 tribuisse
2237 3341 2412 3394 animo
2435 3339 2742 3394 Domnionis
2764 3351 2808 3395 et
2831 3339 3116 3415 Rogatiani
3144 3342 3492 3413 familiarium
3519 3360 3768 3414 suorum,

438 3435 582 3504 apud
603 3450 733 3505 quos
755 3443 958 3488 tantum
976 3432 1182 3504 pondus
1204 3429 1460 3485 habebant
1490 3430 1624 3500 forte
1649 3429 1968 3501 exemplaria
1999 3427 2146 3484 LXX
2174 3428 2546 3499 lnterpretum.
2573 3429 2849 3502 Quidquid
2872 3432 2938 3486 sit
2963 3430 3030 3484 de
3065 3431 3160 3486 hac
3187 3429 3400 3486 Erasmi
3420 3437 3768 3508 conjectura,

441 3537 636 3579 certum
671 3533 876 3591 exstat,
902 3525 964 3580 S.
993 3525 1381 3595 Hieronymum
1412 3539 1598 3594 negare
1625 3523 1748 3578 aliis
1779 3523 2033 3577 sexcentis
2061 3523 2216 3584 locis.
2263 3524 2470 3593 Spiritu
2501 3524 2697 3580 Sancto
2729 3533 2960 3578 movente
2979 3565 2994 3590 ,
3021 3525 3210 3578 editam
3253 3526 3416 3597 fuisse
3451 3525 3769 3582 Vcrsionem

445 3614 683 3672 Grcecam
711 3616 1059 3689 Septuaginta
1080 3659 1094 3683 ,
1127 3615 1251 3685 quia
1280 3613 1427 3668 aliud
1455 3623 1541 3669 est
1561 3654 1576 3680 ,
1607 3613 1774 3684 inquit
1819 3613 2040 3683 prologo
2071 3613 2125 3667 in
2172 3610 2436 3678 Genesim,
2469 3621 2672 3680 vatem,
2698 3612 2846 3668 aliud
2872 3621 3102 3669 estesse
3133 3613 3512 3684 interpretem.
3545 3615 3621 3671 lbi
3647 3616 3772 3688 spi-

443 3715 580 3769 ritus
603 3723 828 3770 ventura
861 3711 1130 3782 praedicit,
1164 3709 1250 3765 hic
1273 3707 1516 3765 eruditio
1547 3716 1602 3763 et
1624 3708 1917 3763 verborum
1946 3707 2125 3776 capia,
2159 3722 2245 3773 ea,
2267 3723 2390 3778 qua:
2415 3707 2692 3778 intelligit,
2724 3707 3007 3763 transfert.
3041 3706 3109 3762 Et
3129 3709 3314 3764 iterum
3339 3725 3357 3765 :
3378 3711 3484 3764 Aut
3505 3707 3772 3778 aliterdde

442 3806 653 3861 eisdem
677 3803 827 3858 libris
856 3819 950 3874 per
973 3801 1334 3872 Septuaginta
1371 3800 1735 3870 Interpretes,
1776 3798 1940 3854 aliter
1971 3815 2066 3869 per
2100 3801 2378 3870 apostolos
2417 3799 2654 3868 Spiritus
2682 3809 2905 3855 sanctus
2937 3801 3248 3856 testimonia
3282 3802 3493 3868 texuit,
3522 3810 3584 3856 ut
3608 3802 3767 3874 quod

441 3897 521 3954 illi
551 3903 859 3962 tacuerunt,
893 3895 945 3948 hi
978 3895 1239 3964 scriptum
1273 3907 1398 3948 esse
1425 3891 1639 3948 mentiti
1671 3891 1800 3946 sint.
1831 3889 1964 3945 Hazc
1999 3889 2259 3957 adversus.
2281 3891 2532 3960 Rufinum
2562 3891 2783 3960 offerens
2811 3895 2864 3947 in
2897 3911 2994 3948 suo
3022 3895 3293 3964 Apologia:
3334 3895 3467 3948 libro
3498 3897 3769 3964 secundo,

437 4005 543 4044 non
570 3990 741 4058 potuit
770 3988 961 4040 ibidem
984 3987 1132 4040 verba
1162 3985 1522 4055 subsequentis
1565 3983 1898 4054 prtefutibnis
1927 3982 1983 4036 in
2017 3981 2427 4051 Paralipomena
2457 3983 2714 4051 replicare
2750 3983 2818 4036 ad
2842 3999 2992 4037 suam
3021 3985 3376 4055 defensionem
3405 3984 3574 4054 ;quin
3606 3985 3765 4039 illico

443 4081 686 4135 stultitia:
714 4088 1018 4150 argueretur
1039 4079 1093 4131 in
1118 4093 1274 4130 causa
1312 4075 1454 4130 LXX
1499 4073 1872 4146 Interpretum,
1910 4073 1976 4126 de
2005 4074 2195 4144 quibus
2227 4083 2332 4127 tam
2368 4075 2632 4128 contraria
2669 4084 2714 4127 et
2743 4075 2959 4129 invicem
2989 4077 3086 4130 sibi
3132 4078 3422 4150 pugnantia
3451 4077 3772 4148 scripsisset.

444 4174 742 4229 Prudenter
764 4172 938 4241 itaque
961 4169 1139 4222 reticet
1166 4167 1304 4237 quod
1334 4167 1457 4219 olim
1487 4166 1662 4218 animo
1698 4181 1758 4218 ac
1786 4165 1961 4218 salivae
1987 4161 2298 4218 Domnionis
2336 4163 2606 4235 tribuerat,
2643 4165 2785 4236 apud
2825 4182 2976 4236 quem
3005 4183 3210 4219 summa
3241 4167 3374 4237 forte
3404 4183 3463 4221 ea
3495 4168 3594 4237 fuit
3625 4183 3773 4220 auc-

445 4272 629 4323 laritas
657 4266 899 4320 editionis
926 4261 1090 4326 LXX,
1119 4261 1210 4316 sed
1232 4260 1374 4313 salvo
1399 4275 1600 4328 semper
1629 4259 1822 4310 honore
1869 4256 2076 4310 Hebrwi
2106 4257 2249 4327 styli,
2280 4267 2336 4310 ut
2364 4267 2413 4312 et
2453 4258 2596 4328 apud
2623 4275 2799 4312 omnes
2828 4259 2963 4312 alios
2991 4260 3150 4330 hujus
3173 4261 3418 4330 temporis
3445 4258 3775 4314 ecclesiasti-

443 4379 530 4415 cos
557 4362 715 4427 viros,
741 4358 831 4430 qui
854 4365 1125 4426 utramque
1147 4352 1534 4416 auctoritatem,
1565 4349 1901 4402 Hebra'orum
1938 4348 2154 4417 scilicet,
2190 4347 2589 4419 Gt'tecorumque
2614 4349 2866 4403 librorum
2884 4391 2900 4415 ,
2925 4337 3151 4405 divinam
3181 4367 3290 4407 esse
3320 4351 3648 4422 fatebantur.
3675 4363 3696 4410 το

517 4453 639 4507 Jam
665 4451 805 4519 quod
832 4458 1028 4523 spectat
1058 4445 1336 4520 proloqum
1359 4445 1412 4497 in
1444 4443 1601 4497 libros
1633 4438 1956 4504 Salomonis,
1990 4438 2130 4493 illud
2161 4449 2281 4495 ante
2313 4458 2405 4496 nos
2430 4442 2628 4495 monuit
2668 4441 2908 4496 Leander
2933 4443 2996 4498 de
3027 4442 3090 4499 S.
3119 4443 3377 4512 Martino,
3415 4461 3526 4500 eam
3565 4447 3779 4516 prcefa-

445 4547 634 4601 tionem
663 4547 967 4616 impressam
995 4542 1156 4610 fuisse
1186 4541 1239 4592 in
1270 4535 1510 4591 omnibus
1539 4534 1848 4589 cditionibus
1868 4531 2069 4588 Glossa?
2098 4535 2377 4589 ordinarix
2400 4550 2417 4588 .°
2440 4535 2503 4589 ab
2527 4533 2750 4589 Erasmo
2767 4546 2941 4590 autem
2967 4545 3015 4590 et
3045 4553 3076 4590 a
3102 4535 3327 4591 Reatino
3357 4538 3596 4608 episcopo
3624 4552 3780 4607 prte—

444 4640 736 4694 t-rrmissam
764 4637 819 4690 in
847 4634 1150 4689 collectione
1180 4645 1390 4700 cperunt
1421 4628 1483 4683 S.
1536 4626 1851 4696 Hieronymi
1876 4641 1894 4679 :
1943 4628 2175 4695 quamvis
2205 4626 2458 4698 genuinus
2486 4626 2552 4680 sit
2579 4627 2709 4697 fetus
2751 4628 2989 4699 ejusdem
3035 4628 3220 4683 Sancti
3258 4627 3498 4683 Doctoris
3520 4669 3538 4696 ,
3582 4629 3663 4682 uti
3708 4643 3780 4682 ex

441 4739 745 4802 argumento
768 4725 1202 4799 pra’fatiunculte,
1232 4720 1517 4783 sententiis,
1551 4728 1597 4772 et
1627 4717 1782 4772 modo
1804 4717 2059 4771 scribendi
2091 4733 2304 4787 prorsus
2330 4715 2744 4787 Hieronymiano
2774 4719 2908 4772 scire
2928 4718 3076 4774 nobis
3102 4719 3242 4774 licet.
3281 4719 3468 4775 Verum
3496 4735 3616 4791 pars
3639 4719 3783 4773 ulti-

446 4844 531 4882 ma
551 4827 708 4897 hujus
740 4821 946 4896 prologi
977 4818 1398 4890 manifestissime
1421 4812 1757 4886 supposititia
1787 4811 1896 4866 riro
1939 4811 2142 4866 erudito
2175 4811 2389 4866 nimium
2421 4810 2695 4884 imposuit,
2737 4828 2852 4866 cum
2877 4813 2984 4869 suis
3008 4813 3437 4868 annotationibus
3466 4831 3575 4868 eam
3607 4813 3782 4867 illus-

443 4930 590 4972 trans
615 4917 678 4972 S.
709 4915 1033 4985 Hieronymo
1061 4910 1320 4966 ascribere
1347 4915 1588 4962 conatur.
1627 4903 1838 4959 Poterat
1863 4906 2040 4975 utique
2076 4905 2315 4975 fraudem
2345 4920 2628 4976 agnoscere
2660 4921 2726 4961 ex
2746 4906 3034 4978 incongrua
3054 4923 3233 4973 sensu,
3256 4924 3406 4978 quem
3428 4907 3576 4962 verba
3598 4907 3780 4960 addi-

444 5010 572 5063 titia:
599 5007 763 5078 partis
788 5007 1014 5076 efﬁciunt
1045 5006 1100 5058 in
1137 5003 1234 5058 hoc
1259 5000 1475 5072 prologo
1500 5013 1520 5052 :
1551 5013 1716 5066 neque
1740 4998 1874 5051 enim
1911 4997 2230 5069 Hieranymo
2259 4997 2502 5052 scribenti
2527 4996 2793 5052 ullatenus
2823 4999 3160 5066 conveniunt,
3188 5008 3248 5054 ut
3277 5001 3421 5071 infra
3458 5001 3687 5072 planum
3712 5001 3781 5070 fit

445 5105 499 5157 in
526 5102 736 5158 scholiis
767 5100 960 5154 nostris
986 5099 1056 5153 ad
1082 5098 1219 5151 hunc
1244 5096 1413 5150 locum
1441 5089 1768 5163 'prtefationis
1791 5091 1907 5161 jam
1943 5090 2114 5147 dictw.
2141 5091 2314 5146 Porro
2340 5091 2594 5146 edendam
2621 5091 2677 5144 in
2697 5091 2802 5160 fine
2830 5093 3014 5162 prima:
3039 5093 3203 5164 partis
3237 5091 3441 5148 Divinas
3471 5092 3782 5150 Bibliothe-

445 5208 519 5246 ca:
543 5190 1001 5264 praefatiunculam
1025 5185 1407 5260 spepondimus
1430 5184 1485 5238 in
1512 5182 1650 5237 notis
1676 5224 1691 5249 ,
1722 5180 1814 5236 sed
1845 5189 2044 5236 mutato
2073 5181 2313 5254 deinceps
2347 5181 2599 5250 consilio,
2639 5181 2695 5238 in
2719 5181 2862 5238 calce
2892 5182 3052 5256 hujus
3075 5183 3318 5240 secundae
3338 5185 3507 5256 partis
3525 5185 3779 5260 ejusdem

445 5281 780 5339 Bibliotheca
805 5279 1010 5337 Divina:
1033 5293 1147 5335 eam
1170 5275 1429 5334 collocare
1453 5273 1619 5332 satius
1646 5272 1913 5327 duximus.

1661 5532 2540 5576 ψ
