3918 6192
236 280 327 339 ιοι

917 282 1288 343 Pii/EFATIO
1327 286 1711 346 IIIERONYMI
1745 292 1813 348 IN
1850 291 2111 352 LIBRUM
2154 295 2761 359 PARALIPOMENON.

3389 319 3499 373 4H9.

248 397 3479 452 .______________________________

1144 526 1171 556 ⁸
1193 528 1803 616 ΡΒῙΕῈΑΤΙΟ
1878 536 2561 624 ΗΙΕΒΟΝῩΜΙ

230 684 334 759 ΙΝ
393 686 802 763 LIBRUM
874 687 1819 765 PARALIPOMENON
1890 693 2255 769 JUXTA
2326 696 2552 769 LXX
2624 698 3454 784 INTERPBETES.

576 888 892 951 Eusebius
926 888 1365 969 Hieronymus
1400 900 1430 939 ι»
1464 890 1815 951 Domnioni
1853 897 1915 954 et
1948 894 2311 975 Rogatiano
2348 900 2481 962 suis
2515 902 2579 963 in
2609 903 2763 968 Jesu
2793 906 3090 971 salutem.

274 1023 294 1051 ε
314 1012 592 1080 Quomodo
621 1012 931 1067 Graecorum
955 1010 1216 1066 historias
1240 1012 1413 1082 magis
1440 1013 1765 1084 intelligunt,
1796 1017 1853 1078 Α
1876 1016 2020 1072 enim
2050 1019 2206 1076 vobis
2234 1021 2454 1093 loquor,
2484 1025 2557 1081 ita
2592 1038 2649 1082 et
2674 1026 2730 1083 in
2760 1030 2966 1088 Graecis
2989 1045 3044 1090 et
3078 1034 3289 1093 Latinis
3328 1040 3478 1097 codi-

208 1104 284 1174 qui
311 1106 546 1162 Athenas
569 1104 824 1171 viderint,
857 1112 914 1159 et
943 1102 1162 1159 tertium
1193 1102 1403 1174 Virgilii
1435 1105 1655 1173 librum,
1684 1107 1777 1176 qui

207 1212 232 1250 a
254 1195 451 1254 Troade
470 1213 565 1268 per
586 1198 879 1265 Leucaten,
904 1204 959 1251 et
983 1195 1387 1253 Acroceraunia
1411 1196 1478 1252 ad
1506 1198 1772 1267 Siciliam,

203 1299 252 1344 et
290 1288 410 1346 inde
454 1288 524 1344 ad
570 1290 708 1344 ostia
755 1288 969 1345 Tiberis
1016 1288 1363 1359 navigarint:
1409 1289 1484 1345 ita
1530 1303 1772 1348 sanctam

202 1382 512 1454 Scripturam
546 1382 777 1439 lucidius
822 1381 1145 1449 intuebitur,
1179 1381 1271 1454 qui
1315 1380 1571 1437 Judteam'
1599 1384 1775 1440 oculis

200 1476 576 1547 contemplatus
602 1484 684 1532 est
705 1474 813 1548 [AL
834 1474 948 1546 sit],
974 1485 1029 1531 et
1056 1476 1399 1547 antiquarum
1426 1476 1635 1531 urbium
1661 1493 1776 1534 me-

201 1569 378 1625 morias
400 1610 417 1635 ,
462 1570 814 1639 locorumque
835 1569 923 1624 vel
958 1567 1150 1624 eadem
1180 1568 1441 1624 vocabula
1469 1609 1484 1635 ,
1518 1568 1603 1624 vel
1646 1584 1770 1624 mu-

200 1666 293 1714 tata
334 1663 650 1731 cognoverit
692 1661 803 1734 [AL
844 1658 1266 1731 cognoverunt].
1317 1658 1473 1715 Unde
1516 1668 1572 1715 et
1612 1660 1772 1718 nobis

196 1767 320 1808 curas
346 1753 461 1819 fuit,
489 1768 615 1809 cum
646 1752 1030 1809 eruditissimis
1058 1752 1414 1808 Hebmorum
1442 1752 1590 1808 hunc
1618 1753 1772 1809 labo-

198 1860 296 1899 rem
319 1844 517 1915 subire,
550 1856 608 1902 ut
632 1846 1044 1902 circnmiremus
1064 1844 1421 1915 provinciam,
1453 1862 1613 1916 quam
1644 1847 1770 1903 uni-

197 1953 346 1993 versa:
389 1940 591 1994 Christi
645 1939 904 1996 Ecclesia:
948 1947 1167 1997 sonant.
1216 1937 1417 1993 Fateor
1458 1941 1602 1994 enim
1630 1981 1645 2004 ,
1693 1939 1767 1994 mi

200 2031 461 2099 Domnion,
488 2041 543 2087 et
571 2031 871 2102 Rogatiane
898 2029 1204 2086 eharissimi
1228 2072 1243 2097 ,
1271 2045 1570 2101 numquam
1594 2046 1679 2086 me
1712 2032 1763 2086 in

190 2123 364 2180 divinis
394 2123 786 2187 voluminibus,
817 2123 1055 2194 propriis
1084 2121 1290 2178 viribus
1319 2121 1641 2188 credidisse,
1664 2137 1764 2179 nec

191 2214 415 2273 habuisse
442 2218 470 2255 ιι
502 2218 826 2288 magistrum
855 2217 976 2289 [AL
1018 2226 1123 2271 tac.
1168 2215 1507 2288 magistrum]
1548 2217 1763 2285 Opinio-

188 2324 291 2363 nem
315 2324 484 2365 meam
510 2350 528 2375 ,
562 2308 662 2365 sed
690 2324 755 2365 ea
782 2310 946 2365 etiam
987 2308 1057 2364 de
1086 2307 1280 2376 quibus
1309 2308 1454 2364 scire
1501 2323 1587 2363 me
1619 2309 1763 2364 arbi-

1878 1113 2033 1170 cibus
2075 1116 2164 1172 hic
2204 1121 2484 1177 nominum
2517 1122 2657 1179 liber
2681 1125 2914 1183 vitiosus
2958 1139 3080 1199 est,
3130 1142 3188 1187 ut
3227 1150 3334 1190 non
3367 1145 3475 1192 tam

1878 1208 2104 1267 Ilebrma
2152 1229 2314 1284 quam
2342 1217 2582 1273 Barbara
2611 1222 2857 1291 quaedam
2884 1265 2901 1290 ,
2950 1235 3006 1280 et
3045 1226 3342 1286 Sarmatica
3380 1247 3480 1287 no-

1875 1300 2021 1357 mina
2049 1316 2308 1374 congesta
2345 1306 2456 1379 [AL
2489 1310 2784 1382 conjecta]:
2810 1313 3182 1373 arbitrandum
3223 1320 3313 1375 sit.
3366 1322 3479 1378 Nec

1875 1395 1980 1449 hoc
2025 1395 2379 1468 Septuaginta
2426 1398 2861 1474 Interpretibus,
2904 1406 2998 1477 qui
3029 1408 3237 1477 Spiritu
3284 1424 3477 1469 sancto

1878 1484 1900 1524 ί
1932 1487 2123 1573 pleni,
2174 1504 2237 1545 ea
2269 1506 2391 1561 quae
2419 1507 2545 1549 vera
2592 1493 2846 1565 fuerant,
2896 1502 3327 1571 transtulerunt,
3375 1506 3475 1561 sed

1872 1581 2205 1653 scriptorum
2228 1584 2401 1653 culpae
2421 1587 2829 1656 ascribendum,
2862 1590 2990 1646 dum
3014 1593 3083 1649 de
3113 1595 3473 1653 inemendatis

1874 1671 1982 1745 [AL
2010 1674 2335 1745 emendatis]
2371 1678 2715 1734 inemendata
2743 1682 3061 1751 scriptitarit
3085 1703 3097 1738 :
3120 1695 3178 1741 et
3204 1703 3350 1757 saepe
3371 1692 3473 1745 tria

1872 1763 2113 1831 nomina,
2145 1764 2439 1823 subtractis
2468 1782 2500 1823 e
2528 1768 2707 1823 medio
2734 1770 2959 1841 syllabis
2982 1814 2996 1839 ,
3024 1772 3078 1827 in
3109 1791 3273 1831 unum
3307 1794 3475 1834 voca-

1870 1856 2056 1912 bulum
2083 1868 2287 1929 cogunt
2311 1901 2326 1926 ,
2357 1860 2441 1916 vel
2470 1876 2501 1917 e
2532 1863 2755 1931 regione
2784 1879 2950 1919 unum
2980 1882 3180 1923 nomen
3204 1910 3219 1935 ,
3247 1882 3472 1940 propter

1870 1948 2215 2005 latitudinem
2247 1964 2424 2017 suam,
2447 1952 2500 2007 in
2530 1951 2763 2017 duo,vel
2794 1954 2896 2009 tria
2915 1956 3175 2012 vocabula
3200 1958 3469 2018 dividunt.

1866 2041 1973 2098 Sed
2000 2053 2054 2099 et
2081 2042 2216 2114 ipsa:
2247 2046 2665 2116 appellationes,
2702 2064 2815 2103 non
2840 2049 3107 2120 homines,
3142 2060 3201 2107 ut
3224 2054 3472 2127 plerique

1867 2135 2141 2191 aestimant
2170 2135 2278 2207 [AL
2308 2136 2672 2209 existimant],
2696 2138 2792 2194 sed
2815 2139 3003 2206 urbes,
3026 2151 3081 2197 et
3110 2144 3383 2213 regiones,
3414 2157 3473 2203 et

1865 2226 2057 2294 saltus,
2090 2237 2145 2283 et
2173 2229 2479 2298 provincias
2501 2240 2720 2297 sonant,
2745 2240 2801 2285 et
2829 2231 3049 2303 oblique
3071 2235 3172 2289 sub
3194 2235 3476 2309 interpre-

1864 2317 2066 2373 tatione
2090 2327 2116 2365 ε
2148 2327 2204 2374 et
2231 2320 2406 2387 ﬁgura
2434 2336 2623 2375 eorum
2651 2365 2666 2389 ,
2697 2322 2943 2391 quaedam
2977 2334 3265 2381 narrantur
3289 2327 3464 2383 histo-

186 2400 362 2469 trabar,
387 2400 736 2471 interrogare
756 2416 843 2456 me
865 2401 1086 2456 solitum
1112 2417 1127 2457 :
1152 2408 1356 2469 quanto
1388 2402 1558 2469 magis
1588 2401 1760 2457 dehis
1793 2419 1835 2479 Β
1862 2409 1959 2464 rite
2009 2427 2024 2464 :
2072 2410 2140 2466 de
2165 2412 2364 2481 quibus
2407 2413 2461 2467 in
2490 2413 2806 2484 Regnorum
2838 2415 2978 2471 libro
3018 2416 3241 2483 dicitur,
3273 2420 3467 2477 Nonne

183 2507 323 2563 super
346 2494 543 2564 quibus
565 2506 767 2564 anceps
788 2508 939 2549 eram
955 2492 979 2546 ἲ
998 2491 1241 2562 Denique
1270 2505 1393 2546 cum
1419 2506 1449 2545 a
1479 2506 1565 2548 me
1586 2507 1757 2564 nuper

186 2584 350 2640 litteris
371 2584 721 2655 ﬂagitassetis
741 2625 758 2651 ,
800 2593 861 2639 ut
880 2583 1036 2639 vobis
1067 2583 1264 2638 librum
1298 2582 1756 2653 Paralipomenon

181 2677 342 2736 Latino
378 2694 643 2736 sermone
690 2676 1043 2733 transferrem
1068 2717 1085 2744 ,
1116 2676 1185 2731 de
1223 2674 1513 2730 Tiberiade
1544 2684 1567 2713 ο
1596 2675 1756 2747 Legis

178 2772 415 2841 quondam
445 2773 739 2829 doctorem
764 2812 781 2838 ,
827 2770 921 2842 qui
945 2768 1086 2841 apud
1119 2767 1379 2824 Hebraeos
1408 2768 1753 2824 admirationi

178 2862 483 2933 habebatur,
530 2862 804 2935 assumpsi
836 2878 852 2917 :
883 2870 939 2918 et
968 2859 1177 2916 contuli
1216 2874 1339 2915 cum
1380 2874 1449 2916 eo
1473 2874 1502 2914 a
1526 2860 1752 2929 vertice,

176 2963 223 3010 ut
242 2956 395 3022 aiunt,
423 2970 610 3024 usque
635 2955 703 3010 ad
732 2963 1033 3011 extremum
1059 2965 1292 3023 unguem
1328 2968 1341 3004 :
1367 2959 1424 3006 et
1446 2950 1527 3006 sic
1554 2950 1754 3007 confir-

178 3058 363 3118 matus,
407 3063 585 3105 ausus
629 3063 749 3103 sum
799 3045 982 3102 facere
1028 3043 1172 3117 quod
1211 3042 1507 3115 jubebatis.
1557 3042 1753 3101 Libero

234 3241 256 3269 ⁸
290 3231 541 3307 Diximus
569 3231 625 3307 in
658 3229 883 3307 praefixa
917 3226 1219 3307 huictomo
1240 3221 1580 3307 pragfatione,
1615 3225 1748 3280 nihil

178 3311 408 3371 praeterea
474 3303 618 3357 aliud
660 3298 705 3356 'c
753 3301 995 3371 reliquis
1030 3298 1357 3371 Hieronymi
1393 3298 1624 3371 interpr.
1680 3312 1747 3350 ex

176 3366 365 3441 Cra‘co,
398 3383 535 3444 post
560 3373 755 3444 Jobum
781 3386 851 3444 ac
874 3366 1249 3432 Psalterium,
1276 3382 1397 3435 quae
1427 3366 1627 3422 dudum
1663 3383 1749 3444 re-

174 3439 489 3509 censuimus,
518 3460 549 3499 e
576 3443 749 3498 veteri
780 3442 1136 3496 Testamento
1165 3452 1475 3509 superesse,
1507 3453 1668 3508 quam
1693 3439 1746 3493 in

174 3515 342 3570 librum
372 3507 838 3584 Paralipomenon
853 3509 1249 3584 [Prmfationem
1270 3507 1421 3584 hanc
1452 3507 1667 3584 ipsam,
1694 3518 1752 3564 et

177 3587 299 3658 quod
335 3601 484 3658 pone
517 3579 1212 3658 sequiturLFr-agmentum
1232 3579 1461 3658 alterius
1501 3580 1554 3634 in
1588 3580 1754 3658 libros

172 3650 495 3725 Salomonis,
551 3650 849 3727 deperditis
872 3650 1077 3727 jamdiu
1117 3650 1639 3727 olim‘ipsorunimet
1693 3651 1757 3704 li-

175 3728 368 3784 brorum
382 3721 801 3783 versioni'busin
832 3721 978 3778 tanta
1004 3722 1088 3776 illa
1113 3721 1229 3788 ejus
1246 3721 1435 3790 Operis
1461 3721 1672 3790 jactura
1702 3728 1758 3777 et

177 3800 555 3855 clade.Videsis
571 3814 736 3868 porro
762 3811 880 3866 qua:
905 3794 974 3848 ibi
995 3808 1093 3847 nos
1115 3790 1215 3846 hac
1230 3790 1295 3845 de
1313 3806 1370 3868 re
1395 3790 1755 3868 disputamus.

230 3870 253 3909 δ
275 3872 470 3926 Iisdem
504 3861 648 3923 haud
688 3861 858 3922 multo
888 3873 1008 3935 post
1035 3877 1187 3917 suam
1229 3877 1295 3915 ex
1324 3861 1489 3935 llebr.
1520 3864 1739 3917 Versio-

172 3956 271 3997 nem
300 3944 456 3996 Ezrae
484 3931 1364 4010 nuncupavit:necgtant_en,quod
1397 3934 1581 4010 mirari
1612 3935 1739 3989 sub-

168 4011 219 4075 it,
256 4014 417 4082 hujus
436 4011 607 4067 verbo
637 4004 795 4067 tenus
828 4004 1079 4084 meminit
1105 4005 1160 4084 in
1189 4018 1251 4056 ea
1282 4005 1441 4084 epist:
1492 4004 1625 4058 Sunt
1648 4019 1741 4058 au-

168 4074 258 4154 tem
284 4074 335 4140 et
370 4098 501 4137 mss.
527 4084 737 4149 aliquot
766 4080 1005 4154 codices,
1030 4075 1290 4154 qui-hunc
1318 4074 1602 4154 Prologum
1634 4090 1738 4154 non

168 4152 359 4211 Latina:
389 4170 455 4209 ex
485 4154 582 4209 Gr.
624 4144 918 4221 Ilcxaplari
952 4156 1107 4224 testu
1134 4144 1573 4224 Interpretationi
1595 4186 1623 4224 ,_
1644 4145 1739 4199 sed

168 4226 302 4282 alteri
357 4235 457 4283 τῶν
510 4215 965 4293 Paralipomenon
1015 4215 1471 4293 l_ibro_llebraica
1511 4217 1742 4293 veritate

170 4311 416 4351 cuinverso
446 4284 733 4367 praeligun't
761 4312 791 4367 :_
808 4290 937 4362 quin
968 4288 1130 4342 etiam
1164 4284 1218 4367 in
1246 4299 1374 4351 uno,
1404 4300 1565 4367 quem
1597 4286 1741 4367 alar.-

170 4368 278 4421 tisn.
307 4357 491 4423 laudat
517 4407 533 4429 ,
560 4357 621 4419 Βῖ
655 4369 727 4419 Μ.
772 4357 1058 4435 Deaurata:
1102 4357 1445 4435 not‘atumab
1475 4357 1647 4412 sciolo
1677 4357 1742 4411 li-

170 4436 329 4494 brario
356 4448 436 4494 est
455 4458 466 4490 :
484 4424 595 4509 Iste
621 4429 1141 4509 Prologus,_scilicet,
1166 4424 1446 4509 Eusebius,
1466 4436 1608 4509 etc”
1635 4443 1740 4509 non

170 4509 291 4563 debet
322 4527 427 4564 esse
449 4510 505 4562 in
536 4508 632 4562 hoc
657 4497 810 4570 Ιοεοξ
832 4504 923 4560 sed
952 4500 1097 4554 debet
1116 4497 1217 4570 legi
1244 4504 1291 4551 et
1319 4497 1477 4550 scribi
1504 4499 1557 4552 in
1590 4500 1741 4569 prin-

171 4578 285 4643 cipio
312 4581 522 4635 secundi
551 4579 693 4633 libri.
723 4568 881 4645 Quod
910 4570 1113 4643 oppido
1142 4568 1336 4623 falsum
1360 4580 1503 4636 esse,
1531 4568 1598 4624 es
1628 4579 1741 4623 toto

169 4660 399 4707 contextu
436 4653 626 4722 liquet.
854 4719 867 4723 Α
984 4719 999 4723 ,
1098 4722 1101 4723 ν
1188 4710 1236 4723 ..
1308 4711 1320 4723 .

232 4725 251 4794 ξε
288 4724 378 4777 bis.
412 4710 714 4778 Bibliorum
767 4719 1157 4794 codexuheatze
1188 4710 1375 4794 blariae
1416 4710 1735 4794 [Deauratau

170 4789 301 4864 citius
323 4795 577 4849 nonnulla
621 4795 673 4848 in
704 4782 1349 4864 superioribusprologis
1375 4784 1559 4864 attuli,
1592 4782 1739 4864 istud

172 4855 311 4918 habet
331 4866 580 4920 scholion
625 4855 858 4933 positum
889 4863 959 4917 ab
998 4859 1189 4933 eodem
1238 4855 1499 4933 librario,
1517 4856 1741 4933 si_beue

170 4937 389 5006 memini,
443 4939 530 5006 qui
570 4922 854 5003 eiemplar
896 4929 1233 5006 descripsit:
1292 4922 1405 5006 iste
1454 4922 1737 5006 Prologus,

167 5004 357 5071 scilicet,
377 4994 669 5071 Eusebius,
697 4994 829 5069 etc,
858 5020 964 5057 non
994 4994 1140 5057 debet
1166 5012 1273 5051 esse
1294 4996 1344 5071 in
1366 5000 1460 5071 {ioc
1482 4994 1597 5071 loco
1611 4994 1633 5060 ;“
1649 4999 1740 5049 sed

169 5075 294 5129 debet
322 5068 417 5149 legi
444 5089 493 5133 et
537 5068 695 5133 scribi
728 5076 1084 5149 γὶηίρνὶηεξρίο
1114 5070 1327 5149 secuitdi
1373 5068 1739 5149 li_bri_._Falsus

170 5155 243 5220 est
264 5140 430 5205 tamén
456 5151 696 5220 scriptor
724 5140 885 5220 hujus
914 5140 1301 5220 annotationis,
1332 5141 1455 5211 quia
1489 5140 1575 5194 hic
1606 5155 1737 5220 p_r_o-

1861 2517 1976 2556 ecce
2004 2500 2115 2555 Itan:
2141 2503 2335 2570 scripta
2354 2512 2474 2558 sunt
2497 2504 2551 2557 in
2580 2503 2711 2558 libro
2734 2503 3021 2560 Verborum
3049 2506 3263 2563 Dierum
3285 2527 3464 2582 regum

1859 2591 2045 2648 Iuda?
2068 2594 2201 2661 Qua:
2232 2594 2420 2666 utique
2466 2596 2520 2652 in
2552 2596 2756 2652 nostris
2796 2597 3075 2653 codicibus
3105 2616 3210 2656 non
3255 2602 3463 2659 haben-

1862 2695 1970 2742 tur.
2004 2686 2119 2743 Hoc
2150 2686 2382 2758 primum
2429 2687 2708 2744 sciendum
2734 2730 2750 2754 ,
2784 2688 2927 2758 quod
2970 2690 3112 2760 apud
3155 2692 3414 2750 Hebraeos
3443 2738 3459 2762 ,

1859 2777 2319 2848 Paralipomenon
2352 2778 2491 2835 liber
2519 2793 2657 2835 unus
2693 2779 2766 2835 sit
2799 2797 2811 2834 :
2842 2789 2899 2837 et
2931 2782 3073 2852 apud
3106 2783 3231 2839 illos
3257 2825 3272 2848 ,
3306 2782 3335 2822 ιι
3364 2801 3461 2841 vo-

1857 2878 2015 2925 cetur
2034 2868 2143 2943 [AL
2174 2868 2421 2943 vocatus]
2449 2887 2621 2927 DABRB
2656 2888 2814 2929 ultu
2836 2914 2851 2941 ,
2891 2874 2944 2930 id
2971 2882 3058 2930 est
3080 2916 3097 2942 ,
3133 2876 3302 2932 Verba
3332 2878 3456 2934 Die-

1858 2976 1975 3015 rum
2006 2976 2025 3015 :
2052 2960 2146 3031 qui
2176 2970 2401 3032 propter
2429 2962 2853 3033 magnitudinem
2879 3005 2895 3031 ,
2932 2965 3073 3036 apud
3103 2981 3204 3023 nos
3247 2967 3456 3027 divisus

1859 3060 1983 3118 est,
2016 3051 2160 3123 quod
2190 3051 2441 3109 nonnulli
2483 3052 2646 3108 etiam
2676 3052 2730 3109 in
2772 3053 2941 3111 Bruto
2964 3097 2981 3125 ,
3011 3055 3300 3114 Ciceronis
3342 3060 3459 3116 dia-

1858 3228 1943 3283 vel
1983 3238 2271 3286 auctorem.
2302 3231 2872 3290 San-Germanensem
2900 3250 2958 3290 n.
2982 3232 3018 3287 4
3043 3243 3097 3290 et
3122 3235 3455 3298 Tolosanum

1858 3304 2175 3357 monasterii
2205 3303 2267 3360 Β.
2299 3304 2481 3358 Maria:
2531 3305 2818 3360 Deaurata:
2861 3306 3033 3361 secuti
3061 3321 3271 3365 sumus.
3306 3310 3459 3368 Unus

1856 3385 1888 3451 e
1920 3374 2254 3451 monaSterio
2282 3384 2471 3451 nostro
2511 3374 2856 3451 Narbonensi
2911 3376 3043 3448 legit
3097 3392 3221 3434 cum
3264 3383 3452 3451 editis,

1856 3442 1983 3511 legis
2011 3444 2283 3511 quemdam
2307 3448 2582 3499 doctorem.
2617 3447 2799 3504 ΜΑῐιτ.

1928 3460 1983 3497 ns
2011 3460 2283 3567 Z'uemaam
2307 3460 2582 3499 acriorem.
2617 3460 2799 3504 ΜΑιιτ.

1928 3542 1999 3551 -
2028 3592 2031 3593 ν
2068 3514 2262 3593 artian.
2284 3516 2341 3569 τὸ
2366 3516 2551 3569 librum
2570 3518 2807 3593 reticuit,
2830 3518 2975 3587 quod
2999 3534 3217 3589 nomen,
3235 3531 3291 3577 et
3315 3540 3457 3593 pra:-

1861 3583 2041 3664 feru'nt
2069 3585 2319 3664 plerique
2350 3601 2542 3641 omnes
2570 3588 2731 3653 editi,
2771 3599 2825 3644 et
2847 3583 3052 3664 revera
3078 3599 3172 3645 aut
3208 3583 3282 3664 ab
3315 3583 3453 3664 'ipso

1860 3654 2102 3709 additum
2133 3655 2467 3729 I_lieronymo
2497 3664 2613 3721 est,
2639 3668 2732 3711 aut
2761 3668 2913 3713 certe
2948 3660 3208 3729 scriptum
3238 3654 3452 3719 Ρανᾶιὶ-

1864 3740 2103 3792 pomeria.
2140 3724 2247 3800 Pro
2282 3724 2356 3800 eo
2376 3728 2539 3800 etiam
2582 3729 2724 3796 quod
2765 3731 3030 3796 sequitur,
3056 3724 3318 3800 quondam
3360 3738 3457 3789 do-

1865 3805 2090 3873 rici-em,
2130 3796 2354 3851 retineri
2394 3797 2736 3873 ma_|im_cum
2768 3807 2933 3873 antea
2966 3796 3127 3873 editis
3154 3807 3445 3873 quemdam.

1865 3865 2036 3939 Video
2077 3875 2256 3939 tamen
2286 3882 2385 3921 cur
2423 3866 2738 3939 adverbium
2766 3869 2895 3923 illud
2929 3865 3177 3939 probarit
3201 3875 3448 3933 Martian.

1844 3937 2037 4008 magis.
2072 3935 2293 3991 Scilicet
2322 3948 2445 4007 p05t
2474 3937 2738 3992 Morinum
2778 3935 3154 4008 existimavit,
3186 3946 3349 4003 Ilebr.
3385 3950 3450 4003 il-

1846 4005 1957 4081 ξμς)
1985 4046 2000 4071 ,
2036 4022 2144 4076 quo
2177 4005 2534 4081 praeceptore
2552 4008 2917 4081 llieronymus
2954 4028 3084 4068 usus
3118 4005 3230 4081 est,
3264 4028 3319 4073 et
3343 4020 3444 4076 lib.

1843 4075 1887 4157 I_I
1908 4074 2372 4157 Commentariun.
2406 4078 2461 4132 in
2496 4078 2731 4157 Epistol.
2761 4074 2828 4135 ad
2868 4081 3090 4139 Galatas
3116 4074 3235 4157 cap'.
3266 4103 3302 4141 ιι
3332 4074 3447 4145 lau-

1844 4147 1957 4213 dat,
1974 4146 2146 4226 fuisse
2162 4163 2233 4226 es
2255 4148 2484 4226 llebrmo
2512 4146 2906 4226 Christianum.
2933 4157 3103 4223 Quam
3127 4146 3443 4226 opinionem

1844 4232 1910 4273 ex
1935 4217 2125 4295 eodem
2160 4219 2269 4295 illo
2284 4220 2599 4295 testimonio
2622 4217 3183 4295 derivatamflongius
3205 4229 3275 4283 ab
3295 4234 3443 4286 omni

1845 4288 2095 4414 \‘rlegtatis
2123 4291 2311 4360 specie
2351 4292 2583 4360 abesse,
2619 4288 2965 4349 ostendimus
3003 4288 3144 4351 in'S.
3188 4297 3440 4355 Doctoris

1895 4376 1907 4412 I
1974 4401 1988 4414 .

1895 4367 1988 4415 ita.

1920 4428 1939 4467 τ
1971 4429 2089 4485 Νοη
2119 4431 2333 4487 videtur
2361 4431 2729 4505 Hieronymus
2758 4449 2857 4490 suo
2883 4436 2999 4504 ipse
3027 4450 3214 4503 sensu,
3246 4439 3340 4494 sed
3371 4456 3439 4496 ex

1844 4509 2109 4574 concepta
2131 4516 2345 4569 eorum,
2368 4518 2507 4573 quos
2528 4506 2840 4574 compellat,
2870 4515 2925 4561 et
2952 4520 3072 4574 quae
3104 4509 3303 4573 passim
3335 4514 3435 4567 ob-

1845 4573 2072 4639 tinebat,
2091 4574 2346 4642 opinione
2362 4574 2504 4643 loqui
2521 4589 2535 4626 :
2550 4573 2699 4629 certe
2721 4573 3089 4639 θεοπνεύσ-ξους
3102 4577 3247 4631 LXX
3264 4578 3435 4636 Inter-

1844 4653 2027 4711 pretes
2054 4644 2354 4709 exstitisse,
2384 4643 2517 4697 alibi
2535 4645 2795 4722 totisterc
2821 4647 3026 4722 paginis
3053 4664 3274 4722 suorum
3302 4668 3435 4722 ope-

1844 4730 1963 4767 rum
1984 4724 2261 4839 get-negat
2300 4731 2315 4767 :
2362 4716 2577 4769 tametsi
2626 4716 2712 4770 hic
2760 4717 2953 4772 iterum
2998 4718 3050 4771 in
3092 4716 3435 4779 Prmfatio'nis

1844 4784 1951 4839 fine
2030 4786 2213 4839 niritus
2237 4785 2402 4839 sancti
2429 4787 2812 4839 auctoritatem.
2843 4787 3036 4839 iisdem
3067 4805 3171 4839 non
3200 4793 3435 4839 definiam

1844 4784 1951 4839 line
1984 4784 2213 4855 Spiritus
2237 4785 2402 4840 sancti
2429 4787 2812 4855 auctoritatem,
2843 4787 3036 4842 iisdem
3067 4805 3171 4843 non
3200 4793 3437 4853 defuisse

1843 4855 2166 4913 subinterat.

1917 4938 1940 4975 ις
1971 4930 2149 4999 Atque
2180 4928 2269 4985 hic
2300 4927 2500 4983 frustra
2532 4926 2964 5004 Auctorvidetur
2984 4934 3052 4987 ad
3083 4933 3438 5004 allegoriCum

1844 5016 2062 5060 sensum
2095 5014 2425 5070 consurgere
2452 5012 2618 5072 ,Acum
2648 5015 2767 5072 qua:
2798 5002 3251 5072 Paralipomenon
3285 5011 3439 5072 libris

1843 5094 1950 5157 non
1977 5073 2272 5157 habentur,
2302 5085 2367 5153 ac
2397 5070 2511 5124 vult
2541 5070 2721 5157 tamen
2749 5086 2816 5125 ex
2855 5070 3188 5157 iis_lau_d_ari_,
3221 5070 3440 5157 oblique

1844 5150 1944 5204 sub
1977 5145 2429 5222 interpretatione
2459 5154 2521 5195 ac
2550 5144 2721 5211 ﬁgura
2760 5149 2980 5222 excipit.
3028 5150 3115 5216 Id,
3158 5144 3442 5222 inquircl.‘

173 5212 309 5285 lngus
330 5212 1097 5293 pertinetad[translationem
1124 5213 1739 5293 Latinam,_Quaniilie-
1762 5228 1816 5289 1)
1847 5221 2074 5293 lluetius
2094 5212 2198 5283 [si
2242 5215 2567 5293 recipimus,
2610 5232 2741 5293 sane
2769 5212 2963 5293 omnia
3000 5212 3344 5293 reperientur
3384 5212 3438 5285 in

170 5300 401 5358 ronymus
429 5291 605 5347 edidit
651 5291 806 5360 juxta
846 5288 1219 5358 Septuaginta,
1249 5288 1446 5360 additis
1476 5287 1648 5341 obelis
1677 5298 1732 5344 et

170 5361 441 5427 asteriscis;
473 5379 581 5418 non
614 5358 681 5417 ad
708 5360 1003 5416 secundum
1036 5361 1228 5414 librum
1252 5358 1727 5428 Paralipomenon,

170 5440 225 5481 ex
263 5430 398 5488 fonte
426 5435 697 5489 Hebraico
742 5431 934 5485 Latine
964 5445 1290 5487 conversum
1324 5449 1335 5483 :
1371 5431 1437 5484 ad
1467 5431 1620 5495 cujus
1654 5441 1733 5484 ta-

172 5511 274 5555 men
315 5504 538 5560 frontem
573 5505 810 5560 habetur
852 5503 1162 5571 descriptus
1202 5503 1256 5555 in
1305 5517 1402 5555 ms.
1438 5500 1731 5556 Bibliorum

171 5573 333 5628 codice
359 5577 773 5631 eminentissimi
803 5576 953 5629 card.
989 5576 1057 5629 dc
1084 5575 1309 5629 Bonzio.
1336 5574 1518 5626 MART.

202 5646 249 5720 ,ά
280 5644 346 5698 Ita
368 5662 495 5720 mss.
527 5662 742 5714 omnes,
774 5658 1000 5720 excepto
1029 5644 1475 5720 Garcassonensi,
1526 5642 1617 5711 qui
1649 5642 1733 5698 le-

175 5717 562 5789 gitkmngistmm,
592 5734 692 5789 pro
726 5717 1050 5789 magistrum.
1084 5717 1262 5771 MART.

237 5785 258 5811 ⁸
282 5785 636 5861 Quamplures
658 5803 795 5845 mss.
814 5785 1054 5859 codices,
1072 5789 1197 5859 legis
1221 5788 1484 5858 quondam
1504 5794 1732 5854 auctore,

1841 5291 2115 5369 omnibus,
2148 5298 2203 5343 et
2235 5283 2429 5355 magna
2467 5283 2739 5353 ﬁgmentis
2767 5283 3315 5353 hominum't'enestra
3344 5283 3438 5369 pa;

1840 5366 2010 5419 tctiet.

1913 5433 1938 5471 ιι
1975 5434 2030 5486 1η
2062 5433 2281 5503 Canone
2323 5428 2859 5503 Memmiano‘prima
2900 5452 3061 5492 manu
3111 5439 3229 5495 hsce
3271 5443 3437 5497 verba

1840 5512 2097 5579 corrupte
2142 5501 2483 5579 legebantur,
2514 5501 2770 5579 Jaomim,
2813 5517 2869 5561 et
2926 5509 3190 5564 Jadomim
3237 5527 3256 5564 :
3293 5516 3435 5579 quod

1840 5576 2157 5632 emendator
2183 5571 2631 5651 aliqttisnititavit
2655 5574 2709 5629 in
2738 5578 2985 5651 Ajomim.
3013 5582 3246 5637 Consule
3273 5571 3436 5651 supe-

1840 5651 2039 5721 riorem
2079 5644 2364 5721 prologum
2389 5641 2670 5700 Calcatum
2699 5641 3145 5721 praelixumlibris
3166 5641 3437 5713 Samuelis

1843 5730 1897 5775 et
1924 5712 2228 5775 Malaéhim.
2260 5712 2439 5771 Mm.
