3918 6192
583 265 694 324 415

1591 255 1650 313 S.
1694 252 2080 314 HIERONYMI
2117 250 2351 311 DIVINA
2388 248 2868 310 BIBLIOTHECA.

3772 252 3861 312 416

667 381 864 437 Semen
885 378 1019 434 enim
1060 381 1171 429 erat
1209 371 1544 427 maledictum
1575 371 1640 443 ab
1667 372 1818 427 initio
1839 387 1857 425 :
1882 387 1976 426 nec
2007 372 2193 426 timens
2221 373 2268 432 Α
2300 372 2551 425 steculum
2581 387 2602 427 :
2629 369 2890 442 quomodo
2920 369 3080 443 hujus
3107 365 3390 424 Dominum
3403 384 3510 424 non
3537 368 3742 440 facilius
3759 373 3870 429 inre-

595 451 844 518 aliquem,
877 447 1071 518 veniam
1097 444 1259 518 dabas
1272 445 1517 518 peccatis
1533 442 1768 518 illorum.

670 513 803 586 Quis
816 513 948 575 enim
972 516 1104 569 dicet
1120 515 1242 568 tibi:
1259 513 1396 581 Quid
1419 513 1624 586 fecisti?
1643 523 1734 567 aut
1760 513 1878 585 quis
1897 513 2052 568 stabit
2072 528 2189 586 coin-

600 601 678 646 tra
691 583 960 661 judicium
999 586 1186 661 tuum?
1215 599 1310 661 auct
1344 583 1464 661 quic
1495 585 1550 639 in
1582 583 1860 661 conspectu
1890 594 1977 661 tuo
2025 583 2188 661 veniet

596 655 788 714 vindex
831 660 1126 726 iniquorum
1153 655 1466 710 hominum?
1508 665 1598 710 aut
1625 658 1740 724 quis
1770 655 1861 710 tibi
1890 656 2187 727 impntabit,

595 731 641 785 si
662 729 906 799 perierint
938 729 1190 799 nationes,
1222 743 1352 799 qu_as
1373 735 1429 780 tu
1459 727 1670 798 fecisti?

669 796 796 853 Non
825 798 958 852 enim
987 807 1062 852 est
1101 796 1241 852 alius
1262 796 1404 852 Deus
1431 796 1583 866 quam
1622 807 1678 852 tu
1698 843 1712 865 ,
1743 798 1830 852 cui
1873 813 2000 851 cura
2027 806 2104 852 est
2130 798 2193 853 de

601 870 860 936 omnibus,
901 877 956 923 ut
977 869 1217 925 ostendas
1242 869 1488 940 quoniam
1517 885 1623 924 non
1652 870 1843 941 injuste
1869 869 2083 942 judicas
2111 876 2196 941 ju-

599 941 815 995 ditium.

672 1009 995 1084 Nequcrex,
1021 1027 1186 1083 neque
1207 1020 1462 1084 tyrannus
1501 1011 1556 1065 in
1586 1020 1860 1084 conspectu
1903 1020 1992 1067 tuo
2019 1011 2195 1084 inqui-

601 1091 710 1153 rent
741 1084 805 1135 de
828 1082 934 1151 his,
965 1082 1408 1153 quos’perdidisti.

671 1151 802 1206 Cum
831 1170 953 1227 ergo
978 1151 1062 1207 'sis
1084 1155 1284 1227 justus,
1323 1153 1671 1227 justeomnia
1695 1152 1947 1227 disponis
1977 1169 1995 1208 :
2025 1155 2199 1224 ipsum

597 1239 825 1293 quoque,
856 1223 944 1294 qui
975 1240 1078 1278 non
1133 1223 1279 1278 debet
1319 1224 1516 1295 puniri,
1571 1223 1936 1293 condemnare,
1967 1223 2198 1280 exterum

602 1295 829 1365 a:st_i_mas
848 1312 881 1348 a
910 1305 996 1349 tua
1025 1295 1228 1348 virtute.
1669 1357 1673 1365 ι

678 1362 856 1437 Virtus
876 1367 1022 1437 enim
1049 1375 1139 1418 tua
1152 1366 1386 1437 justitin
1403 1365 1614 1437 initium
1641 1362 1718 1419 est
1740 1380 1758 1419 :
1784 1373 1836 1420 et
1860 1365 1922 1419 ob
1943 1363 2042 1420 hoc
2060 1368 2199 1437 quod

601 1436 833 1507 omnium
858 1435 1115 1490 Dominus
1145 1451 1221 1502 es,
1249 1435 1485 1490 omnibus
1520 1445 1568 1490 te
1594 1451 1804 1505 parcere
1823 1437 1976 1507 facis.

681 1506 933 1561 Virtutem
964 1507 1101 1560 enim
1130 1507 1361 1561 ostendis
1390 1515 1465 1574 tu,
1501 1507 1592 1578 qui
1613 1523 1717 1578 non
1747 1507 1972 1562 crederis
2000 1525 2117 1564 esse
2142 1510 2197 1565 in

600 1578 789 1631 virtute
817 1587 1225 1646 consummatus,
1256 1587 1304 1632 et
1329 1577 1534 1647 horum,
1575 1577 1664 1645 qui
1691 1585 1738 1632 te
1762 1579 2014 1647 nesciunt,
2037 1581 2202 1635 auda-

602 1649 738 1702 ciam
769 1651 1018 1704 traducis.

675 1718 760 1774 Tu
783 1731 955 1774 autem
982 1719 1276 1774 dominator
1296 1719 1530 1786 virtutis,
1560 1734 1678 1774 cum
1707 1719 2094 1791 tranquillitate
2104 1726 2199 1791 ju-

605 1790 772 1857 dicas,
803 1799 852 1844 et
879 1807 998 1844 cum
1034 1807 1224 1862 magna
1266 1791 1806 1862 reverentia~disponis
1847 1790 1948 1846 nos
1976 1807 1996 1846 :
2026 1790 2200 1850 subest

606 1865 742 1934 enim
762 1861 875 1928 tibi,
906 1879 1024 1934 cum
1040 1861 1288 1928 volueris,
1314 1879 1491 1934 posse.

677 1931 918 1986 Docuisti
955 1941 1127 1987 autem
1157 1931 1406 2006 populum
1429 1943 1574 1987 tuum
1600 1948 1690 2005 per
1713 1933 1840 1986 talia
1865 1949 2045 2006 opera,
2071 1951 2203 2004 quo-

2287 1374 2381 1436 ,tcr
2417 1380 2508 1436 per
2541 1366 2849 1421 vacuitatem
2883 1383 3054 1431 suam,
3106 1375 3153 1419 et

2227 1757 2278 1820 B

2298 452 2482 497 nerunt
2501 444 2528 497 ?

2364 512 2610 582 Infelices
2639 523 2811 568 autem
2837 520 2992 585 sunt,
3024 522 3073 567 et
3099 513 3234 566 inter
3265 522 3499 567 mortuos
3538 530 3653 585 spes
3680 513 3870 570 illorum

2292 592 2388 650 est,
2420 585 2509 655 qui
2537 585 2925 656 appellaverunt
2959 584 3085 656 deos
3120 600 3274 656 opera
3303 584 3572 638 manuum
3607 587 3868 650 hominum,

2294 654 2480 709 aurum
2518 654 2579 710 et'
2598 665 2892 725 argentum,
2910 655 3049 725 artis
3067 654 3430 721 inventionem,
3462 665 3511 709 et
3529 656 3872 711 similitudines

2295 727 2624 798 animalium,
2647 724 2740 798 aut
2769 724 3002 798 lapidem
3024 725 3262 778 inutilem
3292 743 3420 798 opus
3443 743 3630 780 manus
3649 728 3870 798 antiqua.

2370 797 2472 850 Aut
2497 798 2542 851 si
2569 796 2684 866 quis
2712 797 2904 868 artifex
2925 796 3073 867 faber
3103 798 3168 850 de
3203 795 3338 850 silva
3367 795 3571 868 lignum
3593 795 3784 852 rectum
3809 817 3875 854 se-

2297 869 2484 936 cuerit,
2519 878 2566 923 et
2585 868 2742 937 hujus
2771 870 2920 920 docte
2952 868 3137 921 eradat
3177 883 3376 922 omnem
3406 870 3678 934 corticem,
3707 879 3756 923 et
3781 880 3876 924 arte

2297 956 2394 994 sua
2427 956 2581 1005 usus,
2613 938 2890 1009 diligenter
2927 938 3138 1009 fabricet
3167 953 3256 994 vas
3300 939 3426 993 utile
3461 939 3518 993 in
3555 943 3877 996 conversatio-

2298 1027 2414 1064 nem
2437 1011 2575 1078 vitw,

2337 1081 2628 1204 bliel‘iqut'is
2656 1087 2823 1136 autem
2845 1083 2957 1154 ejus
2987 1081 3179 1154 o‘peris,
3211 1082 3281 1137 ad
3307 1082 3740 1155 praeparationem
3767 1099 3878 1138 esca

2368 1169 2395 1204 ιι
2422 1169 2453 1204 a
2479 1170 2560 1204 ur.

2299 1160 2560 1208 abutatur.

2376 1222 2442 1276 Et
2487 1224 2742 1295 reliquum
2792 1224 2999 1291 horum,
3053 1223 3192 1295 quod
3228 1223 3308 1296 ad
3354 1224 3703 1296 nullos_usus
3742 1227 3877 1296 facit,

2301 1293 2500 1365 lignum
2527 1293 2761 1369 curvum,
2788 1306 2834 1350 et
2859 1293 3140 1349 vorticibus
3178 1295 3408 1369 plenum,
3444 1294 3649 1365 sculpat
3677 1293 3882 1369 diligen-

3227 1382 3282 1418 er
3309 1367 3579 1420 scientiam
3613 1382 3720 1421 sua:
3766 1367 3881 1422 artis

2302 1435 2489 1506 ﬁguret
2519 1436 2676 1503 illud,
2707 1447 2756 1493 et
2784 1437 3031 1492 assimilet
3060 1435 3198 1490 illud
3223 1438 3440 1507 imagini
3467 1437 3683 1490 hominis
3707 1455 3728 1493 :

2375 1507 2478 1579 Aut
2510 1508 2668 1562 alicui
2716 1524 2778 1563 ex
2803 1507 3114 1579 animalibus
3138 1507 3273 1560 illud
3299 1517 3576 1579 comparet,
3610 1508 3882 1579 perliniens

2303 1578 2531 1647 rubrica,
2567 1588 2614 1633 et
2642 1579 2984 1632 rubicundum
3011 1578 3208 1649 faciens
3237 1579 3358 1649 fuco
3386 1577 3619 1649 colorem
3639 1578 3804 1645 illius,
3834 1590 3879 1633 et

2304 1662 2508 1720 omnem
2538 1650 2816 1716 maculam,
2841 1665 2956 1718 qua:
2978 1647 3032 1703 in
3059 1647 3154 1702 illo
3186 1647 3283 1711 est,
3311 1648 3614 1720 perliniens.

2377 1718 2446 1772 Et
2485 1720 2650 1791 faciat
2676 1722 2723 1774 ei
2745 1720 2958 1789 dignam
2984 1718 3384 1788 habitationem,
3415 1729 3466 1775 et
3493 1721 3550 1774 in
3581 1720 3779 1791 pariete
3802 1737 3882 1790 po-

2302 1805 2429 1844 nens
2450 1789 2604 1857 iltud,
2637 1799 2684 1845 et
2713 1791 3026 1860 confirmans
3065 1791 3226 1859 ferro,

2377 1860 2464 1915 Ne
2487 1863 2623 1932 forte
2647 1861 2822 1929 cadat,
2865 1862 3182 1933 prospiciens
3210 1861 3310 1929 illi,
3343 1861 3508 1915 sciens
3533 1862 3776 1933 quoniam
3796 1878 3886 1915 non

2302 1941 2468 2015 potest
2497 1933 2747 2001 adjuvare
2767 1949 2820 1987 se
2843 1947 2862 1987 :
2886 1933 3059 2005 imago
3090 1933 3227 1988 enim
3251 1941 3349 1999 est,
3379 1940 3429 1985 et
3453 1949 3587 2006 opus
3611 1941 3686 1988 est
3705 1933 3782 1988 illi
3808 1935 3885 1986 ad-

601 2002 744 2055 niam
769 2013 968 2075 oportet
1007 2002 1237 2075 justum'
1257 2019 1366 2057 esse
1395 2012 1443 2058 et
1475 2002 1794 2075 humanum,
1823 2015 1872 2058 ct
1902 2005 2046 2059 bona:
2084 2002 2202 2074 spei
2293 2002 2574 2075 Iutorium.

606 2074 777 2147 fecisti
798 2074 935 2147 filios
961 2073 1094 2140 tuos,
1121 2079 1364 2146 quoniam
1377 2073 1629 2146 judicans
1672 2075 1769 2129 das
1799 2077 1970 2130 locum
1996 2077 2050 2130 in
2080 2073 2201 2147 pec-

608 2145 738 2198 catis
769 2146 1100 2215 pamitentiaz.

680 2215 744 2270 Si
762 2218 899 2268 enim
927 2217 1163 2271 inimicos
1183 2230 1448 2270 servorum
1472 2223 1700 2281 tuorum,
1732 2224 1779 2270 et
1800 2216 1998 2271 debitos
2024 2217 2198 2284 morti,

605 2302 722 2340 cum
749 2295 892 2340 tanta
916 2288 1162 2342 cruciasti
1191 2287 1493 2350 attentione,
1525 2286 1656 2340 dans
1678 2295 1878 2357 tempus
1905 2297 1953 2342 et
1981 2287 2153 2342 locum
2184 2330 2199 2357 ,

607 2372 836 2428 periqua:
863 2367 1068 2428 possent
1095 2358 1283 2412 mutari
1310 2373 1343 2409 a
1367 2357 1596 2425 malitia,

679 2426 808 2482 Cum
835 2426 1025 2498 quanta
1048 2429 1318 2498 diligentia
1356 2428 1610 2497 iudicasti
1640 2427 1778 2498 ﬁlios
1807 2438 1943 2495 tuos,
1985 2445 2204 2495 quorum

557 2528 562 2530 -
605 2499 902 2572 parentibus
928 2503 1235 2572 juramenta
1260 2507 1307 2553 et
1347 2501 1708 2554 conventiones
1733 2501 1923 2555 dedisti
1949 2499 2203 2555 bonarum

605 2571 1005 2640 promissionum
1019 2572 1044 2625 ?

678 2639 817 2712 Cum
834 2656 956 2712 ergo
987 2641 1082 2712 das
1109 2639 1258 2712 nobis
1308 2639 1645 2712 disciplinam
1671 2683 1686 2708 ,
1733 2639 1970 2695 inimicos
1999 2648 2204 2696 nostros

606 2709 968 2783 multipliciier
995 2709 1254 2783 ﬂagellas,
1304 2709 1686 2783 ut__bonitatem
1730 2717 1873 2763 tuam
1924 2715 2205 2782 cogitemus

595 2778 898 2853 judicantes
922 2795 939 2832 :
970 2790 1018 2832 et
1045 2778 1160 2833 cum
1191 2779 1258 2833 de
1281 2778 1427 2834 nobis
1441 2779 1742 2852 judicatur,
1763 2778 2028 2852 speremus
2053 2783 2206 2838 mise-

606 2851 889 2905 ricordiam
929 2858 1090 2904 tuam.

685 2920 834 2974 Unde
857 2928 903 2974 et
930 2921 1038 2993 illis
1066 2921 1152 2990 qui
1177 2920 1232 2975 in
1259 2921 1365 2993 vita
1383 2939 1477 2978 sua
1505 2923 1763 2978 insensate
1781 2931 1828 2978 et
1854 2923 2049 2993 injuste
2066 2926 2206 2981 vixe-

606 3000 750 3113 runt‘,
785 3007 874 3058 per
918 2991 1048 3061 haec,
1090 3007 1206 3061 quat
1237 2991 1510 3049 coluerunt
1539 3035 1554 3062 ,
1601 2993 1792 3048 dedisti
1842 2991 2045 3049 summa
2093 3007 2203 3051 tor-

608 3076 721 3113 men
749 3077 799 3113 a.

608 3076 721 3113 men
729 3076 799 3118 ια.

683 3130 891 3205 Etenim
921 3133 976 3186 in
1000 3134 1194 3189 erroris
1221 3134 1306 3188 via
1336 3133 1533 3191 diutius
1560 3144 1883 3204 erraverunt,
1914 3139 2036 3194 deos
2062 3140 2204 3194 atsti-
2230 3141 2277 3205 C

609 3211 809 3280 montes
839 3203 970 3280 haec,
1005 3219 1120 3273 qua
1152 3205 1208 3258 in
1232 3205 1545 3280 animalibus
1571 3215 1690 3261 sunt
1717 3203 2040 3278 supervacua
2062 3251 2080 3280 ,
2131 3212 2209 3265 in-

613 3273 836 3342 fantium
866 3275 1248 3328 insensatorum
1283 3291 1424 3330 more
1455 3277 1696 3330 viventes.

685 3343 910 3420 Propter
937 3348 1326 3420 hoc‘tamquam
1346 3348 1522 3414 pueris
1553 3348 1830 3402 insensatis
1852 3350 2113 3420 judicium
2150 3355 2206 3407 in

616 3413 844 3468 derisum
869 3414 1082 3470 dedisti.

688 3485 792 3550 Qui
818 3495 1004 3560 autem
1044 3485 1284 3560 ludibriis
1321 3496 1370 3560 et
1401 3487 1915 3560 interpretationibus
1945 3509 2050 3548 non
2089 3502 2209 3550 sunt

613 3557 1093 3630 cor_recti,idignum
1123 3556 1227 3612 Dei
1243 3559 1507 3630 judicium
1541 3556 1741 3630 experti
1767 3571 1916 3616 sunt.

686 3623 753 3678 In
779 3623 964 3704 quibus
1012 3629 1148 3704 enim
1196 3628 1448 3704 patientes
1475 3623 1912 3702 indignabantur,
1958 3650 2050 3704 per
2099 3635 2208 3690 haec

617 3711 742 3770 quos
764 3699 1012 3767 putabant
1040 3701 1186 3768 deos,
1230 3699 1286 3752 in
1311 3699 1438 3770 ipsis
1477 3699 1609 3754 cum—
1623 3699 2088 3760 exterminarentur
2133 3709 2209 3762 ri-

614 3768 808 3844 dentes,
841 3769 1014 3834 illum,
1066 3786 1218 3841 quem
1257 3768 1380 3824 olim
1415 3775 1669 3844 negabant
1710 3789 1767 3844 se
1793 3777 1994 3839 ;nosse,'
2033 3793 2209 3832 verum

617 3836 778 3918 Deum
807 3836 1130 3918 agnoverunt
1159 3857 1178 3894 :
1207 3850 1414 3918 propter
1438 3836 1579 3914 quod
1609 3853 1656 3898 et
1684 3843 1804 3913 ﬁnis
1835 3836 2210 3905 condemnatio-

616 3913 694 3961 nis
724 3925 898 3964 eorum
923 3913 1061 3966 venit
1088 3928 1242 3984 super
1261 3913 1404 3967 illos.

1222 4043 1450 4102 CAPUT
1477 4046 1617 4103 XIII.

688 4179 826 4256 Vani
853 4187 1030 4256 autem
1052 4190 1174 4256 sunt
1205 4197 1381 4256 omnes
1403 4181 1734 4256 homines,in
1761 4172 1949 4256 quibui
1968 4204 2072 4242 non
2098 4188 2210 4242 sub-

614 4260 686 4305 est
734 4252 950 4305 scientia
991 4251 1126 4306 Dei:
1156 4261 1205 4307 et
1234 4253 1298 4306 de
1327 4253 1442 4319 his,
1482 4269 1594 4323 qua:
1626 4251 1862 4311 videntur
1889 4258 2021 4312 bona
2044 4299 2059 4323 ,
2105 4275 2209 4312 non

618 4331 900 4401 potuerunt
927 4323 1216 4394 intelligere
1261 4339 1400 4401 eum,
1445 4325 1532 4393 qui
1561 4334 1658 4392 est,
1687 4343 1850 4401 neque
1877 4329 2112 4401 operibus
2139 4339 2212 4382 at-

625 4395 920 4468 tendentes,
948 4405 1268 4468 agnoverunt
1297 4395 1568 4468 quisesset
1597 4395 1805 4468 artifex.

685 4463 799 4520 Sed
836 4475 927 4519 aut
951 4463 1145 4538 ignem,
1181 4475 1270 4520 aut
1300 4466 1538 4538 spiritum
1563 4511 1577 4535 ,
1617 4463 1710 4522 aut
1745 4469 1961 4524 citatum
2004 4487 2198 4535 aerem,

611 4545 702 4620 aut
731 4552 917 4608 gyrum
941 4522 1236 4620 s't'etlaru‘rn,
1262 4522 1354 4590 au't
1382 4522 1600 4620 nimiam
1621 4522 1955 4610 aquantifaut
1973 4522 2200 4598 satirici
2229 4522 2283 4584 Ῑ)
2305 4522 2440 4620 είυῖξ

609 4607 810 4681 lunam,
841 4617 1062 4681 rectores
1094 4609 1232 4663 orbis
1257 4618 1509 4663 terrarum
1541 4607 1675 4664 deos
1695 4621 2021 4681 putaverunt.

689 4677 927 4743 Quorum
957 4679 1003 4733 si
1027 4681 1196 4751 specie
1215 4681 1454 4734 delectati
1471 4725 1484 4750 ,
1509 4681 1631 4735 deos
1660 4677 1965 4750 putaverunt
1993 4699 2013 4736 :
2043 4685 2208 4740 sciant

609 4758 805 4828 quanto
855 4751 934 4805 his
979 4751 1273 4828 dominator
1321 4766 1500 4828 corum
1545 4753 1826 4828 speciosior
1863 4763 1982 4811 est:
2021 4757 2210 4828 speciei

611 4819 745 4871 enim
769 4829 1044 4889 generator
1070 4823 1178 4877 hwc
1204 4823 1379 4876 omnia
1419 4819 1707 4878 constituit.

684 4894 788 4964 Aut
815 4894 858 4945 si
883 4894 1139 4964 virtutem,
1171 4904 1221 4946 et
1244 4909 1402 4964 opera
1434 4909 1610 4948 eorum
1642 4895 1816 4949 mirati
1841 4906 1983 4964 sunt,
2016 4898 2210 4954 intelli-

609 4959 795 5085 glqitant
840 4963 1048 5020 abillis
1073 5005 1090 5034 ,
1147 4959 1394 5036 quoniam
1440 4965 1527 5034 qui
1569 4964 1679 5022 hac
1721 4968 1870 5038 fecit,
1921 4959 2104 5040 fortior
2135 4982 2207 5025 εει

693 5051 736 5085 Io
1245 5049 1248 5052 ’

609 5047 736 5086 ιιιη.
1245 5049 1248 5052 ’

681 5104 726 5156 Λ
749 5106 1101 5184 magnitudine
1125 5108 1262 5184 enim
1287 5110 1478 5184 speciei
1492 5119 1553 5184 et
1573 5119 1827 5168 creatura:
1851 5113 2209 5184 cognoscibili-

609 5181 688 5228 ter
709 5178 895 5242 poterit
917 5188 1115 5232 creator
1142 5178 1328 5234 horum
1355 5178 1536 5236 videri.

680 5247 804 5325 Sed»
849 5256 1016 5303 tamen
1046 5250 1215 5304 adhuc
1255 5251 1310 5325 in
1361 5251 1442 5306 his
1472 5255 1642 5307 minor
1668 5263 1742 5309 est
1791 5256 2019 5325 querela.
2055 5255 2119 5310 Et
2150 5257 2206 5310 hi

608 5318 743 5401 enim
772 5319 994 5390 fortasse
1031 5331 1235 5390 errant,
1268 5323 1439 5378 Deum
1469 5336 1755 5396 quterentes
1789 5318 1839 5382 et
1878 5328 2102 5382 volentes
2130 5328 2206 5381 in-

607 5403 798 5444 ventre.

678 5457 890 5542 Etenim
913 5477 1030 5516 cum
1067 5462 1122 5517 in
1158 5465 1391 5542 aperibus
1432 5467 1582 5522 illius
1612 5476 1994 5542 conuersentur,
2030 5470 2204 5542 inqui-

819 5541 866 5584 et
902 5548 1204 5600 persuasum
1250 5537 1437 5592 habent
1473 5540 1718 5608 quoniam
1759 5540 1893 5596 bona
1933 5549 2054 5597 sunt
2092 5537 2204 5611 qua:

630 5615 639 5634 ⁹
700 5615 762 5649 ιη
789 5616 852 5649 Iﬂ'
885 5617 903 5649 .°

630 5615 852 5652 traentur
885 5617 903 5655 ἔ

678 5666 874 5749 iterum
901 5681 1076 5724 autem
1110 5690 1205 5727 nec
1235 5677 1314 5728 his
1353 5678 1498 5734 debet
1520 5682 1736 5749 ignosci.

680 5735 742 5791 Si
757 5739 894 5791 enim
916 5750 1117 5794 tantum
1149 5751 1424 5811 potuerunt
1450 5735 1606 5821 sciFe,
1622 5735 1690 5805 ut
1713 5764 1917 5821 possent
1945 5756 2203 5812 testimare

2377 2072 2446 2128 Et
2475 2075 2538 2128 de
2565 2074 2852 2128 substantia
2875 2091 2992 2141 sua,
3021 2081 3068 2128 et
3095 2072 3159 2127 de
3189 2072 3312 2141 filiis
3359 2074 3470 2128 suis
3490 2115 3506 2139 ,
3539 2082 3589 2129 et
3618 2073 3686 2127 de
3711 2075 3884 2145 nuptiis

2304 2153 2476 2198 votum
2506 2146 2702 2213 faciens
2724 2147 2961 2216 inquirit.
2997 2145 3122 2199 Non
3146 2144 3393 2200 erubescit
3424 2147 3568 2216 loqui
3596 2162 3716 2200 cum
3761 2144 3844 2199 illo
3867 2187 3880 2213 ,

2302 2216 2390 2285 qni
2424 2219 2535 2270 sine
2559 2217 2732 2270 anima
2761 2227 2854 2270 est.

2376 2285 2445 2339 Et
2477 2303 2572 2358 pro
2593 2288 2815 2341 sanitate
2842 2287 3046 2354 quidem
3077 2287 3338 2357 inﬁrmum
3367 2286 3709 2357 deprecatur,
3736 2295 3782 2341 et
3804 2303 3883 2358 pro

2304 2357 2410 2411 vita
2453 2357 2606 2430 rogat
2647 2367 2946 2428 mortuum,
2982 2369 3031 2412 et
3078 2359 3133 2412 in
3188 2358 3515 2430 adjutorium
3560 2359 3796 2414 inutilem
3819 2362 3886 2411 in-

2303 2437 2471 2484 vocat.

2379 2499 2446 2571 Et
2475 2516 2572 2570 pro
2597 2500 2779 2556 itinere
2808 2501 2931 2571 petit
2958 2500 3021 2555 ab
3047 2515 3127 2567 eo,
3159 2500 3248 2571 qui
3265 2499 3540 2571 ambulare
3564 2516 3670 2554 non
3708 2508 3876 2567 potest:

2304 2579 2353 2624 et
2383 2569 2446 2623 de
2478 2569 2817 2642 acquirendo,
2838 2580 2887 2627 et
2917 2573 2981 2626 de
3009 2569 3290 2640 operando,
3314 2581 3363 2625 et
3382 2570 3449 2625 de
3475 2571 3710 2625 omnium
3723 2586 3876 2627 rerum

2305 2650 2486 2696 eventu
2520 2643 2666 2714 ponit
2687 2643 2749 2698 ab
2779 2659 2860 2714 eo,
2885 2643 2974 2714 qui
3003 2643 3059 2697 in
3087 2643 3323 2698 omnibus
3348 2650 3425 2698 est
3455 2643 3685 2699 inutilis.

2897 2779 3128 2839 CAPUT
3149 2780 3294 2838 XIV.

2377 2917 2406 2972 I
2414 2927 2578 2972 terum
2607 2917 2743 2990 alius
2770 2917 3010 2990 navigare
3055 2917 3317 2988 cogitans,
3341 2926 3392 2972 et
3423 2933 3518 2990 per
3545 2917 3689 2990 feros
3716 2921 3884 2990 ﬂuctus

2305 2990 2403 3063 iter
2433 2992 2600 3058 facere
2624 2988 2899 3062 incipiens,
2926 2989 3066 3062 tigno
3077 2995 3319 3063 portante
3338 3003 3413 3055 se,
3439 2989 3694 3061 fragilius
3713 2988 3885 3062 lignum

2305 3061 2526 3115 invocat.

2383 3128 2532 3204 Illud
2553 3132 2688 3185 enim
2717 3131 2976 3204 cupiditas
3003 3129 3306 3204 acquirendi
3334 3130 3648 3203 excogitavit
3669 3175 3686 3202 ,
3713 3142 3760 3189 et
3783 3133 3887 3186 arti-

2309 3202 2675 3274 fex_sapientia
2709 3202 2989 3274 fabricavit
3007 3202 3121 3256 sua.

2380 3272 2496 3327 Tua
2524 3271 2718 3344 autem,
2749 3271 2929 3339 Pater,
2951 3272 3289 3328 Providentia
3319 3271 3574 3344 gubernat
3607 3290 3630 3330 :
3658 3275 3880 3342 quoniam

2310 3343 2498 3427 dedisti
2524 3353 2571 3398 et
2595 3343 2649 3398 in
2680 3344 2816 3400 mari
2835 3346 2995 3410 viain,
3013 3353 3062 3398 et
3083 3345 3220 3400 inter
3241 3343 3434 3416 ﬂuctus
3461 3347 3708 3402 semitam
3725 3347 3886 3417 firmis-

2309 3432 2515 3470 simam.

2382 3484 2586 3562 Et_[AI.
2623 3492 2732 3562 tcc.
2776 3485 2846 3559 et]
2895 3486 3168 3562 ostendens
3208 3488 3454 3562 quoniam
3509 3497 3699 3562 potens
3744 3503 3888 3562 eses

2311 3557 2546 3611 omnibus
2593 3557 2843 3626 salvare,
2885 3558 3040 3612 etiam
3088 3559 3134 3613 si
3174 3559 3287 3614 sine
3331 3569 3444 3613 arte
3499 3557 3698 3630 aliquis
3761 3558 3887 3612 adeat

2311 3644 2474 3682 mare.

2383 3698 2491 3774 Sed
2521 3708 2706 3774 utnon
2737 3707 2901 3774 essent
2922 3715 3081 3774 vacua
3107 3700 3374 3774 sapientia:
3397 3709 3502 3774 tua!
3517 3717 3686 3768 opera
3715 3718 3734 3756 :
3756 3722 3888 3774 prap-

2312 3777 2390 3823 ter
2412 3768 2508 3824 hoc
2537 3770 2693 3825 etiam
2717 3780 2765 3824 et
2812 3773 2998 3843 exiguo
3021 3772 3162 3840 ligno
3198 3772 3415 3843 credunt
3441 3771 3684 3828 homines
3713 3768 3887 3829 animos

2309 3856 2454 3907 suas,
2478 3851 2525 3893 et
2553 3851 2871 3896 trameuntes
2899 3842 3038 3896 mare
3070 3857 3159 3912 per
3183 3852 3345 3897 ratem
3371 3842 3577 3897 liberati
3600 3856 3724 3898 sunt
3750 3863 3768 3900 :

2385 3912 2493 3966 Sed
2521 3912 2585 3966 ab
2608 3913 2756 3967 initio
2779 3929 2896 3966 cum
2923 3913 3145 3985 perirent
3165 3912 3371 3984 superbi
3399 3913 3664 3984 gigantes.
3689 3933 3801 3983 spes
3827 3933 3889 3966 or-

2313 3982 2388 4036 bis
2428 3992 2680 4055 terrarum
2715 3986 2783 4037 ad
2810 3982 2974 4039 ratem
3003 3982 3326 4055 confugiens,
3370 3982 3569 4055 remisit
3615 3982 3802 4041 scacqu
3826 4002 3889 4039 se-

2311 4069 2427 4125 men
2451 4054 2756 4120 nativitatis,
2793 4070 2910 4125 quae
2936 4070 3095 4125 manu
3125 4053 3213 4108 tua
3239 4063 3349 4108 erat
3375 4053 3692 4125 gubernata.

2382 4123 2721 4198 Denedictum
2748 4123 2822 4178 est
2847 4125 2984 4179 enim
3012 4124 3356 4198 lignum,ipier
3377 4123 3528 4196 quod
3556 4126 3618 4194 ﬁt
3643 4129 3858 4198 justitia.

2385 4194 2492 4268 Per
2521 4211 2701 4249 manus
2731 4203 2901 4268 autem
2930 4197 3075 4268 quod
3109 4196 3167 4266 ﬁt
3199 4194 3432 4268 idolum,
3465 4194 3801 4268 maledictum
3827 4208 3886 4249 est

2312 4275 2361 4320 et
2381 4265 2653 4340 ipsum,“
2681 4267 2772 4337 qui
2798 4266 2920 4335 fecit
2943 4265 3077 4321 illud
3105 4265 3126 4321 ὲ
3158 4265 3645 4340 ᾳαὶαᾼὶιιεξᾳυίάετη
3673 4280 3887 4340 operatus

2313 4335 2428 4390 est:
2457 4337 2590 4391 illud
2629 4335 2804 4393 autem
2847 4353 2966 4392 cum
2994 4346 3123 4392 esset
3155 4337 3362 4412 fragile,
3394 4335 3540 4393 Deus
3570 4335 3887 4411 c0gnomina-

2312 4415 2394 4461 tus
2419 4415 2516 4461 est.

2385 4477 2645 4535 Similiter
2666 4487 2838 4534 autem
2879 4478 3001 4534 odio
3035 4489 3157 4534 sunt
3185 4478 3296 4535 Deo
3321 4478 3542 4551 impius,
3575 4491 3625 4536 et
3671 4481 3884 4554 impietas

2383 4619 2588 4676 Etenim
2611 4622 2756 4695 quod
2778 4625 2976 4694 factum
3003 4630 3099 4691 est,
3142 4637 3258 4676 cum
3283 4620 3376 4676 illo
3399 4665 3414 4690 ,
3446 4623 3542 4694 qui
3588 4625 3716 4695 fecit
3735 4665 3752 4692 ,
3796 4632 3886 4676 tor-

2308 4702 2484 4765 menta
2511 4694 2758 4765 patietur.

2387 4762 2607 4838 Propter
2628 4765 2724 4818 hoc
2749 4774 2796 4820 et
2816 4763 3053 4838 in_idoiis
3069 4765 3339 4838 nationum
3357 4779 3460 4817 non
3482 4765 3581 4819 erit
3610 4775 3884 4838 respectus:

2309 4835 2554 4904 quoniam
2583 4845 2836 4891 creatura:
2865 4835 2956 4906 Dei
2982 4835 3037 4888 in
3067 4836 3245 4890 odium
3273 4841 3426 4906 facta:
3447 4845 3591 4900 sunt,
3634 4835 3769 4891 et'in
3793 4848 3886 4906 ten-

2311 4907 2563 4977 tationem
2588 4908 2861 4962 animabus
2888 4905 3174 4972 hominum,
3202 4915 3250 4959 et
3275 4904 3342 4959 in
3369 4906 3726 4977 muscipulam
3760 4904 3887 4976 pedi-

2314 4976 2415 5050 bns_
2436 4978 2815 5050 insipientium.
2928 5049 2934 5050 γ
3032 5049 3040 5050 ί
3121 5047 3131 5050 ξ
3339 5005 3361 5040 s

2385 5046 2607 5103 Initium
2633 5050 2770 5121 enim
2794 5047 3160 5121 fornicationis
3183 5058 3260 5121 est
3287 5047 3568 5118 exquisitio
3598 5048 3884 5104 idolorum:

2309 5128 2358 5175 et
2389 5121 2688 5192 adinventio
2713 5119 2931 5175 illarum
2961 5120 3224 5192 corruptio
3260 5121 3376 5174 vitae
3402 5127 3501 5175 est.

2384 5191 2568 5262 Neque
2617 5192 2754 5245 enim
2794 5202 2942 5246 erant
2977 5191 3042 5246 ab
3087 5192 3259 5256 initio,
3310 5205 3476 5262 neque
3523 5200 3675 5247 erunt
3705 5191 3758 5245 in
3782 5204 3881 5260 per—

2346 5273 2547 5316 etuum.

2346 5279 2547 5316 etuum.

2308 5279 2343 5406 ὴ
2383 5333 2784 5406 Supervacuitas
2831 5333 2966 5406 enim
3009 5333 3276 5406 hominum
3298 5333 3698 5406 hwciadinvenit
3724 5333 3774 5384 in
3803 5345 3879 5382 or-

2310 5403 2421 5479 bem
2447 5403 2699 5479 terrarum
2724 5422 2742 5460 :
2773 5416 2818 5479 et
2835 5404 2952 5459 ideo
2975 5407 3137 5479 brevis
3166 5405 3378 5460 illorum
3396 5405 3518 5479 finis
3545 5416 3624 5479 est
3643 5406 3880 5479 inventus.

2377 5476 2572 5530 Acerba
2613 5478 2748 5530 enim
2776 5478 2915 5531 luctu
2958 5475 3138 5530 dolens
3171 5485 3342 5544 pater,
3371 5471 3477 5529 cito
3510 5477 3608 5530 sibi
3636 5474 3768 5541 rapti
3793 5471 3874 5539 ﬁlii

2305 5547 2426 5618 fecit
2455 5547 2729 5618 imaginem
2759 5557 2845 5601 :et
2869 5545 3042 5613 illum,
3074 5549 3160 5617 qui
3191 5557 3312 5618 tunc
3349 5548 3502 5615 quasi
3552 5547 3704 5600 Itonia
3752 5554 3872 5618 inor-

2305 5614 2424 5673 tuus
2472 5614 2641 5687 fuerat
2667 5661 2680 5684 ,
2733 5635 2867 5672 nunc
2916 5614 3172 5687 tamquam
3203 5614 3369 5672 Deum
3408 5618 3584 5672 colere
3637 5614 3798 5684 capit.
3833 5618 3874 5661 ει

2306 5688 2571 5765 con_sti_tuit
2607 5691 2740 5765 inter
2769 5705 2937 5765 servos
2966 5706 3085 5744 suos
3114 5705 3262 5744 sacra
3288 5699 3333 5742 et
3363 5689 3640 5765 sacriﬁcia.
3718 5757 3730 5765 _
3775 5755 3784 5765 .

2377 5758 2578 5816 Deinde
2604 5760 2968 5818 interveniente
3015 5770 3262 5832 tempore,
3291 5757 3671 5816 convalescente
3712 5757 3876 5823 iniqua
