3918 6192
557 178 668 236 415

1577 175 1638 233 S.
1679 169 2064 232 HIERONYMI
2099 168 2335 228 DIVINA
2372 165 2848 226 BIBLIOTIIECA.
3737 167 3817 231 ηδ

579 285 3815 318 __—_—_—_________—__—_____—_—._

2008 417 2445 502 INCIPIT

1083 595 1683 740 LIBER
1774 585 3328 741 ECCLESIASTICI.

1969 815 2006 844 ,κ

1085 925 1316 986 CAPUT
1352 928 1640 987 PRIMUM.

597 1038 608 1056 ’
639 1064 822 1120 Omnis
847 1063 1101 1134 sapientia
1145 1081 1178 1117 a
1207 1062 1434 1120 Domino
1473 1063 1585 1120 Deo
1606 1073 1705 1134 est,
1726 1072 1776 1120 et
1802 1080 1920 1120 cum
1944 1062 2038 1120 illo
2059 1066 2158 1137 fuit

565 1152 767 1218 semper
789 1144 836 1189 et
861 1144 934 1190 est
960 1144 1080 1216 ante
1106 1150 1309 1218 ωυυμη..
1482 1214 1490 1218 Δ
1720 1207 1751 1218 Π
1979 1209 2008 1218 ﬂ
2121 1207 2133 1218 .

634 1206 1060 1278 Arenammaris,
1086 1214 1140 1278 et
1169 1206 1355 1278 pluvia:
1380 1214 1573 1278 guttas,
1604 1217 1656 1261 et
1696 1207 1804 1263 dies
1833 1209 2008 1262 steculi
2044 1207 2158 1277 quis

564 1275 906 1348 dinumeravil
935 1278 959 1330 ?
989 1275 1331 1348 Altitudinem
1359 1275 1506 1343 (teli,
1541 1287 1588 1332 et
1619 1278 1946 1333 latitudinem
1971 1275 2156 1348 terim,

561 1359 608 1404 et
641 1347 956 1418 profundum
981 1347 1154 1418 abyssi
1172 1347 1287 1416 quis
1315 1348 1578 1402 dimensus
1603 1357 1678 1402 est
1707 1350 1732 1402 ?

635 1415 958 1491 Sapientiam
985 1415 1083 1491 Dei
1113 1415 1486 1484 prtecedentem
1517 1421 1689 1491 omnia
1715 1420 1831 1490 quis
1876 1421 2158 1491 investiga-

559 1490 627 1543 vit
651 1490 676 1543 ?
713 1489 865 1542 Prior
894 1488 1124 1560 omnium
1167 1499 1341 1544 creata
1369 1499 1445 1543 est
1473 1488 1748 1560 sapientia,
1775 1499 1822 1546 et
1866 1488 2158 1546 intellectus

561 1560 851 1627 prudentia:
872 1557 934 1612 ab
962 1574 1092 1613 areo.

637 1630 779 1684 Fons
809 1629 1079 1706 sapientia:
1099 1630 1307 1686 verbum
1339 1630 1438 1686 Dei
1467 1632 1521 1686 in
1543 1631 1784 1704 excelsis,
1813 1641 1860 1687 et
1890 1633 2155 1706 ingressus

561 1699 706 1756 illius
737 1700 984 1753 mandata
1013 1710 1229 1757 (eterna.

632 1771 808 1825 Radix
834 1771 1102 1837 sapientia:
1125 1774 1210 1828 cui
1247 1774 1473 1829 revelata
1509 1783 1582 1829 est
1610 1815 1626 1843 ,
1664 1783 1714 1829 et
1753 1777 1972 1830 astutias
2009 1775 2154 1831 illius

557 1845 672 1912 quis
698 1844 902 1912 agnovit
924 1844 949 1896 ἶ)

629 1910 927 1987 Disciplina
951 1913 1224 1987 sapientiae
1253 1916 1337 1969 cui
1355 1917 1578 1972 revelata
1603 1925 1700 1981 est,
1718 1926 1766 1970 et
1791 1917 2155 1987 manifestata?

559 1993 609 2039 et
634 1983 1111 2058 multiplicationem
1132 1987 1392 2058 ingressus
1423 1988 1564 2042 illius
1591 1989 1706 2058 quis
1745 1983 2045 2042 intellexit?

631 2053 778 2109 Unus
805 2063 880 2109 est
908 2053 1204 2131 altissimus
1217 2057 1428 2131 Creator
1459 2053 1805 2131 omnipotens,
1833 2068 1880 2113 et
1913 2060 2022 2114 Rex
2047 2077 2147 2131 po-

555 2134 690 2202 tens,
715 2136 761 2202 et
791 2125 1088 2202 metuendus
1110 2128 1283 2195 nimis,
1317 2128 1500 2184 sedens
1527 2125 1683 2202 super
1714 2125 1960 2184 thronum
2006 2125 2150 2185 illius

553 2204 602 2250 et
622 2195 896 2250 dominans
915 2196 1074 2251 Deus.

625 2263 749 2337 Ipse
767 2268 953 2340 creavit
983 2267 1129 2322 illam
1169 2268 1224 2323 in
1251 2268 1458 2340 Spiritu
1483 2279 1698 2339 sancto,
1744 2281 1795 2326 et
1822 2271 1970 2339 vidit,
2002 2283 2049 2327 et
2070 2273 2151 2327 di-

552 2339 860 2412 tiumeravit,
874 2349 937 2412 et
949 2355 1171 2412 mensus
1200 2339 1317 2412 est.’_

625 2407 691 2462 Et
719 2408 905 2478 eﬂ'udit
939 2410 1086 2463 illam
1123 2427 1280 2486 super
1311 2407 1500 2486 "omnia
1553 2429 1711 2486 Opera
1753 2430 1869 2480 sua,
1925 2424 1971 2468 et
1995 2431 2152 2485 super

551 2495 1014 2556 opinemucarnem
1054 2481 1335 2536 secundum
1383 2481 1755 2539 datum'suum
1785 2525 1801 2552 ,
1845 2494 1896 2540 et
1932 2481 2152 2556 prtebuit

549 2549 697 2604 illam
729 2551 1058 2606 diliaentibus
1078 2568 1150 2606 se.

622 2619 808 2674 Timor
827 2619 1045 2696 Domini
1064 2623 1253 2692 gloria,
1295 2633 1343 2678 et
1372 2624 1611 2696 gloriatio
1635 2664 1652 2692 ,
1681 2633 1731 2680 et
1761 2625 1963 2693 laztitia,
1991 2635 2038 2682 et
2065 2643 2152 2683 co-

550 2707 682 2746 rona
704 2691 1091 2746 exsultationis’.

622 2760 800 2838 Timor
838 2761 1065 2838 Domini
1093 2763 1364 2838 delectabit
1395 2782 1506 2833 cor,
1537 2775 1586 2822 et
1631 2765 1777 2822 dabit
1807 2767 2067 2838 laetitiam,
2100 2779 2148 2824 et

545 2833 821 2906 gau_dium,
837 2831 1302 2906 Aet_longitudinem
1331 2831 1558 2892 dierum.

627 2902 848 2978 Timenti
868 2902 1159 2978 Dominum
1193 2905 1317 2962 bene
1362 2909 1458 2963 erit
1491 2910 1547 2963 in
1576 2910 1846 2978 extremis,
1875 2919 1924 2968 et
1965 2911 2020 2967 in
2061 2911 2148 2967 die

551 2973 904 3044 defunctionis
935 2991 1048 3032 sua:
1071 2977 1418 3035 benedicetur.

630 3041 858 3118 Dilectio
885 3043 983 3100 Dei
1014 3048 1333 3104 honorabilis
1362 3050 1640 3118 sapientia.

626 3113 837 3195 Quibus_
850 3126 1025 3195 autem
1045 3123 1346 3195 apparuerit
1367 3113 1435 3195 in'
1448 3123 1585 3183 visu,
1598 3121 1822 3195 diligunt
1853 3140 1965 3181 eam
1992 3125 2046 3182 in
2069 3127 2148 3182 vi-
2165 3156 2184 3164 -

551 3185 713 3261 sione,
741 3195 796 3261 et
820 3187 872 3240 in
903 3185 1169 3260 agnitione
1196 3193 1516 3261 magnalium
1545 3185 1779 3248 suoru'm.

621 3254 842 3335 Initium
880 3254 1172 3330 sapientius,
1198 3254 1350 3317 timor
1397 3262 1633 3335 Domini,
1657 3275 1704 3320 et
1733 3282 1850 3320 cum
1904 3266 2145 3335 ﬁdelibus

548 3327 604 3382 in
631 3328 780 3409 vulva
799 3327 1214 3409 concreatu_s__est,
1237 3348 1354 3385 cum
1374 3333 1546 3409 electis
1569 3337 1777 3403 feminis
1805 3327 2072 3409 graditur,
2095 3348 2145 3394 et

548 3414 666 3472 cum
685 3402 846 3472 justis
875 3409 922 3454 et
953 3401 1193 3469 fidelibus
1221 3404 1540 3470 agnoscitur.

619 3469 800 3544 Timor
827 3472 1061 3544 Domini,
1083 3469 1316 3544 scientiae
1339 3473 1672 3544 religiositas.

624 3541 1262 3616 lietigiositascustodiet,
1291 3551 1342 3608 et
1361 3541 1672 3615 justi/icabit
1698 3547 2142 3616 cor,jucundita-

549 3619 664 3682 teni
669 3611 821 3680 atque
841 3611 1092 3682 gaudium
1116 3611 1281 3682 dabit.

621 3657 1305 3767 riaigﬁuf."p“a?i§iii{uie
1347 3684 1466 3753 erit,
1499 3657 1566 3766 et.
1583 3685 1639 3741 in
1668 3685 1850 3744 diebus
1893 3707 2134 3748 consum-
2165 3703 2212 3767 ο

547 3751 792 3805 motionis
818 3750 963 3806 illius
989 3751 1341 3809 benedicetur.

624 3819 1193 3903 Plenitudoosapientiw
1216 3835 1289 3881 est
1311 3826 1487 3882 timere
1511 3826 1698 3898 Deum,
1721 3840 1770 3887 et
1797 3831 2071 3903 plenitudo
2101 3853 2133 3890 a

549 3890 806 3961 fructibus
835 3890 1000 3946 illius.

623 3961 842 4048 omnem
861 3964 1069 4048 domum
1103 3965 1509 4048 illiusimplcbit
1545 3987 1578 4026 a
1621 3975 2056 4048 generationibus,
2083 3988 2134 4034 et

551 4032 877 4104 receptacula
904 4051 936 4087 a
962 4036 1213 4092 thesauris
1239 4032 1404 4095 illius.

618 4101 821 4191 parma
848 4106 1117 4191 sapientia:
1157 4109 1308 4165 timor
1357 4109 1598 4181 Domini,
1636 4116 1838 4187 replens
1868 4136 2046 4191 pacem
2087 4129 2134 4176 et

547 4174 735 4229 salutis
762 4175 1010 4244 fructum.

549 4260 583 4370 *l
619 4244 690 4300 Et
712 4246 882 4370 gidit,
905 4257 954 4304 et
983 4249 1330 4309 dinumeravit
1367 4269 1480 4308 eam
1514 4271 1531 4307 :
1561 4266 1778 4327 utraque
1814 4268 1985 4316 autem
2014 4272 2135 4318 sunt

549 4334 685 4370 tona
760 4335 827 4370 ei.

548 4334 580 4371 α
586 4334 685 4371 ona
712 4334 804 4372 uet
812 4359 827 4373 .

620 4389 928 4470 scientiam,
958 4401 1009 4470 et_
1049 4393 1366 4470 intellectum
1390 4396 1687 4470 prudentia:
1715 4401 1972 4470 sapientia
2003 4421 2136 4460 com-

547 4461 802 4536 par_tiet_ur
832 4476 852 4516 :
879 4473 944 4517 et
955 4464 1177 4536 gloriam
1208 4461 1488 4520 tenentium
1515 4485 1569 4522 se
1597 4461 1849 4530 exaltalJ

548 4530 554 4531 “
620 4530 798 4585 Radix
843 4530 1110 4606 sapientia:
1155 4547 1226 4591 est
1257 4539 1433 4593 timere
1463 4536 1748 4595 Dominum
1773 4557 1795 4598 :
1817 4553 1865 4598 et
1909 4546 2041 4600 rami
2067 4546 2134 4600 il-

545 4601 649 4656 lius
676 4602 913 4656 lonatevi.

569 4618 649 4656 ειη
676 4618 913 4659 ιοηαωυτ.

616 4672 684 4749 In
729 4672 988 4732 thesauris
1017 4678 1288 4749 sapientia:
1316 4679 1626 4746 intellectus,
1653 4691 1701 4736 et
1743 4685 1972 4743 scientia:
2011 4688 2134 4742 reli-

546 4743 762 4827 giqgitas
795 4761 815 4800 :
833 4743 1117 4827 exsecratio
1142 4760 1314 4827 autem
1333 4743 1683 4823 peccatoribus
1709 4757 1988 4827 sapientia.

618 4813 795 4894 Timor
827 4816 1036 4894 Domini
1050 4819 1270 4894 expellit
1299 4813 1593 4894 pacatum.

591 4883 760 4970 Ngm
779 4890 869 4970 qui
887 4890 1008 4970 sine
1022 4883 1208 4970 timore
1224 4883 1450 4970 esth‘on
1470 4895 1659 4970 poterit
1678 4899 1966 4970 justiﬁcari
1987 4917 2005 4957 :
2026 4903 2135 4958 ira-

542 4959 736 5028 cundia
760 4959 898 5013 enim
917 4960 1272 5018 animositatis
1302 4965 1448 5019 illius
1470 4959 1740 5025 subvei'sio
1764 4959 1908 5026 illius
1937 4984 2034 5028 est.

615 5026 790 5114 lisque
901 5041 1103 5114 tempus
1131 5034 1404 5092 sustinebit
1427 5038 1648 5109 patiens,
1674 5051 1724 5096 et
1748 5050 1929 5114 postea
1952 5026 2130 5100 reddi-

541 5099 614 5152 tio
641 5099 1001 5157 iucmiditatis.

657 5185 787 5256 onus
807 5186 988 5256 sensus
1008 5190 1170 5248 usque
1187 5177 1242 5231 in
1266 5186 1468 5256 tempus
1485 5181 1762 5239 abscondet
1782 5185 1933 5240 verba
1952 5186 2118 5256 illius,

543 5249 591 5295 et
613 5241 751 5310 labia
778 5243 1053 5299 multorum
1077 5241 1390 5304 enarrabunt
1409 5267 1619 5307 sensum
1639 5256 1808 5310 illius.

611 5309 682 5395 lnn
708 5309 964 5395 thesauris
987 5317 1256 5387 sapientia:
1275 5320 1586 5395 signiﬁcatio
1615 5309 1908 5395 disciplima
1937 5343 1956 5382 :

611 5379 922 5462 ἕψοι-αιὶο
952 5379 1123 5462 autem
1146 5379 1428 5462 peccatori,
1445 5393 1651 5451 cultura
1680 5379 1802 5452 ait.

612 5449 1112 5541 Fili-concupiscens
1137 5449 1467 5541 sapientiam,
1495 5449 2049 5541 conserva'fustitiam,
2077 5481 2129 5527 et

545 5518 685 5592 Deus
706 5518 947 5592 prabebit
972 5526 1119 5580 illam
1144 5518 1235 5582 tibi
1257 5548 1277 5584 :

615 5589 1126 5686 enimet
1149 5599 1428 5686 disciplina
1458 5605 1612 5662 timor
1632 5606 1852 5666 Domini
1879 5628 1898 5668 :
1924 5615 2131 5686 etquod

542 5655 920 5728 beneplacitum
947 5673 1018 5719 est
1041 5666 1122 5723 illi
1151 5683 1170 5724 ε

2184 931 2236 991 Α
2339 926 2501 982 Fides
2527 935 2576 980 et
2600 926 2964 992 mansuetudo,
2993 935 3040 981 et
3067 925 3368 996 adimplebit
3398 925 3660 983 thesauros
3683 929 3818 985 illius.

2337 1000 2422 1053 Ne
2449 1000 2520 1053 sis
2557 999 2880 1053 incredibilis
2927 999 3101 1053 timori
3127 999 3363 1068 Domini,
3394 1009 3440 1053 et
3472 1016 3535 1052 ne
3581 1004 3821 1056 accesseris

2261 1069 2332 1124 ad
2354 1070 2505 1140 illum
2533 1069 2733 1140 duplici
2757 1069 2934 1124 corde.

2338 1139 2424 1195 Ne
2456 1143 2619 1209 fueris
2649 1142 2918 1212 hypocrita
2947 1142 3003 1195 in
3044 1151 3321 1208 conspectu
3363 1139 3651 1212 hominum,
3673 1152 3715 1198 et
3738 1160 3817 1199 non

2261 1211 2627 1267 scandalizet-is
2657 1211 2884 1266 in’labiis
2908 1212 3032 1266 tuis.

2333 1282 2552 1356 Attende
2598 1283 2653 1336 in
2687 1283 2833 1356 illis,
2859 1298 2924 1336 ne
2956 1284 3091 1356 forte
3121 1284 3302 1350 cadas,
3323 1292 3374 1339 et
3403 1283 3634 1340 adducas
3659 1287 3818 1342 animis

2267 1363 2369 1408 tua:
2396 1353 2870 1408 inltonorationem.

2339 1423 2611 1501 Et__revelet
2645 1422 2789 1480 Deus
2835 1423 3086 1480 absconsa
3110 1434 3226 1494 tua,
3253 1434 3303 1482 et
3328 1427 3386 1482 in
3407 1428 3573 1484 medio
3604 1428 3812 1501 Synago-

2295 1511 2341 1550 te
2369 1496 2526 1550 elidat
2557 1506 2627 1550 te.

2295 1513 2341 1550 az
2369 1513 2526 1550 ettaat
2557 1513 2627 1550 te.

2260 1513 2291 1567 g
2336 1567 2596 1639 Quoniam
2645 1567 2906 1639 occessisti
2954 1568 3183 1639 maligne
3218 1569 3288 1624 ad
3326 1567 3626 1639 Dominum,
3669 1579 3713 1625 et
3748 1587 3824 1626 cor

2257 1646 2406 1692 tuum
2436 1638 2644 1708 plenum
2666 1648 2740 1694 est
2759 1638 2884 1694 dolo
2907 1650 2953 1694 et
2982 1638 3218 1710 fallacia.

2897 1778 3126 1837 CAPUT
3163 1779 3230 1836 Il.

2326 1887 2440 1946 Fili
2469 1892 2715 1947 accedens
2754 1893 2824 1947 ad
2858 1894 3154 1970 servitutem
3193 1893 3420 1970 Dei,‘sta
3463 1896 3519 1951 in
3538 1896 3756 1970 justitta,
3780 1906 3819 1951 et

2261 1961 2464 2033 timore,
2488 1975 2535 2017 et
2569 1980 2811 2033 prwpara
2837 1965 3066 2019 animum
3097 1975 3238 2020 tuam
3259 1967 3328 2021 ad
3351 1961 3701 2022 tentationem.

2327 2032 2571 2102 Deprime
2599 2032 2688 2088 cor
2710 2046 2873 2104 tuum,
2899 2045 2948 2090 et
2975 2039 3172 2091 sustine
3199 2053 3218 2092 :
3249 2038 3444 2092 inclina
3482 2056 3657 2093 aurem
3681 2049 3817 2103 luam,

2254 2111 2308 2182 et_
2335 2106 2557 2182 suscipe
2570 2105 2723 2160 verba
2753 2106 3042 2163 intellectus
3069 2117 3156 2163 :et
3186 2124 3250 2164 ne
3282 2112 3497 2182 festines
3537 2110 3590 2164 in
3617 2118 3818 2182 tempore

2258 2171 2605 2231 obductionis.

2328 2244 2545 2300 Sustine
2573 2249 3101 2324 sustentationesDei
3122 2266 3149 2324 :7
3165 2253 3482 2324 conjungere
3505 2250 3640 2320 Deo,
3665 2261 3707 2307 et
3725 2267 3819 2306 sus~

2181 2321 2229 2382 B
2256 2315 2384 2378 line,
2413 2328 2470 2372 ut
2503 2329 2703 2374 crescat
2725 2321 2779 2374 in
2809 2321 3084 2376 novissimo
3106 2323 3208 2376 vita
3237 2315 3350 2377 (ua.

2331 2387 2496 2444 Omne
2522 2391 2668 2466 quod
2705 2390 3140 2466 tibiapplicitum
3177 2394 3358 2465 fuerit,
3384 2395 3581 2466 accipe,
3606 2402 3656 2466 et
3679 2393 3727 2447 in
3742 2392 3818 2447 do-

2256 2460 2366 2515 lore
2403 2462 2623 2529 sustine,
2644 2469 2692 2516 et
2722 2463 2776 2515 in
2797 2460 3085 2518 humilitate
3111 2460 3200 2520 tua
3227 2460 3531 2531 patientiam
3553 2465 3699 2518 habe.

2329 2531 2592 2598 Quoniam
2613 2533 2671 2586 in
2715 2533 2836 2606 igne
2861 2533 3108 2606 probatur
3126 2551 3314 2589 aurum
3344 2545 3393 2590 et
3417 2546 3713 2606 argentum,
3739 2536 3818 2589 ho-

2253 2602 2416 2672 mines
2437 2619 2552 2657 vero
2574 2602 2890 2672 receptibiles
2917 2605 2970 2657 in
2990 2607 3190 2660 camino
3218 2602 3614 2660 humiliationis.

2323 2671 2486 2728 Crede
2508 2673 2644 2750 Deo,
2673 2671 2724 2728 et
2751 2676 3074 2750 recuperabit
3097 2687 3146 2730 te
3186 2691 3207 2731 :
3233 2687 3280 2750 et
3303 2678 3473 2750 dirige
3496 2677 3634 2731 viam
3673 2687 3814 2750 tuam,

2252 2750 2299 2797 et
2327 2760 2478 2815 spera
2501 2745 2556 2799 in
2581 2743 2753 2800 illum.
2783 2743 2947 2801 Serva
2987 2747 3224 2802 timorem
3253 2743 3431 2815 illius:
3450 2757 3501 2803 et
3535 2750 3589 2803 in
3633 2749 3719 2803 illo
3741 2765 3813 2801 ve-

2254 2822 2474 2870 terasce.

2323 2883 2609 2941 Metuentes
2647 2885 2934 2958 Dominum
2976 2888 3220 2944 sustinete
3255 2889 3671 2946 misericordiam
3696 2889 3814 2958 eius,

2251 2963 2299 3008 et
2321 2973 2423 3028 non
2454 2958 2738 3028 deflectatis
2758 2959 2821 3012 ab
2846 2957 2964 3025 illo,
2994 2976 3059 3014 ne
3088 2961 3306 3016 cadatis.

2326 3027 2431 3093 Qui
2465 3027 2655 3084 timetis
2694 3027 3001 3099 Dominum,
3029 3030 3224 3086 credite
3257 3031 3339 3086 illi
3365 3048 3384 3087 :
3408 3041 3459 3088 et
3487 3049 3594 3088 non
3629 3047 3820 3089 evacua-

2251 3096 2390 3152 bitur
2413 3114 2604 3154 merces
2633 3111 2823 3155 vestra.

2323 3169 2427 3246 Qui
2460 3171 2646 3246 timetis
2667 3170 2966 3246 Dominum,
2997 3182 3200 3246 sperate
3223 3172 3279 3228 in
3303 3174 3454 3231 illum
3482 3189 3503 3231 :
3523 3183 3572 3230 et
3595 3176 3653 3232 in
3672 3176 3820 3232 oblec-

2249 3240 2497 3294 tationem
2520 3241 2682 3296 veniet
2711 3242 2853 3296 vobis
2870 3240 3245 3300 misericordia.

2325 3312 2426 3375 Qui
2465 3312 2652 3389 timetis
2700 3312 2978 3369 Dominum
3022 3315 3226 3389 diligite
3266 3315 3444 3386 illum,
3477 3326 3525 3374 et
3572 3317 3820 3374 illumina-

2247 3381 2438 3435 buntur
2458 3385 2617 3437 corda
2638 3395 2826 3439 vestra.

2317 3450 2598 3530 liespicite,
2631 3455 2752 3530 filii,
2783 3456 3017 3530 nationes
3047 3457 3314 3513 hominum
3347 3475 3368 3514 :
3402 3470 3452 3516 et
3479 3463 3690 3529 scitote,
3714 3458 3820 3530 quia

2247 3523 2419 3596 nullus
2444 3523 2668 3595 speravit
2693 3526 2747 3580 in
2776 3525 3022 3594 Domino,
3053 3537 3101 3583 et
3123 3533 3370 3596 confusus
3390 3541 3486 3587 est.

2319 3594 2447 3669 Quis
2473 3594 2610 3669 enim
2642 3599 2923 3668 permansit
2950 3599 3007 3653 in
3043 3594 3304 3655 mandatis
3325 3603 3466 3669 eiusr
3485 3613 3537 3658 et
3565 3601 3818 3658 derelictus

2245 3675 2316 3719 est
2331 3667 2464 3744 {aut
2484 3667 2608 3744 quis
2637 3669 3059 3744 invocaviteum,
3089 3679 3136 3725 et
3160 3667 3394 3744 despexit
3421 3673 3576 3729 illum
3594 3677 3620 3730 ἵ

2322 3735 2595 3816 Quoniam
2624 3739 2742 3816 pius
2770 3749 2819 3793 et
2840 3735 3130 3796 misericors
3163 3735 3427 3816 est'Deus,
3452 3755 3500 3801 et
3529 3747 3746 3802 remittet
3771 3743 3818 3796 in

2239 3806 2328 3884 die
2365 3806 2713 3884 tribulationis
2755 3821 2962 3884 peccata
2987 3828 3007 3867 :
3034 3822 3082 3867 ct
3105 3821 3362 3884 protector
3385 3806 3459 3872 est
3479 3818 3716 3873 omnibus
3737 3830 3816 3868 es.

2236 3878 2555 3948 quirentibus
2580 3896 2635 3934 se
2659 3882 2712 3934 in
2741 3883 2972 3937 veritate.

2325 3947 2410 4026 Va:
2434 3950 2633 4026 duplici
2652 3954 2829 4019 corde,
2859 3963 2906 4009 et
2935 3953 3088 4026 labiis
3113 3955 3362 4026 scelestis,
3392 3967 3438 4013 et
3462 3963 3704 4016 manibus
3723 3973 3821 4016 ma-

2236 4019 2612 4097 lefacientibus,
2627 4032 2677 4097 et
2691 4025 2947 4097 peccatori
2958 4034 3149 4080 terram
3167 4019 3472 4097 ingredienti
3498 4033 3698 4088 duabus
3711 4033 3815 4088 viis.

2315 4090 2409 4146 Va:
2437 4090 2705 4148 dissolutis
2733 4095 2906 4163 corde,
2930 4098 3020 4167 qui
3053 4115 3157 4153 non
3184 4090 3398 4155 credunt
3445 4100 3563 4160 Deo
3591 4121 3611 4160 :
3635 4115 3683 4160 et
3713 4104 3816 4158 ideo

2239 4176 2356 4234 non
2369 4173 2699 4234 protegentur
2724 4167 2789 4220 ab
2819 4169 2928 4222 eo."

2318 4232 2408 4288 Vie
2434 4232 2621 4318 Itis—qui
2653 4237 2992 4318 perdiderunt
3025 4241 3406 4318 sustinentium,
3437 4251 3489 4298 et
3518 4248 3611 4318 qui
3640 4244 3818 4301 derelio

2237 4315 2459 4379 que_rnnt
2483 4307 2596 4379 vias
2622 4317 2808 4379 rectas,
2833 4317 2882 4362 et
2912 4310 3232 4366 diverterunt
3259 4313 3311 4368 in
3333 4307 3443 4369 vias
3467 4307 3686 4379 pr'avas.

2311 4373 2380 4456 Et
2401 4377 2528 4456 quid
2557 4379 2771 4456 facie_nt,
2795 4373 2920 4456 eum
2940 4381 3193 4454 inspicere
3221 4386 3425 4456 creperit
3455 4373 3756 4442 Dominus?

2311 4444 2416 4511 Qui
2451 4444 2629 4503 timent
2666 4448 2967 4517 Dominum,
2994 4444 3099 4507 n'on
3143 4444 3655 4514 erunt'incredibiles
3683 4457 3823 4512 verbo

2237 4514 2380 4593 illius
2400 4533 2426 4593 _:
2449 4529 2495 4593 et
2515 4520 2607 4589 qui
2635 4520 2864 4593 diligunt
2893 4514 3068 4588 illum,
3101 4528 3471 4587 conservabunt
3498 4531 3641 4584 viam
3661 4529 3817 4584 illius.

2311 4588 2430 4669 Qui.
2454 4588 2633 4644 timent
2671 4588 2987 4669 Dominum,
3029 4594 3302 4669 inquirentg
3331 4613 3451 4668 qua:
3502 4599 3821 4669 beneplacita

2235 4667 2355 4743 sunt
2383 4659 2480 4743 ei;
2512 4669 2560 4714 et
2594 4663 2685 4743 qui
2709 4663 2934 4743 diligunt
2973 4659 3113 4730 eum,
3141 4659 3478 4743 replebtintur
3508 4672 3622 4743 lege
3636 4659 3820 4743 'ipsius.

2311 4729 2411 4795 Qui
2431 4729 2619 4809 timent;
2638 4729 2943 4809 Dominum,
2970 4729 3330 4809 prtepara'buut
3351 4739 3514 4794 corda
3545 4729 3680 4809 s'ua}
3705 4751 3753 4796 et
3775 4741 3822 4791 in

2237 4810 2511 4875 conspectu
2539 4802 2687 4875 illius
2706 4802 3103 4875 sanctiﬁca'bun't
3132 4810 3333 4865 animas
3353 4826 3498 4864 suas.

2311 4869 2414 4948 Qui
2441 4873 2620 4948 timent
2645 4869 2952 4948 Dominum,
2983 4878 3281 4934 custodiunt
3309 4881 3567 4936 mandata
3587 4882 3755 4948 illius,
3782 4889 3824 4936 et

2235 4942 2539 5023 patientiam
2565 4942 2820 5023 habebunt
2847 4942 3011 5023 usque
3033 4949 3104 5004 ad
3128 4951 3494 5023 inspectione»:
3516 4953 3688 5008 illius.

2307 5011 2568 5095 Dicentes
2581 5029 2598 5068 :
2630 5017 2693 5095 Si
2722 5011 3073 5095 paenitentiam
3100 5011 3508 5095 non'egerimus,
3534 5023 3815 5081 incidemus

2149 5092 2206 5154 ι)
2237 5083 2291 5138 in
2318 5100 2501 5154 manus
2523 5083 2758 5152 Domini,
2779 5096 2828 5142 et
2855 5105 2958 5144 non
2977 5091 3034 5154 in
3063 5083 3570 5151 manus'hominuin.

2303 5153 2602 5236 Secundum
2627 5153 3197 5236 enimmagnitudinem
3223 5164 3408 5236 ipsius,
3440 5166 3517 5222 sic
3549 5175 3598 5223 et
3630 5163 3822 5220 miseri-

2235 5225 2413 5282 cordia
2437 5227 2584 5285 illius
2612 5245 2728 5285 cum
2757 5225 2998 5302 ipso'cst.

2796 5385 2807 5395 '
2839 5367 3068 5428 CAPUT
3112 5373 3200 5430 111.

2303 5474 2436 5559 Filii
2454 5480 2743 5559 sapientia,
2770 5484 2984 5559 ecclesia
3000 5489 3268 5559 justorum
3301 5506 3322 5545 :
3342 5498 3392 5545 et
3418 5491 3573 5547 natio
3598 5493 3818 5556 illorum,

2232 5547 2528 5605 obedientia'
2540 5560 2587 5605 et
2607 5547 2836 5609 dilectio.

2230 5618 2569 5748 “(iudiciuin
2609 5625 2772 5696 patris
2808 5628 3006 5700 audite,
3035 5628 3173 5699 ﬁlii;
3202 5640 3252 5686 et
3291 5631 3367 5688 sic
3403 5633 3592 5708 facite,
3622 5643 3680 5691 ut
3706 5630 3823 5689 δαιτί
