3918 6192
0 188 7 235 ’Ἴ
104 212 220 285 ιεδ

20 348 29 441 ὲ

28 1162 37 1189 l

20 1660 23 1713 ἱ

20 1724 23 1769 l

1398 212 1603 275 LIBER
1642 212 2175 279 ECCLESIASTICI.

3313 228 3422 288 ηδ

196 334 325 388 Deus
367 332 507 389 enim
549 330 831 387 honoravit
866 340 1054 405 patrem
1079 328 1132 385 in
1172 327 1298 399 ﬁliis
1326 342 1345 385 :
1375 338 1425 384 et
1450 331 1708 401 iudicium
1736 336 1788 397 Α
1889 332 1991 386 Cor
2010 333 2182 404 inopis
2206 349 2270 389 ne
2297 328 2575 405 afﬁixeris,
2603 339 2650 389 el
2671 348 2773 389 non
2810 335 3087 405 protrahas
3116 337 3295 394 datum
3317 360 3413 397 an-

128 406 300 465 matris
321 407 613 473 exquirens,
645 401 877 474 ﬁrmavit
900 406 949 455 in
976 401 1132 471 ﬁlios.

206 477 295 542 Qui
323 478 490 546 diligit
522 473 717 539 Deum,
744 474 971 528 exorabit
990 488 1085 545 pro
1123 473 1380 546 peccatis,
1406 482 1453 525 et
1475 473 1709 528 contine-

36 560 43 591 ⁵
143 551 204 604 bit
229 564 275 600 se
298 548 363 601 ab
390 545 516 611 illis,
548 556 595 599 et
633 549 689 599 in
714 551 944 600 oratione
970 546 1173 597 dierum
1194 545 1523 601 exaudietur.

200 617 261 671 Et
296 619 428 671 sicut
465 618 556 687 qui
592 617 932 683 thesaurizat,
957 616 1033 669 ita
1056 624 1104 669 et
1134 616 1222 685 qui
1251 616 1564 684 honoriﬁcat
1590 631 1707 669 ma-

142 702 247 746 trem
271 704 441 743 suam.

198 760 284 826 Qui
309 760 532 813 honorat
561 770 763 830 patrem
794 775 963 823 suunt,
982 757 1359 826 jucundabitur
1385 758 1439 812 in
1466 756 1593 825 ﬁliis
1617 775 1635 811 :
1660 767 1708 811 et

142 834 181 886 in
207 832 277 883 die
306 832 561 885 orationis
591 847 703 886 sua
730 832 1053 885 exaudietur.

195 902 283 967 Qui
321 902 546 955 honorat

141 976 217 1045 qui
233 973 399 1026 obedit
428 974 589 1041 patri,
608 972 942 1043 refrigerabit
974 981 1211 1025 matrem.

191 1044 279 1110 Qui
306 1046 447 1097 timet
476 1045 780 1110 Dominum,
814 1045 1029 1097 honorat
1062 1052 1323 1111 parentes,
1355 1052 1402 1097 et
1428 1044 1580 1112 quasi
1605 1044 1703 1096 do-

138 1116 259 1187 minis
291 1116 475 1170 serviet
505 1115 587 1169 his
616 1116 703 1185 qui
728 1132 780 1168 se
803 1125 1114 1187 genuerunt.

138 1269 237 1311 trem
264 1265 435 1324 tuum,

189 1328 251 1383 Ut
296 1331 624 1399 superveniat
654 1329 743 1383 tibi
785 1328 1069 1383 benedictio
1109 1329 1175 1383 ab
1204 1344 1285 1394 eo,
1320 1337 1367 1382 et
1411 1328 1700 1384 benedictio

134 1400 248 1454 illius
267 1401 323 1455 in
349 1402 628 1456 novissimo
654 1409 877 1454 maneat.

181 1471 476 1527 Benedictio
499 1472 660 1543 patris
693 1472 864 1541 ﬁrmat
889 1471 1071 1524 domos
1095 1470 1324 1540 ﬁliorum
1357 1487 1376 1526 :
1404 1471 1699 1526 maledictio

131 1552 274 1598 autem
300 1546 485 1599 matris
515 1544 741 1597 eradicat
771 1544 1131 1613 fundamenta.

185 1615 261 1669 Ne
285 1617 528 1688 glorieris
559 1617 611 1670 in
639 1614 957 1688 contumelia
988 1614 1151 1684 patris
1174 1614 1249 1667 tui
1279 1631 1299 1668 :
1329 1630 1434 1669 non
1458 1614 1593 1668 enim
1621 1621 1698 1669 est

131 1686 414 1761 tibigloria,
448 1691 563 1761 ejus
594 1686 853 1761 confusio.

180 1757 356 1812 Gloria
386 1756 522 1811 enim
550 1758 773 1812 hominis
808 1772 871 1811 ea:
908 1757 1105 1811 honore
1128 1756 1293 1828 patris
1331 1757 1434 1825 sui,
1461 1767 1512 1811 et
1541 1758 1696 1813 dede-

128 1844 195 1883 cus
222 1829 320 1897 filii
359 1840 505 1897 pater
530 1832 640 1885 sine
668 1828 884 1882 honore.

179 1901 304 1965 Fili,
330 1903 535 1972 suscipe
573 1910 829 1956 senectam
876 1900 1039 1967 patris
1071 1900 1170 1965 tui,
1201 1909 1248 1954 et
1288 1918 1392 1956 non
1425 1902 1695 1957 contristes

125 1987 217 2025 eum
247 1973 302 2025 ia
330 1974 435 2027 vita
456 1974 619 2027 illius.

606 913 801 973 patrem
844 918 1015 963 suum,
1050 901 1153 953 vita
1184 900 1314 955 vivet
1357 900 1589 972 longiore
1616 916 1635 954 :
1659 908 1705 954 et

190 1184 249 1239 In
283 1196 433 1256 opere
471 1197 520 1240 et
555 1184 817 1254 sermone,
842 1196 891 1240 et
916 1186 1055 1241 omni
1084 1186 1337 1257 patientia
1378 1185 1578 1242 honora
1607 1201 1703 1257 pa-

1725 1719 1773 1779 Β
1804 1754 1874 1809 tu

1855 416 2090 457 usttantt.

1940 422 1953 455 l
2076 442 2090 457 ο

1816 420 2586 551 ?uiio;’it‘t’ioitem_eontribulati
2614 495 2677 532 ne
2706 480 2923 551 abjieias
2953 495 2972 533 :
3000 488 3047 533 et
3079 496 3179 536 non
3209 493 3410 538 avertas

1810 544 1995 619 faciem
2025 558 2166 601 tuam
2192 548 2256 601 ab
2283 565 2457 619 egeno.

1881 617 1959 671 Ab
1986 620 2137 694 inope
2163 635 2226 673 ne
2253 617 2455 673 avertas
2479 619 2698 694 _oculos
2730 630 2845 675 tuos
2894 633 3104 694 propter
3155 623 3319 692 iram;
3354 635 3404 681 et

1808 692 2207 760 nonrelinquas
2236 690 2587 757 quterentibus
2612 691 2702 744 tibi
2728 703 2865 746 retro
2886 690 3215 749 maledicere.

1880 759 2236 814 Maledicentis
2281 763 2416 815 enim
2444 762 2536 815 tibi
2579 763 2631 814 in
2658 764 3000 817 amaritudine
3026 766 3214 820 animm
3238 784 3398 821 exau-

1806 830 1978 954 tllietur
2005 832 2299 897 deprecatio
2322 832 2467 887 illius
2490 848 2510 886 :
2538 835 2780 888 exaudiet
2802 844 2970 889 autem
2992 853 3127 904 eum,
3157 839 3247 907 qui
3269 840 3388 909 fecit

1806 917 1823 954 t
1869 917 1979 954 um.

1803 917 1979 957 tuum.

1878 972 2617 1049 congregatimtinpauperunt
2672 974 2937 1042 affabilem
2990 986 3037 1032 te
3096 980 3297 1049 facito.
3354 990 3403 1035 et

1804 1044 2100 1116 presbytero
2127 1044 2350 1099 humilia
2378 1044 2605 1100 animam
2641 1057 2803 1114 tuam,
2828 1058 2876 1102 et
2906 1044 3153 1121 magna'to
3178 1049 3400 1107 humilia

1805 1128 1958 1170 caput
1984 1126 2150 1170 tuum.

1869 1133 2337 1261 Ἠιέεῖῗηῖωῷωωὶ
2365 1190 2476 1243 sine
2500 1190 2710 1244 tristitia
2745 1206 2925 1244 aurem
2956 1200 3120 1261 tuam,
3163 1204 3211 1248 et
3242 1196 3399 1250 redde

1806 1254 2035 1380 :legitum
2061 1254 2237 1329 tuum,
2272 1273 2319 1315 et
2363 1262 2616 1331 responde
2663 1263 2743 1316 illi
2791 1263 3013 1332 paciﬁca
3058 1254 3117 1319 in
3159 1283 3403 1324 mansue-

1826 1343 1859 1380 u
1902 1345 2001 1380 me.

1803 1332 2001 1382 tudine.

1873 1398 2062 1454 Libera
2088 1417 2214 1483 eum
2238 1403 2327 1473 qui
2351 1404 2600 1483 injuriam
2626 1405 2822 1477 patitur
2852 1405 2917 1461 de
2945 1422 3103 1462 manu
3139 1411 3349 1483 superbi
3373 1428 3394 1469 :

1802 1478 1852 1524 et
1882 1488 1987 1545 non
2016 1473 2165 1545 aeide
2189 1478 2327 1545 feras
2350 1473 2410 1528 in
2428 1476 2605 1529 anima
2627 1473 2748 1530 tua.

1874 1540 1941 1595 In
1953 1540 2246 1627 judicando
2272 1554 2381 1599 esto
2410 1548 2624 1616 pupillis
2645 1548 2937 1604 misericors
2958 1560 3015 1605 ut
3036 1560 3204 1620 pater,
3227 1563 3276 1610 et
3296 1572 3390 1627 pro

1799 1612 1911 1665 viro
1935 1612 2086 1668 matri
2117 1617 2326 1669 illorum
2352 1633 2371 1669 :

1875 1682 1945 1737 Et
1968 1687 2069 1762 eris
2100 1696 2153 1739 tu
2182 1687 2316 1762 velut
2341 1688 2483 1755 ﬁlius
2510 1688 2767 1744 Altissimi
2798 1691 3059 1762 obediens,
3099 1703 3147 1749 et
3184 1701 3395 1755 misere-

1879 1772 1941 1829 ur
1971 1759 2046 1809 tui
2073 1758 2235 1829 magis
2262 1775 2418 1828 quam
2455 1770 2637 1813 mater.
2814 1764 2817 1767 ’

1874 1825 2149 1911 sapientia
2160 1825 2431 1911 ﬁliis-suis
2454 1832 2611 1911 vitam
2632 1832 2885 1911 inspirat,
2915 1844 2963 1888 et
2984 1837 3198 1907 suscipit
3217 1840 3393 1911 inqui-

1798 1908 1968 1972 rentes
1997 1916 2070 1972 se,
2103 1910 2153 1954 et
2180 1901 2379 1972 prteibit
2408 1902 2461 1954 in
2482 1903 2561 1954 via
2581 1904 2820 1972 justitite.

1872 1967 1949 2050 Et.
1963 1971 2051 2039 qui
2079 1967 2224 2024 illam
2249 1970 2442 2050 diligit,
2472 1967 2640 2050 diligit
2663 1975 2853 2050 vitam;
2882 1987 2929 2030 et
2949 1978 3037 2047 qui
3062 1979 3392 2050 vigilaverint

176 2042 241 2096 Et
266 2046 311 2097 si
338 2044 581 2113 defecerit
613 2061 789 2110 sensu,
817 2043 1018 2124 veniam
1045 2042 1138 2109 da,
1170 2052 1218 2124 _et
1248 2058 1312 2097 ne
1334 2060 1554 2124 spernas
1579 2059 1695 2124 eum
1798 2040 1867 2093 ad
1877 2038 2057 2124 illam,
2088 2038 2489 2124 complectantur
2517 2038 2776 2124 placarent
2803 2049 2937 2124 ejus.

128 2114 165 2167 itt
188 2117 370 2171 virtute
391 2126 482 2171 tua
498 2133 518 2171 :
536 2118 859 2187 eleemosyna
884 2116 1022 2170 enim
1042 2116 1208 2183 patris
1236 2130 1337 2168 non
1357 2116 1453 2169 erit
1477 2117 1531 2169 in
1564 2114 1697 2168 obli-

123 2202 313 2331 mlthiim
338 2276 435 2330 pro
464 2269 673 2331 peccato
701 2259 883 2313 matris
911 2256 1207 2331 restituetur
1228 2256 1319 2331 tibi
1345 2256 1557 2331 bonum.

174 2328 236 2381 Et
258 2332 310 2383 in
324 2327 536 2403 justitia
553 2332 902 2403 (ludiﬁcabitur
923 2329 1036 2403 tibi,
1063 2338 1110 2382 et
1138 2329 1191 2380 in
1224 2328 1312 2403 die
1340 2327 1692 2403 tribulationis

125 2398 581 2456 commeniorabitur
603 2398 679 2456 tui
702 2419 720 2457 :
741 2411 789 2458 et
820 2402 953 2455 sicut
972 2401 1027 2455 in
1054 2415 1233 2454 sereno
1254 2398 1469 2469 glacies,
1498 2400 1694 2454 solven-

124 2480 184 2524 nr
202 2483 405 2543 peccata
430 2484 539 2528 tua.

176 2540 335 2610 Quam
378 2545 532 2600 mala:
566 2546 721 2616 fama:
758 2552 851 2605 est,
886 2543 975 2614 qui
995 2540 1329 2616 .derelinquit
1370 2552 1567 2611 patrem
1598 2558 1617 2597 :
1642 2550 1691 2596 et

121 2612 215 2683 [AL
243 2625 346 2671 lac.
380 2616 449 2688 et]
476 2612 948 2671 est'maledietusa
982 2612 1112 2681 Deo,
1144 2616 1231 2683 qui
1254 2623 1524 2683 exasperat
1573 2630 1686 2667 ma-

122 2696 242 2739 ιηιη.

174 2755 301 2824 Fili,
328 2761 381 2813 in
415 2760 809 2816 mansuetudine
844 2773 1003 2827 opera
1054 2765 1144 2809 tua
1196 2756 1406 2826 perﬁce,
1435 2764 1485 2809 et
1528 2772 1687 2826 super

119 2826 360 2902 hominum
390 2834 610 2902 gloriam
635 2826 892 2898 diligeris.

177 2901 369 2965 Quanto
391 2899 616 2975 magnus
642 2920 715 2968 es,
746 2901 966 2955 humilia
996 2908 1043 2953 te
1074 2899 1126 2952 in
1153 2900 1411 2966 omnibus,
1444 2908 1491 2953 et
1511 2914 1685 2954 coram

118 2967 211 3046 Dea
236 2974 454 3030 invenies
478 2967 701 3046 gratiam
734 2991 752 3027 :

177 3042 426 3119 Quoniam
456 3041 645 3119 magna
686 3043 919 3118 potentia
960 3041 1052 3096 Dei
1082 3042 1265 3109 solius,
1300 3050 1346 3095 et
1376 3042 1440 3095 ab
1466 3041 1683 3097 humili-

117 3110 195 3166 bus
218 3116 512 3173 honoratur.

175 3184 361 3261 Altiora
398 3198 445 3243 te
487 3206 550 3245 ne
592 3187 985 3261 quasieris,__et_
1006 3186 1224 3261 fortiora
1248 3194 1295 3239 te
1316 3199 1380 3261 ne
1418 3193 1678 3240 scrutatus

116 3252 252 3333 fueris
275 3276 293 3313 :
318 3260 405 3314 sed
426 3277 543 3331 quae
566 3252 807 3333 praecepit
832 3258 923 3333 tibi
943 3252 1106 3333 Dens,
1138 3259 1233 3333 illa
1254 3256 1424 3333 cogita
1451 3271 1675 3325 semper,

114 3336 156 3377 ει
188 3329 236 3410 in
263 3328 489 3401 pluribus
525 3328 765 3410 operibus
791 3332 907 3401 ejus
928 3344 991 3410 ne
1020 3328 1180 3398 fueris
1209 3330 1463 3410 curiosus.

180 3397 290 3455 Non
321 3412 397 3457 est
438 3397 572 3459 enim
604 3402 696 3457 tibi
736 3397 1081 3456 necessarium
1117 3414 1197 3466 ea,
1224 3415 1341 3469 qua!
1371 3398 1676 3453 abscondita

117 3482 235 3538 sunt,
260 3474 424 3529 videre
446 3474 611 3530 oculis
640 3474 764 3528 tuis.

179 3542 233 3594 ln
271 3548 591 3610 supervacuis
624 3546 774 3599 rebus
814 3543 923 3597 noli
966 3541 1191 3596 serutari
1219 3540 1594 3612 multipliciter,
1626 3552 1674 3597 et

120 3610 164 3663 in
186 3614 397 3690 pluribus
426 3620 665 3690 operibus
692 3620 803 3688 ejus
830 3632 932 3668 non
961 3616 1064 3690 eris
1091 3613 1348 3690 curiosus.

181 3683 391 3760 Plurima
431 3683 569 3743 enim
606 3683 763 3760 supér
792 3702 999 3741 sensum
1023 3684 1291 3737 hominum
1323 3693 1527 3739 ostensa
1554 3694 1673 3739 sunt

122 3753 212 3809 tibi.

180 3825 353 3903 llultos
391 3848 591 3902 quoque
632 3828 979 3903 supplantavit
1019 3826 1247 3898 suspicio
1282 3827 1516 3895 illorum,
1542 3828 1670 3883 etin

122 3900 310 3956 vanitate
331 3900 550 3958 detinuit
580 3900 759 3957 sensus
788 3902 1019 3955 illorum.

178 3967 262 4023 Cor
288 3974 467 4029 durum
498 3974 701 4027 habebit
731 3973 862 4026 male
897 3973 949 4025 in
986 3970 1259 4031 novissimo
1290 3985 1306 4021 :
1336 3980 1384 4023 et
1416 3970 1505 4040 qui
1530 3980 1669 4024 antat

121 4042 461 4113 periculunt,in
500 4047 593 4098 illo
634 4044 836 4113 peribit.

179 4111 261 4165 Cor
289 4110 580 4187 ingrediens
620 4110 750 4169 duas
793 4115 920 4187 vias,
939 4126 1056 4187 non,
1084 4110 1284 4164 habebit
1306 4126 1590 4177 successus,
1621 4121 1669 4166 et

123 4195 276 4245 Pravus
302 4184 449 4241 corde
488 4190 543 4240 in
574 4187 680 4241 illis
708 4184 1163 4239 scandalizabitur.

176 4254 261 4329 Cor
282 4275 490 4328 nequam
510 4257 812 4329 gravabitur
840 4258 892 4310 in
918 4255 1204 4319 doloribus,
1230 4264 1277 4308 et
1304 4261 1543 4325 peccator
1571 4255 1667 4308 ad-

115 4322 231 4401 ﬁciet
249 4329 310 4381 ad
334 4322 669 4401 peccandum.

175 4396 438 4473 Syttagogu:
461 4401 805 4473 superborum
824 4414 926 4451 non
952 4398 1047 4451 erit
1074 4397 1269 4473 sanitas
1293 4413 1310 4449 :
1336 4400 1508 4465 frutex
1528 4400 1663 4451 enim

124 4471 278 4541 Wfati
300 4468 618 4527 radicabitur
643 4473 698 4525 in
728 4471 859 4539 illis,
892 4479 938 4523 et
969 4485 1072 4522 non
1102 4468 1444 4541 intelligetur.

175 4535 258 4614 (ξρν
286 4546 524 4612 sapientis
555 4535 868 4614 intelligitur
894 4544 958 4614 in,
977 4542 1251 4614 sapientia,
1274 4535 1322 4592 Et
1355 4540 1496 4593 auris
1527 4539 1657 4593 bona

123 4610 261 4681 aldiet
286 4610 391 4667 cum
419 4616 558 4669 omni
580 4610 997 4677 concupiscentia
1022 4612 1354 4681 sapientiam.

174 4678 367 4755 Sapiens
392 4703 478 4741 cor
539 4696 586 4740 et
621 4684 943 4755 intelligibile
973 4678 1241 4755 abstinebit
1266 4697 1318 4737 se
1344 4699 1376 4734 a
1407 4681 1652 4752 peccatis,

122 4757 154 4798 ει
176 4751 217 4829 in
240 4751 460 4823 operibus
473 4758 698 4829 iustitia:
729 4751 1044 4829 “Successus
1069 4752 1293 4829 habebit.

145 4819 325 4898 ,lguem
349 4819 611 4885 ardentem
647 4828 927 4898 exstinguit
968 4842 1122 4895 aqua,
1154 4834 1200 4879 et
1223 4823 1545 4896 eleemosyna
1569 4839 1655 4879 re-

115 4896 214 4967 αεσξη
231 4903 461 4967 peccatis.
819 4896 833 4898 ⁷
1076 4926 1087 4931 ί

160 4964 240 5042 ειῇ
268 4969 400 5026 Deus
447 4980 751 5042 prospector
781 4977 855 5025 est
903 4970 1014 5042 ejus
1067 4967 1159 5038 qui
1184 4966 1357 5021 reddit
1387 4968 1607 5042 gratiam
1632 4984 1653 5023 :

93 5041 296 5114 "trutina
329 5040 524 5114 ejus'in
557 5040 842 5113 posterum,
866 5040 990 5097 etin
1017 5047 1247 5111 tempore
1276 5056 1427 5093 casus
1458 5041 1538 5094 sui
1570 5040 1657 5093 in-

77 5110 227 5166 l’eniet
247 5110 650 5182 ﬁrmamentum.
1126 5110 1131 5111 ί
1402 5118 1410 5131 ‘

683 5203 916 5263 CAPUT
952 5203 1039 5261 IV.

132 5345 272 5415 Fili,
298 5349 675 5421 elemosynam
704 5344 947 5416 pauperis
974 5359 1036 5399 ne
1072 5340 1377 5414 defraudes,
1406 5350 1453 5397 et
1480 5340 1658 5397 oculos

10 5401 660 5476 magnitudinis
683 5401 934 5489 ﬂantem.

140 5493 371 5546 Animam
398 5488 709 5547 esurientem
732 5503 793 5543 ne
814 5488 1106 5560 despexeris
1130 5500 1149 5541 :
1175 5493 1223 5542 et
1254 5502 1361 5543 non
1385 5499 1653 5557 exasperes

60 5571 337 5632 "imperem
356 5566 407 5618 in
440 5564 622 5635 inopia
640 5577 759 5617 sua.

144 5750 162 5781 ⁸
183 5749 489 5810 Ρτωῑετιιηι
516 5748 609 5805 alii
631 5746 761 5804 libri
790 5761 1049 5803 accessus.

346 5845 631 5908 ΡΑτιιοι..
679 5838 934 5903 XXIX.

1870 2110 2272 2197 Quitenuerint
2320 2116 2488 2197 illam,
2517 2110 2699 2169 'vitam
2742 2110 3121 2175 tttereditabunt
3146 2140 3164 2178 :
3192 2134 3241 2179 et
3286 2143 3389 2197 quo

1794 2180 2045 2251 introibit,
2078 2185 2336 2239 benedicet
2364 2180 2521 2241 Deus.

1870 2252 1973 2319 Qui
2008 2258 2238 2309 serviunt
2279 2258 2345 2322 ei,
2388 2258 2716 2325 obsequentes
2756 2271 2907 2315 erunt
2948 2274 3125 2319 sancto
3150 2282 3169 2319 :
3200 2276 3245 2321 et
3287 2286 3375 2324 eos

1792 2325 2137 2397 qui_diligunt
2166 2326 2333 2392 illam,
2364 2328 2535 2396 diligit
2566 2328 2729 2383 Deus.

1869 2395 1971 2460 Qui
2001 2395 2147 2451 audit
2192 2398 2358 2475 illam,
2400 2395 2662 2475 judicabit
2688 2410 2982 2471 gentes:et
3026 2407 3117 2475 qui
3166 2405 3391 2464 intuetur

1790 2466 1960 2533 illam,
1995 2470 2312 2536 permanebit
2342 2466 2630 2535 conﬁdens.

1866 2538 1929 2592 Si
1956 2540 2232 2593 crediderit
2263 2541 2337 2602 ei,
2366 2540 2687 2595 haereditabit
2722 2542 2893 2611 illam,
2924 2554 2973 2599 et
2994 2559 3147 2604 erant
3176 2550 3231 2604 in
3263 2566 3389 2605 con-

1789 2608 2085 2676 ﬁrmatione
2106 2620 2355 2665 creatura:
2378 2612 2523 2665 illius
2549 2627 2568 2665 :

1820 2680 2123 2803 (Quoniam
2144 2683 2197 2735 in
2220 2682 2495 2737 tentatione
2524 2684 2754 2739 ambulat
2778 2702 2897 2742 cum
2926 2705 3005 2757 eo,
3039 2700 3086 2744 et
3110 2692 3167 2746 in
3199 2695 3381 2762 primis

1840 2764 1932 2803 tatt
1962 2770 2103 2803 eum-

1787 2764 1932 2821 ettgtt
1962 2770 2103 2810 eum.

1864 2822 2125 2879 Timorem
2153 2836 2459 2905 etinctum,
2504 2836 2553 2905 et
2585 2830 2936 2905 probationem
2977 2833 3181 2905 inducet
3223 2853 3381 2905 super

1787 2894 1935 2976 illum
1961 2912 1979 2948 :
2009 2908 2054 2951 et
2078 2898 2323 2976 cruciabit
2354 2899 2505 2976 illum
2531 2894 2593 2976 in
2617 2901 2947 2976 tribulatione
2974 2904 3224 2960 doctrinae
3243 2894 3372 2976 stite,

1787 2966 1948 3090 εἳῖριεε
1965 2977 2123 3023 tentet
2143 2984 2257 3021 eunt
2277 2970 2331 3023 in
2352 2970 2742 3042 cogitationibus
2766 2972 2893 3040 suis,
2916 2984 2965 3027 et
2990 2976 3167 3029 credat
3189 2966 3380 3035 animd:

1787 3053 1799 3088 ι
1849 3054 1951 3090 tus.

1786 3053 1951 3091 illius.

1705 3105 1754 3172 ο
1952 3110 2380 3189 ﬁrntabitillum,
2405 3121 2453 3167 et
2473 3112 2572 3166 iter
2594 3115 2818 3170 adducet
2841 3116 3089 3172 directum
3110 3120 3179 3174 ad
3200 3120 3370 3189 illum,

1782 3190 1830 3235 et
1856 3182 2139 3247 lmliﬁcabit
2166 3182 2335 3238 illum.

1854 3251 1921 3304 Et
1951 3255 2231 3336 denudabit
2253 3257 2502 3336 abs_con_s_a
2522 3274 2617 3311 sua
2634 3258 2735 3336 illi,
2762 3268 2809 3336 et
2832 3258 3201 3336 thesaurizabit
3221 3280 3375 3336 super

1778 3323 1927 3401 illuni
1954 3327 2225 3401 scientiam,
2256 3338 2304 3381 et
2334 3328 2651 3383 intellectum
2674 3323 2917 3401 justitiaz.

1851 3395 2129 3479 Si.autem
2176 3400 2514 3483 oberraverit,
2564 3395 2886 3472 derelinquet
2932 3419 3071 3473 eum,
3114 3418 3160 3462 et
3204 3407 3371 3462 tradet

1777 3481 1893 3520 eum
1922 3474 1975 3521 in
2000 3485 2184 3523 manus
2207 3474 2403 3524 inimici
2428 3474 2529 3525 sui.

1848 3535 1899 3610 Ε
1900 3540 1976 3605 ili,
2004 3556 2243 3595 conserva
2274 3552 2496 3610 tempus,
2529 3552 2577 3597 et
2608 3544 2778 3597 devita
2806 3549 2838 3596 ἀ
2867 3546 3025 3599 malo.

1850 3608 1960 3685 {fro
1986 3613 2158 3685 anima
2181 3622 2275 3685 tua
2303 3608 2734 3685 ne’confundaris
2763 3616 2933 3668 dicere
2961 3633 3155 3672 verum.

1850 3679 1943 3764 Est
1973 3684 2109 3764 enim
2141 3683 2472 3764 [Alaetiam]
2494 3679 2739 3764 confusio
2777 3685 3040 3764 adducens
3075 3702 3363 3764 peccatum,

1774 3761 1822 3807 et
1849 3762 1923 3827 est
1949 3758 2183 3823 confusio
2213 3757 2472 3809 adducens
2504 3758 2723 3826 gloriam
2746 3766 2794 3809 et
2814 3759 3057 3827 gratiam.

1848 3821 1932 3877 Ne
1960 3821 2186 3898 accipias
2222 3828 2407 3896 faciem
2434 3821 2679 3881 adversus
2718 3821 2905 3895 faciem
2933 3838 3111 3898 tuam,
3139 3848 3234 3887 nec
3259 3835 3364 3889 atl-

1772 3911 1949 3950 versus
1982 3897 2209 3948 animam
2240 3906 2383 3949 tuam
2409 3898 2754 3950 mendacium.

1846 3964 1931 4020 Ne
1955 3968 2230 4021 reverearis
2260 3968 2551 4036 proximum
2577 3978 2723 4021 tuum
2750 3970 2805 4023 in
2832 3986 2955 4026 casu
2983 3990 3076 4027 suo
3104 3990 3121 4026 :

1848 4036 1961 4092 Nec
1980 4040 2202 4093 retineas
2224 4038 2429 4092 verbum
2450 4040 2502 4092 in
2525 4048 2750 4110 tempore
2772 4040 2970 4099 salutis.
3002 4044 3123 4100 Non
3145 4046 3364 4103 abscon-

1770 4109 1872 4179 das
1893 4110 2204 4179 sapientiam
2238 4120 2381 4164 tuam
2406 4110 2460 4163 in
2490 4109 2672 4164 decore
2697 4128 2812 4167 suo.

1842 4177 1910 4232 In
1936 4177 2142 4258 _lingua_
2161 4182 2294 4258 enim
2329 4182 2585 4258 sapientia
2612 4182 2931 4253 dignoscitur
2954 4202 2973 4240 :
3001 4198 3047 4241 et
3072 4205 3253 4243 sensus
3274 4233 3289 4258 ,
3320 4204 3375 4248 et

1768 4251 2013 4326 scientia,
2033 4251 2083 4305 et
2110 4254 2346 4307 doctrina
2390 4256 2441 4307 in
2468 4254 2621 4307 verbo
2648 4251 2862 4323 sensati,
2894 4267 2941 4312 et
2972 4251 3358 4326 firmamentum

1769 4323 1821 4376 in
1849 4324 2089 4387 operibus
2112 4326 2341 4387 iustifiat.

1844 4392 1967 4466 Non
2012 4398 2333 4449 contradieas
2374 4396 2524 4450 verbo
2566 4396 2789 4449 veritatis
2829 4396 2937 4450 ullo
2977 4400 3157 4466 modo,
3205 4407 3253 4453 et
3300 4401 3365 4458 de

1689 4496 1743 4558 Β
1770 4464 2037 4558 men’dacio
2073 4468 2433 4558 ineru'ditionis
2462 4480 2562 4558 tne!)
2593 4466 2926 4558 confundere.

1840 4536 1963 4591 Non
2003 4538 2341 4612 confandaris
2369 4538 2604 4605 conﬁteri
2643 4548 2852 4606 peccata
2880 4547 2968 4591 tua
2986 4582 2999 4606 ,
3032 4550 3079 4596 et
3107 4558 3171 4596 ne
3196 4542 3361 4612 subji-

1765 4608 1874 4663 cias
1908 4618 1953 4661 te
1975 4608 2113 4663 omni
2140 4610 2334 4662 homini
2355 4623 2449 4679 pro
2480 4619 2713 4679 peccato.

1838 4679 2241 4752 Noliiresistere
2282 4688 2459 4733 contra
2506 4680 2690 4748 facient
2731 4680 2974 4752 potentis,
3020 4697 3114 4736 nec
3153 4686 3356 4740 coneris

1764 4759 1943 4804 contra
1970 4751 2125 4804 ictum
2151 4752 2316 4821 ﬂuvii.

1840 4821 1946 4875 Pro
1967 4823 2174 4892 iustitia
2204 4823 2483 4895 agonizare
2511 4836 2606 4890 pro
2634 4822 2808 4895 anima
2844 4829 2965 4885 tua,
3004 4832 3051 4875 et
3093 4842 3252 4895 usque
3286 4830 3357 4879 ad

1765 4900 1980 4966 mortem
2011 4905 2149 4947 certa
2190 4892 2283 4966 pro
2305 4894 2537 4966 justitia,
2571 4902 2619 4945 et
2662 4892 2802 4946 Deus
2830 4895 3142 4962 expugnabit
3165 4892 3272 4965 'pro
3304 4908 3352 4952 te

1763 4965 2001 5019 inimicos
2034 4973 2165 5021 tuos.

1834 5034 1963 5090 Noli
1990 5037 2176 5091 citatus
2207 5053 2315 5091 esse
2343 5039 2398 5091 in
2432 5036 2614 5108 lingua
2641 5042 2752 5103 tua,
2777 5042 2825 5089 et
2853 5033 3075 5103 inutilis,
3101 5045 3149 5089 et
3174 5040 3351 5095 remis-

1764 5124 1853 5162 sus
1883 5108 1937 5161 in
1961 5110 2197 5177 operibus
2228 5109 2351 5161 tuis.

1840 5178 1969 5233 Noli
1999 5196 2105 5234 esse
2134 5180 2265 5231 sicut
2299 5178 2377 5233 leo
2399 5177 2450 5229 in
2476 5176 2629 5231 domo
2660 5187 2769 5243 tua,
2795 5184 3019 5232 evertens
3044 5178 3349 5237 domesticos

1763 5256 1903 5315 tuos,
1937 5259 1983 5304 et
2014 5249 2307 5318 opprimens
2336 5246 2592 5313 subiectos
2622 5249 2733 5302 tibi.

1837 5320 1963 5374 Non
1986 5318 2054 5372 sil
2078 5327 2315 5392 porrecta
2352 5333 2535 5372 manus
2577 5326 2665 5372 tua
2691 5318 2759 5374 ad
2804 5318 3183 5392 accipiendum,
3211 5331 3260 5377 et
3287 5322 3359 5377 ad

1765 5392 1998 5446 dandum
2021 5388 2255 5444 collecta.

2390 5457 2619 5515 CAPUT
2662 5462 2730 5518 ν.

1836 5552 1963 5610 Νοιὶ
1987 5552 2243 5610 attendere
2264 5552 2332 5607 ad
2358 5551 2703 5623 possessiones
2725 5554 2950 5625 iniquas,
2970 5558 3019 5606 et
3043 5566 3105 5607 ne
3128 5552 3354 5617 dixeris:

2657 5815 2735 5881 15
