3918 6192
115 215 200 272 129

178 325 278 379 Non
295 333 335 378 te
351 322 518 389 reputes
535 318 591 371 in
612 316 931 371 multitudine
952 324 979 353 ει
1001 315 1531 389 indisciplinatorum.

174 385 499 454 lleurentoine,
526 391 762 459 quoniam
791 404 887 442 non
919 385 1166 442 tardabit.
1193 385 1213 413 ’-

177 466 374 520 Hunu’lia
405 463 526 517 mide
561 460 797 529 spiritum
834 469 978 511 tuum
1025 475 1043 513 :
1088 461 1337 529 quoniam
1379 459 1607 514 uindicta

28 571 32 602 .
118 539 256 591 carnis
281 537 414 603 impii,
436 533 553 604 ignis
577 540 624 604 et
640 531 849 604 iz‘ertnis.

169 607 278 661 Noli
309 602 606 674 pracvaricari
632 603 684 655 in
711 603 924 654 amicum
955 602 1227 671 pecuniam
1265 602 1605 669 diﬁ'erentem,

28 701 30 724 ι
114 694 237 748 neque
267 673 442 748 fratrem
476 673 824 748 charissimiim
851 690 978 728 auro
1006 675 1277 748 spreijeris.

167 745 272 801 Noli
287 747 509 800 discedere
527 759 574 814 a_
586 745 798 797 muliere
821 754 1024 798 seusata
1055 755 1100 796 et
1132 745 1289 808 bona,
1315 760 1476 814 quam
1499 760 1610 797 sor-

108 821 198 872 titus
222 835 263 871 es
285 820 330 870 in
355 818 512 870 timore
538 812 748 868 Domini
777 830 796 869 :
825 817 996 887 gratia
1033 815 1172 870 enim
1200 812 1518 868 verecundite
1545 815 1612 868 il-

112 891 185 942 lius
209 904 333 955 super
357 903 539 940 nurum.

162 959 408 1014 Nonla'das
420 957 686 1029 seroumin
715 958 923 1012 veritate
949 968 1266 1029 operantem,
1297 972 1458 1028 neque
1479 972 1610 1011 mer-

107 1032 304 1084 cenarium
331 1029 516 1082 dantem
543 1028 766 1080 animant
794 1046 962 1084 suam.

157 1102 309 1156 Servus
336 1109 550 1154 sensatus
582 1100 646 1152 sit
688 1100 780 1152 tibi
815 1101 1032 1154 dilectus
1072 1101 1220 1167 quasi
1247 1100 1430 1169 Ianima
1471 1108 1560 1152 tua
1593 1116 1611 1152 :

104 1190 176 1225 non
196 1171 427 1242 defraudes
446 1172 584 1225 illum
605 1169 856 1237 libertate,
880 1188 1042 1242 neque
1060 1175 1264 1242 inapem
1287 1171 1610 1239 derelinquas

101 1247 226 1298 illum.

161 1313 320 1367 Pecora
349 1312 430 1366 tibi
451 1313 602 1367 sunt?
625 1313 832 1368 attende
860 1315 966 1369 illis
989 1331 1007 1370 :
1029 1326 1076 1370 et
1098 1315 1142 1368 si
1162 1321 1282 1370 sunt
1303 1311 1476 1380 utilia,
1499 1331 1614 1384 per-

100 1393 270 1455 tererent
291 1385 420 1455 apud
447 1394 511 1437 te.

150 1453 251 1510 Filii
283 1453 364 1509 tibi
399 1459 547 1510 sunt?
571 1457 718 1512 erudi
745 1457 884 1526 illos,
917 1468 962 1510 et
989 1472 1147 1511 curva
1182 1457 1299 1511 illos
1329 1471 1362 1510 a
1391 1456 1614 1523 pueritia

100 1527 278 1579 illarum.

150 1596 272 1672 Filia
305 1596 384 1651 tibi
418 1599 566 1672 sunt?
591 1615 734 1653 serva
763 1615 952 1672 corpus
977 1598 1208 1664 illarum,
1240 1610 1416 1654 etnon
1445 1610 1616 1654 osten-

101 1669 167 1720 das
186 1668 364 1721 hilarem
391 1671 566 1737 faciem
595 1679 736 1723 tuam
763 1671 832 1724 ad
855 1668 1000 1726 illas.
1415 1723 1428 1732 .

149 1737 472 1861 Trideuftliam,
499 1751 544 1795 et
572 1744 771 1813 grande
800 1760 928 1813 opus
957 1744 1136 1812 feceris
1166 1759 1184 1797 :
1215 1752 1260 1796 et
1282 1743 1478 1797 homini
1499 1759 1611 1797 sen-

149 1821 177 1861 ὀ
219 1829 271 1861 at
313 1827 406 1861 am.

95 1820 177 1862 salo
192 1813 245 1863 da
260 1813 406 1864 illam.

147 1879 303 1957 Mulier
325 1883 364 1936 si
390 1893 460 1936 est
487 1882 576 1937 tibi
590 1883 882 1957 secundum
911 1885 1135 1957 animam
1165 1895 1328 1957 tua_m,
1360 1899 1461 1938 non
1486 1901 1614 1957 pro-

87 1951 201 2017 iii-ias
229 1949 355 2006 illam
395 1969 414 2008 :
445 1963 492 2008 et
531 1954 718 2008 odibili
754 1971 858 2010 non
899 1956 1080 2010 credas
1116 1966 1183 2010 te.
1226 1954 1295 2010 In
1319 1949 1438 2011 tota
1463 1949 1617 2010 corde

92 2032 157 2075 tuo

116 2093 323 2176 .llonora
344 2105 538 2169 patrem
570 2107 736 2164 tuum,
769 2105 817 2152 et
839 2099 1058 2169 gemitus
1087 2100 1264 2154 matris
1286 2109 1388 2162 tua:
1408 2115 1470 2154 ne
1486 2097 1618 2154 obli-

91 2181 265 2220 nsrarts.

143 2235 356 2314 Memento
375 2241 630 2314 quoniam
669 2241 772 2314 nisi
800 2257 892 2314 per
913 2240 1036 2314 illos
1073 2253 1228 2298 natus
1254 2259 1357 2298 non
1389 2243 1570 2314 fuisses
1599 2256 1618 2296 :

91 2317 124 2359 et
143 2309 324 2364 retribue
347 2311 468 2378 illis,
495 2312 759 2379 quomodo
787 2309 832 2365 et
857 2313 939 2366 illi
963 2314 1073 2368 tibi.

139 2379 188 2432 lu
205 2390 294 2520 ξω
313 2384 475 2436 anima
498 2394 593 2436 tua
618 2383 738 2437 time
758 2381 1059 2451 Dominum,
1091 2395 1139 2438 et
1163 2385 1455 2440 sacerdotes
1475 2381 1620 2438 illius

139 2462 210 2503 neu
245 2468 316 2505 ca.

93 2462 316 2505 sancitum.

138 2521 187 2574 lu
232 2526 356 2600 omni
385 2525 568 2600 iii-tute
598 2538 686 2583 tua
711 2529 868 2600 dilige
893 2545 1008 2583 eum
1033 2529 1124 2598 qui
1150 2537 1198 2582 te
1219 2528 1338 2599 fecit
1362 2543 1382 2581 :
1403 2537 1449 2581 et
1469 2526 1620 2581 mini-

85 2599 181 2669 atros
202 2599 300 2665 ejus
323 2614 388 2669 ne_
415 2598 771 2669 derelinquas.

137 2662 315 2738 llouora
354 2665 514 2722 Deum
556 2662 758 2726 ex'toza
783 2673 955 2725 annua
984 2681 1076 2725 tua
1098 2713 1111 2735 ,
1140 2679 1190 2726 et
1221 2669 1506 2738 honoriﬁca
1531 2685 1620 2724 sa-

83 2733 292 2812 articles,
327 2752 368 2792 et
399 2757 670 2812 propurga
694 2753 742 2796 te
766 2758 881 2796 cum
908 2733 1154 2797 brachiis.

135 2805 196 2857 Da
229 2808 322 2864 illis
356 2805 584 2881 partem,
604 2805 745 2867 'sicut
773 2814 1077 2868 mandatum
1113 2823 1187 2868 est
1215 2812 1328 2877 tibi,
1360 2812 1621 2880 primitia-

82 2890 165 2926 rum
185 2888 226 2959 et
246 2885 560 2953 purgationis
596 2900 618 2938 .'
643 2893 691 2940 et
715 2886 780 2938 de
802 2886 1115 2956 negligentia
1139 2896 1224 2938 tua
1245 2901 1408 2956 purga
1439 2893 1487 2938 te
1507 2901 1623 2939 cum

80 2963 231 3012 paucis.

101 3017 287 3098 .Datuin
325 3025 658 3098 brachiorum
697 3035 902 3081 tuorum
931 3037 977 3081 et
1009 3027 1326 3096 sacrificium
1353 3027 1622 3096 sonti/ica—

77 3093 194 3166 tiotn‘s
216 3094 379 3158 σπεῖρε
420 3096 674 3159 Domino.
708 3111 752 3151 et
783 3099 937 3166 initia
966 3093 1287 3152 sanctorum.

130 3162 178 3240 lit
203 3169 396 3236 pauperi
424 3171 640 3240 porrige
668 3162 876 3223 manum
919 3181 1082 3236 luant,
1110 3179 1161 3222 ut
1183 3168 1481 3239 perﬁciatur
1506 3185 1627 3240 pro-

75 3234 250 3298 pitiatio,
274 3234 316 3292 et
339 3234 632 3294 benedictio
659 3252 769 3296 tua.

122 3303 276 3382 Gratia
305 3310 409 3363 dati
445 3313 499 3365 in
543 3321 831 3382 conspectu
875 3313 1039 3367 omnis
1078 3312 1310 3376 viventis,
1355 3321 1403 3366 et
1427 3321 1629 3366 mortuo

74 3389 147 3452 non
156 3380 414 3452 prohibeas
433 3380 696 3452 gratiam;

91 3447 224 3525 “Non
251 3455 375 3506 desis
401 3447 739 3524 plorantibus
765 3455 818 3508 in
841 3455 1215 3522 consolatione,
1243 3463 1290 3508 et
1311 3469 1428 3508 cum
1451 3453 1627 3525 lugen-

71 3517 172 3585 tibus
192 3517 403 3578 ambula;

127 3589 226 3667 δ’οη
261 3603 303 3667 te
341 3596 511 3666 pigeat
556 3597 772 3651 visitare
793 3595 1056 3667 inﬁrmant
1081 3611 1100 3654 .'
1124 3613 1188 3652 ex
1211 3596 1288 3652 itis
1315 3597 1450 3651 enim
1475 3596 1630 3651 indl-

71 3658 242 3734 lectione
268 3658 589 3734 ﬁrmaberis.

75 3799 83 3810 θ
123 3729 172 3785 In
191 3729 410 3794 omnibus
435 3739 692 3812 aperibus
713 3739 817 3794 tuis
840 3755 1127 3795 memorare
1148 3739 1429 3794 novissima
1451 3748 1560 3806 tua,
1586 3747 1632 3794 et

69 3816 106 3853 ili
126 3815 342 3862 aternum
371 3829 472 3867 non
507 3814 775 3883 peccabis.

627 3901 856 3959 CAPUT
897 3903 1035 3960 VIII.

121 4009 220 4066 Non
249 4016 409 4089 litiges
437 4035 562 4073 cum
597 4016 806 4071 nomine
839 4025 1066 4086 potente,
1093 4033 1158 4072 ne
1197 4019 1330 4088 forte
1356 4015 1557 4074 incidas
1577 4017 1632 4071 in

63 4097 209 4139 manus
237 4087 394 4143 illius.

120 4154 221 4209 Non
246 4163 525 4217 contendas
552 4177 679 4216 cum
705 4158 812 4215 viro
838 4160 1111 4230 locuplete,
1139 4177 1202 4214 ne
1225 4160 1359 4229 forte
1385 4171 1564 4215 contra
1584 4171 1634 4214 te

61 4230 294 4284 constituat
315 4233 454 4289 litem
487 4233 612 4287 tibi.

115 4296 284 4358 Multos
307 4307 445 4358 enim
469 4303 709 4376 perdidit
730 4318 926 4376 aurum,
939 4312 984 4357 et
1004 4311 1297 4373 argentum,
1317 4313 1366 4358 et
1388 4319 1550 4375 usque
1564 4305 1634 4358 ad

62 4382 298 4446 consequiis
324 4375 594 4442 extendit,
625 4384 674 4446 et
702 4375 970 4429 convertit.

62 4509 71 4518 ‘
113 4437 236 4520 Non
250 4445 415 4520 litiges
451 4437 828 4520 cum'dliomine
866 4448 1121 4518 linguato,
1163 4454 1210 4501 et
1250 4463 1356 4502 non
1384 4456 1548 4502 strues
1576 4446 1632 4500 in

58 4515 195 4591 itugm
221 4515 500 4591 [Alfigne]
534 4517 685 4591 illius
716 4519 875 4591 ligna.

86 4579 603 4664 _Non‘_communices
628 4579 825 4642 homini
854 4589 1079 4658 indocto,
1111 4607 1176 4644 ne
1206 4591 1338 4645 male
1360 4589 1423 4644 de
1443 4605 1631 4659 proge-

53 4660 217 4733 nie_lua
235 4660 512 4733 loquatur.

112 4725 183 4805 Nc
210 4725 464 4799 despicias
507 4733 776 4787 hominem
804 4737 1113 4787 avertentem
1140 4749 1193 4787 se
1222 4749 1254 4786 a
1285 4742 1512 4805 peccato,
1546 4748 1635 4786 ne-

50 4810 131 4878 que
155 4799 465 4877 ituproperes
493 4806 543 4860 ei
575 4819 596 4860 :
627 4813 878 4858 memento
906 4805 1144 4874 quoniam
1177 4799 1351 4859 omnes
1379 4805 1432 4858 in
1463 4819 1636 4858 corre-

47 4878 192 4942 pltone
211 4892 407 4931 sumus.
793 4939 796 4942 η

107 4940 184 5016 Νι
220 4962 437 5016 spernas
485 4943 751 5003 hominem
787 4940 842 5000 in
879 4963 975 5002 sua
1012 4953 1315 5003 senectute:
1343 4947 1530 5002 etenim
1572 4960 1638 4999 ex

46 5005 166 5067 nobis
188 5005 483 5074 senescunt.

103 5082 218 5140 Noli
243 5089 309 5142 de
331 5087 554 5145 mortua
581 5089 789 5143 inimico
821 5096 910 5160 tuo
926 5089 1149 5160 gaudere
1169 5105 1190 5144 :
1207 5089 1380 5147 sciens.
1393 5087 1638 5157 quoniam

46 5166 196 5232 omnes
224 5165 504 5232 morimur,
543 5171 592 5215 et
620 5159 676 5214 in
705 5159 957 5232 gaudium
983 5161 1241 5214 noluimus
1265 5159 1455 5232 venire.

101 5225 176 5304 lie
201 5231 466 5304 despicias
492 5225 847 5286 narrationem
869 5233 1281 5304 presbyterorum
1301 5230 1634 5301 sapientium,

44 5304 79 5344 et
109 5299 155 5372 in
178 5299 466 5372 proverbiis
498 5320 681 5358 coruus
706 5299 1028 5358 conversare.

101 5370 320 5444 Λιιήὶρὼ
351 5377 497 5431 enim
545 5376 710 5429 disces
738 5375 1062 5446 sapientiam,
1096 5382 1142 5428 et
1173 5373 1460 5430 doctrinam
1489 5371 1640 5428 intel-

40 5437 276 5526 lei't‘us,'et
306 5450 506 5502 servire
536 5437 933 5526 magnatis'sine
959 5437 1188 5526 querela.
1280 5519 1292 5526 _
1364 5519 1374 5526 _
1472 5517 1483 5526 _
1585 5514 1616 5526 η

106 5511 223 5569 Νοη
257 5528 308 5572 te
351 5511 647 5590 prietes-eoi
676 5517 909 5590 narratio
939 5511 1202 5573 seniorum
1227 5531 1247 5574 :
1273 5519 1374 5590 ipsi
1401 5517 1536 5574 enim
1562 5514 1642 5570 di-

44 5583 257 5644 dicerunt
281 5605 317 5645 a
341 5583 595 5662 patribus
617 5589 723 5646 suis
752 5604 774 5646 .'

1292 201 1496 259 LIBER
1537 201 2072 262 ηωιιξειΑετιως

1631 320 1688 380 Α
1785 317 2043 392 Quoniam
2076 315 2144 392 ab
2187 315 2313 389 ipsis
2343 314 2518 371 ‘disces
2549 317 2886 387 intellectum;
2918 328 2964 374 et
2992 319 3046 373 its
3077 321 3304 392 tctilpore

1709 391 2024 443 necessitatis
2049 391 2172 443 dare
2205 403 2523 458 responsum.

1645 1709 1693 1769 B

1657 4481 1708 4542 D

3201 211 3310 268 450

1786 459 1834 512 Ν
1842 478 1906 535 on
1928 463 2171 535 incendas
2193 461 2437 535 carbones
2459 466 2783 529 peccatorum
2804 463 3023 535 arguens
3043 479 3151 531 eos,
3177 475 3226 520 et
3243 483 3306 522 ne

1710 531 2001 585 incendat-is
2035 534 2248 601 [tantum
2277 531 2410 601 ignis
2437 544 2760 600 peccatorum
2788 531 3014 588 itltirum.

1788 601 1871 678 Ne
1894 614 2090 678 contra,
2111 604 2294 671 faciem
2335 612 2435 656 stes
2462 605 2836 669 contumeliosi,
2869 621 2932 658 ne
2959 608 3134 660 sedeat
3157 609 3307 678 quasi

1713 673 1988 727 insidiator
2016 675 2092 727 ori
2121 685 2228 728 tuo.

1787 742 1915 796 Noli
1949 745 2175 814 fenerari
2215 742 2415 817 homini
2451 744 2656 812 fortiori
2682 755 2730 800 te
2763 765 2782 804 :
2809 749 2948 817 quod
2975 749 3021 801 si
3048 750 3311 817 fenerave-

1715 816 1810 874 ris,
1843 817 1990 884 quasi
2020 817 2274 886 pirdilum
2300 815 2450 871 habe.

1789 886 2203 962 Non_spondeas
2244 895 2400 962 snper
2439 889 2676 942 virtutem
2714 897 2856 943 tuam
2887 906 2907 945 :
2941 891 3080 960 quod
3111 892 3158 945 si
3184 907 3308 962 spo-

1714 957 1979 1031 ponderis,
2009 960 2155 1031 quasi
2183 958 2450 1011 restituens
2472 962 2660 1031 coyita.

1787 1027 1911 1103 Non
1947 1029 2154 1098 judices
2195 1037 2376 1103 contra
2409 1027 2642 1096 judicent
2684 1049 2703 1088 :
2744 1033 2988 1103 quaniam
3031 1033 3311 1088 secundum

1715 1099 1852 1171 quod
1874 1100 2078 1171 justum
2107 1109 2202 1164 est,
2225 1099 2452 1171 judicat.

1788 1170 1915 1224 Cum
1939 1169 2134 1247 audace
2155 1169 2260 1247 non
2291 1185 2378 1224 eas
2405 1171 2458 1247 in
2481 1173 2584 1238 ria,
2618 1187 2682 1247 ne
2702 1178 2836 1244 forte
2856 1184 3033 1247 gravet
3055 1177 3193 1230 mala
3215 1177 3312 1231 sua

1715 1242 1769 1317 in
1806 1252 1902 1317 te_:
1934 1242 2044 1309 ipse
2083 1243 2222 1317 enim
2254 1246 2533 1317 secundum
2555 1242 2876 1317 uoluntatem
2903 1263 3059 1302 suam'
3077 1249 3240 1317 vadit,
3267 1260 3314 1302 et

1715 1313 1869 1368 simul
1894 1328 2010 1366 cum
2037 1313 2258 1367 stultitia
2286 1314 2636 1379 illiusperies.

1790 1384 1918 1460 (ium
1953 1384 2343 1460 iracundo_non_
2364 1386 2522 1452 facies
2549 1389 2655 1457 |AL
2683 1388 2870 1460 facias]
2900 1390 3092 1454 rixam,
3124 1398 3170 1444 et
3196 1407 3314 1444 cum

1718 1457 1916 1530 audace
1954 1471 2056 1508 non
2097 1457 2270 1530 easin
2312 1456 2564 1530 desertum
2592 1474 2612 1511 :
2637 1456 2879 1530 quoniam
2911 1463 3060 1530 quasi
3088 1461 3218 1516 nihil
3243 1477 3316 1520 est

1718 1537 1835 1601 ante
1855 1527 2003 1601 illum
2025 1526 2334 1601 sungitis.‘_et
2363 1525 2445 1578 ubi
2475 1543 2575 1601 non
2603 1541 2675 1582 est
2697 1525 3036 1601 adjutorium,
3064 1533 3219 1586 elidit
3249 1546 3315 1588 te.

1791 1596 1917 1651 Cum
1948 1598 2106 1667 fatuis
2127 1598 2399 1650 consilium
2424 1613 2524 1650 non
2543 1597 2732 1655 habeas
2755 1596 2774 1656 Ξ
2796 1611 2900 1656 non
2922 1596 3055 1656 enim
3077 1612 3316 1668 poterunt

1720 1667 1951 1734 diligere,
1977 1669 2076 1721 nisi
2101 1683 2212 1737 quia
2237 1669 2310 1720 eis
2341 1671 2562 1735 placent.
3080 1667 3083 1668 ⁷
3115 1725 3122 1732 ,

1788 1740 1975 1818 Cpram
1995 1748 2240 1793 extremeo
2257 1755 2321 1791 ne
2339 1739 2503 1808 facias
2523 1742 2796 1796 consilium
2815 1760 2834 1798 :
2858 1745 3020 1801 nescis
3040 1744 3176 1800 enim
3191 1748 3318 1818 quid

1757 1811 1884 1865 at'iet
1894 1850 1906 1862 .

1807 1828 1816 1838 '
1867 1828 1906 1862 ι.

1721 1828 2077 1958 ὴωῶῖῃ-ᾳηιηὶ
2105 1880 2419 1958 nominicor
2445 1891 2590 1936 tuum
2619 1885 2913 1958 manifestes
2941 1903 2960 1941 :
2991 1903 3054 1940 ne
3080 1889 3214 1958 forte
3238 1888 3321 1944 in-

1717 1953 1854 2023 ferat
1879 1953 1971 2006 tibi
1996 1953 2218 2023 gratiam
2243 1953 2458 2023 falsam,
2489 1965 2536 2008 et
2556 1957 2864 2011 convicietur
2887 1959 2996 2013 tibi.

2335 2069 2565 2128 CAPUT
2606 2072 2697 2127 1X.

1796 2162 1917 2246 lion
1949 2162 2083 2246 celes
2116 2165 2381 2246 mulierem
2414 2167 2558 2222 sinus
2591 2171 2699 2234 tui,
2740 2186 2803 2224 ne
2832 2173 3064 2228 ostendat
3092 2165 3248 2246 super
3277 2184 3326 2234 te

1719 2235 1974 2306 malitiam
2014 2235 2266 2289 doctrinas
2294 2253 2534 2306 nequam.

1797 2305 1919 2386 l‘lon
1941 2304 2031 2386 des
2062 2307 2268 2386 mulieri
2295 2304 2592 2386 potestatem
2619 2311 2809 2386 animis
2834 2320 2960 2378 tum,
2982 2329 3047 2367 ne
3069 2315 3323 2386 ingredia-

1721 2377 1879 2449 turin
1907 2377 2143 2449 virtutem
2173 2385 2334 2449 tuam.
2365 2389 2412 2430 et
2441 2381 2798 2449 confundnris.

1797 2446 1878 2524 {Ve
1905 2448 2152 2524 respicias
2184 2447 2449 2502 mulierem
2481 2446 2800 2505 multiscium
2831 2468 2850 2506 :
2879 2469 2940 2507 ne
2961 2453 3095 2524 forte
3120 2451 3321 2512 incidas
3395 2515 3397 2517 _

1722 2520 1776 2572 in
1801 2516 2010 2589 laqueos
2041 2516 2203 2572 illius.

1794 2588 1926 2645 Cum
1953 2589 2308 2666 saltatricene
2330 2591 2571 2666 assiduus
2598 2594 2668 2646 sis
2697 2609 2716 2647 :
2743 2609 2835 2648 nec
2855 2595 3041 2650 audias
3063 2596 3232 2666 illam,
3259 2615 3323 2656 ne

1725 2662 1861 2731 forte
1893 2677 2068 2727 pereas
2097 2661 2150 2714 in
2179 2662 2416 2731 efficacia
2447 2663 2607 2718 illius.

1806 2730 2072 2806 Virginem
2109 2747 2172 2785 ne
2211 2730 2531 2803 conspicias,
2582 2752 2647 2789 ne
2686 2737 2820 2806 forte
2855 2737 3226 2794 scaudalizeris
3268 2741 3324 2797 in

1725 2799 2091 2856 decore'illius.

1801 2873 1882 2928 Ne
1911 2875 2007 2952 ndes
2035 2875 2332 2952 fornicariis
2359 2876 2586 2930 animum
2613 2886 2753 2932 tuam
2782 2879 2837 2934 in
2866 2881 2979 2934 ullo
3007 2899 3025 2941 :
3056 2898 3118 2935 ne
3142 2884 3329 2952 perdas

1729 2954 1798 3004 te,
1825 2955 1873 3004 et
1902 2944 2255 2999 litereditatem
2285 2956 2447 3001 luant.

1787 2991 1930 3070 ’Νοιὶ
1965 3017 2357 3087 circumspicere
2395 3020 2449 3072 in
2483 3020 2607 3074 uicis
2650 3020 2888 3087 civitatis,
2917 3039 2982 3078 ne
3011 3025 3326 3080 oberraveris

1651 3091 1697 3154 G
1730 3089 1783 3142 in
1813 3087 1995 3159 plateis
2025 3088 2187 3141 illius.

1803 3160 1984 3237 _A_verte
2005 3159 2194 3237 faciem
2220 3167 2360 3237 tuam
2390 3178 2423 3215 a
2446 3160 2661 3217 muliere
2687 3175 2913 3237 compta,
2943 3177 2991 3222 et
3011 3184 3079 3222 ne
3101 3169 3328 3224 circum-

1729 3230 1924 3302 spicias
1955 3230 2176 3299 speciem
2199 3232 2442 3286 alienam.

1805 3299 2031 3374 Propter
2061 3303 2280 3368 speciem
2311 3305 2541 3359 mulieris
2568 3305 2718 3360 multi
2749 3309 3012 3374 perierunt
3035 3325 3054 3364 :
3079 3320 3128 3366 et
3147 3321 3212 3366 ea:
3231 3313 3328 3368 boc

1731 3373 2148 3448 concupiscentia
2177 3376 2326 3443 quasi
2354 3375 2490 3448 ignis
2519 3373 2830 3432 exardescit.

1807 3443 2214 3521 Oninismulier,
2234 3462 2349 3517 qua:
2369 3443 2444 3502 Est
2466 3449 2764 3518 fornicaria,
2787 3453 2937 3521 quasi
2957 3463 3152 3510 stercus
3171 3455 3226 3509 in
3247 3457 3330 3510 uia

1732 3515 2138 3572 conculcabitur.

1805 3579 2042 3664 Speciem
2092 3587 2332 3664 mulieris
2372 3589 2560 3664 aliena:
2603 3591 2752 3664 multi
2793 3593 3072 3662 admirati,
3124 3601 3330 3664 reprobi

1731 3658 1854 3739 facti
1891 3667 2013 3713 sunt
2051 3675 2068 3710 :
2107 3659 2424 3728 colloquium
2449 3663 2582 3714 enim
2606 3660 2750 3716 illius
2775 3667 2924 3732 quasi
2949 3658 3082 3736 ignis
3111 3658 3332 3724 exarde-

1732 3740 1847 3784 uti.

1806 3799 1937 3854 Cum
1957 3801 2127 3855 aliena
2151 3800 2364 3855 muliere
2391 3817 2456 3856 ne
2479 3803 2653 3857 sedeas
2682 3806 2912 3872 omnino;
2945 3824 3035 3864 nec
3055 3811 3330 3870 accumbas

1733 3887 1852 3926 cum
1881 3888 1940 3926 ea
1969 3888 2123 3940 super
2147 3873 2395 3924 cubitant.

1808 3942 1875 3996 Et
1901 3958 2000 3996 non
2026 3942 2285 4018 aitet-ceris
2311 3958 2432 3996 cum
2462 3943 2555 3998 illa
2583 3945 2638 3998 in
2665 3947 2804 4013 uino,
2837 3964 2900 4002 ne
2939 3951 3074 4018 forte
3100 3953 3324 4010 declinet

1734 4029 1824 4096 cor
1847 4022 1990 4066 tuum
2041 4014 2092 4066 in
2124 4013 2291 4082 illam,
2322 4024 2370 4068 et
2398 4018 2648 4086 sanguine
2695 4029 2784 4072 tuo
2825 4013 3020 4076 labaris
3051 4025 3103 4078 in
3157 4030 3332 4096 perdi-

1734 4087 1944 4140 tionem.

1809 4155 1895 4232 Ne
1919 4154 2248 4232 derelinquas
2267 4158 2492 4212 amicum
2517 4161 2785 4232 antiquum
2807 4178 2826 4217 :
2871 4179 3033 4223 novus
3051 4171 3193 4224 enim
3223 4187 3324 4227 non

1733 4230 1832 4284 erit
1852 4227 2036 4282 similis
2061 4228 2164 4282 illi.

1817 4297 2003 4354 Vinum
2034 4315 2238 4361 novum.
2274 4301 2470 4357 amicus
2497 4317 2660 4358 novus
2705 4319 2726 4359 :

1734 4372 1987 4427 suauitate
2014 4371 2150 4426 bibes
2172 4373 2322 4426 illud.

1809 4443 1930 4497 Non
1951 4445 2083 4497 zeles
2107 4445 2348 4514 gloriam,
2375 4453 2423 4498 et
2452 4461 2571 4515 opes
2596 4450 2916 4514 peccatoris:
2939 4463 3039 4502 non
3065 4452 3201 4505 enim
3226 4456 3326 4510 scis

1739 4530 1864 4586 qua;
1881 4515 2059 4586 futura
2087 4517 2152 4568 sit
2176 4515 2317 4568 illius
2341 4517 2622 4571 suboersio.

1815 4584 1936 4640 Nan
1963 4585 2166 4662 placeat
2197 4586 2287 4640 tibi
2309 4587 2505 4662 injuria
2521 4589 2865 4662 injustorum,
2895 4590 3060 4646 sciens
3079 4595 3326 4662 quoniam

1740 4674 1901 4732 usque
1924 4657 1992 4709 ad
2014 4659 2204 4732 inferos
2235 4673 2336 4732 non
2363 4657 2591 4732 placebit
2612 4664 2816 4732 impius.

1813 4730 1992 4801 Longe
2035 4731 2211 4782 abesto
2239 4729 2303 4781 ab
2346 4729 2548 4782 nomine
2586 4729 2881 4800 potestatem
2930 4731 3145 4788 habente
3192 4742 3328 4792 occis

1744 4800 1996 4865 dendi,'et
2027 4816 2127 4853 non
2157 4800 2495 4871 suspicaberis
2517 4802 2746 4856 timorem
2768 4805 2964 4858 mortis.

1818 4871 1886 4949 Et
1906 4872 1950 4924 si
1974 4873 2258 4949 accesseris
2277 4873 2347 4924 ad
2383 4872 2556 4936 illum,
2604 4872 2711 4927 noli
2759 4875 2960 4942 aliquid
2990 4878 3324 4949 committere,

1742 4959 1805 4998 ne
1825 4946 1960 5011 forte
1983 4941 2184 5009 auferat
2211 4944 2366 4996 vitam
2392 4951 2551 4996 tuam;

1814 5012 2235 5068 Communionem
2264 5015 2441 5066 mortis
2484 5013 2611 5066 scito
2638 5028 2659 5068 :
2702 5015 2942 5079 quoniam
2969 5017 3021 5071 in
3051 5021 3219 5074 medio
3249 5023 3328 5077 Ia-

1737 5100 1987 5157 gueorum
2025 5085 2352 5157 ingredieris,
2384 5091 2433 5137 et
2457 5098 2613 5153 super
2640 5085 2927 5141 dolentium
2974 5103 3120 5144 arma
3147 5095 3326 5149 ambu-

1740 5156 1892 5211 labis.

2771 4318 3064 4377 ueterascet,
3119 4321 3166 4364 et
3208 4329 3325 4369 cum

1813 5224 2371 5302 Secundumyirtutem
2399 5229 2566 5302 tuant_
2588 5239 2707 5280 cave
2733 5234 2781 5282 te
2807 5237 2839 5283 tt
2878 5229 3115 5302 proaimo'
3138 5243 3248 5302 tuo,
3281 5247 3329 5292 et

1745 5315 1860 5353 cum
1889 5294 2207 5366 sapientibus
2232 5304 2279 5348 et
2306 5293 2640 5366 prudentibus
2668 5307 2850 5354 tracta.

1829 5364 2086 5450 Virijusti
2112 5365 2214 5419 sint
2237 5366 2326 5419 tibi
2355 5364 2600 5435 convivae,
2631 5379 2679 5422 et
2714 5371 2768 5425 in
2797 5375 2982 5429 umore
3020 5373 3118 5431 Dei
3149 5375 3212 5431 sit
3237 5377 3332 5432 tibi

1743 5441 2145 5587 glois’ttt‘liii’sensu
2169 5510 2234 5587 sit
2262 5508 2352 5587 tibi
2375 5507 2632 5587 cogitatus
2655 5509 2772 5581 Dei,
2803 5524 2851 5570 et
2880 5519 3048 5573 omnis
3071 5523 3336 5575 enarratio

1745 5592 1851 5638 tota
1884 5582 1938 5637 in
1977 5581 2244 5653 praeceptis
2280 5580 2553 5635 Altissimi.

110 5735 134 5762 α
170 5721 431 5786 ilcntenii
473 5730 700 5790 codices
735 5731 896 5799 editi,
939 5733 1440 5815 disciplinatorum_:
1474 5727 1874 5801 refragantibus
1903 5737 2056 5788 recto
2085 5740 2286 5800 sensu,
2315 5727 2617 5800 Gracoque
2653 5726 2776 5801 ipso
2815 5742 2967 5796 textu
3006 5735 3355 5814 ἁμαρτωλῶν.
