  <div class='ocr_page' id='page_1' title='image "/cluster/home/n/w/nwhite01/storage/ocr_20150623/29/uva.x000826564/242.png"; bbox 0 0 3918 6192; ppageno 0'>
   <div class='ocr_carea' id='block_1_1' title="bbox 167 241 250 300">
    <p class='ocr_par' dir='ltr' id='par_1_1' title="bbox 167 241 250 300">
     <span class='ocr_line' id='line_1_1' title="bbox 167 241 250 300; baseline 0 0"><span class='ocrx_word' id='word_1_1' title='bbox 167 241 250 300; x_wconf 67' lang='grc' dir='ltr'><strong><em>ιω</em></strong></span> 
     </span>
    </p>
   </div>
   <div class='ocr_carea' id='block_1_2' title="bbox 1405 243 2178 304">
    <p class='ocr_par' dir='ltr' id='par_1_2' title="bbox 1405 243 2178 304">
     <span class='ocr_line' id='line_1_2' title="bbox 1405 243 2178 304; baseline 0.003 -4"><span class='ocrx_word' id='word_1_2' title='bbox 1405 244 1606 302; x_wconf 78' lang='lat' dir='ltr'><strong><em>LIBER</em></strong></span> <span class='ocrx_word' id='word_1_3' title='bbox 1648 243 2178 304; x_wconf 63' lang='lat' dir='ltr'><strong><em>ECCLESIASTICI.</em></strong></span> 
     </span>
    </p>
   </div>
   <div class='ocr_carea' id='block_1_3' title="bbox 3341 252 3453 311">
    <p class='ocr_par' dir='ltr' id='par_1_3' title="bbox 3341 252 3453 311">
     <span class='ocr_line' id='line_1_3' title="bbox 3341 252 3453 311; baseline 0.036 -4"><span class='ocrx_word' id='word_1_4' title='bbox 3341 252 3453 311; x_wconf 74' lang='grc'><strong><em>458</em></strong></span> 
     </span>
    </p>
   </div>
   <div class='ocr_carea' id='block_1_4' title="bbox 235 357 3455 432">
    <p class='ocr_par' dir='ltr' id='par_1_4' title="bbox 235 357 3455 432">
     <span class='ocr_line' id='line_1_4' title="bbox 235 357 3455 432; baseline 0.002 -20"><span class='ocrx_word' id='word_1_5' title='bbox 235 357 289 412; x_wconf 73' lang='lat' dir='ltr'><strong><em>lit</em></strong></span> <span class='ocrx_word' id='word_1_6' title='bbox 307 361 500 432; x_wconf 84' lang='lat' dir='ltr'><strong><em>iterum</em></strong></span> <span class='ocrx_word' id='word_1_7' title='bbox 531 360 789 416; x_wconf 75' lang='lat' dir='ltr'><strong><em>convertit</em></strong></span> <span class='ocrx_word' id='word_1_8' title='bbox 818 359 971 416; x_wconf 88' lang='lat' dir='ltr'><strong><em>illum</em></strong></span> <span class='ocrx_word' id='word_1_9' title='bbox 1000 361 1052 414; x_wconf 90' lang='lat' dir='ltr'><strong><em>in</em></strong></span> <span class='ocrx_word' id='word_1_10' title='bbox 1077 359 1266 432; x_wconf 86' lang='lat' dir='ltr'><strong><em>ipsam,</em></strong></span> <span class='ocrx_word' id='word_1_11' title='bbox 1293 368 1342 414; x_wconf 89' lang='lat' dir='ltr'><strong><em>et</em></strong></span> <span class='ocrx_word' id='word_1_12' title='bbox 1382 360 1668 415; x_wconf 86' lang='lat' dir='ltr'><strong><em>secundum</em></strong></span> <span class='ocrx_word' id='word_1_13' title='bbox 1699 375 1753 415; x_wconf 86' lang='lat' dir='ltr'><strong><em>se</em></strong></span> <span class='ocrx_word' id='word_1_14' title='bbox 1781 361 1836 420; x_wconf 76' lang='grc' dir='ltr'>Α</span> <span class='ocrx_word' id='word_1_15' title='bbox 1934 359 2198 415; x_wconf 75' lang='lat' dir='ltr'><strong><em>Numerus</em></strong></span> <span class='ocrx_word' id='word_1_16' title='bbox 2239 362 2438 417; x_wconf 77' lang='lat' dir='ltr'><strong><em>dierum</em></strong></span> <span class='ocrx_word' id='word_1_17' title='bbox 2485 362 2754 416; x_wconf 82' lang='lat' dir='ltr'><strong><em>hominum</em></strong></span> <span class='ocrx_word' id='word_1_18' title='bbox 2775 401 2790 427; x_wconf 94' lang='lat'><strong><em>,</em></strong></span> <span class='ocrx_word' id='word_1_19' title='bbox 2843 370 2899 415; x_wconf 87' lang='lat' dir='ltr'><strong><em>ut</em></strong></span> <span class='ocrx_word' id='word_1_20' title='bbox 2945 362 3165 417; x_wconf 83' lang='lat' dir='ltr'><strong><em>multum</em></strong></span> <span class='ocrx_word' id='word_1_21' title='bbox 3190 402 3207 429; x_wconf 92' lang='lat'><strong><em>,</em></strong></span> <span class='ocrx_word' id='word_1_22' title='bbox 3247 373 3455 420; x_wconf 83' lang='lat' dir='ltr'><strong><em>centum</em></strong></span> 
     </span>
    </p>
   </div>
   <div class='ocr_carea' id='block_1_5' title="bbox 167 431 774 486">
    <p class='ocr_par' dir='ltr' id='par_1_5' title="bbox 167 431 774 486">
     <span class='ocr_line' id='line_1_5' title="bbox 167 431 774 486; baseline 0.003 -2"><span class='ocrx_word' id='word_1_23' title='bbox 167 431 344 486; x_wconf 75' lang='lat' dir='ltr'><strong><em>vestivit</em></strong></span> <span class='ocrx_word' id='word_1_24' title='bbox 379 432 528 485; x_wconf 85' lang='lat' dir='ltr'><strong><em>illum</em></strong></span> <span class='ocrx_word' id='word_1_25' title='bbox 555 433 774 486; x_wconf 73' lang='lat' dir='ltr'><strong><em>uirtute.</em></strong></span> 
     </span>
    </p>
   </div>
   <div class='ocr_carea' id='block_1_6' title="bbox 234 500 1749 569">
    <p class='ocr_par' dir='ltr' id='par_1_6' title="bbox 234 500 1749 569">
     <span class='ocr_line' id='line_1_6' title="bbox 234 500 1749 569; baseline 0 -15"><span class='ocrx_word' id='word_1_26' title='bbox 234 500 277 554; x_wconf 82' lang='grc' dir='ltr'><strong><em>Ν</em></strong></span> <span class='ocrx_word' id='word_1_27' title='bbox 287 520 509 555; x_wconf 84' lang='lat' dir='ltr'><strong><em>umerum</em></strong></span> <span class='ocrx_word' id='word_1_28' title='bbox 540 505 773 563; x_wconf 84' lang='lat' dir='ltr'><strong><em>dierum,</em></strong></span> <span class='ocrx_word' id='word_1_29' title='bbox 817 511 865 557; x_wconf 86' lang='lat' dir='ltr'><strong><em>ct</em></strong></span> <span class='ocrx_word' id='word_1_30' title='bbox 893 510 1090 569; x_wconf 87' lang='lat' dir='ltr'><strong><em>tempus</em></strong></span> <span class='ocrx_word' id='word_1_31' title='bbox 1119 501 1257 566; x_wconf 78' lang='lat' dir='ltr'><strong><em>dedit</em></strong></span> <span class='ocrx_word' id='word_1_32' title='bbox 1286 501 1386 564; x_wconf 91' lang='lat' dir='ltr'><strong><em>illi,</em></strong></span> <span class='ocrx_word' id='word_1_33' title='bbox 1419 511 1466 554; x_wconf 86' lang='lat' dir='ltr'><strong><em>et</em></strong></span> <span class='ocrx_word' id='word_1_34' title='bbox 1498 502 1637 555; x_wconf 87' lang='lat' dir='ltr'><strong><em>dedit</em></strong></span> <span class='ocrx_word' id='word_1_35' title='bbox 1666 500 1749 558; x_wconf 88' lang='lat' dir='ltr'><strong><em>illi</em></strong></span> 
     </span>
    </p>
   </div>
   <div class='ocr_carea' id='block_1_7' title="bbox 171 582 1398 643">
    <p class='ocr_par' dir='ltr' id='par_1_7' title="bbox 171 582 1398 643">
     <span class='ocr_line' id='line_1_7' title="bbox 171 582 1398 643; baseline -0.002 -17"><span class='ocrx_word' id='word_1_36' title='bbox 171 583 446 642; x_wconf 71' lang='lat' dir='ltr'><strong><em>potestatem</em></strong></span> <span class='ocrx_word' id='word_1_37' title='bbox 474 590 678 640; x_wconf 87' lang='lat' dir='ltr'><strong><em>eorum,</em></strong></span> <span class='ocrx_word' id='word_1_38' title='bbox 711 590 829 643; x_wconf 72' lang='lat' dir='ltr'><strong><em>qua!</em></strong></span> <span class='ocrx_word' id='word_1_39' title='bbox 852 582 973 627; x_wconf 87' lang='lat' dir='ltr'><strong><em>sunt</em></strong></span> <span class='ocrx_word' id='word_1_40' title='bbox 1001 589 1156 643; x_wconf 82' lang='lat' dir='ltr'><strong><em>super</em></strong></span> <span class='ocrx_word' id='word_1_41' title='bbox 1186 584 1398 625; x_wconf 86' lang='lat' dir='ltr'><strong><em>terram.</em></strong></span> 
     </span>
    </p>
   </div>
   <div class='ocr_carea' id='block_1_8' title="bbox 231 643 1750 716">
    <p class='ocr_par' dir='ltr' id='par_1_8' title="bbox 231 643 1750 716">
     <span class='ocr_line' id='line_1_8' title="bbox 231 643 1750 716; baseline 0.001 -18"><span class='ocrx_word' id='word_1_42' title='bbox 231 643 402 699; x_wconf 82' lang='lat' dir='ltr'><strong><em>Posuit</em></strong></span> <span class='ocrx_word' id='word_1_43' title='bbox 439 645 685 699; x_wconf 89' lang='lat' dir='ltr'><strong><em>timorem</em></strong></span> <span class='ocrx_word' id='word_1_44' title='bbox 715 643 863 698; x_wconf 87' lang='lat' dir='ltr'><strong><em>illius</em></strong></span> <span class='ocrx_word' id='word_1_45' title='bbox 893 661 1054 716; x_wconf 2' lang='lat' dir='ltr'><strong><em>super,</em></strong></span> <span class='ocrx_word' id='word_1_46' title='bbox 1073 660 1282 716; x_wconf 86' lang='lat' dir='ltr'><strong><em>omnem</em></strong></span> <span class='ocrx_word' id='word_1_47' title='bbox 1311 659 1537 712; x_wconf 88' lang='lat' dir='ltr'><strong><em>carnem,</em></strong></span> <span class='ocrx_word' id='word_1_48' title='bbox 1572 654 1620 698; x_wconf 91' lang='lat' dir='ltr'><strong><em>et</em></strong></span> <span class='ocrx_word' id='word_1_49' title='bbox 1657 645 1750 699; x_wconf 79' lang='lat' dir='ltr'><strong><em>do-</em></strong></span> 
     </span>
    </p>
   </div>
   <div class='ocr_carea' id='block_1_9' title="bbox 175 714 1212 771">
    <p class='ocr_par' dir='ltr' id='par_1_9' title="bbox 175 714 1212 771">
     <span class='ocr_line' id='line_1_9' title="bbox 175 714 1212 771; baseline 0 -3"><span class='ocrx_word' id='word_1_50' title='bbox 175 715 368 770; x_wconf 80' lang='lat' dir='ltr'><strong><em>minatus</em></strong></span> <span class='ocrx_word' id='word_1_51' title='bbox 396 726 471 769; x_wconf 86' lang='lat' dir='ltr'><strong><em>est</em></strong></span> <span class='ocrx_word' id='word_1_52' title='bbox 505 716 798 770; x_wconf 78' lang='lat' dir='ltr'><strong><em>bestiarum</em></strong></span> <span class='ocrx_word' id='word_1_53' title='bbox 828 725 874 768; x_wconf 81' lang='lat' dir='ltr'><strong><em>et</em></strong></span> <span class='ocrx_word' id='word_1_54' title='bbox 904 714 1212 771; x_wconf 81' lang='lat' dir='ltr'><strong><em>volatilium.</em></strong></span> 
     </span>
    </p>
   </div>
   <div class='ocr_carea' id='block_1_10' title="bbox 231 785 1747 856">
    <p class='ocr_par' dir='ltr' id='par_1_10' title="bbox 231 785 1747 856">
     <span class='ocr_line' id='line_1_10' title="bbox 231 785 1747 856; baseline -0.001 -16"><span class='ocrx_word' id='word_1_55' title='bbox 231 786 412 840; x_wconf 74' lang='lat' dir='ltr'><strong><em>Creavit</em></strong></span> <span class='ocrx_word' id='word_1_56' title='bbox 462 803 526 841; x_wconf 66' lang='lat' dir='ltr'><strong><em>ac</em></strong></span> <span class='ocrx_word' id='word_1_57' title='bbox 557 789 677 856; x_wconf 88' lang='lat' dir='ltr'><strong><em>ipso</em></strong></span> <span class='ocrx_word' id='word_1_58' title='bbox 707 787 1032 856; x_wconf 85' lang='lat' dir='ltr'><strong><em>adjutorium</em></strong></span> <span class='ocrx_word' id='word_1_59' title='bbox 1069 785 1238 838; x_wconf 80' lang='lat' dir='ltr'><strong><em>simile</em></strong></span> <span class='ocrx_word' id='word_1_60' title='bbox 1275 785 1375 838; x_wconf 89' lang='lat' dir='ltr'><strong><em>sibi</em></strong></span> <span class='ocrx_word' id='word_1_61' title='bbox 1402 801 1419 838; x_wconf 92' lang='grc'><strong><em>.·</em></strong></span> <span class='ocrx_word' id='word_1_62' title='bbox 1449 786 1747 852; x_wconf 74' lang='lat' dir='ltr'><strong><em>consilium,</em></strong></span> 
     </span>
    </p>
   </div>
   <div class='ocr_carea' id='block_1_11' title="bbox 176 856 1750 928">
    <p class='ocr_par' dir='ltr' id='par_1_11' title="bbox 176 856 1750 928">
     <span class='ocr_line' id='line_1_11' title="bbox 176 856 1750 928; baseline -0.001 -17"><span class='ocrx_word' id='word_1_63' title='bbox 176 867 212 911; x_wconf 85' lang='lat' dir='ltr'><strong><em>et</em></strong></span> <span class='ocrx_word' id='word_1_64' title='bbox 239 857 487 928; x_wconf 82' lang='lat' dir='ltr'><strong><em>linguam,</em></strong></span> <span class='ocrx_word' id='word_1_65' title='bbox 511 869 560 910; x_wconf 88' lang='lat' dir='ltr'><strong><em>et</em></strong></span> <span class='ocrx_word' id='word_1_66' title='bbox 591 857 797 928; x_wconf 78' lang='lat' dir='ltr'><strong><em>oculos,</em></strong></span> <span class='ocrx_word' id='word_1_67' title='bbox 830 869 875 910; x_wconf 87' lang='lat' dir='ltr'><strong><em>et</em></strong></span> <span class='ocrx_word' id='word_1_68' title='bbox 901 873 1075 928; x_wconf 83' lang='lat' dir='ltr'><strong><em>aures.</em></strong></span> <span class='ocrx_word' id='word_1_69' title='bbox 1104 867 1150 909; x_wconf 90' lang='lat' dir='ltr'><strong><em>et</em></strong></span> <span class='ocrx_word' id='word_1_70' title='bbox 1177 872 1264 908; x_wconf 87' lang='lat' dir='ltr'><strong><em>cor</em></strong></span> <span class='ocrx_word' id='word_1_71' title='bbox 1292 856 1436 928; x_wconf 86' lang='lat' dir='ltr'><strong><em>dedit</em></strong></span> <span class='ocrx_word' id='word_1_72' title='bbox 1458 857 1565 910; x_wconf 85' lang='lat' dir='ltr'><strong><em>illis</em></strong></span> <span class='ocrx_word' id='word_1_73' title='bbox 1596 873 1750 912; x_wconf 69' lang='lat' dir='ltr'><strong><em>exco—</em></strong></span> 
     </span>
    </p>
   </div>
   <div class='ocr_carea' id='block_1_12' title="bbox 177 921 1502 1000">
    <p class='ocr_par' dir='ltr' id='par_1_12' title="bbox 177 921 1502 1000">
     <span class='ocr_line' id='line_1_12' title="bbox 177 921 1502 1000; baseline -0.001 -19"><span class='ocrx_word' id='word_1_74' title='bbox 177 921 372 1000; x_wconf 58' lang='lat' dir='ltr'><strong><em>gitardi,</em></strong></span> <span class='ocrx_word' id='word_1_75' title='bbox 405 939 453 982; x_wconf 90' lang='lat' dir='ltr'><strong><em>et</em></strong></span> <span class='ocrx_word' id='word_1_76' title='bbox 476 921 771 997; x_wconf 74' lang='lat' dir='ltr'><strong><em>disciplina</em></strong></span> <span class='ocrx_word' id='word_1_77' title='bbox 799 925 1086 981; x_wconf 73' lang='lat' dir='ltr'><strong><em>intellectus</em></strong></span> <span class='ocrx_word' id='word_1_78' title='bbox 1118 928 1334 996; x_wconf 81' lang='lat' dir='ltr'><strong><em>replevit</em></strong></span> <span class='ocrx_word' id='word_1_79' title='bbox 1357 927 1502 980; x_wconf 89' lang='lat' dir='ltr'><strong><em>illos.</em></strong></span> 
     </span>
    </p>
   </div>
   <div class='ocr_carea' id='block_1_13' title="bbox 234 997 1750 1068">
    <p class='ocr_par' dir='ltr' id='par_1_13' title="bbox 234 997 1750 1068">
     <span class='ocr_line' id='line_1_13' title="bbox 234 997 1750 1068; baseline -0.001 -14"><span class='ocrx_word' id='word_1_80' title='bbox 234 997 422 1054; x_wconf 76' lang='lat' dir='ltr'><strong><em>Creacit</em></strong></span> <span class='ocrx_word' id='word_1_81' title='bbox 451 1001 563 1054; x_wconf 90' lang='lat' dir='ltr'><strong><em>illis</em></strong></span> <span class='ocrx_word' id='word_1_82' title='bbox 603 1001 879 1053; x_wconf 73' lang='lat' dir='ltr'><strong><em>scientiam</em></strong></span> <span class='ocrx_word' id='word_1_83' title='bbox 917 1000 1156 1068; x_wconf 88' lang='lat' dir='ltr'><strong><em>spiritus,</em></strong></span> <span class='ocrx_word' id='word_1_84' title='bbox 1194 1014 1348 1052; x_wconf 87' lang='lat' dir='ltr'><strong><em>sensu</em></strong></span> <span class='ocrx_word' id='word_1_85' title='bbox 1390 997 1618 1067; x_wconf 82' lang='lat' dir='ltr'><strong><em>implevit</em></strong></span> <span class='ocrx_word' id='word_1_86' title='bbox 1661 1014 1750 1068; x_wconf 82' lang='lat' dir='ltr'><strong><em>cor</em></strong></span> 
     </span>
    </p>
   </div>
   <div class='ocr_carea' id='block_1_14' title="bbox 176 1068 1279 1136">
    <p class='ocr_par' dir='ltr' id='par_1_14' title="bbox 176 1068 1279 1136">
     <span class='ocr_line' id='line_1_14' title="bbox 176 1068 1279 1136; baseline -0.003 -11"><span class='ocrx_word' id='word_1_87' title='bbox 176 1071 381 1136; x_wconf 79' lang='lat' dir='ltr'><strong><em>illorum,</em></strong></span> <span class='ocrx_word' id='word_1_88' title='bbox 419 1081 466 1124; x_wconf 88' lang='lat' dir='ltr'><strong><em>et</em></strong></span> <span class='ocrx_word' id='word_1_89' title='bbox 493 1070 636 1123; x_wconf 87' lang='lat' dir='ltr'><strong><em>mala</em></strong></span> <span class='ocrx_word' id='word_1_90' title='bbox 671 1079 717 1124; x_wconf 88' lang='lat' dir='ltr'><strong><em>et</em></strong></span> <span class='ocrx_word' id='word_1_91' title='bbox 745 1071 879 1123; x_wconf 83' lang='lat' dir='ltr'><strong><em>bona</em></strong></span> <span class='ocrx_word' id='word_1_92' title='bbox 899 1069 1124 1124; x_wconf 85' lang='lat' dir='ltr'><strong><em>ostendit</em></strong></span> <span class='ocrx_word' id='word_1_93' title='bbox 1152 1068 1279 1123; x_wconf 89' lang='lat' dir='ltr'><strong><em>illis.</em></strong></span> 
     </span>
    </p>
   </div>
   <div class='ocr_carea' id='block_1_15' title="bbox 237 1139 1754 1210">
    <p class='ocr_par' dir='ltr' id='par_1_15' title="bbox 237 1139 1754 1210">
     <span class='ocr_line' id='line_1_15' title="bbox 237 1139 1754 1210; baseline 0.002 -17"><span class='ocrx_word' id='word_1_94' title='bbox 237 1139 408 1194; x_wconf 82' lang='lat' dir='ltr'><strong><em>Posuit</em></strong></span> <span class='ocrx_word' id='word_1_95' title='bbox 439 1142 654 1210; x_wconf 84' lang='lat' dir='ltr'><strong><em>oculum</em></strong></span> <span class='ocrx_word' id='word_1_96' title='bbox 695 1157 847 1210; x_wconf 81' lang='lat' dir='ltr'><strong><em>suum</em></strong></span> <span class='ocrx_word' id='word_1_97' title='bbox 877 1157 1030 1210; x_wconf 92' lang='lat' dir='ltr'><strong><em>super</em></strong></span> <span class='ocrx_word' id='word_1_98' title='bbox 1055 1140 1215 1194; x_wconf 88' lang='lat' dir='ltr'><strong><em>corda</em></strong></span> <span class='ocrx_word' id='word_1_99' title='bbox 1241 1140 1453 1202; x_wconf 77' lang='lat' dir='ltr'><strong><em>illorum</em></strong></span> <span class='ocrx_word' id='word_1_100' title='bbox 1481 1140 1754 1196; x_wconf 87' lang='lat' dir='ltr'><strong><em>ostendere</em></strong></span> 
     </span>
    </p>
   </div>
   <div class='ocr_carea' id='block_1_16' title="bbox 177 1207 1585 1285">
    <p class='ocr_par' dir='ltr' id='par_1_16' title="bbox 177 1207 1585 1285">
     <span class='ocr_line' id='line_1_16' title="bbox 177 1207 1585 1285; baseline 0.001 -22"><span class='ocrx_word' id='word_1_101' title='bbox 177 1212 334 1285; x_wconf 93' lang='lat' dir='ltr'><strong><em>et</em></strong></span> <span class='ocrx_word' id='word_1_102' title='bbox 361 1209 655 1282; x_wconf 77' lang='lat' dir='ltr'><strong><em>ostendere]</em></strong></span> <span class='ocrx_word' id='word_1_103' title='bbox 681 1207 787 1285; x_wconf 76' lang='lat' dir='ltr'><strong><em>illis</em></strong></span> <span class='ocrx_word' id='word_1_104' title='bbox 813 1207 1321 1285; x_wconf 7' lang='lat' dir='ltr'><strong><em>magnaliagoperum</em></strong></span> <span class='ocrx_word' id='word_1_105' title='bbox 1350 1226 1585 1285; x_wconf 76' lang='lat' dir='ltr'><strong><em>suorum,</em></strong></span> 
     </span>
    </p>
   </div>
   <div class='ocr_carea' id='block_1_17' title="bbox 239 1282 1750 1352">
    <p class='ocr_par' dir='ltr' id='par_1_17' title="bbox 239 1282 1750 1352">
     <span class='ocr_line' id='line_1_17' title="bbox 239 1282 1750 1352; baseline -0.001 -15"><span class='ocrx_word' id='word_1_106' title='bbox 239 1283 301 1337; x_wconf 82' lang='lat' dir='ltr'><strong><em>Ut</em></strong></span> <span class='ocrx_word' id='word_1_107' title='bbox 326 1299 511 1336; x_wconf 81' lang='lat' dir='ltr'><strong><em>nomen</em></strong></span> <span class='ocrx_word' id='word_1_108' title='bbox 541 1282 971 1351; x_wconf 83' lang='lat' dir='ltr'><strong><em>sanctiﬁcationis</em></strong></span> <span class='ocrx_word' id='word_1_109' title='bbox 999 1282 1307 1352; x_wconf 82' lang='lat' dir='ltr'><strong><em>collaudent</em></strong></span> <span class='ocrx_word' id='word_1_110' title='bbox 1333 1297 1354 1335; x_wconf 91' lang='lat'><strong><em>:</em></strong></span> <span class='ocrx_word' id='word_1_111' title='bbox 1373 1295 1419 1336; x_wconf 88' lang='lat' dir='ltr'><strong><em>et</em></strong></span> <span class='ocrx_word' id='word_1_112' title='bbox 1452 1283 1668 1352; x_wconf 82' lang='lat' dir='ltr'><strong><em>gloriari</em></strong></span> <span class='ocrx_word' id='word_1_113' title='bbox 1694 1283 1750 1336; x_wconf 79' lang='lat' dir='ltr'><strong><em>in</em></strong></span> 
     </span>
    </p>
   </div>
   <div class='ocr_carea' id='block_1_18' title="bbox 176 1351 1749 1426">
    <p class='ocr_par' dir='ltr' id='par_1_18' title="bbox 176 1351 1749 1426">
     <span class='ocr_line' id='line_1_18' title="bbox 176 1351 1749 1426; baseline 0.001 -19"><span class='ocrx_word' id='word_1_114' title='bbox 176 1355 477 1426; x_wconf 74' lang='lat' dir='ltr'><strong><em>mirabilibus</em></strong></span> <span class='ocrx_word' id='word_1_115' title='bbox 507 1355 678 1426; x_wconf 72' lang='lat' dir='ltr'><strong><em>illius,</em></strong></span> <span class='ocrx_word' id='word_1_116' title='bbox 708 1363 765 1426; x_wconf 80' lang='lat' dir='ltr'><strong><em>ut</em></strong></span> <span class='ocrx_word' id='word_1_117' title='bbox 795 1351 1062 1426; x_wconf 76' lang='lat' dir='ltr'><strong><em>magnalia</em></strong></span> <span class='ocrx_word' id='word_1_118' title='bbox 1100 1362 1345 1426; x_wconf 82' lang='lat' dir='ltr'><strong><em>enarrent</em></strong></span> <span class='ocrx_word' id='word_1_119' title='bbox 1378 1351 1600 1426; x_wconf 80' lang='lat' dir='ltr'><strong><em>operum</em></strong></span> <span class='ocrx_word' id='word_1_120' title='bbox 1618 1354 1749 1423; x_wconf 79' lang='lat' dir='ltr'><strong><em>ejus.</em></strong></span> 
     </span>
    </p>
   </div>
   <div class='ocr_carea' id='block_1_19' title="bbox 235 1423 1750 1496">
    <p class='ocr_par' dir='ltr' id='par_1_19' title="bbox 235 1423 1750 1496">
     <span class='ocr_line' id='line_1_19' title="bbox 235 1423 1750 1496; baseline -0.001 -18"><span class='ocrx_word' id='word_1_121' title='bbox 235 1423 446 1479; x_wconf 80' lang='lat' dir='ltr'><strong><em>Addidit</em></strong></span> <span class='ocrx_word' id='word_1_122' title='bbox 473 1426 581 1479; x_wconf 90' lang='lat' dir='ltr'><strong><em>illis</em></strong></span> <span class='ocrx_word' id='word_1_123' title='bbox 617 1423 972 1496; x_wconf 81' lang='lat' dir='ltr'><strong><em>disciplinam,</em></strong></span> <span class='ocrx_word' id='word_1_124' title='bbox 1020 1434 1066 1478; x_wconf 91' lang='lat' dir='ltr'><strong><em>et</em></strong></span> <span class='ocrx_word' id='word_1_125' title='bbox 1093 1424 1254 1495; x_wconf 88' lang='lat' dir='ltr'><strong><em>legem</em></strong></span> <span class='ocrx_word' id='word_1_126' title='bbox 1283 1425 1401 1478; x_wconf 78' lang='lat' dir='ltr'><strong><em>vita:</em></strong></span> <span class='ocrx_word' id='word_1_127' title='bbox 1428 1424 1750 1479; x_wconf 74' lang='lat' dir='ltr'><strong><em>hwreditavit</em></strong></span> 
     </span>
    </p>
   </div>
   <div class='ocr_carea' id='block_1_20' title="bbox 171 1498 299 1551">
    <p class='ocr_par' dir='ltr' id='par_1_20' title="bbox 171 1498 299 1551">
     <span class='ocr_line' id='line_1_20' title="bbox 171 1498 299 1551; baseline 0.016 -2"><span class='ocrx_word' id='word_1_128' title='bbox 171 1498 299 1551; x_wconf 88' lang='lat' dir='ltr'><strong><em>illos.</em></strong></span> 
     </span>
    </p>
   </div>
   <div class='ocr_carea' id='block_1_21' title="bbox 234 1562 1750 1638">
    <p class='ocr_par' dir='ltr' id='par_1_21' title="bbox 234 1562 1750 1638">
     <span class='ocr_line' id='line_1_21' title="bbox 234 1562 1750 1638; baseline 0 -18"><span class='ocrx_word' id='word_1_129' title='bbox 234 1565 609 1621; x_wconf 74' lang='lat' dir='ltr'><strong><em>Testamentum</em></strong></span> <span class='ocrx_word' id='word_1_130' title='bbox 639 1572 886 1619; x_wconf 81' lang='lat' dir='ltr'><strong><em>teternum</em></strong></span> <span class='ocrx_word' id='word_1_131' title='bbox 914 1563 1180 1638; x_wconf 78' lang='lat' dir='ltr'><strong><em>constituit</em></strong></span> <span class='ocrx_word' id='word_1_132' title='bbox 1200 1578 1318 1617; x_wconf 90' lang='lat' dir='ltr'><strong><em>cum</em></strong></span> <span class='ocrx_word' id='word_1_133' title='bbox 1352 1562 1489 1629; x_wconf 85' lang='lat' dir='ltr'><strong><em>illis,</em></strong></span> <span class='ocrx_word' id='word_1_134' title='bbox 1520 1574 1569 1619; x_wconf 92' lang='lat' dir='ltr'><strong><em>et</em></strong></span> <span class='ocrx_word' id='word_1_135' title='bbox 1589 1567 1750 1638; x_wconf 85' lang='lat' dir='ltr'><strong><em>justi-</em></strong></span> 
     </span>
    </p>
   </div>
   <div class='ocr_carea' id='block_1_22' title="bbox 174 1634 1121 1709">
    <p class='ocr_par' dir='ltr' id='par_1_22' title="bbox 174 1634 1121 1709">
     <span class='ocr_line' id='line_1_22' title="bbox 174 1634 1121 1709; baseline -0.003 -18"><span class='ocrx_word' id='word_1_136' title='bbox 174 1640 287 1709; x_wconf 63' lang='lat' dir='ltr'><strong><em>tiam</em></strong></span> <span class='ocrx_word' id='word_1_137' title='bbox 319 1649 364 1692; x_wconf 91' lang='lat' dir='ltr'><strong><em>et</em></strong></span> <span class='ocrx_word' id='word_1_138' title='bbox 383 1638 594 1709; x_wconf 80' lang='lat' dir='ltr'><strong><em>judicia</em></strong></span> <span class='ocrx_word' id='word_1_139' title='bbox 622 1652 717 1709; x_wconf 82' lang='lat' dir='ltr'><strong><em>sua</em></strong></span> <span class='ocrx_word' id='word_1_140' title='bbox 747 1634 970 1709; x_wconf 77' lang='lat' dir='ltr'><strong><em>ostendit</em></strong></span> <span class='ocrx_word' id='word_1_141' title='bbox 998 1635 1121 1709; x_wconf 86' lang='lat' dir='ltr'><strong><em>illis.</em></strong></span> 
     </span>
    </p>
   </div>
   <div class='ocr_carea' id='block_1_23' title="bbox 1857 433 3447 508">
    <p class='ocr_par' dir='ltr' id='par_1_23' title="bbox 1857 433 3447 508">
     <span class='ocr_line' id='line_1_23' title="bbox 1857 433 3447 508; baseline 0.003 -22"><span class='ocrx_word' id='word_1_142' title='bbox 1857 434 1983 508; x_wconf 85' lang='lat' dir='ltr'><strong><em>anni</em></strong></span> <span class='ocrx_word' id='word_1_143' title='bbox 2010 473 2028 508; x_wconf 85' lang='lat'><strong><em>,_</em></strong></span> <span class='ocrx_word' id='word_1_144' title='bbox 2057 434 2208 502; x_wconf 88' lang='lat' dir='ltr'><strong><em>quasi</em></strong></span> <span class='ocrx_word' id='word_1_145' title='bbox 2233 441 2383 508; x_wconf 84' lang='lat' dir='ltr'><strong><em>gutta</em></strong></span> <span class='ocrx_word' id='word_1_146' title='bbox 2409 449 2558 504; x_wconf 74' lang='lat' dir='ltr'><strong><em>aqua</em></strong></span> <span class='ocrx_word' id='word_1_147' title='bbox 2585 433 3006 508; x_wconf 76' lang='lat' dir='ltr'><strong><em>nutrisdeputati</em></strong></span> <span class='ocrx_word' id='word_1_148' title='bbox 3045 445 3164 508; x_wconf 84' lang='lat' dir='ltr'><strong><em>sunt</em></strong></span> <span class='ocrx_word' id='word_1_149' title='bbox 3188 451 3205 486; x_wconf 89' lang='lat'><strong><em>:</em></strong></span> <span class='ocrx_word' id='word_1_150' title='bbox 3235 444 3284 488; x_wconf 90' lang='lat' dir='ltr'><strong><em>et</em></strong></span> <span class='ocrx_word' id='word_1_151' title='bbox 3312 437 3447 491; x_wconf 80' lang='lat' dir='ltr'><strong><em>sicut</em></strong></span> 
     </span>
    </p>
   </div>
   <div class='ocr_carea' id='block_1_24' title="bbox 1857 503 3096 575">
    <p class='ocr_par' dir='ltr' id='par_1_24' title="bbox 1857 503 3096 575">
     <span class='ocr_line' id='line_1_24' title="bbox 1857 503 3096 575; baseline 0 -19"><span class='ocrx_word' id='word_1_152' title='bbox 1857 503 2094 575; x_wconf 67' lang='lat' dir='ltr'><strong><em>calculus</em></strong></span> <span class='ocrx_word' id='word_1_153' title='bbox 2123 521 2316 568; x_wconf 80' lang='lat' dir='ltr'><strong><em>arente,</em></strong></span> <span class='ocrx_word' id='word_1_154' title='bbox 2345 507 2417 558; x_wconf 87' lang='lat' dir='ltr'><strong><em>sic</em></strong></span> <span class='ocrx_word' id='word_1_155' title='bbox 2439 503 2614 575; x_wconf 70' lang='lat' dir='ltr'><strong><em>exigui</em></strong></span> <span class='ocrx_word' id='word_1_156' title='bbox 2641 507 2766 558; x_wconf 88' lang='lat' dir='ltr'><strong><em>anni</em></strong></span> <span class='ocrx_word' id='word_1_157' title='bbox 2794 503 2847 558; x_wconf 82' lang='lat' dir='ltr'><strong><em>in</em></strong></span> <span class='ocrx_word' id='word_1_158' title='bbox 2873 505 2958 558; x_wconf 81' lang='lat' dir='ltr'><strong><em>die</em></strong></span> <span class='ocrx_word' id='word_1_159' title='bbox 2981 506 3096 559; x_wconf 71' lang='lat' dir='ltr'><strong><em>cui.</em></strong></span> 
     </span>
    </p>
   </div>
   <div class='ocr_carea' id='block_1_25' title="bbox 1926 573 3442 648">
    <p class='ocr_par' dir='ltr' id='par_1_25' title="bbox 1926 573 3442 648">
     <span class='ocr_line' id='line_1_25' title="bbox 1926 573 3442 648; baseline 0.005 -22"><span class='ocrx_word' id='word_1_160' title='bbox 1926 573 2150 648; x_wconf 85' lang='lat' dir='ltr'><strong><em>Propter</em></strong></span> <span class='ocrx_word' id='word_1_161' title='bbox 2174 577 2272 638; x_wconf 79' lang='lat' dir='ltr'><strong><em>hoc</em></strong></span> <span class='ocrx_word' id='word_1_162' title='bbox 2298 580 2497 646; x_wconf 88' lang='lat' dir='ltr'><strong><em>patiens</em></strong></span> <span class='ocrx_word' id='word_1_163' title='bbox 2520 573 2594 629; x_wconf 83' lang='lat' dir='ltr'><strong><em>est</em></strong></span> <span class='ocrx_word' id='word_1_164' title='bbox 2629 576 2766 630; x_wconf 81' lang='lat' dir='ltr'><strong><em>Deus</em></strong></span> <span class='ocrx_word' id='word_1_165' title='bbox 2795 576 2850 629; x_wconf 85' lang='lat' dir='ltr'><strong><em>in</em></strong></span> <span class='ocrx_word' id='word_1_166' title='bbox 2875 575 3005 640; x_wconf 83' lang='lat' dir='ltr'><strong><em>illis,</em></strong></span> <span class='ocrx_word' id='word_1_167' title='bbox 3029 584 3078 630; x_wconf 89' lang='lat' dir='ltr'><strong><em>et</em></strong></span> <span class='ocrx_word' id='word_1_168' title='bbox 3106 575 3328 644; x_wconf 74' lang='lat' dir='ltr'><strong><em>effundit</em></strong></span> <span class='ocrx_word' id='word_1_169' title='bbox 3351 594 3442 634; x_wconf 83' lang='lat' dir='ltr'><strong><em>su-</em></strong></span> 
     </span>
    </p>
   </div>
   <div class='ocr_carea' id='block_1_26' title="bbox 1851 647 2690 714">
    <p class='ocr_par' dir='ltr' id='par_1_26' title="bbox 1851 647 2690 714">
     <span class='ocr_line' id='line_1_26' title="bbox 1851 647 2690 714; baseline -0.002 -15"><span class='ocrx_word' id='word_1_170' title='bbox 1851 661 1942 714; x_wconf 87' lang='lat' dir='ltr'><strong><em>per</em></strong></span> <span class='ocrx_word' id='word_1_171' title='bbox 1969 662 2055 700; x_wconf 88' lang='lat' dir='ltr'><strong><em>eos</em></strong></span> <span class='ocrx_word' id='word_1_172' title='bbox 2082 647 2496 701; x_wconf 85' lang='lat' dir='ltr'><strong><em>misericordiam</em></strong></span> <span class='ocrx_word' id='word_1_173' title='bbox 2523 663 2690 700; x_wconf 86' lang='lat' dir='ltr'><strong><em>suam.</em></strong></span> 
     </span>
    </p>
   </div>
   <div class='ocr_carea' id='block_1_27' title="bbox 1929 715 3448 792">
    <p class='ocr_par' dir='ltr' id='par_1_27' title="bbox 1929 715 3448 792">
     <span class='ocr_line' id='line_1_27' title="bbox 1929 715 3448 792; baseline 0.004 -23"><span class='ocrx_word' id='word_1_174' title='bbox 1929 715 2075 770; x_wconf 86' lang='lat' dir='ltr'><strong><em>Vidit</em></strong></span> <span class='ocrx_word' id='word_1_175' title='bbox 2100 719 2556 792; x_wconf 73' lang='lat' dir='ltr'><strong><em>prtesumptionem</em></strong></span> <span class='ocrx_word' id='word_1_176' title='bbox 2588 719 2760 771; x_wconf 81' lang='lat' dir='ltr'><strong><em>cordis</em></strong></span> <span class='ocrx_word' id='word_1_177' title='bbox 2784 733 2980 792; x_wconf 86' lang='lat' dir='ltr'><strong><em>eorum,</em></strong></span> <span class='ocrx_word' id='word_1_178' title='bbox 3029 718 3276 792; x_wconf 85' lang='lat' dir='ltr'><strong><em>quoniam</em></strong></span> <span class='ocrx_word' id='word_1_179' title='bbox 3303 719 3448 776; x_wconf 86' lang='lat' dir='ltr'><strong><em>mala</em></strong></span> 
     </span>
    </p>
   </div>
   <div class='ocr_carea' id='block_1_28' title="bbox 1851 788 3448 858">
    <p class='ocr_par' dir='ltr' id='par_1_28' title="bbox 1851 788 3448 858">
     <span class='ocr_line' id='line_1_28' title="bbox 1851 788 3448 858; baseline 0.004 -19"><span class='ocrx_word' id='word_1_180' title='bbox 1851 794 1964 841; x_wconf 87' lang='lat' dir='ltr'><strong><em>est:</em></strong></span> <span class='ocrx_word' id='word_1_181' title='bbox 1996 797 2041 840; x_wconf 90' lang='lat' dir='ltr'><strong><em>et</em></strong></span> <span class='ocrx_word' id='word_1_182' title='bbox 2083 791 2320 858; x_wconf 77' lang='lat' dir='ltr'><strong><em>cognovit</em></strong></span> <span class='ocrx_word' id='word_1_183' title='bbox 2364 788 2745 844; x_wconf 85' lang='lat' dir='ltr'><strong><em>subverstonsm</em></strong></span> <span class='ocrx_word' id='word_1_184' title='bbox 2786 788 3050 854; x_wconf 62' lang='lat' dir='ltr'><strong><em>illorum,</em></strong></span> <span class='ocrx_word' id='word_1_185' title='bbox 3077 791 3326 858; x_wconf 86' lang='lat' dir='ltr'><strong><em>quoniam</em></strong></span> <span class='ocrx_word' id='word_1_186' title='bbox 3353 808 3448 845; x_wconf 86' lang='lat' dir='ltr'><strong><em>ue-</em></strong></span> 
     </span>
    </p>
   </div>
   <div class='ocr_carea' id='block_1_29' title="bbox 1849 867 2128 930">
    <p class='ocr_par' dir='ltr' id='par_1_29' title="bbox 1849 867 2128 930">
     <span class='ocr_line' id='line_1_29' title="bbox 1849 867 2128 930; baseline -0.004 -20"><span class='ocrx_word' id='word_1_187' title='bbox 1849 873 2005 930; x_wconf 71' lang='lat' dir='ltr'><strong><em>quant</em></strong></span> <span class='ocrx_word' id='word_1_188' title='bbox 2036 867 2108 912; x_wconf 86' lang='lat' dir='ltr'><strong><em>est</em></strong></span> <span class='ocrx_word' id='word_1_189' title='bbox 2117 897 2128 909; x_wconf 90' lang='lat'><strong><em>.</em></strong></span> 
     </span>
    </p>
   </div>
   <div class='ocr_carea' id='block_1_30' title="bbox 1869 927 3464 1001">
    <p class='ocr_par' dir='ltr' id='par_1_30' title="bbox 1869 927 3464 1001">
     <span class='ocr_line' id='line_1_30' title="bbox 1869 927 3464 1001; baseline 0.004 -21"><span class='ocrx_word' id='word_1_190' title='bbox 1869 927 1875 936; x_wconf 61' lang='lat'>‘</span> <span class='ocrx_word' id='word_1_191' title='bbox 1923 927 2054 982; x_wconf 75' lang='lat' dir='ltr'><strong><em>Ideo</em></strong></span> <span class='ocrx_word' id='word_1_192' title='bbox 2100 929 2401 998; x_wconf 84' lang='lat' dir='ltr'><strong><em>adimplevit</em></strong></span> <span class='ocrx_word' id='word_1_193' title='bbox 2453 929 2875 1001; x_wconf 82' lang='lat' dir='ltr'><strong><em>propitiationent</em></strong></span> <span class='ocrx_word' id='word_1_194' title='bbox 2913 945 3063 984; x_wconf 73' lang='lat' dir='ltr'><strong><em>suam</em></strong></span> <span class='ocrx_word' id='word_1_195' title='bbox 3109 932 3166 985; x_wconf 79' lang='lat' dir='ltr'><strong><em>in</em></strong></span> <span class='ocrx_word' id='word_1_196' title='bbox 3206 929 3359 996; x_wconf 83' lang='lat' dir='ltr'><strong><em>illis,</em></strong></span> <span class='ocrx_word' id='word_1_197' title='bbox 3398 934 3464 986; x_wconf 83' lang='lat' dir='ltr'><strong><em>et‘</em></strong></span> 
     </span>
    </p>
   </div>
   <div class='ocr_carea' id='block_1_31' title="bbox 1852 1000 2657 1070">
    <p class='ocr_par' dir='ltr' id='par_1_31' title="bbox 1852 1000 2657 1070">
     <span class='ocr_line' id='line_1_31' title="bbox 1852 1000 2657 1070; baseline 0.004 -20"><span class='ocrx_word' id='word_1_198' title='bbox 1852 1001 2080 1053; x_wconf 85' lang='lat' dir='ltr'><strong><em>ostendit</em></strong></span> <span class='ocrx_word' id='word_1_199' title='bbox 2109 1003 2182 1054; x_wconf 80' lang='lat' dir='ltr'><strong><em>eis</em></strong></span> <span class='ocrx_word' id='word_1_200' title='bbox 2213 1001 2348 1066; x_wconf 79' lang='lat' dir='ltr'><strong><em>viam</em></strong></span> <span class='ocrx_word' id='word_1_201' title='bbox 2374 1000 2657 1070; x_wconf 51' lang='lat' dir='ltr'><strong><em>aequitatis.</em></strong></span> 
     </span>
    </p>
   </div>
   <div class='ocr_carea' id='block_1_32' title="bbox 1924 1069 3448 1141">
    <p class='ocr_par' dir='ltr' id='par_1_32' title="bbox 1924 1069 3448 1141">
     <span class='ocr_line' id='line_1_32' title="bbox 1924 1069 3448 1141; baseline 0.004 -18"><span class='ocrx_word' id='word_1_202' title='bbox 1924 1069 2195 1124; x_wconf 79' lang='lat' dir='ltr'><strong><em>Miseratio</em></strong></span> <span class='ocrx_word' id='word_1_203' title='bbox 2227 1069 2452 1141; x_wconf 77' lang='lat' dir='ltr'><strong><em>hominis</em></strong></span> <span class='ocrx_word' id='word_1_204' title='bbox 2501 1072 2643 1125; x_wconf 84' lang='lat' dir='ltr'><strong><em>circa</em></strong></span> <span class='ocrx_word' id='word_1_205' title='bbox 2678 1072 2976 1141; x_wconf 73' lang='lat' dir='ltr'><strong><em>proximum</em></strong></span> <span class='ocrx_word' id='word_1_206' title='bbox 3017 1087 3209 1128; x_wconf 85' lang='lat' dir='ltr'><strong><em>suum:</em></strong></span> <span class='ocrx_word' id='word_1_207' title='bbox 3242 1072 3448 1128; x_wconf 85' lang='lat' dir='ltr'><strong><em>miscri-</em></strong></span> 
     </span>
    </p>
   </div>
   <div class='ocr_carea' id='block_1_33' title="bbox 1851 1140 3018 1213">
    <p class='ocr_par' dir='ltr' id='par_1_33' title="bbox 1851 1140 3018 1213">
     <span class='ocr_line' id='line_1_33' title="bbox 1851 1140 3018 1213; baseline 0 -19"><span class='ocrx_word' id='word_1_208' title='bbox 1851 1142 2034 1213; x_wconf 81' lang='lat' dir='ltr'><strong><em>cordia</em></strong></span> <span class='ocrx_word' id='word_1_209' title='bbox 2058 1151 2230 1197; x_wconf 87' lang='lat' dir='ltr'><strong><em>autem</em></strong></span> <span class='ocrx_word' id='word_1_210' title='bbox 2256 1140 2532 1213; x_wconf 82' lang='lat' dir='ltr'><strong><em>Deisuper</em></strong></span> <span class='ocrx_word' id='word_1_211' title='bbox 2561 1140 2762 1212; x_wconf 86' lang='lat' dir='ltr'><strong><em>omnem</em></strong></span> <span class='ocrx_word' id='word_1_212' title='bbox 2784 1157 3018 1197; x_wconf 75' lang='lat' dir='ltr'><strong><em>carnem.</em></strong></span> 
     </span>
    </p>
   </div>
   <div class='ocr_carea' id='block_1_34' title="bbox 1928 1211 3441 1287">
    <p class='ocr_par' dir='ltr' id='par_1_34' title="bbox 1928 1211 3441 1287">
     <span class='ocr_line' id='line_1_34' title="bbox 1928 1211 3441 1287; baseline 0.004 -23"><span class='ocrx_word' id='word_1_213' title='bbox 1928 1212 2032 1278; x_wconf 92' lang='lat' dir='ltr'><strong><em>Qui</em></strong></span> <span class='ocrx_word' id='word_1_214' title='bbox 2065 1211 2474 1267; x_wconf 81' lang='lat' dir='ltr'><strong><em>misericordiam</em></strong></span> <span class='ocrx_word' id='word_1_215' title='bbox 2495 1211 2670 1278; x_wconf 74' lang='lat' dir='ltr'><strong><em>habet,</em></strong></span> <span class='ocrx_word' id='word_1_216' title='bbox 2701 1213 2869 1281; x_wconf 73' lang='lat' dir='ltr'><strong><em>decet,</em></strong></span> <span class='ocrx_word' id='word_1_217' title='bbox 2893 1224 2943 1268; x_wconf 89' lang='lat' dir='ltr'><strong><em>et</em></strong></span> <span class='ocrx_word' id='word_1_218' title='bbox 2972 1214 3144 1268; x_wconf 78' lang='lat' dir='ltr'><strong><em>erudit</em></strong></span> <span class='ocrx_word' id='word_1_219' title='bbox 3170 1214 3320 1285; x_wconf 83' lang='lat' dir='ltr'><strong><em>quasi</em></strong></span> <span class='ocrx_word' id='word_1_220' title='bbox 3338 1231 3441 1287; x_wconf 88' lang='lat' dir='ltr'><strong><em>pa-</em></strong></span> 
     </span>
    </p>
   </div>
   <div class='ocr_carea' id='block_1_35' title="bbox 1851 1288 2382 1354">
    <p class='ocr_par' dir='ltr' id='par_1_35' title="bbox 1851 1288 2382 1354">
     <span class='ocr_line' id='line_1_35' title="bbox 1851 1288 2382 1354; baseline 0.002 -17"><span class='ocrx_word' id='word_1_221' title='bbox 1851 1288 2182 1354; x_wconf 74' lang='lat' dir='ltr'><strong><em>storgregem</em></strong></span> <span class='ocrx_word' id='word_1_222' title='bbox 2207 1299 2382 1339; x_wconf 85' lang='lat' dir='ltr'><strong><em>suum.</em></strong></span> 
     </span>
    </p>
   </div>
   <div class='ocr_carea' id='block_1_36' title="bbox 1927 1353 3447 1427">
    <p class='ocr_par' dir='ltr' id='par_1_36' title="bbox 1927 1353 3447 1427">
     <span class='ocr_line' id='line_1_36' title="bbox 1927 1353 3447 1427; baseline 0.005 -20"><span class='ocrx_word' id='word_1_223' title='bbox 1927 1353 2206 1408; x_wconf 76' lang='lat' dir='ltr'><strong><em>Miseretur</em></strong></span> <span class='ocrx_word' id='word_1_224' title='bbox 2233 1354 2537 1427; x_wconf 60' lang='lat' dir='ltr'><strong><em>accipientis</em></strong></span> <span class='ocrx_word' id='word_1_225' title='bbox 2561 1354 2855 1409; x_wconf 84' lang='lat' dir='ltr'><strong><em>doctrinam</em></strong></span> <span class='ocrx_word' id='word_1_226' title='bbox 2885 1354 3256 1424; x_wconf 75' lang='lat' dir='ltr'><strong><em>miserationis,</em></strong></span> <span class='ocrx_word' id='word_1_227' title='bbox 3280 1361 3328 1410; x_wconf 86' lang='lat' dir='ltr'><strong><em>et</em></strong></span> <span class='ocrx_word' id='word_1_228' title='bbox 3354 1357 3447 1427; x_wconf 72' lang='lat' dir='ltr'><strong><em>qui</em></strong></span> 
     </span>
    </p>
   </div>
   <div class='ocr_carea' id='block_1_37' title="bbox 1853 1423 2538 1497">
    <p class='ocr_par' dir='ltr' id='par_1_37' title="bbox 1853 1423 2538 1497">
     <span class='ocr_line' id='line_1_37' title="bbox 1853 1423 2538 1497; baseline -0.003 -17"><span class='ocrx_word' id='word_1_229' title='bbox 1853 1423 2067 1497; x_wconf 77' lang='lat' dir='ltr'><strong><em>fest_inat</em></strong></span> <span class='ocrx_word' id='word_1_230' title='bbox 2091 1428 2145 1480; x_wconf 82' lang='lat' dir='ltr'><strong><em>in</em></strong></span> <span class='ocrx_word' id='word_1_231' title='bbox 2162 1423 2384 1496; x_wconf 85' lang='lat' dir='ltr'><strong><em>judiciis</em></strong></span> <span class='ocrx_word' id='word_1_232' title='bbox 2403 1428 2538 1497; x_wconf 85' lang='lat' dir='ltr'><strong><em>ejus.</em></strong></span> 
     </span>
    </p>
   </div>
   <div class='ocr_carea' id='block_1_38' title="bbox 1930 1493 3447 1567">
    <p class='ocr_par' dir='ltr' id='par_1_38' title="bbox 1930 1493 3447 1567">
     <span class='ocr_line' id='line_1_38' title="bbox 1930 1493 3447 1567; baseline 0.003 -18"><span class='ocrx_word' id='word_1_233' title='bbox 1930 1493 2038 1550; x_wconf 68' lang='lat' dir='ltr'><strong><em>Fili</em></strong></span> <span class='ocrx_word' id='word_1_234' title='bbox 2059 1539 2074 1562; x_wconf 90' lang='lat'><strong><em>,</em></strong></span> <span class='ocrx_word' id='word_1_235' title='bbox 2140 1493 2194 1550; x_wconf 78' lang='lat' dir='ltr'><strong><em>in</em></strong></span> <span class='ocrx_word' id='word_1_236' title='bbox 2225 1497 2373 1550; x_wconf 83' lang='lat' dir='ltr'><strong><em>bonis</em></strong></span> <span class='ocrx_word' id='word_1_237' title='bbox 2403 1493 2504 1551; x_wconf 76' lang='lat' dir='ltr'><strong><em>non</em></strong></span> <span class='ocrx_word' id='word_1_238' title='bbox 2532 1496 2624 1552; x_wconf 82' lang='lat' dir='ltr'><strong><em>des</em></strong></span> <span class='ocrx_word' id='word_1_239' title='bbox 2652 1495 2917 1566; x_wconf 81' lang='lat' dir='ltr'><strong><em>querelam</em></strong></span> <span class='ocrx_word' id='word_1_240' title='bbox 2935 1539 2950 1567; x_wconf 91' lang='lat'><strong><em>,</em></strong></span> <span class='ocrx_word' id='word_1_241' title='bbox 2993 1504 3043 1552; x_wconf 90' lang='lat' dir='ltr'><strong><em>et</em></strong></span> <span class='ocrx_word' id='word_1_242' title='bbox 3069 1499 3126 1554; x_wconf 85' lang='lat' dir='ltr'><strong><em>in</em></strong></span> <span class='ocrx_word' id='word_1_243' title='bbox 3155 1498 3296 1554; x_wconf 88' lang='lat' dir='ltr'><strong><em>omni</em></strong></span> <span class='ocrx_word' id='word_1_244' title='bbox 3320 1497 3447 1554; x_wconf 80' lang='lat' dir='ltr'><strong><em>data</em></strong></span> 
     </span>
    </p>
   </div>
   <div class='ocr_carea' id='block_1_39' title="bbox 1854 1568 2706 1622">
    <p class='ocr_par' dir='ltr' id='par_1_39' title="bbox 1854 1568 2706 1622">
     <span class='ocr_line' id='line_1_39' title="bbox 1854 1568 2706 1622; baseline -0.001 0"><span class='ocrx_word' id='word_1_245' title='bbox 1854 1581 1956 1622; x_wconf 84' lang='lat' dir='ltr'><strong><em>non</em></strong></span> <span class='ocrx_word' id='word_1_246' title='bbox 1982 1568 2071 1622; x_wconf 80' lang='lat' dir='ltr'><strong><em>des</em></strong></span> <span class='ocrx_word' id='word_1_247' title='bbox 2103 1568 2366 1622; x_wconf 82' lang='lat' dir='ltr'><strong><em>tristitiam</em></strong></span> <span class='ocrx_word' id='word_1_248' title='bbox 2394 1568 2531 1622; x_wconf 81' lang='lat' dir='ltr'><strong><em>verbi</em></strong></span> <span class='ocrx_word' id='word_1_249' title='bbox 2558 1569 2706 1622; x_wconf 84' lang='lat' dir='ltr'><strong><em>mali.</em></strong></span> 
     </span>
    </p>
   </div>
   <div class='ocr_carea' id='block_1_40' title="bbox 1930 1637 3447 1711">
    <p class='ocr_par' dir='ltr' id='par_1_40' title="bbox 1930 1637 3447 1711">
     <span class='ocr_line' id='line_1_40' title="bbox 1930 1637 3447 1711; baseline 0.002 -19"><span class='ocrx_word' id='word_1_250' title='bbox 1930 1637 2119 1693; x_wconf 85' lang='lat' dir='ltr'><strong><em>Nonne</em></strong></span> <span class='ocrx_word' id='word_1_251' title='bbox 2143 1638 2384 1711; x_wconf 84' lang='lat' dir='ltr'><strong><em>arderem</em></strong></span> <span class='ocrx_word' id='word_1_252' title='bbox 2411 1637 2740 1711; x_wconf 84' lang='lat' dir='ltr'><strong><em>refrigerabit</em></strong></span> <span class='ocrx_word' id='word_1_253' title='bbox 2768 1653 2856 1694; x_wconf 76' lang='lat' dir='ltr'><strong><em>ros</em></strong></span> <span class='ocrx_word' id='word_1_254' title='bbox 2873 1637 2900 1692; x_wconf 68' lang='grc'><em>2</em></span> <span class='ocrx_word' id='word_1_255' title='bbox 2937 1638 3011 1694; x_wconf 83' lang='lat' dir='ltr'><strong><em>sic</em></strong></span> <span class='ocrx_word' id='word_1_256' title='bbox 3038 1647 3086 1694; x_wconf 91' lang='lat' dir='ltr'><strong><em>et</em></strong></span> <span class='ocrx_word' id='word_1_257' title='bbox 3105 1639 3313 1695; x_wconf 71' lang='lat' dir='ltr'><strong><em>uerbum</em></strong></span> <span class='ocrx_word' id='word_1_258' title='bbox 3341 1655 3447 1695; x_wconf 88' lang='lat' dir='ltr'><strong><em>me-</em></strong></span> 
     </span>
    </p>
   </div>
   <div class='ocr_carea' id='block_1_41' title="bbox 239 1704 2368 1797">
    <p class='ocr_par' dir='ltr' id='par_1_41' title="bbox 239 1704 2368 1797">
     <span class='ocr_line' id='line_1_41' title="bbox 239 1704 2368 1797; baseline 0.001 -36"><span class='ocrx_word' id='word_1_259' title='bbox 239 1705 302 1761; x_wconf 82' lang='lat' dir='ltr'><strong><em>Et</em></strong></span> <span class='ocrx_word' id='word_1_260' title='bbox 346 1704 608 1790; x_wconf 70' lang='lat' dir='ltr'><strong><em>niagnalja</em></strong></span> <span class='ocrx_word' id='word_1_261' title='bbox 659 1705 884 1797; x_wconf 41' lang='lat' dir='ltr'><strong><em>liquoris.</em></strong></span> <span class='ocrx_word' id='word_1_262' title='bbox 909 1707 1022 1775; x_wconf 86' lang='lat' dir='ltr'><strong><em>ejus</em></strong></span> <span class='ocrx_word' id='word_1_263' title='bbox 1059 1706 1186 1797; x_wconf 74' lang='lat' dir='ltr'><strong><em>vidit</em></strong></span> <span class='ocrx_word' id='word_1_264' title='bbox 1218 1705 1406 1797; x_wconf 47' lang='lat' dir='ltr'><strong><em>oculus.</em></strong></span> <span class='ocrx_word' id='word_1_265' title='bbox 1433 1706 1674 1797; x_wconf 39' lang='lat' dir='ltr'><strong><em>illorum,</em></strong></span> <span class='ocrx_word' id='word_1_266' title='bbox 1705 1716 1752 1770; x_wconf 86' lang='lat' dir='ltr'><strong><em>et</em></strong></span> <span class='ocrx_word' id='word_1_267' title='bbox 1782 1735 1830 1797; x_wconf 65' lang='grc' dir='ltr'><strong>Β</strong></span> <span class='ocrx_word' id='word_1_268' title='bbox 1856 1709 2139 1797; x_wconf 59' lang='lat' dir='ltr'><strong><em>lius-ﬂuam</em></strong></span> <span class='ocrx_word' id='word_1_269' title='bbox 2167 1710 2368 1778; x_wconf 74' lang='lat' dir='ltr'><strong><em>datum.</em></strong></span> 
     </span>
    </p>
   </div>
   <div class='ocr_carea' id='block_1_42' title="bbox 170 1776 1753 1844">
    <p class='ocr_par' dir='ltr' id='par_1_42' title="bbox 170 1776 1753 1844">
     <span class='ocr_line' id='line_1_42' title="bbox 170 1776 1753 1844; baseline 0.001 -12"><span class='ocrx_word' id='word_1_270' title='bbox 170 1779 402 1833; x_wconf 87' lang='lat' dir='ltr'><strong><em>honorem</em></strong></span> <span class='ocrx_word' id='word_1_271' title='bbox 433 1776 580 1832; x_wconf 75' lang='lat' dir='ltr'><strong><em>vocis</em></strong></span> <span class='ocrx_word' id='word_1_272' title='bbox 611 1777 884 1832; x_wconf 87' lang='lat' dir='ltr'><strong><em>audierunt</em></strong></span> <span class='ocrx_word' id='word_1_273' title='bbox 914 1793 1062 1832; x_wconf 84' lang='lat' dir='ltr'><strong><em>aures</em></strong></span> <span class='ocrx_word' id='word_1_274' title='bbox 1098 1778 1332 1844; x_wconf 86' lang='lat' dir='ltr'><strong><em>illorum,</em></strong></span> <span class='ocrx_word' id='word_1_275' title='bbox 1359 1785 1406 1830; x_wconf 90' lang='lat' dir='ltr'><strong><em>et</em></strong></span> <span class='ocrx_word' id='word_1_276' title='bbox 1432 1776 1566 1842; x_wconf 55' lang='lat' dir='ltr'><strong><em>dixit</em></strong></span> <span class='ocrx_word' id='word_1_277' title='bbox 1589 1776 1702 1834; x_wconf 82' lang='lat' dir='ltr'><strong><em>illis</em></strong></span> <span class='ocrx_word' id='word_1_278' title='bbox 1733 1791 1753 1834; x_wconf 82' lang='lat'><strong><em>.‘</em></strong></span> 
     </span>
    </p>
   </div>
   <div class='ocr_carea' id='block_1_43' title="bbox 172 1848 912 1916">
    <p class='ocr_par' dir='ltr' id='par_1_43' title="bbox 172 1848 912 1916">
     <span class='ocr_line' id='line_1_43' title="bbox 172 1848 912 1916; baseline -0.004 -13"><span class='ocrx_word' id='word_1_279' title='bbox 172 1850 422 1904; x_wconf 80' lang='lat' dir='ltr'><strong><em>Attendite</em></strong></span> <span class='ocrx_word' id='word_1_280' title='bbox 447 1849 510 1902; x_wconf 89' lang='lat' dir='ltr'><strong><em>ab</em></strong></span> <span class='ocrx_word' id='word_1_281' title='bbox 539 1851 685 1904; x_wconf 88' lang='lat' dir='ltr'><strong><em>omni</em></strong></span> <span class='ocrx_word' id='word_1_282' title='bbox 718 1848 912 1916; x_wconf 88' lang='lat' dir='ltr'><strong><em>iniquo.</em></strong></span> 
     </span>
    </p>
   </div>
   <div class='ocr_carea' id='block_1_44' title="bbox 238 1919 1538 1989">
    <p class='ocr_par' dir='ltr' id='par_1_44' title="bbox 238 1919 1538 1989">
     <span class='ocr_line' id='line_1_44' title="bbox 238 1919 1538 1989; baseline 0.001 -15"><span class='ocrx_word' id='word_1_283' title='bbox 238 1920 303 1974; x_wconf 82' lang='lat' dir='ltr'><strong><em>Et</em></strong></span> <span class='ocrx_word' id='word_1_284' title='bbox 335 1923 595 1975; x_wconf 80' lang='lat' dir='ltr'><strong><em>mandarit</em></strong></span> <span class='ocrx_word' id='word_1_285' title='bbox 625 1920 733 1972; x_wconf 62' lang='lat' dir='ltr'><strong><em>illis</em></strong></span> <span class='ocrx_word' id='word_1_286' title='bbox 761 1920 1038 1989; x_wconf 75' lang='lat' dir='ltr'><strong><em>unicuique</em></strong></span> <span class='ocrx_word' id='word_1_287' title='bbox 1064 1919 1129 1972; x_wconf 88' lang='lat' dir='ltr'><strong><em>de</em></strong></span> <span class='ocrx_word' id='word_1_288' title='bbox 1156 1920 1395 1988; x_wconf 73' lang='lat' dir='ltr'><strong><em>proximo</em></strong></span> <span class='ocrx_word' id='word_1_289' title='bbox 1423 1934 1538 1975; x_wconf 87' lang='lat' dir='ltr'><strong><em>suo.</em></strong></span> 
     </span>
    </p>
   </div>
   <div class='ocr_carea' id='block_1_45' title="bbox 239 1990 1757 2064">
    <p class='ocr_par' dir='ltr' id='par_1_45' title="bbox 239 1990 1757 2064">
     <span class='ocr_line' id='line_1_45' title="bbox 239 1990 1757 2064; baseline 0.001 -19"><span class='ocrx_word' id='word_1_290' title='bbox 239 1990 352 2046; x_wconf 69' lang='lat' dir='ltr'><strong><em>Via</em></strong></span> <span class='ocrx_word' id='word_1_291' title='bbox 388 1991 602 2045; x_wconf 87' lang='lat' dir='ltr'><strong><em>illorum</em></strong></span> <span class='ocrx_word' id='word_1_292' title='bbox 626 2007 797 2064; x_wconf 84' lang='lat' dir='ltr'><strong><em>coram</em></strong></span> <span class='ocrx_word' id='word_1_293' title='bbox 826 1991 937 2062; x_wconf 89' lang='lat' dir='ltr'><strong><em>ipso</em></strong></span> <span class='ocrx_word' id='word_1_294' title='bbox 965 2001 1086 2046; x_wconf 89' lang='lat' dir='ltr'><strong><em>sunt</em></strong></span> <span class='ocrx_word' id='word_1_295' title='bbox 1133 2005 1345 2064; x_wconf 83' lang='lat' dir='ltr'><strong><em>semper,</em></strong></span> <span class='ocrx_word' id='word_1_296' title='bbox 1391 2007 1494 2046; x_wconf 89' lang='lat' dir='ltr'><strong><em>non</em></strong></span> <span class='ocrx_word' id='word_1_297' title='bbox 1519 1999 1636 2047; x_wconf 86' lang='lat' dir='ltr'><strong><em>sunt</em></strong></span> <span class='ocrx_word' id='word_1_298' title='bbox 1664 1991 1757 2046; x_wconf 90' lang='lat' dir='ltr'><strong><em>ab-</em></strong></span> 
     </span>
    </p>
   </div>
   <div class='ocr_carea' id='block_1_46' title="bbox 173 2063 1590 2134">
    <p class='ocr_par' dir='ltr' id='par_1_46' title="bbox 173 2063 1590 2134">
     <span class='ocr_line' id='line_1_46' title="bbox 173 2063 1590 2134; baseline -0.011 -17"><span class='ocrx_word' id='word_1_299' title='bbox 173 2080 361 2117; x_wconf 84' lang='lat' dir='ltr'><strong><em>sconsa:</em></strong></span> <span class='ocrx_word' id='word_1_300' title='bbox 389 2065 449 2116; x_wconf 87' lang='lat' dir='ltr'><strong><em>ab</em></strong></span> <span class='ocrx_word' id='word_1_301' title='bbox 480 2064 643 2116; x_wconf 90' lang='lat' dir='ltr'><strong><em>oculis</em></strong></span> <span class='ocrx_word' id='word_1_302' title='bbox 679 2063 866 2134; x_wconf 80' lang='lat' dir='ltr'><strong><em>ipsius.</em></strong></span> <span class='ocrx_word' id='word_1_303' title='bbox 1240 2063 1264 2134; x_wconf 61' lang='lat'><strong><em>&#39;_</em></strong></span> <span class='ocrx_word' id='word_1_304' title='bbox 1581 2094 1590 2101; x_wconf 96' lang='lat'><strong><em>.</em></strong></span> 
     </span>
    </p>
   </div>
   <div class='ocr_carea' id='block_1_47' title="bbox 236 2132 1581 2204">
    <p class='ocr_par' dir='ltr' id='par_1_47' title="bbox 236 2132 1581 2204">
     <span class='ocr_line' id='line_1_47' title="bbox 236 2132 1581 2204; baseline 0.001 -17"><span class='ocrx_word' id='word_1_305' title='bbox 236 2137 301 2188; x_wconf 89' lang='lat' dir='ltr'><strong><em>In</em></strong></span> <span class='ocrx_word' id='word_1_306' title='bbox 334 2132 748 2201; x_wconf 63' lang='lat' dir='ltr'><strong><em>unamquamque</em></strong></span> <span class='ocrx_word' id='word_1_307' title='bbox 772 2142 971 2204; x_wconf 83' lang='lat' dir='ltr'><strong><em>gentem</em></strong></span> <span class='ocrx_word' id='word_1_308' title='bbox 1003 2132 1286 2204; x_wconf 65' lang='lat' dir='ltr'><strong><em>praeposuit</em></strong></span> <span class='ocrx_word' id='word_1_309' title='bbox 1307 2139 1581 2189; x_wconf 86' lang='lat' dir='ltr'><strong><em>rectorem.</em></strong></span> 
     </span>
    </p>
   </div>
   <div class='ocr_carea' id='block_1_48' title="bbox 241 2203 1382 2277">
    <p class='ocr_par' dir='ltr' id='par_1_48' title="bbox 241 2203 1382 2277">
     <span class='ocr_line' id='line_1_48' title="bbox 241 2203 1382 2277; baseline -0.001 -19"><span class='ocrx_word' id='word_1_310' title='bbox 241 2205 302 2258; x_wconf 78' lang='lat' dir='ltr'><strong><em>Et</em></strong></span> <span class='ocrx_word' id='word_1_311' title='bbox 325 2223 446 2277; x_wconf 91' lang='lat' dir='ltr'><strong><em>pars</em></strong></span> <span class='ocrx_word' id='word_1_312' title='bbox 475 2205 596 2268; x_wconf 88' lang='lat' dir='ltr'><strong><em>Dei,</em></strong></span> <span class='ocrx_word' id='word_1_313' title='bbox 632 2203 802 2277; x_wconf 65' lang='lat' dir='ltr'><strong><em>Israel</em></strong></span> <span class='ocrx_word' id='word_1_314' title='bbox 827 2207 965 2274; x_wconf 87' lang='lat' dir='ltr'><strong><em>facta</em></strong></span> <span class='ocrx_word' id='word_1_315' title='bbox 990 2212 1064 2277; x_wconf 80' lang='lat' dir='ltr'><strong><em>est</em></strong></span> <span class='ocrx_word' id='word_1_316' title='bbox 1086 2203 1382 2277; x_wconf 70' lang='lat' dir='ltr'><strong><em>manifesta.</em></strong></span> 
     </span>
    </p>
   </div>
   <div class='ocr_carea' id='block_1_49' title="bbox 240 2273 1755 2346">
    <p class='ocr_par' dir='ltr' id='par_1_49' title="bbox 240 2273 1755 2346">
     <span class='ocr_line' id='line_1_49' title="bbox 240 2273 1755 2346; baseline -0.001 -16"><span class='ocrx_word' id='word_1_317' title='bbox 240 2277 306 2330; x_wconf 79' lang='lat' dir='ltr'><strong><em>Et</em></strong></span> <span class='ocrx_word' id='word_1_318' title='bbox 325 2273 507 2330; x_wconf 75' lang='lat' dir='ltr'><strong><em>omnia</em></strong></span> <span class='ocrx_word' id='word_1_319' title='bbox 535 2292 694 2346; x_wconf 87' lang='lat' dir='ltr'><strong><em>opera</em></strong></span> <span class='ocrx_word' id='word_1_320' title='bbox 725 2273 935 2332; x_wconf 88' lang='lat' dir='ltr'><strong><em>illorum</em></strong></span> <span class='ocrx_word' id='word_1_321' title='bbox 961 2275 1098 2326; x_wconf 86' lang='lat' dir='ltr'><strong><em>velut</em></strong></span> <span class='ocrx_word' id='word_1_322' title='bbox 1127 2274 1208 2346; x_wconf 90' lang='lat' dir='ltr'><strong><em>sol</em></strong></span> <span class='ocrx_word' id='word_1_323' title='bbox 1239 2275 1293 2326; x_wconf 88' lang='lat' dir='ltr'><strong><em>in</em></strong></span> <span class='ocrx_word' id='word_1_324' title='bbox 1317 2285 1591 2345; x_wconf 82' lang='lat' dir='ltr'><strong><em>conspectu</em></strong></span> <span class='ocrx_word' id='word_1_325' title='bbox 1623 2273 1755 2330; x_wconf 88' lang='lat' dir='ltr'><strong><em>Dei:</em></strong></span> 
     </span>
    </p>
   </div>
   <div class='ocr_carea' id='block_1_50' title="bbox 173 2345 1755 2420">
    <p class='ocr_par' dir='ltr' id='par_1_50' title="bbox 173 2345 1755 2420">
     <span class='ocr_line' id='line_1_50' title="bbox 173 2345 1755 2420; baseline 0.001 -21"><span class='ocrx_word' id='word_1_326' title='bbox 173 2359 214 2400; x_wconf 80' lang='lat' dir='ltr'><strong><em>et</em></strong></span> <span class='ocrx_word' id='word_1_327' title='bbox 252 2350 384 2402; x_wconf 88' lang='lat' dir='ltr'><strong><em>oculi</em></strong></span> <span class='ocrx_word' id='word_1_328' title='bbox 431 2351 544 2420; x_wconf 84' lang='lat' dir='ltr'><strong><em>ejus</em></strong></span> <span class='ocrx_word' id='word_1_329' title='bbox 572 2345 705 2401; x_wconf 80' lang='lat' dir='ltr'><strong><em>sine</em></strong></span> <span class='ocrx_word' id='word_1_330' title='bbox 754 2346 1136 2399; x_wconf 85' lang='lat' dir='ltr'><strong><em>intermissione</em></strong></span> <span class='ocrx_word' id='word_1_331' title='bbox 1171 2345 1504 2417; x_wconf 86' lang='lat' dir='ltr'><strong><em>inspicientes</em></strong></span> <span class='ocrx_word' id='word_1_332' title='bbox 1554 2349 1608 2400; x_wconf 90' lang='lat' dir='ltr'><strong><em>in</em></strong></span> <span class='ocrx_word' id='word_1_333' title='bbox 1663 2348 1755 2401; x_wconf 80' lang='lat' dir='ltr'><strong><em>riis</em></strong></span> 
     </span>
    </p>
   </div>
   <div class='ocr_carea' id='block_1_51' title="bbox 174 2433 365 2473">
    <p class='ocr_par' dir='ltr' id='par_1_51' title="bbox 174 2433 365 2473">
     <span class='ocr_line' id='line_1_51' title="bbox 174 2433 365 2473; baseline 0.01 -2"><span class='ocrx_word' id='word_1_334' title='bbox 174 2433 344 2472; x_wconf 82' lang='lat' dir='ltr'><strong><em>eorum</em></strong></span> <span class='ocrx_word' id='word_1_335' title='bbox 351 2459 365 2473; x_wconf 82' lang='lat'><strong><em>.</em></strong></span> 
     </span>
    </p>
   </div>
   <div class='ocr_carea' id='block_1_52' title="bbox 241 2487 1748 2559">
    <p class='ocr_par' dir='ltr' id='par_1_52' title="bbox 241 2487 1748 2559">
     <span class='ocr_line' id='line_1_52' title="bbox 241 2487 1748 2559; baseline -0.003 -15"><span class='ocrx_word' id='word_1_336' title='bbox 241 2490 362 2544; x_wconf 83' lang='lat' dir='ltr'><strong><em>Non</em></strong></span> <span class='ocrx_word' id='word_1_337' title='bbox 403 2498 524 2545; x_wconf 88' lang='lat' dir='ltr'><strong><em>sunt</em></strong></span> <span class='ocrx_word' id='word_1_338' title='bbox 565 2489 816 2559; x_wconf 77' lang='lat' dir='ltr'><strong><em>abscousa</em></strong></span> <span class='ocrx_word' id='word_1_339' title='bbox 844 2495 1146 2541; x_wconf 86' lang='lat' dir='ltr'><strong><em>testamenta</em></strong></span> <span class='ocrx_word' id='word_1_340' title='bbox 1183 2502 1278 2559; x_wconf 87' lang='lat' dir='ltr'><strong><em>per</em></strong></span> <span class='ocrx_word' id='word_1_341' title='bbox 1315 2487 1615 2557; x_wconf 82' lang='lat' dir='ltr'><strong><em>iniquitates</em></strong></span> <span class='ocrx_word' id='word_1_342' title='bbox 1663 2504 1748 2544; x_wconf 92' lang='lat' dir='ltr'><strong><em>eo-</em></strong></span> 
     </span>
    </p>
   </div>
   <div class='ocr_carea' id='block_1_53' title="bbox 171 2558 878 2630">
    <p class='ocr_par' dir='ltr' id='par_1_53' title="bbox 171 2558 878 2630">
     <span class='ocr_line' id='line_1_53' title="bbox 171 2558 878 2630; baseline -0.001 -17"><span class='ocrx_word' id='word_1_343' title='bbox 171 2578 284 2614; x_wconf 80' lang='lat' dir='ltr'><strong><em>rum</em></strong></span> <span class='ocrx_word' id='word_1_344' title='bbox 312 2563 363 2616; x_wconf 90' lang='lat' dir='ltr'><strong><em>in</em></strong></span> <span class='ocrx_word' id='word_1_345' title='bbox 384 2570 660 2630; x_wconf 89' lang='lat' dir='ltr'><strong><em>conspectu</em></strong></span> <span class='ocrx_word' id='word_1_346' title='bbox 688 2558 805 2614; x_wconf 86' lang='lat' dir='ltr'><strong><em>Dei.</em></strong></span> <span class='ocrx_word' id='word_1_347' title='bbox 875 2559 878 2562; x_wconf 32' lang='grc' dir='ltr'><em>ί</em></span> 
     </span>
    </p>
   </div>
   <div class='ocr_carea' id='block_1_54' title="bbox 237 2628 1758 2703">
    <p class='ocr_par' dir='ltr' id='par_1_54' title="bbox 237 2628 1758 2703">
     <span class='ocr_line' id='line_1_54' title="bbox 237 2628 1758 2703; baseline 0 -19"><span class='ocrx_word' id='word_1_348' title='bbox 237 2628 577 2703; x_wconf 81' lang='lat' dir='ltr'><strong><em>Eleemosgna</em></strong></span> <span class='ocrx_word' id='word_1_349' title='bbox 621 2633 717 2685; x_wconf 85' lang='lat' dir='ltr'><strong><em>viri</em></strong></span> <span class='ocrx_word' id='word_1_350' title='bbox 760 2630 910 2703; x_wconf 82' lang='lat' dir='ltr'><strong><em>quasi</em></strong></span> <span class='ocrx_word' id='word_1_351' title='bbox 951 2628 1276 2703; x_wconf 82' lang='lat' dir='ltr'><strong><em>signaculum</em></strong></span> <span class='ocrx_word' id='word_1_352' title='bbox 1314 2645 1430 2703; x_wconf 81' lang='lat' dir='ltr'><strong><em>cum</em></strong></span> <span class='ocrx_word' id='word_1_353' title='bbox 1480 2631 1596 2698; x_wconf 90' lang='lat' dir='ltr'><strong><em>ipso</em></strong></span> <span class='ocrx_word' id='word_1_354' title='bbox 1646 2646 1663 2685; x_wconf 89' lang='lat'><strong><em>:</em></strong></span> <span class='ocrx_word' id='word_1_355' title='bbox 1709 2639 1758 2686; x_wconf 89' lang='lat' dir='ltr'><strong><em>et</em></strong></span> 
     </span>
    </p>
   </div>
   <div class='ocr_carea' id='block_1_55' title="bbox 168 2700 1460 2773">
    <p class='ocr_par' dir='ltr' id='par_1_55' title="bbox 168 2700 1460 2773">
     <span class='ocr_line' id='line_1_55' title="bbox 168 2700 1460 2773; baseline -0.002 -19"><span class='ocrx_word' id='word_1_356' title='bbox 168 2705 382 2771; x_wconf 76' lang='lat' dir='ltr'><strong><em>gratiam</em></strong></span> <span class='ocrx_word' id='word_1_357' title='bbox 409 2700 639 2756; x_wconf 54' lang='lat' dir='ltr'><strong><em>ho&#39;minis</em></strong></span> <span class='ocrx_word' id='word_1_358' title='bbox 659 2701 809 2773; x_wconf 82' lang='lat' dir='ltr'><strong><em>quasi</em></strong></span> <span class='ocrx_word' id='word_1_359' title='bbox 843 2701 1096 2773; x_wconf 83' lang='lat' dir='ltr'><strong><em>pupillam</em></strong></span> <span class='ocrx_word' id='word_1_360' title='bbox 1123 2700 1460 2773; x_wconf 73' lang='lat' dir='ltr'><strong><em>conservabit.</em></strong></span> 
     </span>
    </p>
   </div>
   <div class='ocr_carea' id='block_1_56' title="bbox 234 2771 1751 2845">
    <p class='ocr_par' dir='ltr' id='par_1_56' title="bbox 234 2771 1751 2845">
     <span class='ocr_line' id='line_1_56' title="bbox 234 2771 1751 2845; baseline 0.001 -19"><span class='ocrx_word' id='word_1_361' title='bbox 234 2773 307 2826; x_wconf 80' lang='lat' dir='ltr'><strong><em>Et</em></strong></span> <span class='ocrx_word' id='word_1_362' title='bbox 337 2784 516 2841; x_wconf 85' lang='lat' dir='ltr'><strong><em>postea</em></strong></span> <span class='ocrx_word' id='word_1_363' title='bbox 544 2771 801 2845; x_wconf 82' lang='lat' dir='ltr'><strong><em>resurget,</em></strong></span> <span class='ocrx_word' id='word_1_364' title='bbox 844 2782 890 2827; x_wconf 88' lang='lat' dir='ltr'><strong><em>et</em></strong></span> <span class='ocrx_word' id='word_1_365' title='bbox 932 2771 1186 2825; x_wconf 71' lang='lat' dir='ltr'><strong><em>retribuit</em></strong></span> <span class='ocrx_word' id='word_1_366' title='bbox 1230 2771 1314 2825; x_wconf 88' lang='lat' dir='ltr'><strong><em>illi</em></strong></span> <span class='ocrx_word' id='word_1_367' title='bbox 1341 2772 1751 2841; x_wconf 85' lang='lat' dir='ltr'><strong><em>retributionem,</em></strong></span> 
     </span>
    </p>
   </div>
   <div class='ocr_carea' id='block_1_57' title="bbox 167 2845 1758 2917">
    <p class='ocr_par' dir='ltr' id='par_1_57' title="bbox 167 2845 1758 2917">
     <span class='ocr_line' id='line_1_57' title="bbox 167 2845 1758 2917; baseline 0.003 -21"><span class='ocrx_word' id='word_1_368' title='bbox 167 2847 444 2917; x_wconf 81' lang='lat' dir='ltr'><strong><em>unicuique</em></strong></span> <span class='ocrx_word' id='word_1_369' title='bbox 473 2847 530 2898; x_wconf 87' lang='lat' dir='ltr'><strong><em>in</em></strong></span> <span class='ocrx_word' id='word_1_370' title='bbox 555 2855 710 2916; x_wconf 88' lang='lat' dir='ltr'><strong><em>caput</em></strong></span> <span class='ocrx_word' id='word_1_371' title='bbox 737 2846 994 2916; x_wconf 77' lang='lat' dir='ltr'><strong><em>ipsorum,</em></strong></span> <span class='ocrx_word' id='word_1_372' title='bbox 1034 2851 1080 2895; x_wconf 92' lang='lat' dir='ltr'><strong><em>et</em></strong></span> <span class='ocrx_word' id='word_1_373' title='bbox 1119 2851 1372 2896; x_wconf 75' lang='lat' dir='ltr'><strong><em>convertet</em></strong></span> <span class='ocrx_word' id='word_1_374' title='bbox 1408 2846 1461 2896; x_wconf 91' lang='lat' dir='ltr'><strong><em>in</em></strong></span> <span class='ocrx_word' id='word_1_375' title='bbox 1488 2845 1758 2900; x_wconf 89' lang='lat' dir='ltr'><strong><em>interiores</em></strong></span> 
     </span>
    </p>
   </div>
   <div class='ocr_carea' id='block_1_58' title="bbox 168 2928 540 2984">
    <p class='ocr_par' dir='ltr' id='par_1_58' title="bbox 168 2928 540 2984">
     <span class='ocr_line' id='line_1_58' title="bbox 168 2928 540 2984; baseline 0.005 -15"><span class='ocrx_word' id='word_1_376' title='bbox 168 2931 335 2984; x_wconf 82' lang='lat' dir='ltr'><strong><em>partes</em></strong></span> <span class='ocrx_word' id='word_1_377' title='bbox 365 2928 540 2972; x_wconf 78' lang='lat' dir='ltr'><strong><em>terra’.</em></strong></span> 
     </span>
    </p>
   </div>
   <div class='ocr_carea' id='block_1_59' title="bbox 233 2984 1757 3056">
    <p class='ocr_par' dir='ltr' id='par_1_59' title="bbox 233 2984 1757 3056">
     <span class='ocr_line' id='line_1_59' title="bbox 233 2984 1757 3056; baseline 0 -17"><span class='ocrx_word' id='word_1_378' title='bbox 233 2987 609 3042; x_wconf 79' lang='lat' dir='ltr'><strong><em>Pcenitcntibus</em></strong></span> <span class='ocrx_word' id='word_1_379' title='bbox 626 2997 799 3040; x_wconf 88' lang='lat' dir='ltr'><strong><em>autem</em></strong></span> <span class='ocrx_word' id='word_1_380' title='bbox 819 2986 962 3040; x_wconf 87' lang='lat' dir='ltr'><strong><em>dedit</em></strong></span> <span class='ocrx_word' id='word_1_381' title='bbox 984 2984 1118 3037; x_wconf 88' lang='lat' dir='ltr'><strong><em>viam</em></strong></span> <span class='ocrx_word' id='word_1_382' title='bbox 1131 2984 1376 3056; x_wconf 76' lang='lat' dir='ltr'><strong><em>justitite,</em></strong></span> <span class='ocrx_word' id='word_1_383' title='bbox 1402 2993 1449 3039; x_wconf 90' lang='lat' dir='ltr'><strong><em>et</em></strong></span> <span class='ocrx_word' id='word_1_384' title='bbox 1475 2986 1757 3056; x_wconf 80' lang='lat' dir='ltr'><strong><em>confirma-</em></strong></span> 
     </span>
    </p>
   </div>
   <div class='ocr_carea' id='block_1_60' title="bbox 164 3055 1755 3128">
    <p class='ocr_par' dir='ltr' id='par_1_60' title="bbox 164 3055 1755 3128">
     <span class='ocr_line' id='line_1_60' title="bbox 164 3055 1755 3128; baseline 0.001 -20"><span class='ocrx_word' id='word_1_385' title='bbox 164 3058 232 3108; x_wconf 77' lang='lat' dir='ltr'><strong><em>rit</em></strong></span> <span class='ocrx_word' id='word_1_386' title='bbox 253 3060 554 3128; x_wconf 75' lang='lat' dir='ltr'><strong><em>deﬁcientes</em></strong></span> <span class='ocrx_word' id='word_1_387' title='bbox 582 3059 860 3124; x_wconf 86' lang='lat' dir='ltr'><strong><em>sustinere,</em></strong></span> <span class='ocrx_word' id='word_1_388' title='bbox 887 3066 934 3111; x_wconf 89' lang='lat' dir='ltr'><strong><em>et</em></strong></span> <span class='ocrx_word' id='word_1_389' title='bbox 964 3055 1237 3110; x_wconf 86' lang='lat' dir='ltr'><strong><em>destinavit</em></strong></span> <span class='ocrx_word' id='word_1_390' title='bbox 1265 3055 1374 3108; x_wconf 86' lang='lat' dir='ltr'><strong><em>illis</em></strong></span> <span class='ocrx_word' id='word_1_391' title='bbox 1404 3068 1595 3112; x_wconf 84' lang='lat' dir='ltr'><strong><em>sortem</em></strong></span> <span class='ocrx_word' id='word_1_392' title='bbox 1620 3058 1755 3112; x_wconf 80' lang='lat' dir='ltr'><strong><em>veri--</em></strong></span> 
     </span>
    </p>
   </div>
   <div class='ocr_carea' id='block_1_61' title="bbox 164 3130 304 3182">
    <p class='ocr_par' dir='ltr' id='par_1_61' title="bbox 164 3130 304 3182">
     <span class='ocr_line' id='line_1_61' title="bbox 164 3130 304 3182; baseline 0.021 -3"><span class='ocrx_word' id='word_1_393' title='bbox 164 3130 304 3182; x_wconf 85' lang='lat' dir='ltr'><strong><em>tatis.</em></strong></span> 
     </span>
    </p>
   </div>
   <div class='ocr_carea' id='block_1_62' title="bbox 231 3197 1680 3268">
    <p class='ocr_par' dir='ltr' id='par_1_62' title="bbox 231 3197 1680 3268">
     <span class='ocr_line' id='line_1_62' title="bbox 231 3197 1680 3268; baseline -0.002 -14"><span class='ocrx_word' id='word_1_394' title='bbox 231 3201 538 3257; x_wconf 83' lang='lat' dir='ltr'><strong><em>Conrertere</em></strong></span> <span class='ocrx_word' id='word_1_395' title='bbox 563 3201 634 3255; x_wconf 91' lang='lat' dir='ltr'><strong><em>ad</em></strong></span> <span class='ocrx_word' id='word_1_396' title='bbox 663 3199 974 3262; x_wconf 86' lang='lat' dir='ltr'><strong><em>Dominum,</em></strong></span> <span class='ocrx_word' id='word_1_397' title='bbox 1001 3206 1050 3253; x_wconf 90' lang='lat' dir='ltr'><strong><em>et</em></strong></span> <span class='ocrx_word' id='word_1_398' title='bbox 1077 3197 1316 3268; x_wconf 79' lang='lat' dir='ltr'><strong><em>relinque</em></strong></span> <span class='ocrx_word' id='word_1_399' title='bbox 1335 3206 1546 3266; x_wconf 86' lang='lat' dir='ltr'><strong><em>peccata</em></strong></span> <span class='ocrx_word' id='word_1_400' title='bbox 1570 3207 1680 3268; x_wconf 87' lang='lat' dir='ltr'><strong><em>tua.</em></strong></span> 
     </span>
    </p>
   </div>
   <div class='ocr_carea' id='block_1_63' title="bbox 237 3267 1713 3342">
    <p class='ocr_par' dir='ltr' id='par_1_63' title="bbox 237 3267 1713 3342">
     <span class='ocr_line' id='line_1_63' title="bbox 237 3267 1713 3342; baseline -0.001 -18"><span class='ocrx_word' id='word_1_401' title='bbox 237 3270 458 3327; x_wconf 85' lang='lat' dir='ltr'><strong><em>Precare</em></strong></span> <span class='ocrx_word' id='word_1_402' title='bbox 485 3283 607 3327; x_wconf 85' lang='lat' dir='ltr'><strong><em>ante</em></strong></span> <span class='ocrx_word' id='word_1_403' title='bbox 637 3273 822 3342; x_wconf 81' lang='lat' dir='ltr'><strong><em>facient</em></strong></span> <span class='ocrx_word' id='word_1_404' title='bbox 851 3270 1079 3337; x_wconf 84' lang='lat' dir='ltr'><strong><em>Domini,</em></strong></span> <span class='ocrx_word' id='word_1_405' title='bbox 1101 3279 1145 3322; x_wconf 89' lang='lat' dir='ltr'><strong><em>et</em></strong></span> <span class='ocrx_word' id='word_1_406' title='bbox 1172 3270 1346 3342; x_wconf 86' lang='lat' dir='ltr'><strong><em>minue</em></strong></span> <span class='ocrx_word' id='word_1_407' title='bbox 1373 3267 1713 3342; x_wconf 68' lang='lat' dir='ltr'><strong><em>offendicula.</em></strong></span> 
     </span>
    </p>
   </div>
   <div class='ocr_carea' id='block_1_64' title="bbox 241 3341 1752 3412">
    <p class='ocr_par' dir='ltr' id='par_1_64' title="bbox 241 3341 1752 3412">
     <span class='ocr_line' id='line_1_64' title="bbox 241 3341 1752 3412; baseline -0.002 -16"><span class='ocrx_word' id='word_1_408' title='bbox 241 3343 512 3398; x_wconf 76' lang='lat' dir='ltr'><strong><em>Revertere</em></strong></span> <span class='ocrx_word' id='word_1_409' title='bbox 534 3344 604 3397; x_wconf 92' lang='lat' dir='ltr'><strong><em>ad</em></strong></span> <span class='ocrx_word' id='word_1_410' title='bbox 625 3341 934 3403; x_wconf 84' lang='lat' dir='ltr'><strong><em>Dominum,</em></strong></span> <span class='ocrx_word' id='word_1_411' title='bbox 957 3351 1002 3394; x_wconf 88' lang='lat' dir='ltr'><strong><em>et</em></strong></span> <span class='ocrx_word' id='word_1_412' title='bbox 1024 3351 1252 3395; x_wconf 83' lang='lat' dir='ltr'><strong><em>avertere</em></strong></span> <span class='ocrx_word' id='word_1_413' title='bbox 1284 3341 1347 3393; x_wconf 89' lang='lat' dir='ltr'><strong><em>ab</em></strong></span> <span class='ocrx_word' id='word_1_414' title='bbox 1364 3341 1623 3412; x_wconf 87' lang='lat' dir='ltr'><strong><em>injustitia</em></strong></span> <span class='ocrx_word' id='word_1_415' title='bbox 1645 3349 1752 3408; x_wconf 90' lang='lat' dir='ltr'><strong><em>tua,</em></strong></span> 
     </span>
    </p>
   </div>
   <div class='ocr_carea' id='block_1_65' title="bbox 163 3414 1038 3469">
    <p class='ocr_par' dir='ltr' id='par_1_65' title="bbox 163 3414 1038 3469">
     <span class='ocr_line' id='line_1_65' title="bbox 163 3414 1038 3469; baseline -0.005 -1"><span class='ocrx_word' id='word_1_416' title='bbox 163 3426 205 3468; x_wconf 88' lang='lat' dir='ltr'><strong><em>et</em></strong></span> <span class='ocrx_word' id='word_1_417' title='bbox 235 3416 391 3468; x_wconf 86' lang='lat' dir='ltr'><strong><em>nimis</em></strong></span> <span class='ocrx_word' id='word_1_418' title='bbox 430 3417 577 3469; x_wconf 87' lang='lat' dir='ltr'><strong><em>adito</em></strong></span> <span class='ocrx_word' id='word_1_419' title='bbox 611 3414 1038 3469; x_wconf 66' lang='lat' dir='ltr'><strong><em>exsecrationim.</em></strong></span> 
     </span>
    </p>
   </div>
   <div class='ocr_carea' id='block_1_66' title="bbox 238 3478 1759 3559">
    <p class='ocr_par' dir='ltr' id='par_1_66' title="bbox 238 3478 1759 3559">
     <span class='ocr_line' id='line_1_66' title="bbox 238 3478 1759 3559; baseline -0.003 -18"><span class='ocrx_word' id='word_1_420' title='bbox 238 3485 304 3541; x_wconf 81' lang='lat' dir='ltr'><strong><em>Et</em></strong></span> <span class='ocrx_word' id='word_1_421' title='bbox 332 3502 592 3559; x_wconf 81' lang='lat' dir='ltr'><strong><em>cognosce</em></strong></span> <span class='ocrx_word' id='word_1_422' title='bbox 614 3485 854 3559; x_wconf 80' lang='lat' dir='ltr'><strong><em>justitias</em></strong></span> <span class='ocrx_word' id='word_1_423' title='bbox 882 3491 928 3559; x_wconf 82' lang='lat' dir='ltr'><strong><em>et</em></strong></span> <span class='ocrx_word' id='word_1_424' title='bbox 943 3481 1152 3559; x_wconf 78' lang='lat' dir='ltr'><strong><em>judicia</em></strong></span> <span class='ocrx_word' id='word_1_425' title='bbox 1193 3478 1308 3559; x_wconf 64' lang='lat' dir='ltr'><strong><em>Dei,</em></strong></span> <span class='ocrx_word' id='word_1_426' title='bbox 1334 3490 1400 3559; x_wconf 83' lang='lat' dir='ltr'><strong><em>_et</em></strong></span> <span class='ocrx_word' id='word_1_427' title='bbox 1429 3490 1512 3534; x_wconf 90' lang='lat' dir='ltr'><strong><em>sta</em></strong></span> <span class='ocrx_word' id='word_1_428' title='bbox 1543 3482 1595 3535; x_wconf 89' lang='lat' dir='ltr'><strong><em>in</em></strong></span> <span class='ocrx_word' id='word_1_429' title='bbox 1624 3491 1759 3536; x_wconf 85' lang='lat' dir='ltr'><strong><em>sorte</em></strong></span> 
     </span>
    </p>
   </div>
   <div class='ocr_carea' id='block_1_67' title="bbox 171 3551 1366 3628">
    <p class='ocr_par' dir='ltr' id='par_1_67' title="bbox 171 3551 1366 3628">
     <span class='ocr_line' id='line_1_67' title="bbox 171 3551 1366 3628; baseline -0.003 -19"><span class='ocrx_word' id='word_1_430' title='bbox 171 3551 563 3628; x_wconf 73' lang='lat' dir='ltr'><strong><em>propositionis,</em></strong></span> <span class='ocrx_word' id='word_1_431' title='bbox 601 3551 649 3628; x_wconf 63' lang='lat' dir='ltr'><strong><em>e&#39;t</em></strong></span> <span class='ocrx_word' id='word_1_432' title='bbox 679 3551 1216 3628; x_wconf 53' lang='lat' dir='ltr'><strong><em>orationis&#39;altissimi</em></strong></span> <span class='ocrx_word' id='word_1_433' title='bbox 1248 3551 1366 3628; x_wconf 83' lang='lat' dir='ltr'><strong><em>Dei.</em></strong></span> 
     </span>
    </p>
   </div>
   <div class='ocr_carea' id='block_1_68' title="bbox 235 3622 1758 3699">
    <p class='ocr_par' dir='ltr' id='par_1_68' title="bbox 235 3622 1758 3699">
     <span class='ocr_line' id='line_1_68' title="bbox 235 3622 1758 3699; baseline -0.003 -18"><span class='ocrx_word' id='word_1_434' title='bbox 235 3622 299 3682; x_wconf 80' lang='lat' dir='ltr'><strong><em>tu</em></strong></span> <span class='ocrx_word' id='word_1_435' title='bbox 328 3643 505 3699; x_wconf 66' lang='lat' dir='ltr'><strong><em>partes</em></strong></span> <span class='ocrx_word' id='word_1_436' title='bbox 534 3622 664 3699; x_wconf 76' lang='lat' dir='ltr'><strong><em>vade</em></strong></span> <span class='ocrx_word' id='word_1_437' title='bbox 695 3625 874 3680; x_wconf 71' lang='lat' dir='ltr'><strong><em>seaculi</em></strong></span> <span class='ocrx_word' id='word_1_438' title='bbox 903 3625 1106 3690; x_wconf 90' lang='lat' dir='ltr'><strong><em>sancti,</em></strong></span> <span class='ocrx_word' id='word_1_439' title='bbox 1132 3638 1250 3678; x_wconf 84' lang='lat' dir='ltr'><strong><em>cum</em></strong></span> <span class='ocrx_word' id='word_1_440' title='bbox 1281 3624 1404 3677; x_wconf 84' lang='lat' dir='ltr'><strong><em>vivis</em></strong></span> <span class='ocrx_word' id='word_1_441' title='bbox 1431 3632 1480 3677; x_wconf 87' lang='lat' dir='ltr'><strong><em>et</em></strong></span> <span class='ocrx_word' id='word_1_442' title='bbox 1512 3622 1758 3680; x_wconf 85' lang='lat' dir='ltr'><strong><em>dantibus</em></strong></span> 
     </span>
    </p>
   </div>
   <div class='ocr_carea' id='block_1_69' title="bbox 169 3697 705 3768">
    <p class='ocr_par' dir='ltr' id='par_1_69' title="bbox 169 3697 705 3768">
     <span class='ocr_line' id='line_1_69' title="bbox 169 3697 705 3768; baseline 0.002 -17"><span class='ocrx_word' id='word_1_443' title='bbox 169 3697 541 3768; x_wconf 75' lang='lat' dir='ltr'><strong><em>confessionem</em></strong></span> <span class='ocrx_word' id='word_1_444' title='bbox 576 3697 705 3752; x_wconf 85' lang='lat' dir='ltr'><strong><em>Deo.</em></strong></span> 
     </span>
    </p>
   </div>
   <div class='ocr_carea' id='block_1_70' title="bbox 241 3765 1758 3836">
    <p class='ocr_par' dir='ltr' id='par_1_70' title="bbox 241 3765 1758 3836">
     <span class='ocr_line' id='line_1_70' title="bbox 241 3765 1758 3836; baseline -0.003 -12"><span class='ocrx_word' id='word_1_445' title='bbox 241 3765 360 3824; x_wconf 75' lang='lat' dir='ltr'><strong><em>Non</em></strong></span> <span class='ocrx_word' id='word_1_446' title='bbox 408 3772 692 3824; x_wconf 76' lang='lat' dir='ltr'><strong><em>demere-ris</em></strong></span> <span class='ocrx_word' id='word_1_447' title='bbox 735 3770 791 3822; x_wconf 88' lang='lat' dir='ltr'><strong><em>in</em></strong></span> <span class='ocrx_word' id='word_1_448' title='bbox 837 3781 1011 3822; x_wconf 87' lang='lat' dir='ltr'><strong><em>errore</em></strong></span> <span class='ocrx_word' id='word_1_449' title='bbox 1036 3765 1364 3836; x_wconf 83' lang='lat' dir='ltr'><strong><em>irnpiorum:</em></strong></span> <span class='ocrx_word' id='word_1_450' title='bbox 1395 3774 1514 3820; x_wconf 89' lang='lat' dir='ltr'><strong><em>ante</em></strong></span> <span class='ocrx_word' id='word_1_451' title='bbox 1541 3774 1758 3822; x_wconf 86' lang='lat' dir='ltr'><strong><em>mortem</em></strong></span> 
     </span>
    </p>
   </div>
   <div class='ocr_carea' id='block_1_71' title="bbox 170 3837 1543 3912">
    <p class='ocr_par' dir='ltr' id='par_1_71' title="bbox 170 3837 1543 3912">
     <span class='ocr_line' id='line_1_71' title="bbox 170 3837 1543 3912; baseline -0.003 -19"><span class='ocrx_word' id='word_1_452' title='bbox 170 3844 429 3911; x_wconf 78' lang='lat' dir='ltr'><strong><em>confitere.</em></strong></span> <span class='ocrx_word' id='word_1_453' title='bbox 462 3844 501 3895; x_wconf 82' lang='grc' dir='ltr'><em>Α</em></span> <span class='ocrx_word' id='word_1_454' title='bbox 532 3849 738 3896; x_wconf 88' lang='lat' dir='ltr'><strong><em>mortuo</em></strong></span> <span class='ocrx_word' id='word_1_455' title='bbox 762 3839 928 3912; x_wconf 79' lang='lat' dir='ltr'><strong><em>quasi</em></strong></span> <span class='ocrx_word' id='word_1_456' title='bbox 948 3837 1078 3912; x_wconf 60' lang='lat' dir='ltr'><strong><em>nihil</em></strong></span> <span class='ocrx_word' id='word_1_457' title='bbox 1106 3839 1240 3907; x_wconf 86' lang='lat' dir='ltr'><strong><em>perit</em></strong></span> <span class='ocrx_word' id='word_1_458' title='bbox 1268 3839 1543 3912; x_wconf 68' lang='lat' dir='ltr'><strong><em>confessio.</em></strong></span> 
     </span>
    </p>
   </div>
   <div class='ocr_carea' id='block_1_72' title="bbox 239 3907 1759 3984">
    <p class='ocr_par' dir='ltr' id='par_1_72' title="bbox 239 3907 1759 3984">
     <span class='ocr_line' id='line_1_72' title="bbox 239 3907 1759 3984; baseline -0.005 -16"><span class='ocrx_word' id='word_1_459' title='bbox 239 3907 575 3984; x_wconf 57' lang='lat' dir='ltr'><strong><em>conﬁteberis</em></strong></span> <span class='ocrx_word' id='word_1_460' title='bbox 601 3954 618 3978; x_wconf 92' lang='lat'><strong><em>,</em></strong></span> <span class='ocrx_word' id='word_1_461' title='bbox 669 3921 719 3966; x_wconf 87' lang='lat' dir='ltr'><strong><em>et</em></strong></span> <span class='ocrx_word' id='word_1_462' title='bbox 751 3907 987 3984; x_wconf 81' lang='lat' dir='ltr'><strong><em>laudabis</em></strong></span> <span class='ocrx_word' id='word_1_463' title='bbox 1032 3907 1233 3984; x_wconf 80' lang='lat' dir='ltr'><strong><em>Deum,</em></strong></span> <span class='ocrx_word' id='word_1_464' title='bbox 1275 3917 1320 3984; x_wconf 79' lang='lat' dir='ltr'><strong><em>et</em></strong></span> <span class='ocrx_word' id='word_1_465' title='bbox 1353 3909 1680 3984; x_wconf 81' lang='lat' dir='ltr'><strong><em>gloriuberis,</em></strong></span> <span class='ocrx_word' id='word_1_466' title='bbox 1704 3917 1759 3984; x_wconf 76' lang='lat' dir='ltr'><strong><em>et</em></strong></span> 
     </span>
    </p>
   </div>
   <div class='ocr_carea' id='block_1_73' title="bbox 169 3981 1760 4105">
    <p class='ocr_par' dir='ltr' id='par_1_73' title="bbox 169 3981 1760 4105">
     <span class='ocr_line' id='line_1_73' title="bbox 169 3981 1760 4105; baseline -0.002 -69"><span class='ocrx_word' id='word_1_467' title='bbox 169 3981 405 4105; x_wconf 50' lang='lat' dir='ltr'><strong><em>{exultabis</em></strong></span> <span class='ocrx_word' id='word_1_468' title='bbox 445 3982 643 4057; x_wconf 80' lang='lat' dir='ltr'><strong><em>Deum,</em></strong></span> <span class='ocrx_word' id='word_1_469' title='bbox 686 3991 736 4037; x_wconf 88' lang='lat' dir='ltr'><strong><em>et</em></strong></span> <span class='ocrx_word' id='word_1_470' title='bbox 783 3981 1089 4054; x_wconf 86' lang='lat' dir='ltr'><strong><em>gloriaberis</em></strong></span> <span class='ocrx_word' id='word_1_471' title='bbox 1145 3981 1199 4032; x_wconf 88' lang='lat' dir='ltr'><strong><em>in</em></strong></span> <span class='ocrx_word' id='word_1_472' title='bbox 1246 3981 1665 4034; x_wconf 82' lang='lat' dir='ltr'><strong><em>miserationibus</em></strong></span> <span class='ocrx_word' id='word_1_473' title='bbox 1696 3981 1760 4033; x_wconf 86' lang='lat' dir='ltr'><strong><em>il-</em></strong></span> 
     </span>
     <span class='ocr_line' id='line_1_74' title="bbox 192 4071 288 4105; baseline 0 0"><span class='ocrx_word' id='word_1_474' title='bbox 192 4071 288 4105; x_wconf 76' lang='lat' dir='ltr'><strong><em>ius.</em></strong></span> 
     </span>
    </p>
   </div>
   <div class='ocr_carea' id='block_1_74' title="bbox 192 4071 288 4109">
    <p class='ocr_par' dir='ltr' id='par_1_74' title="bbox 192 4071 288 4109">
     <span class='ocr_line' id='line_1_75' title="bbox 192 4071 288 4109; baseline 0.031 -2"><span class='ocrx_word' id='word_1_475' title='bbox 192 4071 288 4109; x_wconf 73' lang='grc' dir='ltr'><strong><em>ιω.</em></strong></span> 
     </span>
    </p>
   </div>
   <div class='ocr_carea' id='block_1_75' title="bbox 243 4121 1759 4200">
    <p class='ocr_par' dir='ltr' id='par_1_75' title="bbox 243 4121 1759 4200">
     <span class='ocr_line' id='line_1_76' title="bbox 243 4121 1759 4200; baseline -0.004 -21"><span class='ocrx_word' id='word_1_476' title='bbox 243 4127 411 4200; x_wconf 84' lang='lat' dir='ltr'><strong><em>Quam</em></strong></span> <span class='ocrx_word' id='word_1_477' title='bbox 459 4124 1054 4200; x_wconf 5' lang='lat' dir='ltr'><strong><em>magnaqmisericordia</em></strong></span> <span class='ocrx_word' id='word_1_478' title='bbox 1093 4122 1344 4194; x_wconf 81' lang='lat' dir='ltr'><strong><em>Domini,</em></strong></span> <span class='ocrx_word' id='word_1_479' title='bbox 1380 4130 1425 4175; x_wconf 89' lang='lat' dir='ltr'><strong><em>et</em></strong></span> <span class='ocrx_word' id='word_1_480' title='bbox 1457 4121 1759 4194; x_wconf 80' lang='lat' dir='ltr'><strong><em>rrOpitiatio</em></strong></span> 
     </span>
    </p>
   </div>
   <div class='ocr_carea' id='block_1_76' title="bbox 169 4196 976 4255">
    <p class='ocr_par' dir='ltr' id='par_1_76' title="bbox 169 4196 976 4255">
     <span class='ocr_line' id='line_1_77' title="bbox 169 4196 976 4255; baseline -0.001 -6"><span class='ocrx_word' id='word_1_481' title='bbox 169 4196 309 4251; x_wconf 86' lang='lat' dir='ltr'><strong><em>illius</em></strong></span> <span class='ocrx_word' id='word_1_482' title='bbox 341 4196 754 4255; x_wconf 76' lang='lat' dir='ltr'><strong><em>convertentibus</em></strong></span> <span class='ocrx_word' id='word_1_483' title='bbox 782 4197 852 4250; x_wconf 90' lang='lat' dir='ltr'><strong><em>ad</em></strong></span> <span class='ocrx_word' id='word_1_484' title='bbox 879 4212 932 4249; x_wconf 91' lang='lat' dir='ltr'><strong><em>se</em></strong></span> <span class='ocrx_word' id='word_1_485' title='bbox 955 4196 976 4248; x_wconf 88' lang='lat'><strong><em>!</em></strong></span> 
     </span>
    </p>
   </div>
   <div class='ocr_carea' id='block_1_77' title="bbox 243 4263 1762 4338">
    <p class='ocr_par' dir='ltr' id='par_1_77' title="bbox 243 4263 1762 4338">
     <span class='ocr_line' id='line_1_78' title="bbox 243 4263 1762 4338; baseline -0.003 -17"><span class='ocrx_word' id='word_1_486' title='bbox 243 4267 354 4324; x_wconf 78' lang='lat' dir='ltr'><strong><em>Nec</em></strong></span> <span class='ocrx_word' id='word_1_487' title='bbox 384 4267 520 4326; x_wconf 86' lang='lat' dir='ltr'><strong><em>enim</em></strong></span> <span class='ocrx_word' id='word_1_488' title='bbox 573 4269 748 4324; x_wconf 89' lang='lat' dir='ltr'><strong><em>omnia</em></strong></span> <span class='ocrx_word' id='word_1_489' title='bbox 795 4271 1008 4338; x_wconf 83' lang='lat' dir='ltr'><strong><em>possunt</em></strong></span> <span class='ocrx_word' id='word_1_490' title='bbox 1054 4280 1164 4338; x_wconf 82' lang='lat' dir='ltr'><strong><em>esse</em></strong></span> <span class='ocrx_word' id='word_1_491' title='bbox 1189 4265 1241 4317; x_wconf 91' lang='lat' dir='ltr'><strong><em>in</em></strong></span> <span class='ocrx_word' id='word_1_492' title='bbox 1270 4263 1566 4338; x_wconf 76' lang='lat' dir='ltr'><strong><em>hominibus</em></strong></span> <span class='ocrx_word' id='word_1_493' title='bbox 1593 4304 1606 4324; x_wconf 91' lang='lat'><strong><em>,</em></strong></span> <span class='ocrx_word' id='word_1_494' title='bbox 1634 4278 1762 4338; x_wconf 83' lang='lat' dir='ltr'><strong><em>quo-</em></strong></span> 
     </span>
    </p>
   </div>
   <div class='ocr_carea' id='block_1_78' title="bbox 175 4335 1764 4407">
    <p class='ocr_par' dir='ltr' id='par_1_78' title="bbox 175 4335 1764 4407">
     <span class='ocr_line' id='line_1_79' title="bbox 175 4335 1764 4407; baseline 0 -18"><span class='ocrx_word' id='word_1_495' title='bbox 175 4340 309 4393; x_wconf 75' lang='lat' dir='ltr'><strong><em>niam</em></strong></span> <span class='ocrx_word' id='word_1_496' title='bbox 340 4360 442 4398; x_wconf 88' lang='lat' dir='ltr'><strong><em>non</em></strong></span> <span class='ocrx_word' id='word_1_497' title='bbox 469 4354 543 4398; x_wconf 88' lang='lat' dir='ltr'><strong><em>est</em></strong></span> <span class='ocrx_word' id='word_1_498' title='bbox 571 4335 887 4395; x_wconf 75' lang='lat' dir='ltr'><strong><em>immortalis</em></strong></span> <span class='ocrx_word' id='word_1_499' title='bbox 910 4336 1050 4407; x_wconf 82' lang='lat' dir='ltr'><strong><em>ﬁlius</em></strong></span> <span class='ocrx_word' id='word_1_500' title='bbox 1080 4335 1337 4403; x_wconf 84' lang='lat' dir='ltr'><strong><em>hominis,</em></strong></span> <span class='ocrx_word' id='word_1_501' title='bbox 1367 4345 1415 4390; x_wconf 87' lang='lat' dir='ltr'><strong><em>et</em></strong></span> <span class='ocrx_word' id='word_1_502' title='bbox 1454 4337 1508 4388; x_wconf 89' lang='lat' dir='ltr'><strong><em>in</em></strong></span> <span class='ocrx_word' id='word_1_503' title='bbox 1535 4337 1764 4389; x_wconf 86' lang='lat' dir='ltr'><strong><em>vanitate</em></strong></span> 
     </span>
    </p>
   </div>
   <div class='ocr_carea' id='block_1_79' title="bbox 176 4413 740 4487">
    <p class='ocr_par' dir='ltr' id='par_1_79' title="bbox 176 4413 740 4487">
     <span class='ocr_line' id='line_1_80' title="bbox 176 4413 740 4487; baseline 0.002 -26"><span class='ocrx_word' id='word_1_504' title='bbox 176 4413 383 4487; x_wconf 60' lang='lat' dir='ltr'><strong><em>malitia;</em></strong></span> <span class='ocrx_word' id='word_1_505' title='bbox 409 4417 740 4487; x_wconf 76' lang='lat' dir='ltr'><strong><em>placuerunt.</em></strong></span> 
     </span>
    </p>
   </div>
   <div class='ocr_carea' id='block_1_80' title="bbox 249 4475 1759 4550">
    <p class='ocr_par' dir='ltr' id='par_1_80' title="bbox 249 4475 1759 4550">
     <span class='ocr_line' id='line_1_81' title="bbox 249 4475 1759 4550; baseline -0.004 -14"><span class='ocrx_word' id='word_1_506' title='bbox 249 4483 383 4548; x_wconf 84' lang='lat' dir='ltr'><strong><em>Quid</em></strong></span> <span class='ocrx_word' id='word_1_507' title='bbox 407 4475 637 4540; x_wconf 81' lang='lat' dir='ltr'><strong><em>lucidius</em></strong></span> <span class='ocrx_word' id='word_1_508' title='bbox 662 4482 815 4537; x_wconf 85' lang='lat' dir='ltr'><strong><em>sole?</em></strong></span> <span class='ocrx_word' id='word_1_509' title='bbox 840 4490 886 4550; x_wconf 77' lang='lat' dir='ltr'><strong><em>et</em></strong></span> <span class='ocrx_word' id='word_1_510' title='bbox 909 4480 996 4534; x_wconf 88' lang='lat' dir='ltr'><strong><em>hic</em></strong></span> <span class='ocrx_word' id='word_1_511' title='bbox 1019 4478 1245 4550; x_wconf 77' lang='lat' dir='ltr'><strong><em>deficiet.</em></strong></span> <span class='ocrx_word' id='word_1_512' title='bbox 1279 4475 1384 4533; x_wconf 77' lang='lat' dir='ltr'><strong><em>Aut</em></strong></span> <span class='ocrx_word' id='word_1_513' title='bbox 1403 4478 1529 4547; x_wconf 86' lang='lat' dir='ltr'><strong><em>quid</em></strong></span> <span class='ocrx_word' id='word_1_514' title='bbox 1544 4477 1759 4550; x_wconf 79' lang='lat' dir='ltr'><strong><em>nequius</em></strong></span> 
     </span>
    </p>
   </div>
   <div class='ocr_carea' id='block_1_81' title="bbox 179 4548 1762 4627">
    <p class='ocr_par' dir='ltr' id='par_1_81' title="bbox 179 4548 1762 4627">
     <span class='ocr_line' id='line_1_82' title="bbox 179 4548 1762 4627; baseline -0.002 -23"><span class='ocrx_word' id='word_1_515' title='bbox 179 4569 329 4621; x_wconf 88' lang='lat' dir='ltr'><strong><em>quam</em></strong></span> <span class='ocrx_word' id='word_1_516' title='bbox 366 4558 504 4626; x_wconf 89' lang='lat' dir='ltr'><strong><em>quod</em></strong></span> <span class='ocrx_word' id='word_1_517' title='bbox 551 4548 878 4627; x_wconf 33' lang='lat' dir='ltr'><strong><em>excoyitavit‘</em></strong></span> <span class='ocrx_word' id='word_1_518' title='bbox 909 4567 1030 4605; x_wconf 92' lang='lat' dir='ltr'><strong><em>caro</em></strong></span> <span class='ocrx_word' id='word_1_519' title='bbox 1069 4548 1118 4606; x_wconf 78' lang='lat' dir='ltr'><strong><em>et</em></strong></span> <span class='ocrx_word' id='word_1_520' title='bbox 1156 4551 1368 4623; x_wconf 82' lang='lat' dir='ltr'><strong><em>sanguis</em></strong></span> <span class='ocrx_word' id='word_1_521' title='bbox 1392 4552 1418 4605; x_wconf 67' lang='grc' dir='ltr'><strong><em>Ρ</em></strong></span> <span class='ocrx_word' id='word_1_522' title='bbox 1461 4560 1508 4604; x_wconf 89' lang='lat' dir='ltr'><strong><em>et</em></strong></span> <span class='ocrx_word' id='word_1_523' title='bbox 1552 4548 1648 4602; x_wconf 91' lang='lat' dir='ltr'><strong><em>hoc</em></strong></span> <span class='ocrx_word' id='word_1_524' title='bbox 1674 4563 1762 4602; x_wconf 88' lang='lat' dir='ltr'><strong><em>ar-</em></strong></span> 
     </span>
    </p>
   </div>
   <div class='ocr_carea' id='block_1_82' title="bbox 215 4634 376 4680">
    <p class='ocr_par' dir='ltr' id='par_1_82' title="bbox 215 4634 376 4680">
     <span class='ocr_line' id='line_1_83' title="bbox 215 4634 376 4680; baseline 0.025 -4"><span class='ocrx_word' id='word_1_525' title='bbox 215 4634 376 4680; x_wconf 85' lang='lat' dir='ltr'><strong><em>uetur.</em></strong></span> 
     </span>
    </p>
   </div>
   <div class='ocr_carea' id='block_1_83' title="bbox 180 4640 1770 4764">
    <p class='ocr_par' dir='ltr' id='par_1_83' title="bbox 180 4640 1770 4764">
     <span class='ocr_line' id='line_1_84' title="bbox 180 4640 1770 4764; baseline -0.001 -15"><span class='ocrx_word' id='word_1_526' title='bbox 180 4640 505 4754; x_wconf 48' lang='lat' dir='ltr'><strong><em>gueil’li‘r’iutem</em></strong></span> <span class='ocrx_word' id='word_1_527' title='bbox 552 4695 854 4751; x_wconf 77' lang='lat' dir='ltr'><strong><em>altitudinis</em></strong></span> <span class='ocrx_word' id='word_1_528' title='bbox 899 4694 1012 4752; x_wconf 64' lang='lat' dir='ltr'><strong><em>cali</em></strong></span> <span class='ocrx_word' id='word_1_529' title='bbox 1048 4693 1164 4764; x_wconf 87' lang='lat' dir='ltr'><strong><em>ipse</em></strong></span> <span class='ocrx_word' id='word_1_530' title='bbox 1195 4692 1493 4763; x_wconf 83' lang='lat' dir='ltr'><strong><em>conspicit:</em></strong></span> <span class='ocrx_word' id='word_1_531' title='bbox 1524 4700 1569 4746; x_wconf 89' lang='lat' dir='ltr'><strong><em>et</em></strong></span> <span class='ocrx_word' id='word_1_532' title='bbox 1595 4707 1770 4760; x_wconf 72' lang='lat' dir='ltr'><strong><em>omnes</em></strong></span> 
     </span>
    </p>
   </div>
   <div class='ocr_carea' id='block_1_84' title="bbox 184 4765 830 4836">
    <p class='ocr_par' dir='ltr' id='par_1_84' title="bbox 184 4765 830 4836">
     <span class='ocr_line' id='line_1_85' title="bbox 184 4765 830 4836; baseline -0.002 -16"><span class='ocrx_word' id='word_1_533' title='bbox 184 4765 402 4825; x_wconf 79' lang='lat' dir='ltr'><strong><em>homines</em></strong></span> <span class='ocrx_word' id='word_1_534' title='bbox 435 4780 576 4836; x_wconf 85' lang='lat' dir='ltr'><strong><em>terra</em></strong></span> <span class='ocrx_word' id='word_1_535' title='bbox 601 4777 648 4824; x_wconf 88' lang='lat' dir='ltr'><strong><em>et</em></strong></span> <span class='ocrx_word' id='word_1_536' title='bbox 679 4767 830 4822; x_wconf 82' lang='lat' dir='ltr'><strong><em>cinis.</em></strong></span> 
     </span>
    </p>
   </div>
   <div class='ocr_carea' id='block_1_85' title="bbox 741 4854 1197 4932">
    <p class='ocr_par' dir='ltr' id='par_1_85' title="bbox 741 4854 1197 4932">
     <span class='ocr_line' id='line_1_86' title="bbox 741 4854 1197 4932; baseline -0.013 -16"><span class='ocrx_word' id='word_1_537' title='bbox 741 4855 971 4932; x_wconf 79' lang='lat' dir='ltr'><strong>CAPUT</strong></span> <span class='ocrx_word' id='word_1_538' title='bbox 1005 4854 1197 4930; x_wconf 71' lang='lat' dir='ltr'><strong><em>xvm.</em></strong></span> 
     </span>
    </p>
   </div>
   <div class='ocr_carea' id='block_1_86' title="bbox 255 4971 1776 5045">
    <p class='ocr_par' dir='ltr' id='par_1_86' title="bbox 255 4971 1776 5045">
     <span class='ocr_line' id='line_1_87' title="bbox 255 4971 1776 5045; baseline -0.003 -11"><span class='ocrx_word' id='word_1_539' title='bbox 255 4975 354 5045; x_wconf 83' lang='lat' dir='ltr'><strong><em>Qui</em></strong></span> <span class='ocrx_word' id='word_1_540' title='bbox 373 4979 492 5032; x_wconf 79' lang='lat' dir='ltr'><strong><em>vivit</em></strong></span> <span class='ocrx_word' id='word_1_541' title='bbox 519 4977 574 5036; x_wconf 87' lang='lat' dir='ltr'><strong><em>in</em></strong></span> <span class='ocrx_word' id='word_1_542' title='bbox 614 4984 868 5036; x_wconf 66' lang='lat' dir='ltr'><strong><em>internum</em></strong></span> <span class='ocrx_word' id='word_1_543' title='bbox 891 5017 904 5038; x_wconf 85' lang='lat'><strong><em>,</em></strong></span> <span class='ocrx_word' id='word_1_544' title='bbox 939 4973 1132 5028; x_wconf 89' lang='lat' dir='ltr'><strong><em>creavit</em></strong></span> <span class='ocrx_word' id='word_1_545' title='bbox 1176 4974 1350 5028; x_wconf 88' lang='lat' dir='ltr'><strong><em>omnia</em></strong></span> <span class='ocrx_word' id='word_1_546' title='bbox 1394 4973 1574 5027; x_wconf 85' lang='lat' dir='ltr'><strong><em>simul.</em></strong></span> <span class='ocrx_word' id='word_1_547' title='bbox 1633 4971 1776 5029; x_wconf 83' lang='lat' dir='ltr'><strong><em>Deus</em></strong></span> 
     </span>
    </p>
   </div>
   <div class='ocr_carea' id='block_1_87' title="bbox 193 5045 1774 5122">
    <p class='ocr_par' dir='ltr' id='par_1_87' title="bbox 193 5045 1774 5122">
     <span class='ocr_line' id='line_1_88' title="bbox 193 5045 1774 5122; baseline 0 -22"><span class='ocrx_word' id='word_1_548' title='bbox 193 5050 327 5122; x_wconf 74' lang='lat' dir='ltr'><strong><em>solus</em></strong></span> <span class='ocrx_word' id='word_1_549' title='bbox 341 5048 744 5122; x_wconf 73' lang='lat' dir='ltr'><strong><em>justificabitur,</em></strong></span> <span class='ocrx_word' id='word_1_550' title='bbox 779 5055 827 5099; x_wconf 86' lang='lat' dir='ltr'><strong><em>et</em></strong></span> <span class='ocrx_word' id='word_1_551' title='bbox 856 5054 1030 5112; x_wconf 85' lang='lat' dir='ltr'><strong><em>manet</em></strong></span> <span class='ocrx_word' id='word_1_552' title='bbox 1054 5045 1275 5122; x_wconf 70' lang='lat' dir='ltr'><strong><em>invictus</em></strong></span> <span class='ocrx_word' id='word_1_553' title='bbox 1306 5060 1398 5098; x_wconf 73' lang='lat' dir='ltr'><strong><em>res:</em></strong></span> <span class='ocrx_word' id='word_1_554' title='bbox 1419 5045 1474 5098; x_wconf 89' lang='lat' dir='ltr'><strong><em>in</em></strong></span> <span class='ocrx_word' id='word_1_555' title='bbox 1501 5054 1774 5101; x_wconf 70' lang='lat' dir='ltr'><strong><em>internum.</em></strong></span> 
     </span>
    </p>
   </div>
   <div class='ocr_carea' id='block_1_88' title="bbox 260 5114 1269 5189">
    <p class='ocr_par' dir='ltr' id='par_1_88' title="bbox 260 5114 1269 5189">
     <span class='ocr_line' id='line_1_89' title="bbox 260 5114 1269 5189; baseline -0.005 -16"><span class='ocrx_word' id='word_1_556' title='bbox 260 5114 382 5186; x_wconf 82' lang='lat' dir='ltr'><strong><em>Quis</em></strong></span> <span class='ocrx_word' id='word_1_557' title='bbox 404 5114 590 5189; x_wconf 71' lang='lat' dir='ltr'><strong><em>sufficit</em></strong></span> <span class='ocrx_word' id='word_1_558' title='bbox 617 5119 1054 5189; x_wconf 76' lang='lat' dir='ltr'><strong><em>enarrareopera</em></strong></span> <span class='ocrx_word' id='word_1_559' title='bbox 1074 5114 1220 5189; x_wconf 85' lang='lat' dir='ltr'><strong><em>illius</em></strong></span> <span class='ocrx_word' id='word_1_560' title='bbox 1245 5116 1269 5169; x_wconf 84' lang='lat'><strong><em>?</em></strong></span> 
     </span>
    </p>
   </div>
   <div class='ocr_carea' id='block_1_89' title="bbox 259 5185 1397 5257">
    <p class='ocr_par' dir='ltr' id='par_1_89' title="bbox 259 5185 1397 5257">
     <span class='ocr_line' id='line_1_90' title="bbox 259 5185 1397 5257; baseline -0.004 -13"><span class='ocrx_word' id='word_1_561' title='bbox 259 5185 383 5256; x_wconf 82' lang='lat' dir='ltr'><strong><em>Quis</em></strong></span> <span class='ocrx_word' id='word_1_562' title='bbox 411 5185 552 5245; x_wconf 76' lang='lat' dir='ltr'><strong><em>enim</em></strong></span> <span class='ocrx_word' id='word_1_563' title='bbox 580 5187 911 5256; x_wconf 83' lang='lat' dir='ltr'><strong><em>investigabit</em></strong></span> <span class='ocrx_word' id='word_1_564' title='bbox 929 5185 1206 5257; x_wconf 56' lang='lat' dir='ltr'><strong><em>&#39;magnalia</em></strong></span> <span class='ocrx_word' id='word_1_565' title='bbox 1234 5190 1349 5257; x_wconf 87' lang='lat' dir='ltr'><strong><em>ejus</em></strong></span> <span class='ocrx_word' id='word_1_566' title='bbox 1370 5185 1397 5239; x_wconf 72' lang='grc'><strong><em>7</em></strong></span> 
     </span>
    </p>
   </div>
   <div class='ocr_carea' id='block_1_90' title="bbox 267 5257 1780 5328">
    <p class='ocr_par' dir='ltr' id='par_1_90' title="bbox 267 5257 1780 5328">
     <span class='ocr_line' id='line_1_91' title="bbox 267 5257 1780 5328; baseline 0 -15"><span class='ocrx_word' id='word_1_567' title='bbox 267 5260 517 5317; x_wconf 79' lang='lat' dir='ltr'><strong><em>Virtutem</em></strong></span> <span class='ocrx_word' id='word_1_568' title='bbox 555 5271 731 5315; x_wconf 88' lang='lat' dir='ltr'><strong><em>autem</em></strong></span> <span class='ocrx_word' id='word_1_569' title='bbox 758 5259 1126 5328; x_wconf 86' lang='lat' dir='ltr'><strong><em>magnitudinis</em></strong></span> <span class='ocrx_word' id='word_1_570' title='bbox 1158 5259 1270 5328; x_wconf 86' lang='lat' dir='ltr'><strong><em>ejus</em></strong></span> <span class='ocrx_word' id='word_1_571' title='bbox 1304 5257 1422 5327; x_wconf 86' lang='lat' dir='ltr'><strong><em>quis</em></strong></span> <span class='ocrx_word' id='word_1_572' title='bbox 1448 5258 1780 5313; x_wconf 79' lang='lat' dir='ltr'><strong><em>enuntiabit?</em></strong></span> 
     </span>
    </p>
   </div>
   <div class='ocr_carea' id='block_1_91' title="bbox 202 5329 1562 5405">
    <p class='ocr_par' dir='ltr' id='par_1_91' title="bbox 202 5329 1562 5405">
     <span class='ocr_line' id='line_1_92' title="bbox 202 5329 1562 5405; baseline -0.001 -22"><span class='ocrx_word' id='word_1_573' title='bbox 202 5343 280 5386; x_wconf 86' lang='lat' dir='ltr'><strong><em>aut</em></strong></span> <span class='ocrx_word' id='word_1_574' title='bbox 299 5336 410 5405; x_wconf 85' lang='lat' dir='ltr'><strong><em>quis</em></strong></span> <span class='ocrx_word' id='word_1_575' title='bbox 439 5333 656 5405; x_wconf 85' lang='lat' dir='ltr'><strong><em>adjiciet</em></strong></span> <span class='ocrx_word' id='word_1_576' title='bbox 685 5345 932 5384; x_wconf 84' lang='lat' dir='ltr'><strong><em>enarrare</em></strong></span> <span class='ocrx_word' id='word_1_577' title='bbox 959 5329 1370 5405; x_wconf 78' lang='lat' dir='ltr'><strong><em>misericordiam</em></strong></span> <span class='ocrx_word' id='word_1_578' title='bbox 1399 5332 1512 5400; x_wconf 82' lang='lat' dir='ltr'><strong><em>ejus</em></strong></span> <span class='ocrx_word' id='word_1_579' title='bbox 1537 5336 1562 5405; x_wconf 64' lang='grc' dir='ltr'>ζ</span> 
     </span>
    </p>
   </div>
   <div class='ocr_carea' id='block_1_92' title="bbox 268 5399 1784 5472">
    <p class='ocr_par' dir='ltr' id='par_1_92' title="bbox 268 5399 1784 5472">
     <span class='ocr_line' id='line_1_93' title="bbox 268 5399 1784 5472; baseline -0.003 -14"><span class='ocrx_word' id='word_1_580' title='bbox 268 5399 316 5458; x_wconf 75' lang='grc' dir='ltr'><em>Ν</em></span> <span class='ocrx_word' id='word_1_581' title='bbox 323 5422 386 5458; x_wconf 84' lang='grc' dir='ltr'><strong>οη</strong></span> <span class='ocrx_word' id='word_1_582' title='bbox 426 5399 763 5458; x_wconf 56' lang='lat' dir='ltr'><strong><em>est&#39;minuere</em></strong></span> <span class='ocrx_word' id='word_1_583' title='bbox 788 5442 803 5467; x_wconf 91' lang='lat'><strong><em>,</em></strong></span> <span class='ocrx_word' id='word_1_584' title='bbox 836 5416 997 5471; x_wconf 79' lang='lat' dir='ltr'><strong><em>neque</em></strong></span> <span class='ocrx_word' id='word_1_585' title='bbox 1021 5400 1250 5472; x_wconf 80' lang='lat' dir='ltr'><strong><em>adjicere</em></strong></span> <span class='ocrx_word' id='word_1_586' title='bbox 1275 5441 1288 5465; x_wconf 95' lang='lat'><strong><em>,</em></strong></span> <span class='ocrx_word' id='word_1_587' title='bbox 1335 5399 1431 5453; x_wconf 81' lang='lat' dir='ltr'><strong><em>nec</em></strong></span> <span class='ocrx_word' id='word_1_588' title='bbox 1452 5408 1525 5453; x_wconf 88' lang='lat' dir='ltr'><strong><em>est</em></strong></span> <span class='ocrx_word' id='word_1_589' title='bbox 1552 5399 1784 5454; x_wconf 85' lang='lat' dir='ltr'><strong><em>invenire</em></strong></span> 
     </span>
    </p>
   </div>
   <div class='ocr_carea' id='block_1_93' title="bbox 205 5474 600 5548">
    <p class='ocr_par' dir='ltr' id='par_1_93' title="bbox 205 5474 600 5548">
     <span class='ocr_line' id='line_1_94' title="bbox 205 5474 600 5548; baseline 0.003 -22"><span class='ocrx_word' id='word_1_590' title='bbox 205 5477 447 5548; x_wconf 86' lang='lat' dir='ltr'><strong><em>magnalia</em></strong></span> <span class='ocrx_word' id='word_1_591' title='bbox 479 5474 600 5528; x_wconf 88' lang='lat' dir='ltr'><strong><em>Dei.</em></strong></span> 
     </span>
    </p>
   </div>
   <div class='ocr_carea' id='block_1_94' title="bbox 269 5541 1782 5612">
    <p class='ocr_par' dir='ltr' id='par_1_94' title="bbox 269 5541 1782 5612">
     <span class='ocr_line' id='line_1_95' title="bbox 269 5541 1782 5612; baseline -0.001 -16"><span class='ocrx_word' id='word_1_592' title='bbox 269 5541 392 5599; x_wconf 71' lang='lat' dir='ltr'><strong><em>(Sum</em></strong></span> <span class='ocrx_word' id='word_1_593' title='bbox 440 5543 880 5601; x_wconf 78' lang='lat' dir='ltr'><strong><em>consummat-erit</em></strong></span> <span class='ocrx_word' id='word_1_594' title='bbox 928 5541 1081 5596; x_wconf 76' lang='lat' dir='ltr'><strong><em>homo</em></strong></span> <span class='ocrx_word' id='word_1_595' title='bbox 1104 5583 1118 5608; x_wconf 91' lang='lat'><strong><em>,</em></strong></span> <span class='ocrx_word' id='word_1_596' title='bbox 1154 5551 1277 5596; x_wconf 89' lang='lat' dir='ltr'><strong><em>tunc</em></strong></span> <span class='ocrx_word' id='word_1_597' title='bbox 1319 5542 1569 5612; x_wconf 85' lang='lat' dir='ltr'><strong><em>incipiet:</em></strong></span> <span class='ocrx_word' id='word_1_598' title='bbox 1594 5551 1642 5595; x_wconf 88' lang='lat' dir='ltr'><strong><em>et</em></strong></span> <span class='ocrx_word' id='word_1_599' title='bbox 1665 5557 1782 5595; x_wconf 91' lang='lat' dir='ltr'><strong><em>cum</em></strong></span> 
     </span>
    </p>
   </div>
   <div class='ocr_carea' id='block_1_95' title="bbox 211 5619 840 5686">
    <p class='ocr_par' dir='ltr' id='par_1_95' title="bbox 211 5619 840 5686">
     <span class='ocr_line' id='line_1_96' title="bbox 211 5619 840 5686; baseline -0.006 -17"><span class='ocrx_word' id='word_1_600' title='bbox 211 5619 459 5686; x_wconf 75' lang='lat' dir='ltr'><strong><em>quieverit,</em></strong></span> <span class='ocrx_word' id='word_1_601' title='bbox 489 5619 840 5681; x_wconf 84' lang='lat' dir='ltr'><strong><em>aporiubitur.</em></strong></span> 
     </span>
    </p>
   </div>
   <div class='ocr_carea' id='block_1_96' title="bbox 277 5681 1786 5754">
    <p class='ocr_par' dir='ltr' id='par_1_96' title="bbox 277 5681 1786 5754">
     <span class='ocr_line' id='line_1_97' title="bbox 277 5681 1786 5754; baseline -0.003 -14"><span class='ocrx_word' id='word_1_602' title='bbox 277 5689 406 5752; x_wconf 79' lang='lat' dir='ltr'><strong><em>Quid</em></strong></span> <span class='ocrx_word' id='word_1_603' title='bbox 430 5681 504 5741; x_wconf 85' lang='lat' dir='ltr'><strong><em>est</em></strong></span> <span class='ocrx_word' id='word_1_604' title='bbox 530 5689 716 5751; x_wconf 88' lang='lat' dir='ltr'><strong><em>homo,</em></strong></span> <span class='ocrx_word' id='word_1_605' title='bbox 749 5695 793 5738; x_wconf 91' lang='lat' dir='ltr'><strong><em>et</em></strong></span> <span class='ocrx_word' id='word_1_606' title='bbox 821 5700 940 5753; x_wconf 72' lang='lat' dir='ltr'><strong><em>quia</em></strong></span> <span class='ocrx_word' id='word_1_607' title='bbox 965 5694 1041 5738; x_wconf 88' lang='lat' dir='ltr'><strong><em>est</em></strong></span> <span class='ocrx_word' id='word_1_608' title='bbox 1071 5686 1239 5754; x_wconf 85' lang='lat' dir='ltr'><strong><em>gratia</em></strong></span> <span class='ocrx_word' id='word_1_609' title='bbox 1265 5683 1452 5740; x_wconf 82' lang='lat' dir='ltr'><strong><em>illius?</em></strong></span> <span class='ocrx_word' id='word_1_610' title='bbox 1487 5688 1536 5738; x_wconf 80' lang='lat' dir='ltr'><strong><em>cl</em></strong></span> <span class='ocrx_word' id='word_1_611' title='bbox 1558 5681 1688 5753; x_wconf 80' lang='lat' dir='ltr'><strong><em>quid</em></strong></span> <span class='ocrx_word' id='word_1_612' title='bbox 1712 5692 1786 5738; x_wconf 84' lang='lat' dir='ltr'><strong><em>est</em></strong></span> 
     </span>
    </p>
   </div>
   <div class='ocr_carea' id='block_1_97' title="bbox 215 5755 1152 5829">
    <p class='ocr_par' dir='ltr' id='par_1_97' title="bbox 215 5755 1152 5829">
     <span class='ocr_line' id='line_1_98' title="bbox 215 5755 1152 5829; baseline -0.004 -20"><span class='ocrx_word' id='word_1_613' title='bbox 215 5757 422 5825; x_wconf 84' lang='lat' dir='ltr'><strong><em>bonum,</em></strong></span> <span class='ocrx_word' id='word_1_614' title='bbox 452 5768 543 5811; x_wconf 89' lang='lat' dir='ltr'><strong><em>aut</em></strong></span> <span class='ocrx_word' id='word_1_615' title='bbox 564 5759 692 5829; x_wconf 89' lang='lat' dir='ltr'><strong><em>quid</em></strong></span> <span class='ocrx_word' id='word_1_616' title='bbox 719 5771 938 5825; x_wconf 79' lang='lat' dir='ltr'><strong><em>nequam</em></strong></span> <span class='ocrx_word' id='word_1_617' title='bbox 962 5755 1152 5810; x_wconf 66' lang='lat' dir='ltr'><strong><em>illius?</em></strong></span> 
     </span>
    </p>
   </div>
   <div class='ocr_carea' id='block_1_98' title="bbox 1935 1778 3446 1852">
    <p class='ocr_par' dir='ltr' id='par_1_98' title="bbox 1935 1778 3446 1852">
     <span class='ocr_line' id='line_1_99' title="bbox 1935 1778 3446 1852; baseline 0.001 -19"><span class='ocrx_word' id='word_1_618' title='bbox 1935 1779 2124 1834; x_wconf 80' lang='lat' dir='ltr'><strong><em>Nonne</em></strong></span> <span class='ocrx_word' id='word_1_619' title='bbox 2143 1795 2264 1852; x_wconf 81' lang='lat' dir='ltr'><strong><em>ecce</em></strong></span> <span class='ocrx_word' id='word_1_620' title='bbox 2290 1779 2500 1852; x_wconf 79' lang='lat' dir='ltr'><strong><em>verbum</em></strong></span> <span class='ocrx_word' id='word_1_621' title='bbox 2521 1794 2676 1852; x_wconf 81' lang='lat' dir='ltr'><strong><em>super</em></strong></span> <span class='ocrx_word' id='word_1_622' title='bbox 2700 1780 2883 1834; x_wconf 76' lang='lat' dir='ltr'><strong><em>datum</em></strong></span> <span class='ocrx_word' id='word_1_623' title='bbox 2915 1778 3153 1836; x_wconf 74' lang='lat' dir='ltr'><strong><em>bonum!</em></strong></span> <span class='ocrx_word' id='word_1_624' title='bbox 3180 1780 3272 1836; x_wconf 73' lang='lat' dir='ltr'><strong><em>sed</em></strong></span> <span class='ocrx_word' id='word_1_625' title='bbox 3297 1788 3446 1835; x_wconf 85' lang='lat' dir='ltr'><strong><em>utra-</em></strong></span> 
     </span>
    </p>
   </div>
   <div class='ocr_carea' id='block_1_99' title="bbox 1858 1849 2672 1922">
    <p class='ocr_par' dir='ltr' id='par_1_99' title="bbox 1858 1849 2672 1922">
     <span class='ocr_line' id='line_1_100' title="bbox 1858 1849 2672 1922; baseline -0.001 -19"><span class='ocrx_word' id='word_1_626' title='bbox 1858 1866 1962 1922; x_wconf 76' lang='lat' dir='ltr'><strong><em>que</em></strong></span> <span class='ocrx_word' id='word_1_627' title='bbox 1986 1867 2104 1904; x_wconf 89' lang='lat' dir='ltr'><strong><em>cum</em></strong></span> <span class='ocrx_word' id='word_1_628' title='bbox 2132 1849 2336 1905; x_wconf 85' lang='lat' dir='ltr'><strong><em>homine</em></strong></span> <span class='ocrx_word' id='word_1_629' title='bbox 2355 1849 2672 1922; x_wconf 80' lang='lat' dir='ltr'><strong><em>justiﬁcato.</em></strong></span> 
     </span>
    </p>
   </div>
   <div class='ocr_carea' id='block_1_100' title="bbox 1932 1919 3450 1993">
    <p class='ocr_par' dir='ltr' id='par_1_100' title="bbox 1932 1919 3450 1993">
     <span class='ocr_line' id='line_1_101' title="bbox 1932 1919 3450 1993; baseline -0.002 -17"><span class='ocrx_word' id='word_1_630' title='bbox 1932 1919 2136 1976; x_wconf 85' lang='lat' dir='ltr'><strong><em>Stultus</em></strong></span> <span class='ocrx_word' id='word_1_631' title='bbox 2165 1919 2368 1976; x_wconf 67' lang='lat' dir='ltr'><strong><em>acriter</em></strong></span> <span class='ocrx_word' id='word_1_632' title='bbox 2400 1921 2816 1993; x_wconf 76' lang='lat' dir='ltr'><strong><em>iinproperabit:</em></strong></span> <span class='ocrx_word' id='word_1_633' title='bbox 2860 1929 2909 1976; x_wconf 88' lang='lat' dir='ltr'><strong><em>et</em></strong></span> <span class='ocrx_word' id='word_1_634' title='bbox 2957 1920 3114 1978; x_wconf 76' lang='lat' dir='ltr'><strong><em>datus</em></strong></span> <span class='ocrx_word' id='word_1_635' title='bbox 3153 1919 3450 1989; x_wconf 78' lang='lat' dir='ltr'><strong><em>indiscipli-</em></strong></span> 
     </span>
    </p>
   </div>
   <div class='ocr_carea' id='block_1_101' title="bbox 1859 1993 2630 2060">
    <p class='ocr_par' dir='ltr' id='par_1_101' title="bbox 1859 1993 2630 2060">
     <span class='ocr_line' id='line_1_102' title="bbox 1859 1993 2630 2060; baseline -0.001 -15"><span class='ocrx_word' id='word_1_636' title='bbox 1859 1993 1969 2045; x_wconf 87' lang='lat' dir='ltr'><strong><em>nali</em></strong></span> <span class='ocrx_word' id='word_1_637' title='bbox 2000 1993 2252 2047; x_wconf 88' lang='lat' dir='ltr'><strong><em>tabescere</em></strong></span> <span class='ocrx_word' id='word_1_638' title='bbox 2279 1994 2401 2060; x_wconf 90' lang='lat' dir='ltr'><strong><em>facit</em></strong></span> <span class='ocrx_word' id='word_1_639' title='bbox 2433 1993 2630 2046; x_wconf 86' lang='lat' dir='ltr'><strong><em>oculos.</em></strong></span> 
     </span>
    </p>
   </div>
   <div class='ocr_carea' id='block_1_102' title="bbox 1932 2061 3448 2134">
    <p class='ocr_par' dir='ltr' id='par_1_102' title="bbox 1932 2061 3448 2134">
     <span class='ocr_line' id='line_1_103' title="bbox 1932 2061 3448 2134; baseline 0.002 -19"><span class='ocrx_word' id='word_1_640' title='bbox 1932 2064 2065 2116; x_wconf 76' lang='lat' dir='ltr'><strong><em>Ante</em></strong></span> <span class='ocrx_word' id='word_1_641' title='bbox 2084 2064 2346 2131; x_wconf 86' lang='lat' dir='ltr'><strong><em>judicium</em></strong></span> <span class='ocrx_word' id='word_1_642' title='bbox 2387 2079 2514 2134; x_wconf 84' lang='lat' dir='ltr'><strong><em>para</em></strong></span> <span class='ocrx_word' id='word_1_643' title='bbox 2533 2063 2794 2134; x_wconf 83' lang='lat' dir='ltr'><strong><em>justitiam</em></strong></span> <span class='ocrx_word' id='word_1_644' title='bbox 2822 2061 2914 2120; x_wconf 86' lang='lat' dir='ltr'><strong><em>tibi</em></strong></span> <span class='ocrx_word' id='word_1_645' title='bbox 2938 2102 2953 2128; x_wconf 93' lang='lat'><strong><em>,</em></strong></span> <span class='ocrx_word' id='word_1_646' title='bbox 2996 2069 3046 2118; x_wconf 86' lang='lat' dir='ltr'><strong><em>et</em></strong></span> <span class='ocrx_word' id='word_1_647' title='bbox 3073 2071 3348 2133; x_wconf 82' lang='lat' dir='ltr'><strong><em>antequam</em></strong></span> <span class='ocrx_word' id='word_1_648' title='bbox 3370 2063 3448 2118; x_wconf 93' lang='lat' dir='ltr'><strong><em>lo-</em></strong></span> 
     </span>
    </p>
   </div>
   <div class='ocr_carea' id='block_1_103' title="bbox 1896 2135 2246 2199">
    <p class='ocr_par' dir='ltr' id='par_1_103' title="bbox 1896 2135 2246 2199">
     <span class='ocr_line' id='line_1_104' title="bbox 1896 2135 2246 2199; baseline 0.003 -12"><span class='ocrx_word' id='word_1_649' title='bbox 1896 2135 2056 2199; x_wconf 88' lang='lat' dir='ltr'><strong><em>uaris,</em></strong></span> <span class='ocrx_word' id='word_1_650' title='bbox 2086 2135 2246 2188; x_wconf 90' lang='lat' dir='ltr'><strong><em>disce.</em></strong></span> 
     </span>
    </p>
   </div>
   <div class='ocr_carea' id='block_1_104' title="bbox 1857 2151 3449 2276">
    <p class='ocr_par' dir='ltr' id='par_1_104' title="bbox 1857 2151 3449 2276">
     <span class='ocr_line' id='line_1_105' title="bbox 1857 2151 2246 2206; baseline 0.003 -19"><span class='ocrx_word' id='word_1_651' title='bbox 1857 2151 2056 2206; x_wconf 79' lang='lat' dir='ltr'><strong><em>quam,</em></strong></span> <span class='ocrx_word' id='word_1_652' title='bbox 2086 2151 2246 2188; x_wconf 86' lang='lat' dir='ltr'><strong><em>aisce.</em></strong></span> 
     </span>
     <span class='ocr_line' id='line_1_106' title="bbox 1930 2203 3449 2276; baseline -0.001 -18"><span class='ocrx_word' id='word_1_653' title='bbox 1930 2206 2062 2260; x_wconf 81' lang='lat' dir='ltr'><strong><em>Ante</em></strong></span> <span class='ocrx_word' id='word_1_654' title='bbox 2101 2205 2407 2276; x_wconf 88' lang='lat' dir='ltr'><strong><em>languorem</em></strong></span> <span class='ocrx_word' id='word_1_655' title='bbox 2437 2204 2630 2259; x_wconf 82' lang='lat' dir='ltr'><strong><em>adhibe</em></strong></span> <span class='ocrx_word' id='word_1_656' title='bbox 2672 2205 3024 2264; x_wconf 69' lang='lat' dir='ltr'><strong><em>medicinam:</em></strong></span> <span class='ocrx_word' id='word_1_657' title='bbox 3054 2219 3104 2264; x_wconf 89' lang='lat' dir='ltr'><strong><em>et</em></strong></span> <span class='ocrx_word' id='word_1_658' title='bbox 3145 2215 3265 2258; x_wconf 81' lang='lat' dir='ltr'><strong><em>ante</em></strong></span> <span class='ocrx_word' id='word_1_659' title='bbox 3297 2203 3449 2276; x_wconf 78' lang='lat' dir='ltr'><strong><em>judi-</em></strong></span> 
     </span>
    </p>
   </div>
   <div class='ocr_carea' id='block_1_105' title="bbox 1858 2275 3446 2350">
    <p class='ocr_par' dir='ltr' id='par_1_105' title="bbox 1858 2275 3446 2350">
     <span class='ocr_line' id='line_1_107' title="bbox 1858 2275 3446 2350; baseline -0.001 -20"><span class='ocrx_word' id='word_1_660' title='bbox 1858 2277 2010 2350; x_wconf 69' lang='lat' dir='ltr'><strong><em>ciunt</em></strong></span> <span class='ocrx_word' id='word_1_661' title='bbox 2028 2275 2291 2350; x_wconf 82' lang='lat' dir='ltr'><strong><em>interroga</em></strong></span> <span class='ocrx_word' id='word_1_662' title='bbox 2319 2278 2539 2344; x_wconf 89' lang='lat' dir='ltr'><strong><em>teipsum</em></strong></span> <span class='ocrx_word' id='word_1_663' title='bbox 2562 2318 2576 2341; x_wconf 89' lang='lat'><strong><em>,</em></strong></span> <span class='ocrx_word' id='word_1_664' title='bbox 2613 2285 2661 2328; x_wconf 91' lang='lat' dir='ltr'><strong><em>et</em></strong></span> <span class='ocrx_word' id='word_1_665' title='bbox 2692 2277 2744 2331; x_wconf 89' lang='lat' dir='ltr'><strong><em>in</em></strong></span> <span class='ocrx_word' id='word_1_666' title='bbox 2776 2290 3052 2350; x_wconf 80' lang='lat' dir='ltr'><strong><em>conspectu</em></strong></span> <span class='ocrx_word' id='word_1_667' title='bbox 3095 2277 3190 2332; x_wconf 80' lang='lat' dir='ltr'><strong><em>Dei</em></strong></span> <span class='ocrx_word' id='word_1_668' title='bbox 3221 2275 3446 2329; x_wconf 82' lang='lat' dir='ltr'><strong><em>invenies</em></strong></span> 
     </span>
    </p>
   </div>
   <div class='ocr_carea' id='block_1_106' title="bbox 1858 2347 2299 2419">
    <p class='ocr_par' dir='ltr' id='par_1_106' title="bbox 1858 2347 2299 2419">
     <span class='ocr_line' id='line_1_108' title="bbox 1858 2347 2299 2419; baseline -0.005 -20"><span class='ocrx_word' id='word_1_669' title='bbox 1858 2347 2299 2419; x_wconf 84' lang='lat' dir='ltr'><strong><em>propitiationem.</em></strong></span> 
     </span>
    </p>
   </div>
   <div class='ocr_carea' id='block_1_107' title="bbox 1930 2415 3446 2488">
    <p class='ocr_par' dir='ltr' id='par_1_107' title="bbox 1930 2415 3446 2488">
     <span class='ocr_line' id='line_1_109' title="bbox 1930 2415 3446 2488; baseline -0.003 -17"><span class='ocrx_word' id='word_1_670' title='bbox 1930 2415 2063 2472; x_wconf 75' lang='lat' dir='ltr'><strong><em>Ante</em></strong></span> <span class='ocrx_word' id='word_1_671' title='bbox 2088 2419 2393 2488; x_wconf 85' lang='lat' dir='ltr'><strong><em>languorem</em></strong></span> <span class='ocrx_word' id='word_1_672' title='bbox 2424 2416 2644 2470; x_wconf 88' lang='lat' dir='ltr'><strong><em>humilia</em></strong></span> <span class='ocrx_word' id='word_1_673' title='bbox 2674 2428 2722 2472; x_wconf 86' lang='lat' dir='ltr'><strong><em>te</em></strong></span> <span class='ocrx_word' id='word_1_674' title='bbox 2741 2463 2754 2485; x_wconf 86' lang='lat'><strong><em>,</em></strong></span> <span class='ocrx_word' id='word_1_675' title='bbox 2803 2429 2848 2472; x_wconf 89' lang='lat' dir='ltr'><strong><em>et</em></strong></span> <span class='ocrx_word' id='word_1_676' title='bbox 2879 2420 2935 2474; x_wconf 85' lang='lat' dir='ltr'><strong><em>in</em></strong></span> <span class='ocrx_word' id='word_1_677' title='bbox 2960 2428 3190 2487; x_wconf 70' lang='lat' dir='ltr'><strong><em>tempore</em></strong></span> <span class='ocrx_word' id='word_1_678' title='bbox 3220 2415 3446 2485; x_wconf 81' lang='lat' dir='ltr'><strong><em>infirmi-</em></strong></span> 
     </span>
    </p>
   </div>
   <div class='ocr_carea' id='block_1_108' title="bbox 1859 2488 2873 2543">
    <p class='ocr_par' dir='ltr' id='par_1_108' title="bbox 1859 2488 2873 2543">
     <span class='ocr_line' id='line_1_110' title="bbox 1859 2488 2873 2543; baseline -0.001 0"><span class='ocrx_word' id='word_1_679' title='bbox 1859 2490 1980 2543; x_wconf 91' lang='lat' dir='ltr'><strong><em>tatis</em></strong></span> <span class='ocrx_word' id='word_1_680' title='bbox 2011 2491 2220 2542; x_wconf 90' lang='lat' dir='ltr'><strong><em>ostende</em></strong></span> <span class='ocrx_word' id='word_1_681' title='bbox 2245 2488 2684 2542; x_wconf 87' lang='lat' dir='ltr'><strong><em>conversationem</em></strong></span> <span class='ocrx_word' id='word_1_682' title='bbox 2711 2500 2873 2543; x_wconf 90' lang='lat' dir='ltr'><strong><em>tuam.</em></strong></span> 
     </span>
    </p>
   </div>
   <div class='ocr_carea' id='block_1_109' title="bbox 1935 2558 3447 2631">
    <p class='ocr_par' dir='ltr' id='par_1_109' title="bbox 1935 2558 3447 2631">
     <span class='ocr_line' id='line_1_111' title="bbox 1935 2558 3447 2631; baseline -0.002 -18"><span class='ocrx_word' id='word_1_683' title='bbox 1935 2559 2058 2613; x_wconf 81' lang='lat' dir='ltr'><strong><em>Non</em></strong></span> <span class='ocrx_word' id='word_1_684' title='bbox 2088 2558 2391 2631; x_wconf 74' lang='lat' dir='ltr'><strong><em>impediat-is</em></strong></span> <span class='ocrx_word' id='word_1_685' title='bbox 2422 2573 2572 2631; x_wconf 84' lang='lat' dir='ltr'><strong><em>orare</em></strong></span> <span class='ocrx_word' id='word_1_686' title='bbox 2599 2576 2799 2631; x_wconf 85' lang='lat' dir='ltr'><strong><em>semper</em></strong></span> <span class='ocrx_word' id='word_1_687' title='bbox 2825 2600 2840 2625; x_wconf 96' lang='lat'><strong><em>,</em></strong></span> <span class='ocrx_word' id='word_1_688' title='bbox 2884 2569 2932 2616; x_wconf 91' lang='lat' dir='ltr'><strong><em>et</em></strong></span> <span class='ocrx_word' id='word_1_689' title='bbox 2953 2576 3016 2615; x_wconf 90' lang='lat' dir='ltr'><strong><em>ne</em></strong></span> <span class='ocrx_word' id='word_1_690' title='bbox 3036 2559 3260 2631; x_wconf 80' lang='lat' dir='ltr'><strong><em>verearis</em></strong></span> <span class='ocrx_word' id='word_1_691' title='bbox 3286 2571 3447 2631; x_wconf 81' lang='lat' dir='ltr'><strong><em>usque</em></strong></span> 
     </span>
    </p>
   </div>
   <div class='ocr_carea' id='block_1_110' title="bbox 1859 2627 3447 2701">
    <p class='ocr_par' dir='ltr' id='par_1_110' title="bbox 1859 2627 3447 2701">
     <span class='ocr_line' id='line_1_112' title="bbox 1859 2627 3447 2701; baseline -0.003 -17"><span class='ocrx_word' id='word_1_692' title='bbox 1859 2631 1927 2684; x_wconf 84' lang='lat' dir='ltr'><strong><em>ad</em></strong></span> <span class='ocrx_word' id='word_1_693' title='bbox 1955 2627 2169 2685; x_wconf 84' lang='lat' dir='ltr'><strong><em>mortem</em></strong></span> <span class='ocrx_word' id='word_1_694' title='bbox 2195 2629 2521 2701; x_wconf 78' lang='lat' dir='ltr'><strong><em>justiﬁcari:</em></strong></span> <span class='ocrx_word' id='word_1_695' title='bbox 2566 2627 2810 2700; x_wconf 83' lang='lat' dir='ltr'><strong><em>quoniam</em></strong></span> <span class='ocrx_word' id='word_1_696' title='bbox 2840 2647 3032 2688; x_wconf 71' lang='lat' dir='ltr'><strong><em>merces</em></strong></span> <span class='ocrx_word' id='word_1_697' title='bbox 3059 2629 3159 2686; x_wconf 87' lang='lat' dir='ltr'><strong><em>Dei</em></strong></span> <span class='ocrx_word' id='word_1_698' title='bbox 3188 2640 3359 2684; x_wconf 83' lang='lat' dir='ltr'><strong><em>manet</em></strong></span> <span class='ocrx_word' id='word_1_699' title='bbox 3390 2627 3447 2681; x_wconf 87' lang='lat' dir='ltr'><strong><em>in</em></strong></span> 
     </span>
    </p>
   </div>
   <div class='ocr_carea' id='block_1_111' title="bbox 1859 2711 2122 2758">
    <p class='ocr_par' dir='ltr' id='par_1_111' title="bbox 1859 2711 2122 2758">
     <span class='ocr_line' id='line_1_113' title="bbox 1859 2711 2122 2758; baseline 0 -1"><span class='ocrx_word' id='word_1_700' title='bbox 1859 2711 2013 2757; x_wconf 64' lang='lat' dir='ltr'><strong><em>a‘tern</em></strong></span> <span class='ocrx_word' id='word_1_701' title='bbox 2021 2720 2122 2758; x_wconf 89' lang='lat' dir='ltr'><strong><em>um.</em></strong></span> 
     </span>
    </p>
   </div>
   <div class='ocr_carea' id='block_1_112' title="bbox 1934 2769 3448 2843">
    <p class='ocr_par' dir='ltr' id='par_1_112' title="bbox 1934 2769 3448 2843">
     <span class='ocr_line' id='line_1_114' title="bbox 1934 2769 3448 2843; baseline -0.003 -16"><span class='ocrx_word' id='word_1_702' title='bbox 1934 2777 2062 2827; x_wconf 78' lang='lat' dir='ltr'><strong><em>Ante</em></strong></span> <span class='ocrx_word' id='word_1_703' title='bbox 2085 2773 2368 2827; x_wconf 86' lang='lat' dir='ltr'><strong><em>orationem</em></strong></span> <span class='ocrx_word' id='word_1_704' title='bbox 2400 2787 2640 2843; x_wconf 78' lang='lat' dir='ltr'><strong><em>prtepara</em></strong></span> <span class='ocrx_word' id='word_1_705' title='bbox 2660 2774 2892 2828; x_wconf 80' lang='lat' dir='ltr'><strong><em>animum</em></strong></span> <span class='ocrx_word' id='word_1_706' title='bbox 2911 2782 3054 2828; x_wconf 85' lang='lat' dir='ltr'><strong><em>tuam</em></strong></span> <span class='ocrx_word' id='word_1_707' title='bbox 3077 2787 3095 2824; x_wconf 91' lang='lat'><strong><em>:</em></strong></span> <span class='ocrx_word' id='word_1_708' title='bbox 3123 2779 3172 2825; x_wconf 90' lang='lat' dir='ltr'><strong><em>et</em></strong></span> <span class='ocrx_word' id='word_1_709' title='bbox 3201 2769 3312 2825; x_wconf 86' lang='lat' dir='ltr'><strong><em>noli</em></strong></span> <span class='ocrx_word' id='word_1_710' title='bbox 3338 2783 3448 2823; x_wconf 85' lang='lat' dir='ltr'><strong><em>esse</em></strong></span> 
     </span>
    </p>
   </div>
   <div class='ocr_carea' id='block_1_113' title="bbox 1857 2843 2694 2916">
    <p class='ocr_par' dir='ltr' id='par_1_113' title="bbox 1857 2843 2694 2916">
     <span class='ocr_line' id='line_1_115' title="bbox 1857 2843 2694 2916; baseline 0 -19"><span class='ocrx_word' id='word_1_711' title='bbox 1857 2846 2007 2916; x_wconf 80' lang='lat' dir='ltr'><strong><em>quasi</em></strong></span> <span class='ocrx_word' id='word_1_712' title='bbox 2034 2845 2187 2898; x_wconf 89' lang='lat' dir='ltr'><strong><em>homo</em></strong></span> <span class='ocrx_word' id='word_1_713' title='bbox 2211 2845 2300 2914; x_wconf 89' lang='lat' dir='ltr'><strong><em>qui</em></strong></span> <span class='ocrx_word' id='word_1_714' title='bbox 2323 2852 2482 2916; x_wconf 84' lang='lat' dir='ltr'><strong><em>tentat</em></strong></span> <span class='ocrx_word' id='word_1_715' title='bbox 2510 2843 2694 2897; x_wconf 85' lang='lat' dir='ltr'><strong><em>Deum.</em></strong></span> 
     </span>
    </p>
   </div>
   <div class='ocr_carea' id='block_1_114' title="bbox 1934 2914 3447 2984">
    <p class='ocr_par' dir='ltr' id='par_1_114' title="bbox 1934 2914 3447 2984">
     <span class='ocr_line' id='line_1_116' title="bbox 1934 2914 3447 2984; baseline -0.001 -16"><span class='ocrx_word' id='word_1_716' title='bbox 1934 2915 2190 2968; x_wconf 74' lang='lat' dir='ltr'><strong><em>Memento</em></strong></span> <span class='ocrx_word' id='word_1_717' title='bbox 2209 2916 2302 2968; x_wconf 68' lang='lat' dir='ltr'><strong><em>ira:</em></strong></span> <span class='ocrx_word' id='word_1_718' title='bbox 2331 2914 2384 2966; x_wconf 89' lang='lat' dir='ltr'><strong><em>in</em></strong></span> <span class='ocrx_word' id='word_1_719' title='bbox 2416 2914 2499 2968; x_wconf 81' lang='lat' dir='ltr'><strong><em>die</em></strong></span> <span class='ocrx_word' id='word_1_720' title='bbox 2529 2914 2987 2970; x_wconf 82' lang='lat' dir='ltr'><strong><em>consummationis</em></strong></span> <span class='ocrx_word' id='word_1_721' title='bbox 3011 2930 3030 2968; x_wconf 91' lang='lat'><strong><em>:</em></strong></span> <span class='ocrx_word' id='word_1_722' title='bbox 3069 2921 3114 2968; x_wconf 89' lang='lat' dir='ltr'><strong><em>et</em></strong></span> <span class='ocrx_word' id='word_1_723' title='bbox 3137 2923 3335 2984; x_wconf 85' lang='lat' dir='ltr'><strong><em>tempus</em></strong></span> <span class='ocrx_word' id='word_1_724' title='bbox 3364 2925 3447 2966; x_wconf 82' lang='lat' dir='ltr'><strong><em>re-</em></strong></span> 
     </span>
    </p>
   </div>
   <div class='ocr_carea' id='block_1_115' title="bbox 1860 2986 2844 3055">
    <p class='ocr_par' dir='ltr' id='par_1_115' title="bbox 1860 2986 2844 3055">
     <span class='ocr_line' id='line_1_117' title="bbox 1860 2986 2844 3055; baseline 0 -16"><span class='ocrx_word' id='word_1_725' title='bbox 1860 2988 2154 3039; x_wconf 90' lang='lat' dir='ltr'><strong><em>tributionis</em></strong></span> <span class='ocrx_word' id='word_1_726' title='bbox 2181 2987 2232 3038; x_wconf 92' lang='lat' dir='ltr'><strong><em>in</em></strong></span> <span class='ocrx_word' id='word_1_727' title='bbox 2263 2986 2650 3039; x_wconf 86' lang='lat' dir='ltr'><strong><em>conversatione</em></strong></span> <span class='ocrx_word' id='word_1_728' title='bbox 2672 2987 2844 3055; x_wconf 78' lang='lat' dir='ltr'><strong><em>faciei.</em></strong></span> 
     </span>
    </p>
   </div>
   <div class='ocr_carea' id='block_1_116' title="bbox 1935 3056 3451 3129">
    <p class='ocr_par' dir='ltr' id='par_1_116' title="bbox 1935 3056 3451 3129">
     <span class='ocr_line' id='line_1_118' title="bbox 1935 3056 3451 3129; baseline -0.003 -20"><span class='ocrx_word' id='word_1_729' title='bbox 1935 3056 2192 3112; x_wconf 80' lang='lat' dir='ltr'><strong><em>Memento</em></strong></span> <span class='ocrx_word' id='word_1_730' title='bbox 2219 3057 2535 3129; x_wconf 81' lang='lat' dir='ltr'><strong><em>paupertatis</em></strong></span> <span class='ocrx_word' id='word_1_731' title='bbox 2566 3058 2619 3110; x_wconf 91' lang='lat' dir='ltr'><strong><em>in</em></strong></span> <span class='ocrx_word' id='word_1_732' title='bbox 2642 3067 2867 3125; x_wconf 83' lang='lat' dir='ltr'><strong><em>tempore</em></strong></span> <span class='ocrx_word' id='word_1_733' title='bbox 2897 3056 3262 3122; x_wconf 69' lang='lat' dir='ltr'><strong><em>abundantia,</em></strong></span> <span class='ocrx_word' id='word_1_734' title='bbox 3285 3062 3336 3108; x_wconf 87' lang='lat' dir='ltr'><strong><em>et</em></strong></span> <span class='ocrx_word' id='word_1_735' title='bbox 3358 3069 3451 3106; x_wconf 90' lang='lat' dir='ltr'><strong><em>ne-</em></strong></span> 
     </span>
    </p>
   </div>
   <div class='ocr_carea' id='block_1_117' title="bbox 1784 3119 3049 3198">
    <p class='ocr_par' dir='ltr' id='par_1_117' title="bbox 1784 3119 3049 3198">
     <span class='ocr_line' id='line_1_119' title="bbox 1784 3119 3049 3198; baseline -0.003 -16"><span class='ocrx_word' id='word_1_736' title='bbox 1784 3119 1830 3182; x_wconf 67' lang='grc' dir='ltr'><strong>ρ</strong></span> <span class='ocrx_word' id='word_1_737' title='bbox 1862 3129 2156 3182; x_wconf 86' lang='lat' dir='ltr'><strong><em>cessitatum</em></strong></span> <span class='ocrx_word' id='word_1_738' title='bbox 2188 3119 2514 3198; x_wconf 73' lang='lat' dir='ltr'><strong><em>paupertatis</em></strong></span> <span class='ocrx_word' id='word_1_739' title='bbox 2540 3129 2591 3180; x_wconf 90' lang='lat' dir='ltr'><strong><em>in</em></strong></span> <span class='ocrx_word' id='word_1_740' title='bbox 2623 3129 2706 3181; x_wconf 90' lang='lat' dir='ltr'><strong><em>die</em></strong></span> <span class='ocrx_word' id='word_1_741' title='bbox 2731 3119 3049 3182; x_wconf 82' lang='lat' dir='ltr'><strong><em>divitiarum.</em></strong></span> 
     </span>
    </p>
   </div>
   <div class='ocr_carea' id='block_1_118' title="bbox 1931 3196 3446 3270">
    <p class='ocr_par' dir='ltr' id='par_1_118' title="bbox 1931 3196 3446 3270">
     <span class='ocr_line' id='line_1_120' title="bbox 1931 3196 3446 3270; baseline -0.001 -20"><span class='ocrx_word' id='word_1_742' title='bbox 1931 3202 1973 3270; x_wconf 76' lang='grc' dir='ltr'><em>Α</em></span> <span class='ocrx_word' id='word_1_743' title='bbox 2001 3215 2150 3251; x_wconf 89' lang='lat' dir='ltr'><strong><em>mane</em></strong></span> <span class='ocrx_word' id='word_1_744' title='bbox 2190 3196 2359 3270; x_wconf 81' lang='lat' dir='ltr'><strong><em>usque</em></strong></span> <span class='ocrx_word' id='word_1_745' title='bbox 2405 3199 2473 3250; x_wconf 85' lang='lat' dir='ltr'><strong><em>ad</em></strong></span> <span class='ocrx_word' id='word_1_746' title='bbox 2519 3215 2782 3270; x_wconf 67' lang='lat' dir='ltr'><strong><em>uesperam</em></strong></span> <span class='ocrx_word' id='word_1_747' title='bbox 2818 3196 3178 3256; x_wconf 82' lang='lat' dir='ltr'><strong><em>immutabitur</em></strong></span> <span class='ocrx_word' id='word_1_748' title='bbox 3223 3204 3446 3267; x_wconf 76' lang='lat' dir='ltr'><strong><em>tempus,</em></strong></span> 
     </span>
    </p>
   </div>
   <div class='ocr_carea' id='block_1_119' title="bbox 1860 3267 2838 3326">
    <p class='ocr_par' dir='ltr' id='par_1_119' title="bbox 1860 3267 2838 3326">
     <span class='ocr_line' id='line_1_121' title="bbox 1860 3267 2838 3326; baseline -0.006 0"><span class='ocrx_word' id='word_1_749' title='bbox 1860 3278 1908 3326; x_wconf 77' lang='lat' dir='ltr'><strong><em>et</em></strong></span> <span class='ocrx_word' id='word_1_750' title='bbox 1935 3269 2045 3322; x_wconf 67' lang='lat' dir='ltr'><strong><em>hac</em></strong></span> <span class='ocrx_word' id='word_1_751' title='bbox 2071 3272 2244 3324; x_wconf 86' lang='lat' dir='ltr'><strong><em>omnia</em></strong></span> <span class='ocrx_word' id='word_1_752' title='bbox 2270 3267 2430 3322; x_wconf 86' lang='lat' dir='ltr'><strong><em>citata</em></strong></span> <span class='ocrx_word' id='word_1_753' title='bbox 2458 3270 2512 3322; x_wconf 90' lang='lat' dir='ltr'><strong><em>in</em></strong></span> <span class='ocrx_word' id='word_1_754' title='bbox 2535 3267 2698 3323; x_wconf 79' lang='lat' dir='ltr'><strong><em>oculis</em></strong></span> <span class='ocrx_word' id='word_1_755' title='bbox 2721 3267 2838 3322; x_wconf 89' lang='lat' dir='ltr'><strong><em>Dei.</em></strong></span> 
     </span>
    </p>
   </div>
   <div class='ocr_carea' id='block_1_120' title="bbox 1931 3337 3454 3408">
    <p class='ocr_par' dir='ltr' id='par_1_120' title="bbox 1931 3337 3454 3408">
     <span class='ocr_line' id='line_1_122' title="bbox 1931 3337 3454 3408; baseline -0.002 -15"><span class='ocrx_word' id='word_1_756' title='bbox 1931 3339 2105 3394; x_wconf 84' lang='lat' dir='ltr'><strong><em>Homo</em></strong></span> <span class='ocrx_word' id='word_1_757' title='bbox 2133 3343 2340 3407; x_wconf 85' lang='lat' dir='ltr'><strong><em>sapiens</em></strong></span> <span class='ocrx_word' id='word_1_758' title='bbox 2363 3340 2415 3392; x_wconf 91' lang='lat' dir='ltr'><strong><em>in</em></strong></span> <span class='ocrx_word' id='word_1_759' title='bbox 2445 3341 2679 3395; x_wconf 88' lang='lat' dir='ltr'><strong><em>omnibus</em></strong></span> <span class='ocrx_word' id='word_1_760' title='bbox 2708 3349 2924 3408; x_wconf 85' lang='lat' dir='ltr'><strong><em>metuet,</em></strong></span> <span class='ocrx_word' id='word_1_761' title='bbox 2951 3347 3003 3395; x_wconf 90' lang='lat' dir='ltr'><strong><em>et</em></strong></span> <span class='ocrx_word' id='word_1_762' title='bbox 3029 3341 3083 3392; x_wconf 80' lang='lat' dir='ltr'><strong><em>in</em></strong></span> <span class='ocrx_word' id='word_1_763' title='bbox 3109 3339 3286 3395; x_wconf 85' lang='lat' dir='ltr'><strong><em>diebus</em></strong></span> <span class='ocrx_word' id='word_1_764' title='bbox 3318 3337 3454 3391; x_wconf 78' lang='lat' dir='ltr'><strong><em>deli-</em></strong></span> 
     </span>
    </p>
   </div>
   <div class='ocr_carea' id='block_1_121' title="bbox 1860 3410 2637 3470">
    <p class='ocr_par' dir='ltr' id='par_1_121' title="bbox 1860 3410 2637 3470">
     <span class='ocr_line' id='line_1_123' title="bbox 1860 3410 2637 3470; baseline 0 -6"><span class='ocrx_word' id='word_1_765' title='bbox 1860 3419 2059 3464; x_wconf 90' lang='lat' dir='ltr'><strong><em>ctorum</em></strong></span> <span class='ocrx_word' id='word_1_766' title='bbox 2081 3414 2310 3467; x_wconf 89' lang='lat' dir='ltr'><strong><em>attendet</em></strong></span> <span class='ocrx_word' id='word_1_767' title='bbox 2337 3410 2401 3462; x_wconf 89' lang='lat' dir='ltr'><strong><em>ab</em></strong></span> <span class='ocrx_word' id='word_1_768' title='bbox 2430 3410 2637 3470; x_wconf 83' lang='lat' dir='ltr'><strong><em>inertia.</em></strong></span> 
     </span>
    </p>
   </div>
   <div class='ocr_carea' id='block_1_122' title="bbox 1936 3477 3452 3552">
    <p class='ocr_par' dir='ltr' id='par_1_122' title="bbox 1936 3477 3452 3552">
     <span class='ocr_line' id='line_1_124' title="bbox 1936 3477 3452 3552; baseline -0.003 -16"><span class='ocrx_word' id='word_1_769' title='bbox 1936 3481 2115 3536; x_wconf 88' lang='lat' dir='ltr'><strong><em>Omnis</em></strong></span> <span class='ocrx_word' id='word_1_770' title='bbox 2153 3493 2358 3537; x_wconf 86' lang='lat' dir='ltr'><strong><em>astutus</em></strong></span> <span class='ocrx_word' id='word_1_771' title='bbox 2389 3485 2634 3552; x_wconf 71' lang='lat' dir='ltr'><strong><em>agnoscit</em></strong></span> <span class='ocrx_word' id='word_1_772' title='bbox 2681 3481 3032 3552; x_wconf 86' lang='lat' dir='ltr'><strong><em>sapientiam,</em></strong></span> <span class='ocrx_word' id='word_1_773' title='bbox 3079 3490 3129 3536; x_wconf 91' lang='lat' dir='ltr'><strong><em>et</em></strong></span> <span class='ocrx_word' id='word_1_774' title='bbox 3172 3477 3452 3535; x_wconf 82' lang='lat' dir='ltr'><strong><em>invenienti</em></strong></span> 
     </span>
    </p>
   </div>
   <div class='ocr_carea' id='block_1_123' title="bbox 1861 3553 2568 3622">
    <p class='ocr_par' dir='ltr' id='par_1_123' title="bbox 1861 3553 2568 3622">
     <span class='ocr_line' id='line_1_125' title="bbox 1861 3553 2568 3622; baseline 0 -15"><span class='ocrx_word' id='word_1_775' title='bbox 1861 3569 1972 3607; x_wconf 85' lang='lat' dir='ltr'><strong><em>eam</em></strong></span> <span class='ocrx_word' id='word_1_776' title='bbox 2001 3553 2144 3606; x_wconf 85' lang='lat' dir='ltr'><strong><em>dabit</em></strong></span> <span class='ocrx_word' id='word_1_777' title='bbox 2174 3553 2568 3622; x_wconf 82' lang='lat' dir='ltr'><strong><em>confessionem.</em></strong></span> 
     </span>
    </p>
   </div>
   <div class='ocr_carea' id='block_1_124' title="bbox 1935 3621 3454 3697">
    <p class='ocr_par' dir='ltr' id='par_1_124' title="bbox 1935 3621 3454 3697">
     <span class='ocr_line' id='line_1_126' title="bbox 1935 3621 3454 3697; baseline -0.004 -17"><span class='ocrx_word' id='word_1_778' title='bbox 1935 3625 2144 3680; x_wconf 87' lang='lat' dir='ltr'><strong><em>Sensati</em></strong></span> <span class='ocrx_word' id='word_1_779' title='bbox 2173 3627 2225 3679; x_wconf 87' lang='lat' dir='ltr'><strong><em>in</em></strong></span> <span class='ocrx_word' id='word_1_780' title='bbox 2259 3621 2423 3679; x_wconf 72' lang='lat' dir='ltr'><strong><em>verbis</em></strong></span> <span class='ocrx_word' id='word_1_781' title='bbox 2454 3635 2498 3677; x_wconf 88' lang='lat' dir='ltr'><strong><em>et</em></strong></span> <span class='ocrx_word' id='word_1_782' title='bbox 2527 3625 2625 3697; x_wconf 87' lang='lat' dir='ltr'><strong><em>ipsi</em></strong></span> <span class='ocrx_word' id='word_1_783' title='bbox 2660 3625 2922 3692; x_wconf 85' lang='lat' dir='ltr'><strong><em>sapienter</em></strong></span> <span class='ocrx_word' id='word_1_784' title='bbox 2951 3629 3194 3697; x_wconf 82' lang='lat' dir='ltr'><strong><em>egerunt:</em></strong></span> <span class='ocrx_word' id='word_1_785' title='bbox 3226 3630 3272 3674; x_wconf 89' lang='lat' dir='ltr'><strong><em>et</em></strong></span> <span class='ocrx_word' id='word_1_786' title='bbox 3302 3621 3454 3674; x_wconf 72' lang='lat' dir='ltr'><strong><em>intel~</em></strong></span> 
     </span>
    </p>
   </div>
   <div class='ocr_carea' id='block_1_125' title="bbox 1861 3693 3458 3768">
    <p class='ocr_par' dir='ltr' id='par_1_125' title="bbox 1861 3693 3458 3768">
     <span class='ocr_line' id='line_1_127' title="bbox 1861 3693 3458 3768; baseline -0.003 -19"><span class='ocrx_word' id='word_1_787' title='bbox 1861 3695 2094 3768; x_wconf 69' lang='lat' dir='ltr'><strong><em>texerunt</em></strong></span> <span class='ocrx_word' id='word_1_788' title='bbox 2144 3699 2410 3750; x_wconf 71' lang='lat' dir='ltr'><strong><em>veritatem</em></strong></span> <span class='ocrx_word' id='word_1_789' title='bbox 2441 3702 2490 3746; x_wconf 88' lang='lat' dir='ltr'><strong><em>et</em></strong></span> <span class='ocrx_word' id='word_1_790' title='bbox 2512 3693 2813 3768; x_wconf 81' lang='lat' dir='ltr'><strong><em>justitiam,</em></strong></span> <span class='ocrx_word' id='word_1_791' title='bbox 2862 3703 2910 3748; x_wconf 92' lang='lat' dir='ltr'><strong><em>et</em></strong></span> <span class='ocrx_word' id='word_1_792' title='bbox 2957 3693 3300 3764; x_wconf 79' lang='lat' dir='ltr'><strong><em>impleuerunt</em></strong></span> <span class='ocrx_word' id='word_1_793' title='bbox 3334 3707 3458 3762; x_wconf 85' lang='lat' dir='ltr'><strong><em>pro-</em></strong></span> 
     </span>
    </p>
   </div>
   <div class='ocr_carea' id='block_1_126' title="bbox 1860 3767 2344 3837">
    <p class='ocr_par' dir='ltr' id='par_1_126' title="bbox 1860 3767 2344 3837">
     <span class='ocr_line' id='line_1_128' title="bbox 1860 3767 2344 3837; baseline 0.002 -17"><span class='ocrx_word' id='word_1_794' title='bbox 1860 3767 2034 3837; x_wconf 66' lang='lat' dir='ltr'><strong><em>verbia</em></strong></span> <span class='ocrx_word' id='word_1_795' title='bbox 2055 3777 2103 3821; x_wconf 90' lang='lat' dir='ltr'><strong><em>et</em></strong></span> <span class='ocrx_word' id='word_1_796' title='bbox 2115 3768 2344 3837; x_wconf 87' lang='lat' dir='ltr'><strong><em>judicia.</em></strong></span> 
     </span>
    </p>
   </div>
   <div class='ocr_carea' id='block_1_127' title="bbox 1935 3833 3453 3910">
    <p class='ocr_par' dir='ltr' id='par_1_127' title="bbox 1935 3833 3453 3910">
     <span class='ocr_line' id='line_1_129' title="bbox 1935 3833 3453 3910; baseline -0.003 -20"><span class='ocrx_word' id='word_1_797' title='bbox 1935 3835 2061 3890; x_wconf 82' lang='lat' dir='ltr'><strong><em>Post</em></strong></span> <span class='ocrx_word' id='word_1_798' title='bbox 2109 3833 2552 3910; x_wconf 85' lang='lat' dir='ltr'><strong><em>concupiscentias</em></strong></span> <span class='ocrx_word' id='word_1_799' title='bbox 2600 3848 2716 3890; x_wconf 84' lang='lat' dir='ltr'><strong><em>tuas</em></strong></span> <span class='ocrx_word' id='word_1_800' title='bbox 2758 3851 2862 3889; x_wconf 89' lang='lat' dir='ltr'><strong><em>non</em></strong></span> <span class='ocrx_word' id='word_1_801' title='bbox 2882 3850 2973 3888; x_wconf 88' lang='lat' dir='ltr'><strong><em>eas</em></strong></span> <span class='ocrx_word' id='word_1_802' title='bbox 2998 3874 3013 3900; x_wconf 92' lang='lat'><strong><em>,</em></strong></span> <span class='ocrx_word' id='word_1_803' title='bbox 3056 3841 3104 3887; x_wconf 91' lang='lat' dir='ltr'><strong><em>et</em></strong></span> <span class='ocrx_word' id='word_1_804' title='bbox 3131 3850 3162 3886; x_wconf 91' lang='lat' dir='ltr'><strong><em>a</em></strong></span> <span class='ocrx_word' id='word_1_805' title='bbox 3188 3833 3453 3888; x_wconf 84' lang='lat' dir='ltr'><strong><em>voluntate</em></strong></span> 
     </span>
    </p>
   </div>
   <div class='ocr_carea' id='block_1_128' title="bbox 1863 3918 2222 3962">
    <p class='ocr_par' dir='ltr' id='par_1_128' title="bbox 1863 3918 2222 3962">
     <span class='ocr_line' id='line_1_130' title="bbox 1863 3918 2222 3962; baseline -0.003 0"><span class='ocrx_word' id='word_1_806' title='bbox 1863 3918 1953 3962; x_wconf 86' lang='lat' dir='ltr'><strong><em>tua</em></strong></span> <span class='ocrx_word' id='word_1_807' title='bbox 1977 3918 2222 3962; x_wconf 84' lang='lat' dir='ltr'><strong><em>avertere.</em></strong></span> 
     </span>
    </p>
   </div>
   <div class='ocr_carea' id='block_1_129' title="bbox 1936 3975 3456 4049">
    <p class='ocr_par' dir='ltr' id='par_1_129' title="bbox 1936 3975 3456 4049">
     <span class='ocr_line' id='line_1_131' title="bbox 1936 3975 3456 4049; baseline -0.003 -14"><span class='ocrx_word' id='word_1_808' title='bbox 1936 3980 1998 4035; x_wconf 90' lang='lat' dir='ltr'><strong><em>Si</em></strong></span> <span class='ocrx_word' id='word_1_809' title='bbox 2019 3988 2234 4048; x_wconf 72' lang='lat' dir='ltr'><strong><em>priestes</em></strong></span> <span class='ocrx_word' id='word_1_810' title='bbox 2261 3980 2449 4032; x_wconf 73' lang='lat' dir='ltr'><strong><em>animm</em></strong></span> <span class='ocrx_word' id='word_1_811' title='bbox 2479 3986 2581 4032; x_wconf 71' lang='lat' dir='ltr'><strong><em>ista:</em></strong></span> <span class='ocrx_word' id='word_1_812' title='bbox 2609 3977 3048 4049; x_wconf 77' lang='lat' dir='ltr'><strong><em>concupiscentiae</em></strong></span> <span class='ocrx_word' id='word_1_813' title='bbox 3092 3979 3208 4049; x_wconf 87' lang='lat' dir='ltr'><strong><em>ejus</em></strong></span> <span class='ocrx_word' id='word_1_814' title='bbox 3235 4016 3250 4042; x_wconf 89' lang='lat'><strong><em>,</em></strong></span> <span class='ocrx_word' id='word_1_815' title='bbox 3300 3975 3456 4046; x_wconf 86' lang='lat' dir='ltr'><strong><em>faciet</em></strong></span> 
     </span>
    </p>
   </div>
   <div class='ocr_carea' id='block_1_130' title="bbox 1863 4050 2662 4121">
    <p class='ocr_par' dir='ltr' id='par_1_130' title="bbox 1863 4050 2662 4121">
     <span class='ocr_line' id='line_1_132' title="bbox 1863 4050 2662 4121; baseline -0.003 -18"><span class='ocrx_word' id='word_1_816' title='bbox 1863 4059 1911 4104; x_wconf 89' lang='lat' dir='ltr'><strong><em>te</em></strong></span> <span class='ocrx_word' id='word_1_817' title='bbox 1938 4051 1988 4121; x_wconf 81' lang='lat' dir='ltr'><strong><em>in</em></strong></span> <span class='ocrx_word' id='word_1_818' title='bbox 2017 4050 2261 4121; x_wconf 87' lang='lat' dir='ltr'><strong><em>gaudium</em></strong></span> <span class='ocrx_word' id='word_1_819' title='bbox 2291 4050 2514 4121; x_wconf 83' lang='lat' dir='ltr'><strong><em>inimicis</em></strong></span> <span class='ocrx_word' id='word_1_820' title='bbox 2543 4051 2662 4104; x_wconf 85' lang='lat' dir='ltr'><strong><em>tuis.</em></strong></span> 
     </span>
    </p>
   </div>
   <div class='ocr_carea' id='block_1_131' title="bbox 1937 4117 3456 4192">
    <p class='ocr_par' dir='ltr' id='par_1_131' title="bbox 1937 4117 3456 4192">
     <span class='ocr_line' id='line_1_133' title="bbox 1937 4117 3456 4192; baseline -0.002 -18"><span class='ocrx_word' id='word_1_821' title='bbox 1937 4117 2159 4191; x_wconf 54' lang='lat' dir='ltr'><strong><em>Ne&#39;lAl.</em></strong></span> <span class='ocrx_word' id='word_1_822' title='bbox 2193 4119 2336 4192; x_wconf 83' lang='lat' dir='ltr'><strong><em>Non]</em></strong></span> <span class='ocrx_word' id='word_1_823' title='bbox 2378 4120 2642 4174; x_wconf 85' lang='lat' dir='ltr'><strong><em>oblecteris</em></strong></span> <span class='ocrx_word' id='word_1_824' title='bbox 2687 4121 2739 4173; x_wconf 88' lang='lat' dir='ltr'><strong><em>in</em></strong></span> <span class='ocrx_word' id='word_1_825' title='bbox 2784 4121 2946 4175; x_wconf 86' lang='lat' dir='ltr'><strong><em>turbis</em></strong></span> <span class='ocrx_word' id='word_1_826' title='bbox 2989 4135 3082 4174; x_wconf 87' lang='lat' dir='ltr'><strong><em>nec</em></strong></span> <span class='ocrx_word' id='word_1_827' title='bbox 3114 4119 3169 4172; x_wconf 87' lang='lat' dir='ltr'><strong><em>in</em></strong></span> <span class='ocrx_word' id='word_1_828' title='bbox 3194 4117 3410 4172; x_wconf 83' lang='lat' dir='ltr'><strong><em>modicis</em></strong></span> <span class='ocrx_word' id='word_1_829' title='bbox 3437 4133 3456 4171; x_wconf 92' lang='lat'><strong><em>:</em></strong></span> 
     </span>
    </p>
   </div>
   <div class='ocr_carea' id='block_1_132' title="bbox 1862 4193 2922 4246">
    <p class='ocr_par' dir='ltr' id='par_1_132' title="bbox 1862 4193 2922 4246">
     <span class='ocr_line' id='line_1_134' title="bbox 1862 4193 2922 4246; baseline 0.001 -2"><span class='ocrx_word' id='word_1_830' title='bbox 1862 4194 2078 4246; x_wconf 87' lang='lat' dir='ltr'><strong><em>assidua</em></strong></span> <span class='ocrx_word' id='word_1_831' title='bbox 2108 4193 2239 4244; x_wconf 85' lang='lat' dir='ltr'><strong><em>enim</em></strong></span> <span class='ocrx_word' id='word_1_832' title='bbox 2269 4203 2338 4245; x_wconf 86' lang='lat' dir='ltr'><strong><em>est</em></strong></span> <span class='ocrx_word' id='word_1_833' title='bbox 2369 4193 2659 4246; x_wconf 83' lang='lat' dir='ltr'><strong><em>connnissio</em></strong></span> <span class='ocrx_word' id='word_1_834' title='bbox 2686 4193 2922 4245; x_wconf 85' lang='lat' dir='ltr'><strong><em>illorum.</em></strong></span> 
     </span>
    </p>
   </div>
   <div class='ocr_carea' id='block_1_133' title="bbox 1936 4260 3458 4334">
    <p class='ocr_par' dir='ltr' id='par_1_133' title="bbox 1936 4260 3458 4334">
     <span class='ocr_line' id='line_1_135' title="bbox 1936 4260 3458 4334; baseline -0.003 -17"><span class='ocrx_word' id='word_1_835' title='bbox 1936 4263 2020 4317; x_wconf 81' lang='lat' dir='ltr'><strong><em>Ne</em></strong></span> <span class='ocrx_word' id='word_1_836' title='bbox 2048 4263 2208 4334; x_wconf 82' lang='lat' dir='ltr'><strong><em>fueris</em></strong></span> <span class='ocrx_word' id='word_1_837' title='bbox 2256 4265 2532 4318; x_wconf 88' lang='lat' dir='ltr'><strong><em>mediocris</em></strong></span> <span class='ocrx_word' id='word_1_838' title='bbox 2580 4265 2634 4316; x_wconf 92' lang='lat' dir='ltr'><strong><em>in</em></strong></span> <span class='ocrx_word' id='word_1_839' title='bbox 2685 4264 3118 4334; x_wconf 76' lang='lat' dir='ltr'><strong><em>contentioneex</em></strong></span> <span class='ocrx_word' id='word_1_840' title='bbox 3160 4260 3376 4334; x_wconf 77' lang='lat' dir='ltr'><strong><em>fenore,</em></strong></span> <span class='ocrx_word' id='word_1_841' title='bbox 3410 4269 3458 4312; x_wconf 91' lang='lat' dir='ltr'><strong><em>et</em></strong></span> 
     </span>
    </p>
   </div>
   <div class='ocr_carea' id='block_1_134' title="bbox 1862 4331 3396 4390">
    <p class='ocr_par' dir='ltr' id='par_1_134' title="bbox 1862 4331 3396 4390">
     <span class='ocr_line' id='line_1_136' title="bbox 1862 4331 3396 4390; baseline -0.007 -1"><span class='ocrx_word' id='word_1_842' title='bbox 1862 4344 1936 4389; x_wconf 88' lang='lat' dir='ltr'><strong><em>est</em></strong></span> <span class='ocrx_word' id='word_1_843' title='bbox 1957 4331 2056 4388; x_wconf 80' lang='lat' dir='ltr'><strong><em>tibi</em></strong></span> <span class='ocrx_word' id='word_1_844' title='bbox 2069 4334 2202 4389; x_wconf 86' lang='lat' dir='ltr'><strong><em>nihil</em></strong></span> <span class='ocrx_word' id='word_1_845' title='bbox 2229 4337 2281 4389; x_wconf 91' lang='lat' dir='ltr'><strong><em>in</em></strong></span> <span class='ocrx_word' id='word_1_846' title='bbox 2311 4334 2563 4389; x_wconf 88' lang='lat' dir='ltr'><strong><em>sacculo:</em></strong></span> <span class='ocrx_word' id='word_1_847' title='bbox 2591 4336 2692 4390; x_wconf 90' lang='lat' dir='ltr'><strong><em>eris</em></strong></span> <span class='ocrx_word' id='word_1_848' title='bbox 2721 4336 2858 4388; x_wconf 90' lang='lat' dir='ltr'><strong><em>enim</em></strong></span> <span class='ocrx_word' id='word_1_849' title='bbox 2898 4332 3102 4386; x_wconf 86' lang='lat' dir='ltr'><strong><em>invidus</em></strong></span> <span class='ocrx_word' id='word_1_850' title='bbox 3122 4331 3240 4382; x_wconf 74' lang='lat' dir='ltr'><strong><em>vita:</em></strong></span> <span class='ocrx_word' id='word_1_851' title='bbox 3269 4338 3396 4380; x_wconf 73' lang='lat' dir='ltr'><strong><em>tute.</em></strong></span> 
     </span>
    </p>
   </div>
   <div class='ocr_carea' id='block_1_135' title="bbox 2455 4444 2868 4510">
    <p class='ocr_par' dir='ltr' id='par_1_135' title="bbox 2455 4444 2868 4510">
     <span class='ocr_line' id='line_1_137' title="bbox 2455 4444 2868 4510; baseline -0.01 -6"><span class='ocrx_word' id='word_1_852' title='bbox 2455 4447 2686 4508; x_wconf 82' lang='lat' dir='ltr'><strong><em>CAPUT</em></strong></span> <span class='ocrx_word' id='word_1_853' title='bbox 2725 4444 2868 4510; x_wconf 72' lang='lat' dir='ltr'><strong><em>XIX.</em></strong></span> 
     </span>
    </p>
   </div>
   <div class='ocr_carea' id='block_1_136' title="bbox 1787 4505 3456 4616">
    <p class='ocr_par' dir='ltr' id='par_1_136' title="bbox 1787 4505 3456 4616">
     <span class='ocr_line' id='line_1_138' title="bbox 1787 4505 3456 4616; baseline -0.007 -17"><span class='ocrx_word' id='word_1_854' title='bbox 1787 4505 1838 4567; x_wconf 63' lang='grc' dir='ltr'>θ</span> <span class='ocrx_word' id='word_1_855' title='bbox 1946 4541 2226 4616; x_wconf 79' lang='lat' dir='ltr'><strong><em>Operarius</em></strong></span> <span class='ocrx_word' id='word_1_856' title='bbox 2253 4543 2482 4616; x_wconf 85' lang='lat' dir='ltr'><strong><em>ebriosus</em></strong></span> <span class='ocrx_word' id='word_1_857' title='bbox 2516 4505 2636 4616; x_wconf 60' lang='lat' dir='ltr'><strong><em>non</em></strong></span> <span class='ocrx_word' id='word_1_858' title='bbox 2658 4505 3095 4616; x_wconf 78' lang='lat' dir='ltr'><strong><em>locupletabitur:</em></strong></span> <span class='ocrx_word' id='word_1_859' title='bbox 3119 4544 3168 4589; x_wconf 86' lang='lat' dir='ltr'><strong><em>et</em></strong></span> <span class='ocrx_word' id='word_1_860' title='bbox 3199 4535 3287 4605; x_wconf 82' lang='lat' dir='ltr'><strong><em>qui</em></strong></span> <span class='ocrx_word' id='word_1_861' title='bbox 3313 4551 3456 4606; x_wconf 83' lang='lat' dir='ltr'><strong><em>sper-</em></strong></span> 
     </span>
    </p>
   </div>
   <div class='ocr_carea' id='block_1_137' title="bbox 1875 4611 2751 4682">
    <p class='ocr_par' dir='ltr' id='par_1_137' title="bbox 1875 4611 2751 4682">
     <span class='ocr_line' id='line_1_139' title="bbox 1875 4611 2751 4682; baseline -0.006 -14"><span class='ocrx_word' id='word_1_862' title='bbox 1875 4616 1948 4669; x_wconf 89' lang='lat' dir='ltr'><strong><em>nit</em></strong></span> <span class='ocrx_word' id='word_1_863' title='bbox 1971 4611 2204 4677; x_wconf 84' lang='lat' dir='ltr'><strong><em>modica,</em></strong></span> <span class='ocrx_word' id='word_1_864' title='bbox 2237 4615 2490 4682; x_wconf 90' lang='lat' dir='ltr'><strong><em>paulatim</em></strong></span> <span class='ocrx_word' id='word_1_865' title='bbox 2522 4611 2751 4666; x_wconf 89' lang='lat' dir='ltr'><strong><em>decidet.</em></strong></span> 
     </span>
    </p>
   </div>
   <div class='ocr_carea' id='block_1_138' title="bbox 1952 4677 3459 4755">
    <p class='ocr_par' dir='ltr' id='par_1_138' title="bbox 1952 4677 3459 4755">
     <span class='ocr_line' id='line_1_140' title="bbox 1952 4677 3459 4755; baseline -0.005 -15"><span class='ocrx_word' id='word_1_866' title='bbox 1952 4687 2160 4740; x_wconf 82' lang='lat' dir='ltr'><strong><em>Vinum</em></strong></span> <span class='ocrx_word' id='word_1_867' title='bbox 2193 4677 2248 4739; x_wconf 75' lang='lat' dir='ltr'><strong><em>ei</em></strong></span> <span class='ocrx_word' id='word_1_868' title='bbox 2273 4685 2513 4740; x_wconf 84' lang='lat' dir='ltr'><strong><em>mulieres</em></strong></span> <span class='ocrx_word' id='word_1_869' title='bbox 2541 4691 2842 4755; x_wconf 86' lang='lat' dir='ltr'><strong><em>apostatare</em></strong></span> <span class='ocrx_word' id='word_1_870' title='bbox 2870 4680 3070 4753; x_wconf 80' lang='lat' dir='ltr'><strong><em>faciunt</em></strong></span> <span class='ocrx_word' id='word_1_871' title='bbox 3099 4677 3359 4747; x_wconf 84' lang='lat' dir='ltr'><strong><em>sapientes</em></strong></span> <span class='ocrx_word' id='word_1_872' title='bbox 3380 4717 3395 4742; x_wconf 95' lang='lat'><strong><em>,</em></strong></span> <span class='ocrx_word' id='word_1_873' title='bbox 3431 4693 3459 4732; x_wconf 95' lang='lat' dir='ltr'><strong><em>e</em></strong></span> 
     </span>
    </p>
   </div>
   <div class='ocr_carea' id='block_1_139' title="bbox 1876 4767 2374 4828">
    <p class='ocr_par' dir='ltr' id='par_1_139' title="bbox 1876 4767 2374 4828">
     <span class='ocr_line' id='line_1_141' title="bbox 1876 4767 2374 4828; baseline -0.002 -18"><span class='ocrx_word' id='word_1_874' title='bbox 1876 4767 2094 4828; x_wconf 83' lang='lat' dir='ltr'><strong><em>urguent</em></strong></span> <span class='ocrx_word' id='word_1_875' title='bbox 2121 4767 2374 4812; x_wconf 85' lang='lat' dir='ltr'><strong><em>sensatos.</em></strong></span> 
     </span>
    </p>
   </div>
   <div class='ocr_carea' id='block_1_140' title="bbox 1954 4820 3468 4909">
    <p class='ocr_par' dir='ltr' id='par_1_140' title="bbox 1954 4820 3468 4909">
     <span class='ocr_line' id='line_1_142' title="bbox 1954 4820 3468 4909; baseline -0.007 -27"><span class='ocrx_word' id='word_1_876' title='bbox 1954 4820 2021 4882; x_wconf 78' lang='lat' dir='ltr'><strong><em>Et</em></strong></span> <span class='ocrx_word' id='word_1_877' title='bbox 2041 4829 2127 4898; x_wconf 87' lang='lat' dir='ltr'><strong><em>qui</em></strong></span> <span class='ocrx_word' id='word_1_878' title='bbox 2155 4845 2208 4909; x_wconf 78' lang='lat' dir='ltr'><strong><em>se</em></strong></span> <span class='ocrx_word' id='word_1_879' title='bbox 2238 4824 2776 4909; x_wconf 42' lang='lat' dir='ltr'><strong><em>jitngit.fornicai&#39;iis,</em></strong></span> <span class='ocrx_word' id='word_1_880' title='bbox 2825 4823 2924 4909; x_wconf 76' lang='lat' dir='ltr'><strong><em>erit</em></strong></span> <span class='ocrx_word' id='word_1_881' title='bbox 2950 4837 3176 4909; x_wconf 69' lang='lat' dir='ltr'><strong><em>nequam</em></strong></span> <span class='ocrx_word' id='word_1_882' title='bbox 3203 4820 3468 4909; x_wconf 10' lang='lat' dir='ltr'><strong><em>fiipulred-o</em></strong></span> 
     </span>
    </p>
   </div>
   <div class='ocr_carea' id='block_1_141' title="bbox 1880 4893 3472 4957">
    <p class='ocr_par' dir='ltr' id='par_1_141' title="bbox 1880 4893 3472 4957">
     <span class='ocr_line' id='line_1_143' title="bbox 1880 4893 3472 4957; baseline -0.007 -3"><span class='ocrx_word' id='word_1_883' title='bbox 1880 4908 1928 4954; x_wconf 91' lang='lat' dir='ltr'><strong><em>et</em></strong></span> <span class='ocrx_word' id='word_1_884' title='bbox 1959 4893 2146 4953; x_wconf 81' lang='lat' dir='ltr'><strong><em>vermes</em></strong></span> <span class='ocrx_word' id='word_1_885' title='bbox 2169 4893 2541 4952; x_wconf 54' lang='lat' dir='ltr'><strong><em>hdreditabunt</em></strong></span> <span class='ocrx_word' id='word_1_886' title='bbox 2577 4895 2724 4949; x_wconf 88' lang='lat' dir='ltr'><strong><em>illum</em></strong></span> <span class='ocrx_word' id='word_1_887' title='bbox 2752 4934 2766 4957; x_wconf 96' lang='lat'><strong><em>,</em></strong></span> <span class='ocrx_word' id='word_1_888' title='bbox 2799 4903 2847 4947; x_wconf 92' lang='lat' dir='ltr'><strong><em>et</em></strong></span> <span class='ocrx_word' id='word_1_889' title='bbox 2877 4893 3151 4948; x_wconf 67' lang='lat' dir='ltr'><strong><em>extolletur</em></strong></span> <span class='ocrx_word' id='word_1_890' title='bbox 3197 4893 3253 4944; x_wconf 87' lang='lat' dir='ltr'><strong><em>in</em></strong></span> <span class='ocrx_word' id='word_1_891' title='bbox 3300 4906 3472 4944; x_wconf 75' lang='lat' dir='ltr'><strong><em>exem-</em></strong></span> 
     </span>
    </p>
   </div>
   <div class='ocr_carea' id='block_1_142' title="bbox 1883 4965 3260 5043">
    <p class='ocr_par' dir='ltr' id='par_1_142' title="bbox 1883 4965 3260 5043">
     <span class='ocr_line' id='line_1_144' title="bbox 1883 4965 3260 5043; baseline -0.008 -19"><span class='ocrx_word' id='word_1_892' title='bbox 1883 4971 2031 5043; x_wconf 78' lang='lat' dir='ltr'><strong><em>plum</em></strong></span> <span class='ocrx_word' id='word_1_893' title='bbox 2055 4972 2256 5043; x_wconf 73' lang='lat' dir='ltr'><strong><em>majus,</em></strong></span> <span class='ocrx_word' id='word_1_894' title='bbox 2285 4979 2335 5043; x_wconf 84' lang='lat' dir='ltr'><strong><em>et</em></strong></span> <span class='ocrx_word' id='word_1_895' title='bbox 2356 4969 2565 5043; x_wconf 73' lang='lat' dir='ltr'><strong><em>tolletur</em></strong></span> <span class='ocrx_word' id='word_1_896' title='bbox 2593 4968 2658 5019; x_wconf 87' lang='lat' dir='ltr'><strong><em>de</em></strong></span> <span class='ocrx_word' id='word_1_897' title='bbox 2681 4979 2900 5043; x_wconf 75' lang='lat' dir='ltr'><strong><em>nuntero</em></strong></span> <span class='ocrx_word' id='word_1_898' title='bbox 2924 4965 3100 5043; x_wconf 72' lang='lat' dir='ltr'><strong><em>anima</em></strong></span> <span class='ocrx_word' id='word_1_899' title='bbox 3128 4965 3260 5043; x_wconf 59' lang='lat' dir='ltr'><strong><em>ejus.</em></strong></span> 
     </span>
    </p>
   </div>
   <div class='ocr_carea' id='block_1_143' title="bbox 1962 5032 3472 5108">
    <p class='ocr_par' dir='ltr' id='par_1_143' title="bbox 1962 5032 3472 5108">
     <span class='ocr_line' id='line_1_145' title="bbox 1962 5032 3472 5108; baseline -0.006 -14"><span class='ocrx_word' id='word_1_900' title='bbox 1962 5040 2064 5108; x_wconf 85' lang='lat' dir='ltr'><strong><em>Qui</em></strong></span> <span class='ocrx_word' id='word_1_901' title='bbox 2093 5041 2256 5094; x_wconf 89' lang='lat' dir='ltr'><strong><em>credit</em></strong></span> <span class='ocrx_word' id='word_1_902' title='bbox 2278 5042 2380 5092; x_wconf 92' lang='lat' dir='ltr'><strong><em>cito</em></strong></span> <span class='ocrx_word' id='word_1_903' title='bbox 2402 5079 2417 5104; x_wconf 91' lang='lat'><strong><em>,</em></strong></span> <span class='ocrx_word' id='word_1_904' title='bbox 2452 5038 2573 5090; x_wconf 86' lang='lat' dir='ltr'><strong><em>levis</em></strong></span> <span class='ocrx_word' id='word_1_905' title='bbox 2594 5036 2746 5088; x_wconf 89' lang='lat' dir='ltr'><strong><em>corde</em></strong></span> <span class='ocrx_word' id='word_1_906' title='bbox 2773 5045 2847 5108; x_wconf 85' lang='lat' dir='ltr'><strong><em>est</em></strong></span> <span class='ocrx_word' id='word_1_907' title='bbox 2872 5075 2886 5097; x_wconf 91' lang='lat'><strong><em>,</em></strong></span> <span class='ocrx_word' id='word_1_908' title='bbox 2927 5043 2973 5087; x_wconf 83' lang='lat' dir='ltr'><strong><em>et</em></strong></span> <span class='ocrx_word' id='word_1_909' title='bbox 3002 5032 3345 5108; x_wconf 79' lang='lat' dir='ltr'><strong><em>minorabitur</em></strong></span> <span class='ocrx_word' id='word_1_910' title='bbox 3364 5047 3382 5084; x_wconf 92' lang='lat'><strong><em>:</em></strong></span> <span class='ocrx_word' id='word_1_911' title='bbox 3422 5040 3472 5085; x_wconf 92' lang='lat' dir='ltr'><strong><em>et</em></strong></span> 
     </span>
    </p>
   </div>
   <div class='ocr_carea' id='block_1_144' title="bbox 1884 5102 3337 5182">
    <p class='ocr_par' dir='ltr' id='par_1_144' title="bbox 1884 5102 3337 5182">
     <span class='ocr_line' id='line_1_146' title="bbox 1884 5102 3337 5182; baseline -0.008 -17"><span class='ocrx_word' id='word_1_912' title='bbox 1884 5102 2250 5182; x_wconf 56' lang='lat' dir='ltr'><strong><em>qui:aelinquit_</em></strong></span> <span class='ocrx_word' id='word_1_913' title='bbox 2273 5113 2326 5162; x_wconf 89' lang='lat' dir='ltr'><strong><em>in</em></strong></span> <span class='ocrx_word' id='word_1_914' title='bbox 2351 5102 2578 5182; x_wconf 71' lang='lat' dir='ltr'><strong><em>animum</em></strong></span> <span class='ocrx_word' id='word_1_915' title='bbox 2609 5120 2778 5182; x_wconf 75' lang='lat' dir='ltr'><strong><em>suam,</em></strong></span> <span class='ocrx_word' id='word_1_916' title='bbox 2803 5105 3018 5182; x_wconf 69' lang='lat' dir='ltr'><strong><em>insuper</em></strong></span> <span class='ocrx_word' id='word_1_917' title='bbox 3048 5102 3337 5182; x_wconf 70' lang='lat' dir='ltr'><strong><em>habebitur.</em></strong></span> 
     </span>
    </p>
   </div>
   <div class='ocr_carea' id='block_1_145' title="bbox 1961 5171 3470 5251">
    <p class='ocr_par' dir='ltr' id='par_1_145' title="bbox 1961 5171 3470 5251">
     <span class='ocr_line' id='line_1_147' title="bbox 1961 5171 3470 5251; baseline -0.008 -15"><span class='ocrx_word' id='word_1_918' title='bbox 1961 5181 2062 5246; x_wconf 87' lang='lat' dir='ltr'><strong><em>Qui</em></strong></span> <span class='ocrx_word' id='word_1_919' title='bbox 2111 5171 2303 5251; x_wconf 89' lang='lat' dir='ltr'><strong><em>gaudet</em></strong></span> <span class='ocrx_word' id='word_1_920' title='bbox 2351 5177 2660 5251; x_wconf 77' lang='lat' dir='ltr'><strong><em>iniquitale_,</em></strong></span> <span class='ocrx_word' id='word_1_921' title='bbox 2727 5171 3100 5251; x_wconf 51' lang='lat' dir='ltr'><strong><em>denotabiturg</em></strong></span> <span class='ocrx_word' id='word_1_922' title='bbox 3135 5183 3181 5227; x_wconf 91' lang='lat' dir='ltr'><strong><em>et</em></strong></span> <span class='ocrx_word' id='word_1_923' title='bbox 3231 5179 3317 5251; x_wconf 77' lang='lat' dir='ltr'><strong><em>qui</em></strong></span> <span class='ocrx_word' id='word_1_924' title='bbox 3361 5171 3470 5226; x_wconf 87' lang='lat' dir='ltr'><strong><em>adit</em></strong></span> 
     </span>
    </p>
   </div>
   <div class='ocr_carea' id='block_1_146' title="bbox 1885 5244 3465 5322">
    <p class='ocr_par' dir='ltr' id='par_1_146' title="bbox 1885 5244 3465 5322">
     <span class='ocr_line' id='line_1_148' title="bbox 1885 5244 3465 5322; baseline -0.008 -16"><span class='ocrx_word' id='word_1_925' title='bbox 1885 5244 2569 5322; x_wconf 64' lang='lat' dir='ltr'><strong><em>correptionem,_minuetus</em></strong></span> <span class='ocrx_word' id='word_1_926' title='bbox 2590 5246 2698 5300; x_wconf 83' lang='lat' dir='ltr'><strong><em>vita</em></strong></span> <span class='ocrx_word' id='word_1_927' title='bbox 2719 5262 2737 5300; x_wconf 91' lang='lat'><em>:</em></span> <span class='ocrx_word' id='word_1_928' title='bbox 2768 5254 2814 5299; x_wconf 89' lang='lat' dir='ltr'><strong><em>et</em></strong></span> <span class='ocrx_word' id='word_1_929' title='bbox 2832 5247 2928 5317; x_wconf 84' lang='lat' dir='ltr'><strong><em>qui</em></strong></span> <span class='ocrx_word' id='word_1_930' title='bbox 2949 5245 3056 5301; x_wconf 85' lang='lat' dir='ltr'><strong><em>odit</em></strong></span> <span class='ocrx_word' id='word_1_931' title='bbox 3082 5244 3465 5313; x_wconf 86' lang='lat' dir='ltr'><strong><em>loquacitatem,</em></strong></span> 
     </span>
    </p>
   </div>
   <div class='ocr_carea' id='block_1_147' title="bbox 1886 5318 2466 5390">
    <p class='ocr_par' dir='ltr' id='par_1_147' title="bbox 1886 5318 2466 5390">
     <span class='ocr_line' id='line_1_149' title="bbox 1886 5318 2466 5390; baseline -0.016 -13"><span class='ocrx_word' id='word_1_932' title='bbox 1886 5318 2167 5390; x_wconf 69' lang='lat' dir='ltr'><strong><em>exstinguit</em></strong></span> <span class='ocrx_word' id='word_1_933' title='bbox 2197 5318 2466 5390; x_wconf 66' lang='lat' dir='ltr'><strong><em>malitiam,</em></strong></span> 
     </span>
    </p>
   </div>
   <div class='ocr_carea' id='block_1_148' title="bbox 1963 5383 3472 5458">
    <p class='ocr_par' dir='ltr' id='par_1_148' title="bbox 1963 5383 3472 5458">
     <span class='ocr_line' id='line_1_150' title="bbox 1963 5383 3472 5458; baseline -0.005 -14"><span class='ocrx_word' id='word_1_934' title='bbox 1963 5383 2080 5458; x_wconf 74' lang='lat' dir='ltr'><strong><em>Qui</em></strong></span> <span class='ocrx_word' id='word_1_935' title='bbox 2095 5398 2264 5458; x_wconf 86' lang='lat' dir='ltr'><strong><em>peccat</em></strong></span> <span class='ocrx_word' id='word_1_936' title='bbox 2290 5389 2344 5441; x_wconf 88' lang='lat' dir='ltr'><strong><em>in</em></strong></span> <span class='ocrx_word' id='word_1_937' title='bbox 2373 5388 2603 5441; x_wconf 82' lang='lat' dir='ltr'><strong><em>animam</em></strong></span> <span class='ocrx_word' id='word_1_938' title='bbox 2652 5403 2801 5442; x_wconf 86' lang='lat' dir='ltr'><strong><em>suam</em></strong></span> <span class='ocrx_word' id='word_1_939' title='bbox 2821 5429 2836 5453; x_wconf 90' lang='lat'><strong><em>,</em></strong></span> <span class='ocrx_word' id='word_1_940' title='bbox 2869 5386 3131 5458; x_wconf 72' lang='lat' dir='ltr'><strong><em>panitebit</em></strong></span> <span class='ocrx_word' id='word_1_941' title='bbox 3151 5399 3170 5438; x_wconf 95' lang='lat'><em>:</em></span> <span class='ocrx_word' id='word_1_942' title='bbox 3199 5391 3245 5440; x_wconf 81' lang='lat' dir='ltr'><strong><em>et</em></strong></span> <span class='ocrx_word' id='word_1_943' title='bbox 3269 5383 3361 5454; x_wconf 86' lang='lat' dir='ltr'><strong><em>qui</em></strong></span> <span class='ocrx_word' id='word_1_944' title='bbox 3377 5387 3472 5454; x_wconf 84' lang='lat' dir='ltr'><strong><em>ju-</em></strong></span> 
     </span>
    </p>
   </div>
   <div class='ocr_carea' id='block_1_149' title="bbox 1887 5459 2846 5522">
    <p class='ocr_par' dir='ltr' id='par_1_149' title="bbox 1887 5459 2846 5522">
     <span class='ocr_line' id='line_1_151' title="bbox 1887 5459 2846 5522; baseline -0.002 -5"><span class='ocrx_word' id='word_1_945' title='bbox 1887 5463 2148 5517; x_wconf 88' lang='lat' dir='ltr'><strong><em>cundatur</em></strong></span> <span class='ocrx_word' id='word_1_946' title='bbox 2173 5460 2226 5511; x_wconf 92' lang='lat' dir='ltr'><strong><em>in</em></strong></span> <span class='ocrx_word' id='word_1_947' title='bbox 2249 5459 2476 5522; x_wconf 89' lang='lat' dir='ltr'><strong><em>malitia,</em></strong></span> <span class='ocrx_word' id='word_1_948' title='bbox 2502 5459 2846 5515; x_wconf 85' lang='lat' dir='ltr'><strong><em>denotabitur.</em></strong></span> 
     </span>
    </p>
   </div>
   <div class='ocr_carea' id='block_1_150' title="bbox 1963 5525 3472 5600">
    <p class='ocr_par' dir='ltr' id='par_1_150' title="bbox 1963 5525 3472 5600">
     <span class='ocr_line' id='line_1_152' title="bbox 1963 5525 3472 5600; baseline -0.005 -14"><span class='ocrx_word' id='word_1_949' title='bbox 1963 5532 2047 5586; x_wconf 88' lang='lat' dir='ltr'><strong><em>Ne</em></strong></span> <span class='ocrx_word' id='word_1_950' title='bbox 2076 5534 2224 5584; x_wconf 86' lang='lat' dir='ltr'><strong><em>iteres</em></strong></span> <span class='ocrx_word' id='word_1_951' title='bbox 2251 5529 2459 5584; x_wconf 84' lang='lat' dir='ltr'><strong><em>verbum</em></strong></span> <span class='ocrx_word' id='word_1_952' title='bbox 2501 5547 2752 5600; x_wconf 87' lang='lat' dir='ltr'><strong><em>nequam,</em></strong></span> <span class='ocrx_word' id='word_1_953' title='bbox 2782 5539 2830 5586; x_wconf 87' lang='lat' dir='ltr'><strong><em>et</em></strong></span> <span class='ocrx_word' id='word_1_954' title='bbox 2859 5531 3064 5593; x_wconf 80' lang='lat' dir='ltr'><strong><em>durum,</em></strong></span> <span class='ocrx_word' id='word_1_955' title='bbox 3093 5538 3140 5582; x_wconf 88' lang='lat' dir='ltr'><strong><em>et</em></strong></span> <span class='ocrx_word' id='word_1_956' title='bbox 3167 5541 3270 5580; x_wconf 90' lang='lat' dir='ltr'><strong><em>non</em></strong></span> <span class='ocrx_word' id='word_1_957' title='bbox 3302 5525 3472 5580; x_wconf 89' lang='lat' dir='ltr'><strong><em>mino-</em></strong></span> 
     </span>
    </p>
   </div>
   <div class='ocr_carea' id='block_1_151' title="bbox 1887 5605 2104 5658">
    <p class='ocr_par' dir='ltr' id='par_1_151' title="bbox 1887 5605 2104 5658">
     <span class='ocr_line' id='line_1_153' title="bbox 1887 5605 2104 5658; baseline -0.014 0"><span class='ocrx_word' id='word_1_958' title='bbox 1887 5605 2104 5658; x_wconf 87' lang='lat' dir='ltr'><strong><em>raberis.</em></strong></span> 
     </span>
    </p>
   </div>
   <div class='ocr_carea' id='block_1_152' title="bbox 1965 5667 3482 5734">
    <p class='ocr_par' dir='ltr' id='par_1_152' title="bbox 1965 5667 3482 5734">
     <span class='ocr_line' id='line_1_154' title="bbox 1965 5667 3482 5734; baseline -0.007 -5"><span class='ocrx_word' id='word_1_959' title='bbox 1965 5675 2142 5729; x_wconf 87' lang='lat' dir='ltr'><strong><em>Amica</em></strong></span> <span class='ocrx_word' id='word_1_960' title='bbox 2188 5681 2235 5734; x_wconf 84' lang='lat' dir='ltr'><strong><em>et</em></strong></span> <span class='ocrx_word' id='word_1_961' title='bbox 2275 5670 2489 5727; x_wconf 81' lang='lat' dir='ltr'><strong><em>inimico</em></strong></span> <span class='ocrx_word' id='word_1_962' title='bbox 2524 5672 2633 5730; x_wconf 89' lang='lat' dir='ltr'><strong><em>noli</em></strong></span> <span class='ocrx_word' id='word_1_963' title='bbox 2669 5690 2883 5733; x_wconf 79' lang='lat' dir='ltr'><strong><em>narrare</em></strong></span> <span class='ocrx_word' id='word_1_964' title='bbox 2912 5687 3118 5732; x_wconf 83' lang='lat' dir='ltr'><strong><em>sensum</em></strong></span> <span class='ocrx_word' id='word_1_965' title='bbox 3149 5678 3334 5727; x_wconf 70' lang='lat' dir='ltr'><strong><em>tuum:</em></strong></span> <span class='ocrx_word' id='word_1_966' title='bbox 3363 5675 3412 5724; x_wconf 85' lang='lat' dir='ltr'><strong><em>et</em></strong></span> <span class='ocrx_word' id='word_1_967' title='bbox 3440 5667 3482 5720; x_wconf 86' lang='lat' dir='ltr'><strong><em>si</em></strong></span> 
     </span>
    </p>
   </div>
   <div class='ocr_carea' id='block_1_153' title="bbox 1895 5743 2903 5820">
    <p class='ocr_par' dir='ltr' id='par_1_153' title="bbox 1895 5743 2903 5820">
     <span class='ocr_line' id='line_1_155' title="bbox 1895 5743 2903 5820; baseline 0.003 -19"><span class='ocrx_word' id='word_1_968' title='bbox 1895 5755 1969 5802; x_wconf 82' lang='lat' dir='ltr'><strong><em>est</em></strong></span> <span class='ocrx_word' id='word_1_969' title='bbox 1999 5746 2086 5801; x_wconf 79' lang='lat' dir='ltr'><strong><em>tibi</em></strong></span> <span class='ocrx_word' id='word_1_970' title='bbox 2117 5743 2380 5813; x_wconf 84' lang='lat' dir='ltr'><strong><em>delictum,</em></strong></span> <span class='ocrx_word' id='word_1_971' title='bbox 2404 5745 2510 5800; x_wconf 89' lang='lat' dir='ltr'><strong><em>noli</em></strong></span> <span class='ocrx_word' id='word_1_972' title='bbox 2542 5746 2827 5804; x_wconf 69' lang='lat' dir='ltr'><strong><em>denudarc.</em></strong></span> <span class='ocrx_word' id='word_1_973' title='bbox 2891 5788 2903 5820; x_wconf 42' lang='grc' dir='ltr'><em>β</em></span> 
     </span>
    </p>
   </div>
  </div>
