3918 6192
147 263 234 320 Hi

1316 245 1519 302 LIBER
1558 242 2093 305 ECCLESIASTICI.

3257 245 3369 302 442

212 375 461 444 Tamquam
494 365 1019 444 domusexterminata
1046 405 1059 428 ,
1093 360 1166 444 sic
1205 358 1348 432 fatuo
1377 359 1660 429 sapientia,
1692 361 1743 421 Α
1769 360 1931 424 datio,
1966 369 2173 442 excepto
2220 360 2479 444 convicio,
2507 368 2552 415 et
2602 361 2913 444 improperio
2933 400 2945 422 ,
2999 362 3373 444 et'sttperbia,

146 458 188 502 ct
213 431 401 500 scien'tia
420 442 636 495 insensati
666 437 1024 492 inenarrabilia
1054 431 1221 485 verba.

214 515 455 583 Compedes
478 514 525 565 in
564 510 767 581 pedibus
793 554 807 576 ,
866 508 1035 583 stulto.
1071 502 1306 557 doctrina
1356 518 1375 556 :

144 576 573 644 vincula'manuum'
590 598 739 648 super
771 595 977 633 ntanum
1002 576 1262 629 dextram.

202 657 383 711 Fatuus
405 657 451 706 in
477 655 578 707 risu
604 654 785 705 exultat
830 666 994 704 vocem
1024 661 1173 701 suam
1202 661 1220 697 :
1267 647 1341 701 vir
1369 655 1542 700 autem
1582 663 1664 701 sa-

142 731 264 799 piens
286 726 360 779 vix
381 725 521 778 tacite
546 724 742 777 ridebit.

197 798 532 853 Ornamentum
558 810 761 847 aureum
783 794 1024 866 prudenti
1039 794 1295 856 doctrina,
1324 788 1531 859 ezqttasi
1547 786 1665 841 bra-

136 872 272 926 chiate
286 870 331 920 in
354 867 553 921 brachio
577 866 771 919 dextro.

191 941 272 1018 Pes
291 940 409 1018 fatui
433 938 600 1007 facilis
628 938 679 990 in
707 936 915 1018 domum
937 936 1158 1018 proximi
1184 942 1273 991 :et
1299 933 1451 987 homo
1471 931 1664 1001 peritus

136 1012 430 1079 confundetur
457 1028 487 1061 a
518 1025 731 1078 persona
754 1012 994 1079 potentis3

189 1073 366 1137 Stultus
389 1098 419 1133 a
470 1073 686 1146 fenestra
716 1073 946 1147 respiciet
976 1077 995 1149 [
1025 1078 1111 1132 At.
1145 1077 1385 1147 respiciat
1414 1073 1433 1147 ]
1490 1076 1542 1128 in
1570 1075 1664 1128 do-

135 1170 241 1208 mum
260 1170 277 1217 ;
298 1153 368 1205 vir
393 1160 560 1205 autem
584 1151 809 1204 eruditus
840 1149 966 1219 foris
987 1149 1159 1204 stabit.

189 1224 389 1278 Stultitia
410 1221 630 1275 hominis
650 1221 944 1276 auscultare
974 1237 1064 1291 per
1088 1222 1273 1273 ostium
1297 1235 1315 1273 :
1336 1228 1384 1274 et
1433 1218 1663 1290 prudens

132 1294 383 1367 gravabitur
405 1295 732 1367 contumelia.

182 1364 324 1418 Labia
342 1364 734 1433 imprudentium
764 1363 923 1417 stulta
951 1361 1236 1417 narrabant
1265 1378 1284 1417 :
1312 1361 1462 1417 verba
1489 1371 1662 1416 autem

132 1436 405 1507 prudentium
432 1446 626 1490 statera
649 1434 1094 1507 ponderabuntur.

182 1505 236 1559 In
262 1523 342 1562 ore
363 1511 619 1576 fatuorum
650 1505 736 1562 cor
769 1505 979 1561 illorum
1010 1521 1029 1560 :
1075 1514 1124 1559 et
1155 1506 1207 1559 in
1257 1506 1411 1560 corde
1458 1505 1662 1576 sapien-

128 1578 222 1630 tium
239 1595 285 1631 os
311 1579 529 1633 illorum.

182 1647 296 1729 pum
345 1650 598 1704 maledicit
641 1648 831 1721 impius
874 1647 1171 1716 diabolum,
1248 1647 1508 1702 maledicit
1553 1647 1662 1717 ipse

128 1736 191 1771 am
197 1736 309 1773 mam
328 1737 415 1774 sua
421 1738 467 1773 m
475 1762 489 1775 .

1424 510 1471 555 et
1520 500 1667 571 quasi

1768 441 1815 483 et
1839 434 2069 501 mysterii
2108 432 2452 500 reuelatione,
2491 441 2542 487 et
2588 432 2744 503 plaga
2789 432 3008 487 dolosa:
3060 432 3112 485 in
3141 434 3221 486 his
3265 449 3372 487 out-

1769 502 1916 575 nibus
1942 504 2154 575 effugiet
2184 504 2402 558 anticus.

1840 572 2028 646 Fidem
2055 572 2275 645 'posside
2302 591 2417 628 cum
2447 574 2615 630 amico
2659 574 2711 629 in
2742 582 3044 646 paupertate
3099 572 3246 629 illius
3269 620 3283 645 ,
3317 584 3376 631 ut

1765 653 1814 698 et
1839 646 1889 697 itt
1922 645 2069 699 bonis
2096 647 2234 699 illius
2257 647 2467 700 (ceteris.

1839 714 1905 768 In
1933 726 2160 787 tempore
2186 716 2535 771 tribulationis
2580 717 2723 788 illius
2769 731 3009 788 permane
3035 716 3113 771 illi
3154 716 3322 787 ﬁdelis
3355 759 3372 787 ,

1767 797 1822 839 ut
1853 797 1900 839 et
1930 788 1985 841 in
2013 789 2317 842 htereditate
2346 788 2493 843 illius
2520 787 2745 843 cohteres
2771 787 2861 843 sis.

1838 858 1968 911 Ante
1996 860 2163 931 ignem
2188 860 2382 932 camini
2412 876 2601 932 vapor,
2630 870 2677 914 et
2701 860 2873 929 fumus
2902 859 3035 931 ignis
3065 858 3321 914 inaltatur
3352 877 3371 915 :

1765 928 1840 1011 sic
1871 939 1916 982 et
1944 928 2064 985 ante
2112 931 2417 1002 sanguinem
2466 928 2767 999 maledicta,
2817 942 2864 985 et
2913 928 3269 998 contunieliat,
3326 940 3374 986 et

1767 1016 1939 1055 ηιιηιε.

1838 1072 2070 1127 Amicum
2091 1074 2321 1129 salutare
2346 1090 2449 1128 non
2496 1073 2796 1144 confundor
2816 1114 2831 1137 ,
2858 1090 2891 1127 a
2939 1073 3068 1144 facie
3098 1072 3241 1127 illius
3271 1090 3377 1129 non

1766 1159 1846 1196 me
1890 1144 2203 1198 abscondam
2248 1160 2268 1198 :
2310 1155 2355 1200 et
2400 1146 2444 1199 si
2476 1147 2615 1199 mala
2640 1146 2765 1200 mihi
2789 1146 3043 1200 evenerint
3068 1162 3161 1215 per
3191 1145 3366 1211 illum,

1772 1216 2057 1269 sustinebo.

1841 1287 2021 1340 Omnis
2039 1328 2054 1351 ,
2085 1286 2174 1356 qui
2196 1286 2405 1353 audiet,
2437 1286 2630 1341 cavebit
2651 1303 2706 1341 se
2730 1286 2794 1341 ab
2816 1302 2893 1342 eo.

1842 1358 1971 1430 Quis
1999 1358 2136 1411 dabit
2158 1359 2236 1412 ori
2258 1374 2368 1412 meo
2396 1358 2707 1425 custodiam,
2732 1367 2779 1411 et
2805 1375 2961 1430 super
2991 1358 3131 1413 labia
3157 1375 3269 1414 mea
3296 1359 3369 1414 si—

1764 1429 2042 1504 gnaculum
2067 1438 2293 1504 certum,
2346 1438 2402 1484 ut
2433 1445 2535 1485 non
2583 1430 2768 1484 cadam
2796 1429 2859 1485 ab
2896 1431 3027 1501 ipsis
3050 1470 3064 1497 ,
3098 1441 3146 1486 et
3183 1430 3368 1504 lingua

1764 1515 1879 1553 mea
1902 1503 2081 1571 perdat
2114 1517 2191 1555 nte
2207 1501 2233 1554 Ρ

2330 1633 2558 1691 CAPUT
2599 1633 2791 1690 XXIII.

182 1791 376 1843 Susurro
394 1792 742 1864 coinquinabit
781 1792 1171 1845 animamsuam
1201 1832 1215 1854 ,
1264 1800 1311 1844 et
1350 1792 1401 1843 in
1428 1790 1665 1864 omnibus
1695 1775 1744 1835 Β
1843 1780 2059 1848 Domine
2079 1801 2246 1862 pater.
2278 1801 2322 1846 et
2349 1792 2779 1864 datninatorvitte
2797 1806 2950 1864 tuere,
2966 1807 3030 1844 ne
3050 1791 3377 1855 derelinquas

128 1861 316 1916 odietur:
341 1872 384 1915 et
410 1869 499 1933 qui
520 1861 639 1916 cum
664 1880 722 1917 eo
742 1863 1019 1931 manserit,
1053 1863 1263 1916 odiosus
1297 1864 1391 1916 erit
1416 1877 1435 1915 :
1478 1863 1663 1916 tacitus

129 1943 165 1986 tt
186 1945 388 1988 sensatus
414 1935 773 1990 honorabitur.

653 2024 879 2083 CAPUT
919 2024 1089 2080 XXII.

176 2139 230 2192 In
247 2140 405 2210 lapide
432 2140 571 2193 luteo
601 2138 870 2206 lapidatus
912 2148 987 2192 est
1038 2138 1210 2208 piger,
1256 2144 1303 2191 et
1356 2152 1532 2191 omnes
1588 2137 1665 2192 lo-

125 2222 294 2278 quentur
318 2227 467 2279 super
493 2211 911 2281 aspernationent
934 2210 1091 2263 illius.

178 2282 238 2334 De
258 2292 461 2337 stercore
484 2280 639 2334 boum
663 2280 926 2346 lapidatus
946 2291 1019 2333 est
1048 2281 1189 2351 piger
1218 2294 1236 2333 :
1275 2288 1320 2332 et
1347 2280 1511 2333 omnis
1536 2320 1551 2345 ,
1581 2280 1668 2348 qui

129 2354 302 2422 tetigerit
337 2370 445 2408 eum
468 2394 483 2417 ,
512 2353 733 2407 excutiet
764 2369 967 2405 manus.

175 2421 388 2491 Confusio
414 2425 575 2493 patris
608 2432 683 2477 est
717 2424 779 2476 de
810 2422 922 2491 ﬁlio
953 2421 1341 2492 indisciplinato
1373 2439 1391 2479 :
1420 2422 1535 2492 ﬁlia
1566 2438 1665 2477 au-

124 2503 197 2546 tem
220 2496 263 2548 in
286 2495 692 2549 deminoratione
713 2496 823 2561 ﬁet.

173 2562 292 2619 Filia
327 2568 546 2636 prudens
579 2565 863 2618 hazreditas
885 2564 994 2617 viro
1035 2580 1129 2619 suo
1154 2606 1169 2627 ,
1216 2579 1338 2618 nam
1380 2580 1496 2635 quia
1538 2580 1665 2619 con-

60 2660 66 2668 ·
121 2634 281 2703 fundit,
314 2634 362 2690 in
391 2638 765 2690 contumeliam
793 2637 849 2705 ﬁt
874 2636 1138 2706 genitoris.

176 2706 353 2762 Patrem
380 2719 424 2763 et
452 2709 626 2761 virum
652 2708 923 2779 confundit
951 2710 1126 2779 audax
1149 2747 1164 2770 ,
1197 2714 1241 2760 et
1265 2706 1328 2779 ab
1369 2707 1540 2779 impiis
1567 2723 1667 2761 non

121 2777 436 2843 minorabitur,
466 2778 531 2832 ab
554 2778 791 2844 utrisque
814 2788 986 2831 autem
1016 2777 1426 2831 inhonorabitur.

174 2846 352 2905 Musica
394 2852 447 2904 in
505 2851 654 2903 luctu
702 2850 1000 2916 importuna
1046 2849 1314 2901 narratio:
1357 2850 1569 2920 flagella
1623 2858 1670 2903 et

119 2920 307 2975 doctrina
328 2924 379 2975 in
404 2922 541 2975 omni
563 2929 799 2988 tempore
818 2920 1091 2989 sapientia.

175 2989 257 3072 Qui
280 2993 412 3046 docet
442 2993 651 3072 fatuu-m
672 3031 685 3053 ,
707 2991 854 3061 quasi
882 2990 1326 3072 qui-conglutinat
1360 2999 1559 3072 testam.

172 3060 255 3127 Qui
294 3060 460 3117 narrat
487 3060 725 3116 verbum
752 3077 856 3114 non
883 3060 1136 3127 audienti,
1170 3063 1319 3131 quasi
1367 3064 1454 3132 qui
1482 3064 1669 3119 excitat

117 3131 398 3207 dormientem
426 3134 489 3188 de
515 3148 673 3207 gravi
694 3147 894 3207 somno.

170 3199 274 3255 Cum
301 3199 583 3259 dormiente
627 3203 853 3275 loquitur
882 3202 971 3272 qui
1018 3209 1225 3275 enarrat
1262 3203 1423 3275 stulto
1464 3205 1670 3275 sapien-

115 3272 245 3327 tiam:
272 3276 379 3330 etin
406 3277 508 3344 ﬁne
534 3273 862 3327 narrationis
886 3275 1008 3326 dicit
1039 3290 1058 3327 :
1084 3274 1208 3340 Quis
1232 3284 1303 3344 est
1324 3272 1408 3326 hic
1429 3276 1454 3328 ?

170 3344 318 3413 Supra
357 3342 630 3401 mortuum
678 3343 863 3416 plora,
898 3346 1080 3413 defecit
1109 3345 1243 3397 enim
1261 3342 1367 3416 lux
1412 3347 1523 3416 ejus
1554 3361 1573 3400 :
1621 3354 1671 3401 et

114 3428 237 3487 supra
255 3418 445 3487 fatuum
470 3413 875 3487 plora,defecit
903 3416 1025 3486 [Αι.
1058 3416 1227 3484 deﬁcit
1256 3413 1269 3484 j
1300 3413 1444 3469 enini
1466 3435 1667 3471 sensus.

169 3486 399 3560 ilodicum
422 3486 581 3560 plora
617 3496 1059 3560 supramortuum
1079 3528 1093 3551 ,
1123 3489 1370 3556 quoniam
1399 3490 1665 3555 requievit.

168 3556 447 3629 aequissimi
468 3562 618 3615 enim
646 3559 959 3628 nequissima
986 3558 1086 3629 vita
1108 3576 1258 3629 super
1283 3569 1492 3611 mortem
1515 3562 1667 3627 fatui.

165 3625 327 3684 Luctus
368 3634 555 3685 mortui
614 3625 806 3696 septem
832 3629 972 3695 dies,
1033 3625 1178 3695 fatui
1211 3639 1380 3682 autent
1429 3640 1476 3682 et
1516 3625 1672 3699 impii

116 3711 247 3753 omnes
269 3704 367 3756 dies
384 3744 398 3768 ,
425 3705 545 3758 vita:
580 3699 815 3753 illorum.

166 3769 273 3895 (ligat
298 3776 447 3854 stulto
494 3789 562 3828 ne
596 3770 814 3825 multum
860 3770 1090 3839 loquaris
1116 3815 1131 3839 ,
1167 3778 1213 3824 et
1244 3786 1358 3823 cum
1411 3770 1672 3825 insensato

176 3859 199 3893 a
234 3861 358 3895 tem.

114 3854 159 3892 tte
176 3845 358 3899 abieris.

169 3912 306 3968 Serra
333 3926 376 3969 te
402 3916 465 3969 ab
490 3914 623 3980 illo,
674 3922 729 3965 ut
757 3931 860 3967 non
889 3913 1177 3968 molestiam
1205 3911 1394 3967 habeas
1412 3956 1426 3981 ,
1476 3922 1523 3967 et
1572 3928 1675 3967 non

112 3983 478 4057 coinquinaberis
505 3997 725 4057 peccato
755 3984 920 4057 illius.

166 4054 364 4126 Dt'flecte
392 4060 453 4110 ab
485 4054 589 4111 illo
608 4101 622 4122 ,
655 4066 703 4110 et
733 4055 951 4111 invenies
980 4054 1240 4126 requiem,
1272 4062 1319 4108 et
1342 4070 1443 4109 non
1468 4054 1676 4110 acetlia-

110 4122 211 4178 beris
230 4122 277 4181 in
307 4130 526 4184 stultitia
560 4127 728 4181 illius.

165 4198 314 4267 Super
340 4202 617 4270 plumbum
642 4198 768 4271 quid
797 4196 1093 4271 gravabitur
1115 4198 1141 4251 Ζ)
1164 4205 1213 4251 et
1237 4196 1374 4265 quod
1398 4195 1479 4251 illi
1527 4197 1676 4252 aliud

111 4283 257 4323 nomen
277 4288 426 4338 quam
453 4273 639 4342 fatuus
670 4270 696 4323 7

164 4337 384 4408 Arenam,
408 4337 669 4405 et'salent,
694 4350 741 4395 et
767 4356 987 4395 massam
1017 4340 1144 4412 ferri
1170 4337 1381 4408 facilius
1402 4349 1474 4391 est
1504 4343 1671 4409 ferre,

109 4424 231 4483 quam
258 4414 505 4469 hominem
532 4414 915 4483 imprudentem
947 4452 962 4483 ,
1013 4423 1059 4466 et
1086 4413 1293 4480 fatuum
1317 4453 1331 4477 ,
1363 4418 1413 4462 et
1436 4412 1669 4481 impium.

164 4479 506 4555 Lorantentum
579 4479 809 4555 ligneum
842 4554 847 4555 ν
881 4479 1284 4555 colligatumiin
1335 4479 1673 4555 fundamento

1766 1883 1846 1921 me
1871 1867 1923 1919 in
1954 1864 2173 1919 consilio
2197 1880 2378 1917 eorum
2406 1879 2424 1917 :
2452 1880 2543 1918 nec
2571 1863 2689 1934 [AL
2722 1862 2807 1934 ne]
2840 1865 2984 1916 sinas
3006 1878 3084 1917 me
3110 1864 3293 1917 cadere
3321 1865 3376 1918 itt

1767 1939 1895 1992 illis.

1841 2008 1970 2073 Quis
1996 2014 2304 2078 superponet
2326 2005 2378 2058 in
2406 2005 2772 2078 cogitatumeo
2800 2003 3031 2078 flagella,
3059 2013 3107 2058 et
3135 2004 3187 2058 in
3217 2005 3372 2059 corde

1768 2095 1880 2134 meo
1915 2075 2208 2131 doctrinam
2234 2075 2519 2145 sapientiae,
2552 2085 2605 2129 ut
2635 2075 3045 2145 ignorationibus
3070 2092 3249 2129 eorum
3270 2092 3375 2131 non

1770 2158 1984 2220 parcant
2011 2150 2159 2212 mihi,
2189 2158 2235 2201 et
2261 2165 2362 2202 non
2390 2158 2676 2220 appareant
2710 2148 2899 2199 delicta
2924 2162 3121 2220 eorum.

1844 2220 1910 2274 Et
1933 2238 1993 2275 ne
2013 2221 2372 2273 adincrescant
2395 2216 2701 2287 ignorantitv
2722 2233 2867 2281 mew,
2888 2226 2933 2269 et
2958 2216 3373 2282 multiplicentttr

1769 2294 1955 2346 delicta
1992 2308 2102 2345 mea
2122 2331 2135 2355 ,
2176 2300 2223 2342 et
2254 2302 2468 2360 precata
2509 2304 2619 2341 mea
2648 2288 2938 2360 abundent,
2987 2297 3032 2360 et
3060 2289 3289 2342 incidam
3318 2290 3373 2343 in

1770 2371 2042 2430 conspectu
2070 2357 2484 2414 adversariorum
2505 2374 2734 2411 meorum
2753 2359 2777 2410 ξ)
2798 2367 2842 2411 et
2870 2357 3087 2427 gaudeat
3113 2375 3267 2429 super
3292 2376 3375 2413 me

1771 2435 2005 2488 inimicus
2036 2448 2172 2486 meus
2194 2433 2219 2484 ?

1845 2503 2066 2558 Domine
2098 2509 2266 2573 pater,
2292 2511 2339 2554 et
2366 2498 2504 2553 Deus
2530 2498 2647 2553 vita:
2670 2513 2816 2567 mete,
2854 2513 2915 2551 ne
2939 2497 3265 2568 derelinquas
3294 2516 3375 2555 me

1770 2578 1825 2629 itt
1859 2576 2086 2647 cogitatu
2114 2573 2347 2626 illorum.

1847 2638 2219 2700 Extollentiam
2248 2643 2515 2696 oculorum
2543 2656 2772 2694 meorum
2804 2655 2868 2694 ne
2904 2638 3105 2695 dederis
3136 2641 3282 2707 mihi,
3324 2650 3372 2696 et

1773 2734 1923 2773 omne
1952 2717 2264 2771 desiderium
2293 2724 2463 2768 averte
2490 2728 2521 2765 a
2552 2728 2651 2765 tne.

1844 2789 2005 2859 Aufer
2045 2805 2075 2839 a
2112 2804 2191 2841 me
2231 2786 2422 2839 ventris
2467 2783 2904 2859 concupiscentias
2929 2827 2944 2850 ,
2984 2790 3047 2859 et‘
3076 2782 3374 2859 cancubitus

1772 2854 2195 2931 concupiscentia:
2221 2873 2281 2909 ne
2317 2855 2705 2931 apprehendant
2745 2871 2854 2920 me,
2884 2864 2931 2908 et
2961 2854 3146 2907 anima:
3182 2854 3373 2907 irreve-

1773 2932 1905 2986 renti
1926 2928 1973 2984 et
2000 2932 2049 2982 in
2058 2930 2269 3000 frunita:
2298 2944 2361 2980 ne
2382 2928 2679 3000 tradastue.

1845 2992 2148 3055 Doctrin’am
2181 2994 2283 3051 oris
2312 2998 2507 3060 audite,
2533 2996 2630 3063 ﬁlii
2648 3014 2664 3050 :
2697 3006 2745 3050 et
2770 2996 2862 3066 qui
2883 2994 3182 3066 custodierit
3202 2992 3374 3063 illam,

1774 3090 1877 3127 non
1916 3074 2075 3141 periet
2121 3069 2295 3134 labiis,
2342 3084 2435 3121 nec
2459 3064 2906 3122 scandalizabitur
2933 3068 2988 3119 in
3018 3064 3257 3135 operibus
3286 3082 3378 3119 ne-

1696 3153 1743 3217 c
1772 3144 2054 3217 quissimis.

1845 3213 1913 3268 1n
1940 3214 2164 3267 vanitate
2188 3227 2283 3264 sua
2321 3209 2727 3281 apprehenditur
2755 3218 3025 3277 peccator:
3055 3216 3101 3261 et
3126 3207 3379 3278 superbus

1775 3296 1824 3339 et
1855 3286 2134 3340 maledicus
2164 3280 2603 3335 scandalizabitur
2632 3282 2683 3333 in
2712 3280 2843 3334 illis.

1844 3355 2106 3411 Jurationi
2131 3371 2232 3408 non
2270 3363 2537 3407 assuescat
2565 3369 2619 3404 os
2647 3364 2787 3404 tuum
2818 3366 2836 3404 :
2867 3348 3015 3403 multi
3054 3350 3189 3403 enim
3225 3365 3376 3403 casus

1777 3429 1831 3482 in
1863 3428 1977 3481 illa.

1848 3498 2154 3553 Nominatio
2185 3512 2301 3550 vero
2342 3495 2437 3549 Dei
2482 3510 2584 3546 non
2611 3494 2679 3546 sit
2724 3493 2941 3545 assidua
2976 3491 3030 3544 in
3060 3506 3147 3544 ore
3188 3501 3296 3557 tuo,
3329 3499 3379 3544 et

1776 3570 2071 3623 nominibus
2103 3570 2421 3623 Sanctorum
2452 3581 2558 3617 non
2584 3564 2913 3617 admiscearis
2940 3577 2960 3616 :
3002 3563 3247 3631 quoniam
3276 3577 3379 3615 non

1776 3642 1875 3694 eris
1906 3640 2153 3694 immunis
2181 3639 2243 3692 ab
2269 3639 2361 3691 eis.

1850 3712 1997 3766 Sicut
2024 3712 2161 3765 enim
2189 3725 2364 3761 servus
2395 3708 2736 3775 interrogatus
2761 3703 2991 3775 assidue,
3023 3718 3054 3753 α
3082 3700 3241 3775 livore
3268 3718 3372 3755 non

1778 3783 2033 3836 minuitur
2061 3797 2077 3835 :
2110 3780 2183 3833 sic
2223 3780 2389 3833 omnis
2429 3774 2651 3845 jurans,
2692 3785 2740 3827 et
2768 3774 3068 3839 nominans,
3115 3774 3169 3825 in
3208 3781 3315 3826 toto
3345 3791 3379 3825 a

1777 3865 1985 3922 peccato
2016 3868 2118 3905 mn
2143 3849 2465 3922 purgabitur.

1863 3924 1951 3977 i'ir
1973 3914 2718 3991 multumjuransimplebitur
2744 3917 3034 3989 iniquitate,
3059 3922 3107 3967 et
3137 3929 3239 3968 non
3269 3914 3378 3968 dis-

1780 3996 1922 4047 cedet
1952 4011 1983 4046 a
2014 3994 2165 4045 domo
2192 3988 2333 4043 illius
2362 3988 2537 4061 plaga.

1852 4063 1919 4118 Et
1968 4065 2012 4118 si
2067 4056 2395 4134 frustraverit
2425 4056 2733 4134 ,idelietum
2764 4059 2935 4134 illius
2989 4074 3151 4134 super
3206 4056 3378 4134 ipsum

1778 4137 1876 4191 erit
1902 4152 1920 4189 :
1951 4147 1997 4189 et
2022 4128 2078 4188 si
2096 4131 2516 4197 dissimulaverit,
2542 4130 2793 4201 delinquit
2826 4132 2932 4204 [ΑΙ.
2964 4128 3247 4200 delinquet]
3278 4128 3377 4183 du-

1818 4208 2005 4261 liciter.

1780 4225 2061 4333 pugt‘es’iOin
2085 4273 2593 4345 vacuumjuraverit,
2626 4288 2731 4328 non
2748 4273 3127 4344 justiﬁcabitur
3152 4284 3172 4324 :
3213 4271 3380 4339 reple—

1778 4349 1915 4404 bitur
1936 4350 2072 4403 enim
2097 4346 2431 4402 retributione
2462 4346 2643 4398 domus
2673 4346 2836 4399 illius.

1854 4420 1944 4474 Est
1970 4431 2019 4474 et
2043 4418 2149 4472 alia
2180 4419 2381 4487 loquela
2422 4416 2687 4470 contraria
2720 4414 2912 4468 morti:
2948 4427 3051 4463 non
3087 4410 3381 4463 inveniatur

1778 4492 1831 4547 itt
1856 4492 2154 4545 litereditate
2189 4488 2370 4543 Jacob.

108 4552 278 4618 ediﬁcii
302 4572 400 4610 non
430 4539 746 4612 άίεδοιόειιιν
767 4569 786 4609 :
806 4554 882 4609 sic
907 4563 953 4607 ει
976 4539 1063 4609 ὧν
1085 4539 1447 4623 conﬁrmatum
1468 4554 1519 4606 in
1535 4558 1674 4625 δορὶ·
1701 4539 1753 4599 Ῑ)
1855 4539 2577 4616 ἱᾶὲᾶἷήἶῖηἱῑὲἐὲἷσὸνάίὸιιπ
2605 4556 2779 4610 omnia
2821 4552 2932 4607 ha’c
2960 4554 3283 4622 auferentur,
3329 4560 3376 4603 et

108 4630 266 4680 latione
288 4629 511 4683 consilii.

164 4693 401 4768 Cogitatus
430 4698 629 4755 sensati
657 4698 713 4752 in
758 4698 900 4752 omni
940 4706 1199 4767 tempore,
1241 4704 1380 4748 metu
1423 4710 1528 4749 non
1577 4695 1671 4750 de-

109 4770 392 4836 pravabitur.

163 4838 293 4893 Sicut
330 4842 438 4911 pali
482 4843 538 4897 in
584 4842 842 4911 excelsis,
890 4851 939 4895 et
991 4838 1397 4911 caementdsine
1443 4838 1673 4909 impensa

104 4913 246 4984 posita
265 4952 278 4975 ,
299 4907 477 4967 contra
508 4914 695 4984 faciem
717 4907 854 4967 venti
878 4929 979 4966 non
1007 4907 1375 4984 permanebunt
1406 4926 1425 4962 .-

160 4982 239 5037 Sic
264 4993 311 5037 et
338 5000 426 5038 cor
454 4981 695 5039 timidum
730 4986 799 5057 in
830 4985 1139 5057 cogitatione
1180 4981 1326 5036 stulti
1355 4991 1534 5038 contra
1577 4985 1674 5039 im-

105 5071 253 5127 petum
274 5057 471 5111 timoris
500 5072 606 5110 non
639 5055 860 5112 resistet.

162 5133 298 5188 Sicut
319 5147 405 5186 cor
455 5135 715 5204 trepidum
745 5134 800 5188 in
827 5133 1138 5204 cogitatione
1169 5126 1334 5204 fatui,
1377 5128 1520 5204 omni
1545 5135 1676 5179 tent-

103 5220 205 5268 POre
233 5225 332 5263 non
356 5197 586 5264 metuet:
613 5207 689 5262 sic
714 5215 762 5260 et
783 5197 947 5277 quiin
979 5197 1251 5275 praeceptis
1287 5197 1387 5253 Dei
1418 5206 1679 5268 permanet

102 5286 293 5346 semper.

156 5346 393 5423 'I’ungens
455 5355 663 5409 oculum
704 5352 911 5408 deducit
939 5351 1190 5421 lacrgmas
1220 5365 1239 5404 :
1284 5357 1332 5405 et
1362 5349 1450 5420 qui
1498 5348 1681 5420 pungit

104 5433 209 5492 cor,
234 5428 421 5492 profert
445 5442 663 5480 sensum.

167 5490 382 5570 alitteris
416 5497 638 5570 lapidem
668 5498 723 5551 in
762 5492 1030 5570 volatilia,
1090 5492 1294 5570 dejiciet
1340 5491 1433 5546 illa
1466 5506 1484 5545 :
1530 5492 1602 5543 sic
1629 5500 1676 5544 et

102 5564 178 5626 qui
186 5564 503 5635 conviciatur
521 5569 690 5622 amico
707 5610 722 5635 ,
749 5566 983 5621 dissolvit
1002 5564 1303 5617 amicitiam.

166 5632 237 5684 Ad
258 5635 478 5715 amicum
503 5641 593 5693 etsi
621 5632 927 5715 produxeris
970 5636 1233 5706 gladium,
1265 5652 1366 5690 non
1398 5635 1633 5706 desperes
1652 5648 1671 5691 :

105 5710 318 5783 cunctum
339 5722 613 5783 regressus.
646 5710 730 5765 Ad
754 5710 981 5764 amicum

166 5772 224 5835 Si
249 5772 509 5851 aperueris
527 5798 582 5839 os
610 5782 757 5843 triste
786 5826 801 5855 ,
828 5797 933 5838 non
955 5779 1128 5842 timeas
1153 5796 1172 5841 .'
1198 5788 1269 5840 est
1298 5776 1434 5839 enim
1455 5791 1670 5838 concor-

1718 4663 1723 4667 -
1783 4636 1838 4689 in
1874 4635 2077 4687 delictis
2108 4649 2208 4686 non
2238 4630 2625 4684 volutabantur.

1852 4703 2272 4771 Indisciptinata:
2311 4701 2530 4771 loquela’
2561 4715 2659 4752 non
2691 4704 2951 4752 assuescat
2996 4708 3052 4747 os
3091 4699 3237 4746 tuum
3257 4707 3276 4746 :
3308 4702 3380 4749 est

1780 4778 1916 4831 enim
1946 4776 1999 4829 in
2026 4776 2117 4829 illa
2142 4775 2347 4828 verbum
2377 4771 2590 4841 peccati.

1852 4847 2114 4903 Memento
2137 4847 2299 4916 patris
2323 4836 2569 4896 et‘matris
2592 4848 2727 4895 tuae:
2748 4839 2800 4892 in
2818 4836 2985 4891 medio
3008 4836 3145 4890 enim
3167 4851 3382 4908 magna-

1781 4927 1893 4974 toru
1902 4937 1949 4972 nt
1980 4918 2233 4972 consistis.

1857 4990 1939 5044 Ne
1973 4991 2104 5061 forte
2134 4988 2457 5061 obliviscatur
2492 4994 2538 5039 te
2566 4982 2728 5061 Deus.
2751 4982 2805 5033 in
2835 4986 3114 5061 conspectu
3142 4978 3376 5061 illorum,

1782 5072 1829 5117 et
1860 5050 2162 5116 assiduitate
2208 5070 2296 5113 tua
2340 5056 2658 5117 infamatus,
2710 5052 3082 5121 impropcriunt
3130 5050 3377 5121 patiaris,

1783 5144 1830 5186 et
1873 5134 2140 5187 maluisses
2185 5146 2287 5183 non
2336 5127 2512 5193 nasci,
2552 5132 2601 5177 et
2638 5122 2775 5175 diem
2808 5122 3091 5177 nativitatis
3129 5132 3231 5174 tua:
3268 5136 3381 5173 nta-

1784 5205 1993 5258 ledicas.

1857 5275 2030 5328 Homo
2052 5279 2284 5323 assuetus
2315 5269 2367 5320 in
2390 5264 2552 5320 verbis
2584 5263 2906 5335 imprOperii,
2933 5264 2986 5318 in
3016 5261 3248 5318 omnibus
3278 5260 3381 5315 dic-

1788 5347 1878 5401 bus
1901 5346 2008 5399 suis
2036 5358 2139 5394 non
2168 5339 2451 5393 erudietur.

1858 5416 1977 5469 Duo
2003 5428 2189 5485 genera
2213 5408 2474 5485 abundant
2496 5407 2549 5461 in
2572 5405 2814 5477 peccatis,
2844 5416 2891 5461 et
2919 5406 3126 5460 tertium
3166 5402 3379 5458 adducit

1778 5486 1930 5555 iram,
1961 5483 2018 5540 et
2039 5483 2434 5556 perditionent._
2471 5550 2481 5556 .
2563 5551 2574 5556 _
2723 5548 2733 5556 _
3117 5544 3128 5556 .

1847 5548 2048 5611 Anima
2073 5552 2245 5607 calida
2286 5551 2435 5622 quasi
2465 5550 2601 5621 ignis
2637 5548 2823 5606 ardens
2869 5564 2971 5606 non
2999 5548 3372 5615 exstinguetur,

1775 5627 1937 5683 donec
1964 5626 2161 5697 aliquid
2190 5625 2381 5700 gltttiat
2402 5637 2419 5675 :
2691 5694 2701 5700 Α
3048 5690 3059 5700 _
3123 5688 3133 5700 ,

1846 5700 1915 5755 Et
1946 5687 2095 5754 homo
2121 5687 2340 5767 nequam
2365 5694 2419 5750 in
2445 5709 2532 5755 ore
2558 5694 2727 5759 carnis
2758 5709 2867 5753 sua:
2895 5709 2998 5757 non
3026 5688 3243 5759 desinet,
3274 5687 3367 5749 (la-

1772 5789 1863 5835 nec
1894 5771 2129 5835 incendat
2157 5769 2349 5851 ignem.
