3918 6192
205 286 296 343 “‘3

221 476 319 532 Dei.

283 548 466 601 Novem
498 547 903 615 insuspicabilia
926 545 1071 598 cordi
1097 545 1441 618 magniﬁcavi,
1471 554 1516 600 et
1537 546 1792 600 decimum

221 620 365 690 dicam
394 621 444 672 in
478 620 665 690 lingua
695 618 987 670 hominibus
1019 631 1038 690 ς

278 689 436 743 Homo
463 731 478 753 ,
529 686 622 760 qui
660 691 987 758 jucnndatur
1018 688 1069 739 in
1097 687 1260 756 ﬁliis,
1312 687 1481 741 vivens
1527 695 1572 741 et
1617 686 1792 740 videns

221 763 572 814 subversionmt
602 762 888 812 inimicoru
911 776 938 809 n
970 774 1202 812 suorum.

279 830 458 885 Beatus
489 834 578 899 qui
607 831 810 883 habitat
840 846 951 882 ciam
984 831 1200 884 tnuliere
1226 838 1451 890 sensata,
1484 839 1536 882 et
1565 829 1653 894 qui
1679 827 1791 881 lin-

224 920 310 977 gini
327 920 416 956 sua
449 921 556 956 non
586 901 895 977 estlapsus,
928 911 981 977 et_
996 903 1083 967 qui
1113 918 1214 954 non
1241 901 1442 954 servivit
1470 901 1694 977 indignis
1717 917 1790 954 se.

280 974 455 1027 Beatus
482 1015 498 1038 ,
542 975 633 1043 qui
662 973 854 1025 invenit
881 973 1101 1025 amicum
1129 989 1304 1027 verum
1333 1014 1346 1040 ,
1396 981 1442 1024 et
1469 973 1557 1042 qui
1585 981 1793 1026 enarrat

217 1047 445 1118 justitiam
476 1046 596 1098 auri
637 1044 887 1118 audienti.

281 1118 436 1183 Quam
466 1132 712 1186 magnus,
743 1115 830 1184 qui
854 1116 1042 1170 invenit
1069 1113 1377 1186 sapientiam
1406 1120 1452 1167 et
1484 1113 1795 1168 scientiam!

222 1190 411 1260 sed_non
441 1199 514 1260 est
541 1185 702 1260 super
733 1188 990 1260 timentem
1022 1185 1322 1238 Dominum.

277 1258 442 1312 Timor
477 1256 573 1310 Dei
602 1254 761 1320 super
791 1259 964 1309 omnia
995 1273 1050 1311 se
1078 1254 1429 1324 superposuit.

279 1329 460 1384 Beatus
482 1331 655 1389 homo,
687 1329 770 1380 cui
797 1328 1045 1381 donatum
1072 1339 1144 1380 est
1173 1326 1360 1380 habere
1390 1327 1625 1378 timorem
1653 1325 1750 1382 Dei
1771 1341 1791 1379 :

217 1402 285 1468 qui
309 1409 437 1454 tenet
464 1399 638 1458 illum,
670 1400 756 1451 cui
788 1399 1199 1451 assimilabitur?
1272 1415 1282 1424 ·

278 1470 446 1525 Timor
479 1471 572 1523 Dei
603 1471 806 1542 initium
835 1470 1127 1523 dilectionis
1158 1471 1271 1542 ejus
1293 1485 1311 1521 .·
1342 1468 1463 1538 ﬁdei
1494 1477 1664 1522 autem
1690 1468 1792 1521 ini-

218 1544 327 1595 tium
358 1540 786 1612 agglutinandum
818 1549 890 1593 est
920 1543 963 1594 ei
973 1581 984 1592 .

277 1608 452 1666 0mm
484 1614 645 1680 plaga
686 1612 896 1666 tristitia
920 1611 1093 1666 cordis
1122 1620 1197 1665 est
1221 1625 1238 1682 ζ
1265 1618 1314 1662 et
1341 1611 1510 1664 onmis
1541 1608 1744 1664 malitia
1771 1655 1786 1682 ,

218 1686 426 1751 nequitia
456 1685 707 1736 mulieris.

278 1754 339 1826 ξι
370 1770 568 1807 omnem
596 1755 826 1824 plagam,
860 1763 906 1806 et
937 1770 1039 1808 non
1068 1752 1278 1826 plagam
1298 1751 1482 1826 videbit
1503 1751 1674 1826 cordis
1699 1768 1719 1806 :

280 1824 340 1877 Et
367 1842 565 1878 onmem
598 1823 900 1889 nequitiam,
927 1835 972 1876 et
1005 1842 1105 1876 non
1130 1823 1408 1893 nequitiam
1441 1823 1714 1876 mulieris:

283 1896 341 1948 Et
369 1913 573 1949 omnem
605 1895 898 1957 obductum,
931 1904 979 1948 et
1011 1911 1110 1947 non
1135 1893 1410 1946 obductum
1455 1895 1744 1946 odientium
1771 1908 1789 1947 :

280 1965 342 2018 Et
371 1984 566 2019 onmem
595 1968 896 2029 vindictam,
927 1975 971 2018 et
1002 1981 1102 2019 non
1127 1966 1405 2017 vindictam
1435 1964 1784 2018 inimicorum.

282 2036 396 2107 lion
423 2048 496 2091 est
524 2048 679 2103 caput
709 2038 924 2107 nequius
968 2053 1124 2100 super
1147 2045 1300 2107 caput
1331 2033 1532 2107 colubri
1560 2051 1578 2087 :

280 2105 342 2159 Et
387 2125 489 2162 non
534 2117 610 2161 est
651 2109 732 2160 ira
780 2104 935 2173 super
987 2109 1115 2160 iram
1164 2104 1416 2160 mulieris.
1467 2104 1794 2159 Commorari

211 2180 338 2231 leoni
365 2193 410 2233 et
442 2179 657 2234 draconi
688 2179 907 2248 placebit
933 2221 947 2246 ,
993 2194 1144 2249 quam
1174 2176 1410 2230 habitare
1435 2191 1551 2230 cum
1581 2177 1793 2230 muliere

211 2267 440 2318 nequam.

280 2319 792 2389 NequitiaZmulieris
819 2321 1056 2373 immutat
1080 2320 1264 2389 faciem
1292 2319 1404 2388 ejus
1435 2334 1452 2370 :
1495 2327 1542 2371 et
1571 2319 1792 2384 obctecat

207 2393 395 2445 vultum
422 2409 574 2447 suum
604 2403 864 2461 tamquam
906 2407 1055 2444 ursus
1085 2406 1103 2444 :
1134 2401 1178 2444 et
1208 2391 1356 2460 quasi
1384 2405 1593 2443 saccum
1619 2400 1792 2444 osten-

206 2465 299 2516 dit.
333 2463 400 2517 In
434 2465 603 2516 medio
630 2464 977 2532 proximorum
1008 2463 1136 2524 eius.

274 2533 534 2607 ingemuit
562 2531 639 2607 vir
665 2537 798 2607 ejus,
829 2544 873 2607 et
900 2533 1114 2588 audiens
1142 2531 1415 2607 suspiravit
1443 2531 1720 2607 modicum.

275 2602 451 2660 BrEvis
479 2606 647 2659 omnis
679 2602 877 2658 malitia
907 2621 1059 2663 super
1090 2604 1342 2656 malitiam
1374 2602 1604 2655 mulieris
1625 2643 1639 2666 ,
1681 2617 1794 2656 sors

205 2688 536 2745 peccatorum
558 2676 706 2729 cadet
729 2691 883 2742 super
913 2675 1079 2728 illam.

279 2750 423 2801 Sicut
471 2764 718 2802 ascensus
759 2763 1003 2799 arenosus
1049 2747 1101 2799 in
1151 2743 1364 2817 pedibus
1417 2744 1693 2797 veterani:
1721 2743 1797 2798 sic

203 2820 388 2872 mulier
420 2820 657 2888 linguata
689 2817 882 2871 homini
908 2817 1101 2885 quieto.

282 2890 362 2943 Ne
391 2887 636 2957 respicias
664 2891 717 2941 in
748 2889 977 2951 mulieris
999 2887 1236 2956 speciem,
1267 2895 1315 2941 et
1339 2901 1441 2938 non
1463 2887 1798 2957 concupiscas

209 2962 474 3014 mulierem
503 2962 557 3014 in
586 2961 770 3032 specie.

283 3032 516 3086 Mutieris
544 3027 649 3093 ira',
680 3038 728 3084 et
754 3030 1105 3092 irreverentia,
1135 3039 1183 3082 et
1214 3027 1451 3097 confusio
1475 3043 1685 3096 magna.

288 3103 474 3156 Mulier
503 3104 546 3156 si
576 3102 857 3170 primatum
888 3099 1070 3154 habeat
1096 3142 1111 3168 ,
1152 3099 1415 3152 contraria
1439 3108 1509 3152 est
1540 3100 1647 3151 riro
1677 3113 1788 3170 suo.

1451 283 1656 340 LIBER
1699 283 2232 344 ECCLESIASTICI.

271 405 472 460 Coron
499 421 690 461 senum
719 402 888 458 multa
915 400 1117 473 peritia,
1149 407 1197 456 et
1218 401 1387 476 gloria
1409 399 1618 455 illorum
1646 404 1800 456 timor
1828 406 1876 464 Α

3393 287 3500 344 Ηϐ

1981 403 2046 456 1η
2075 405 2188 474 ﬁlia
2217 420 2319 458 non
2344 411 2605 458 avertente
2629 402 2683 458 se
2711 447 2724 473 ,
2773 402 2922 472 ﬁrma
2968 402 3252 458 custodiam
3276 418 3296 458 :
3324 422 3386 462 ne
3415 407 3498 461 in-

1905 486 2052 530 venta
2075 478 2340 530 occasione
2372 486 2544 529 utatur
2569 491 2636 530 se.

1972 547 2045 600 Ab
2075 548 2214 600 omni
2243 549 2570 601 irreverentia
2595 545 2864 606 oculorum
2887 548 3000 619 ejus
3022 562 3142 601 cave
3163 586 3180 612 ,
3226 556 3273 610 et
3302 565 3366 604 ne
3393 549 3493 602 mi-

1896 619 2023 671 reris
2050 619 2094 672 si
2123 628 2170 672 te
2195 619 2498 687 neglexerit.

1968 690 2114 742 Sicut
2143 691 2305 742 viator
2332 691 2526 754 sitiens,
2553 690 2632 758 ⁵(τά
2659 693 2848 760 fontem
2872 705 2928 741 os
2953 687 3167 760 aperiet,
3196 697 3243 740 et
3267 689 3330 742 ab
3352 693 3493 746 omni

1894 775 2028 826 aqua
2054 763 2287 829 proxima
2316 761 2444 814 bibet
2471 804 2484 826 ,
2529 770 2574 812 et
2611 771 2788 813 contra
2827 776 3024 812 onmem
3054 761 3230 826 palum
3259 761 3490 828 sedebit,

1895 839 1940 954 fit
1967 841 2160 965 fti'ontra
2205 848 2406 885 onmem
2449 832 2688 902 sagittam
2726 832 2914 902 aperiet
2944 832 3278 902 pharetram,
3328 832 3490 896 donec

1936 917 1962 954 e
2005 913 2125 954 ciat.

1936 913 2125 954 enciat.

1965 971 2150 1026 Gratia
2180 974 2412 1027 mulieris
2440 991 2494 1027 se
2513 973 2639 1028 (ulte
2679 972 2950 1030 delectabit
2993 971 3160 1025 virum
3201 987 3394 1042 suum,
3438 981 3490 1027 et

1896 1060 2014 1097 ossa
2038 1045 2179 1097 illius
2210 1045 2572 1111 impinquabit.

1971 1114 2259 1186 Disciplina
2287 1117 2425 1168 illius
2453 1116 2634 1168 datum
2661 1115 2754 1170 Dei
2779 1124 2874 1171 est.

1970 1184 2160 1268 :Ilulier
2187 1197 2392 1241 sensa'a
2423 1197 2468 1240 et
2495 1189 2675 1255 tacita,
2710 1204 2812 1241 non
2844 1195 2917 1238 est
2948 1186 3242 1255 immutatio
3273 1185 3493 1240 erudita:

1893 1272 2099 1310 ammte.

1965 1325 2146 1399 Gratia
2174 1344 2328 1397 super
2353 1329 2577 1399 gratiam
2611 1329 2794 1381 mulier
2823 1337 3024 1391 sancta,
3058 1337 3104 1382 et
3135 1328 3416 1396 pudet-ala.

1969 1397 2146 1480 Dmnis
2188 1397 2368 1453 autent
2402 1399 2710 1470 ponderatio
2756 1416 2857 1453 non
2899 1409 2973 1452 est
2999 1399 3157 1468 digna
3185 1399 3494 1452 continentis

1893 1486 2104 1523 ammte.

1971 1540 2122 1594 Sicut
2162 1540 2240 1594 sol
2280 1542 2448 1595 oriens
2482 1543 2672 1595 mundo
2700 1543 2750 1594 in
2783 1541 3052 1595 altissimis
3085 1539 3178 1592 Dei
3210 1554 3228 1592 :
3259 1540 3332 1594 sic
3381 1555 3495 1593 mu-

1894 1611 2038 1684 lieris
2066 1611 2212 1665 bonce
2239 1613 2432 1684 species
2466 1614 2517 1665 in
2545 1615 2906 1684 ornamentum
2929 1611 3114 1684 domus
3143 1615 3275 1682 ejus.

1967 1681 2198 1735 Lucerna
2223 1681 2497 1751 splendens
2527 1699 2684 1747 super
2711 1682 3075 1735 candelabrum
3110 1681 3344 1734 sanctum
3372 1723 3385 1748 ,
3435 1688 3488 1736 et

1823 1792 1865 1850 Β
1892 1754 2087 1850 species
2117 1753 2265 1823 faciei
2295 1768 2450 1818 super
2478 1763 2680 1850 aetateLm
2703 1753 2957 1850 stabilem:

1968 1824 2232 1880 Columnae
2250 1840 2421 1896 aureae
2440 1843 2595 1896 super
2618 1827 2758 1878 bases
2784 1833 3074 1896 argenteas,
3104 1831 3148 1876 et
3171 1823 3328 1896 pedes
3353 1823 3494 1894 ﬁrmi

1892 1911 2047 1962 super
2079 1897 2283 1961 plantas
2314 1894 2518 1950 stabilis
2540 1896 2789 1949 mulieris.

1968 1963 2330 2020 Fundamenta
2361 1977 2549 2019 alterna
2577 1984 2736 2032 supra
2767 1975 2962 2034 petram
2989 1963 3234 2031 solidam,
3266 1974 3314 2020 et
3344 1981 3496 2022 man-

1893 2038 2017 2088 data
2051 2034 2143 2089 Dei
2175 2039 2228 2091 in
2257 2040 2409 2090 corde
2441 2038 2671 2092 mulieris
2697 2046 2909 2092 sanctte.

1967 2106 2032 2159 In
2057 2109 2257 2162 duobus
2287 2111 2646 2162 contristatum
2671 2118 2744 2164 est
2774 2124 2862 2161 cor
2892 2124 3061 2161 meum
3089 2148 3103 2174 ,
3153 2116 3201 2160 et
3247 2108 3300 2180 in
3345 2108 3497 2162 tertio

1893 2178 2170 2232 iracundia
2201 2180 2325 2233 mihi
2348 2181 2546 2232 advenit
2572 2196 2592 2234 :
3254 2177 3256 2180 ’

1979 2247 2065 2300 Vir
2095 2250 2310 2319 bellator
2342 2252 2584 2314 deficiens
2608 2266 2698 2324 per
2723 2249 2957 2319 inopiam

1896 2328 2214 2390 contemptus
2243 2338 2262 2374 :

1968 2389 2035 2442 Et
2066 2393 2152 2457 qui
2193 2392 2574 2459 transgreditur
2609 2409 2640 2444 a
2661 2391 2873 2462 justitia
2899 2390 2968 2443 ad
2995 2400 3263 2462 peceatum
3291 2431 3306 2454 ,
3352 2389 3495 2442 Deus

1895 2463 2094 2532 paravit
2129 2477 2247 2515 eum
2273 2464 2343 2516 ad
2375 2462 2712 2531 romphazam.

1972 2531 2106 2586 Duce
2124 2535 2320 2600 species
2341 2529 2570 2604 difﬁciles
2593 2541 2638 2585 et
2655 2532 2957 2604 periculosa:
2980 2529 3104 2604 mihi
3125 2539 3494 2604 apparuerunt.

1898 2602 2118 2676 Dimcile
2144 2607 2348 2659 exuitur
2373 2601 2700 2676 negotians'a
2726 2603 3040 2676 negligentia
3067 2617 3083 2654 :
3115 2601 3165 2656 ct
3195 2618 3298 2658 non
3338 2601 3495 2671 iusti-

1896 2673 2136 2743 ]icabitur
2163 2692 2328 2748 caupo
2356 2693 2388 2728 a
2415 2673 2636 2746 peccatis
2674 2673 2951 2730 labierum.

2451 2803 2680 2861 CAPUT
2721 2802 2938 2859 XXVII.

3001 2266 3020 2306 :
3062 2258 3108 2305 et
3144 2249 3222 2304 vir
3257 2257 3497 2306 sensatus

1973 2937 2196 3006 PrOpter
2221 2936 2452 3009 impiam
2481 2937 2634 2989 multi
2665 2935 2991 3003 deliquerunt
3019 2949 3037 2989 :
3084 2939 3132 2986 et
3175 2932 3264 2999 qui
3311 2934 3500 3004 quierit

1900 3009 2232 3082 locupletari,
2268 3010 2451 3082 avertit
2481 3010 2888 3082 oculum_st_tum.

1974 3074 2124 3136 Sicut
2168 3082 2221 3133 tu
2265 3080 2437 3133 medio
2468 3077 2791 3148 compaginis
2836 3074 3254 3149 lapidumrpalus
3280 3076 3456 3149 [igitur
3485 3093 3504 3132 :

285 3147 623 3241 uitiasse;
640 3147 1111 3247 ’ὲὶ“ᾗιῖὲὲδ’ὶῖἶδῖῖέ,’
1123 3147 1172 3225 ei
1183 3147 1350 3241 sua".
1367 3147 1554 3222 Eoi-lui
1569 3147 1598 3234 ζ
1613 3147 1800 3222 satis;

1966 3162 2046 3204 :et
2080 3154 2212 3204 inter
2250 3152 2475 3203 medium
2513 3147 2824 3204 venditionis
2855 3155 2902 3199 et
2930 3147 3203 3218 emptionis
3233 3147 3501 3220 angustia-

213 3261 445 3309 nequam.

289 3317 473 3369 Manus
500 3314 714 3382 debiles,
749 3325 794 3367 et
827 3329 998 3383 genua
1022 3311 1273 3366 dissoluta
1293 3354 1308 3378 ,
1339 3309 1529 3364 mulier
1558 3325 1673 3380 qua:
1701 3327 1803 3364 non

217 3384 466 3455 beati/ient
491 3389 658 3444 virum
688 3402 863 3442 suum.

285 3457 328 3511 A
350 3451 562 3532 muliere
585 3457 794 3510 initium
825 3456 1022 3526 factum
1052 3467 1126 3510 est
1156 3455 1387 3528 peccati,
1437 3459 1486 3504 et
1527 3467 1616 3532 per
1657 3451 1804 3506 illam

223 3543 384 3582 Omnes
418 3547 513 3582 mor
527 3545 690 3583 smur.

289 3599 404 3652 Non
431 3602 516 3654 des
544 3615 694 3670 aque:
719 3608 823 3652 tua:
849 3598 1062 3670 exitum,
1096 3613 1187 3670 nec.
1210 3597 1470 3650 modicum
1504 3611 1522 3648 :
1566 3609 1660 3648 nec
1691 3611 1806 3647 mu-

220 3665 325 3742 lieri
356 3687 572 3742 nequam
591 3665 804 3724 veniam
841 3668 1157 3742 prodeundi.

221 3811 231 3820 ι
281 3741 342 3796 Si
372 3736 469 3795 non
498 3736 850 3820 ambulaverit
871 3739 938 3793 ad
971 3755 1180 3792 manum
1211 3746 1351 3792 tuam
1383 3783 1399 3809 ,
1445 3736 1726 3809 confundet
1758 3747 1805 3790 te

214 3813 266 3863 in
294 3825 561 3883 conspectu
592 3813 945 3883 inimicorum.

284 3883 324 3936 Λ
355 3877 594 3939 carnibus
623 3886 724 3937 tuis
755 3881 1002 3936 abscinde
1032 3881 1216 3947 illam,
1265 3896 1330 3934 ne
1371 3895 1568 3952 semper
1602 3887 1648 3932 te
1675 3877 1808 3934 abu-

227 3961 380 4009 ηυντ.

787 4068 1014 4125 CAPUT
1057 4067 1250 4124 XXVI.

289 4225 523 4283 Mulieris
559 4228 709 4281 bona:
737 4225 913 4280 beatus
939 4226 1014 4278 vir
1053 4241 1072 4279 :
1117 4237 1364 4276 numerus
1390 4222 1525 4276 enim
1552 4235 1808 4275 annorum

218 4295 354 4369 illius
378 4302 594 4369 duplex.

289 4363 481 4442 Mulier
510 4370 663 4442 (ortis
695 4368 915 4442 oblectat
943 4367 1112 4422 virum
1146 4381 1299 4420 suum
1330 4409 1344 4434 ,
1397 4371 1445 4418 et
1495 4380 1657 4418 annos
1695 4363 1810 4419 vitta

220 4438 364 4514 illius
383 4444 436 4495 in
466 4438 594 4514 pace
616 4440 876 4514 implebit.

288 4509 421 4566 Pars
446 4504 582 4568 bona
608 4557 623 4580 ,
659 4504 841 4564 mulier
869 4512 1000 4564 bona
1024 4551 1040 4574 ,
1066 4510 1120 4563 in
1147 4515 1293 4579 parte
1321 4507 1610 4561 timentium
1639 4504 1806 4578 Deum

215 4580 419 4639 dabitur
440 4587 552 4637 viro
581 4599 677 4652 pro
713 4583 866 4651 factis
893 4581 1058 4634 bonis.

284 4653 471 4710 Divitis
501 4649 773 4716 autem,“
801 4653 1046 4719 pauperis
1072 4666 1160 4704 cor
1188 4649 1398 4712 bonum,
1434 4649 1488 4702 in
1512 4650 1653 4704 omni
1683 4660 1810 4716 tent-

212 4740 338 4794 pore
360 4727 534 4779 vultus
557 4725 769 4778 illorum
793 4722 999 4777 hilaris.

278 4797 325 4849 Α
351 4798 516 4855 tribus
549 4796 719 4850 timuit
745 4810 834 4848 cor
861 4808 1028 4847 meum
1053 4832 1069 4859 ,
1119 4800 1168 4846 et
1211 4791 1266 4845 in
1299 4800 1484 4862 quarto
1510 4792 1669 4864 facies
1696 4808 1810 4847 mea

208 4870 389 4922 metuit
419 4885 438 4924 :

278 4937 594 4994 Delaturam
622 4937 839 4992 civitatis
867 4955 880 4990 :
910 4945 959 4992 et
980 4933 1335 4991 collectionem
1361 4933 1564 5002 populi,

279 5011 618 5087 calumniam
686 5009 981 5063 mendacem
1023 5023 1042 5062 :
1104 5021 1260 5076 super
1310 5014 1529 5058 mortem
1558 5046 1572 5071 ,
1639 5007 1812 5066 omnia

239 5099 387 5137 cavsa
415 5098 436 5135 .'

203 5102 454 5209 gﬂzb‘ior
480 5153 652 5206 cordis
679 5160 724 5206 et
760 5151 960 5214 luctus,
990 5149 1173 5202 mulier
1203 5149 1467 5218 zelotypa.

283 5223 350 5279 In
372 5225 592 5279 muliere
615 5219 857 5293 zelatgpa
880 5219 1151 5294 ﬂagellum
1178 5217 1391 5291 tinguit,
1415 5217 1653 5274 onmibus
1675 5237 1815 5275 com-

216 5305 499 5354 municaris.
1385 5305 1388 5308 '

287 5370 438 5423 Sicut
464 5367 657 5422 bonum
677 5369 872 5440 jugum
895 5405 910 5426 ,
949 5363 1090 5440 quod
1135 5369 1366 5440 movetur
1390 5401 1406 5426 ,
1456 5362 1531 5440 ita
1557 5362 1817 5440 et_ntulier

233 5446 434 5513 "equam
456 5479 473 5506 ,
523 5440 616 5509 qui
647 5434 783 5492 tinet
811 5434 984 5501 illam,
1015 5434 1166 5504 quasi
1189 5435 1278 5504 qui
1304 5434 1644 5505 apprehendit
1669 5450 1810 5487 scor-

231 5517 443 5565 Plonem.

287 5580 488 5635 Mulier
511 5579 713 5636 ebriosa
736 5580 818 5632 ira
845 5594 1034 5649 magna
1061 5593 1080 5634 :
1106 5585 1153 5630 et
1181 5575 1493 5630 contumelia
1513 5616 1528 5641 ,
1571 5583 1622 5628 et
1648 5575 1814 5644 turpi-

229 5650 343 5706 tudo
371 5651 516 5705 illius
548 5668 648 5705 non
682 5660 898 5720 tegetur.
1097 5718 1125 5720 μ
1414 5719 1419 5720 ί
1738 5653 1742 5660 ’

287 5723 598 5778 Fornicatio
626 5716 859 5776 mulieris
887 5723 941 5774 in
965 5718 1270 5778 extallentia
1304 5719 1570 5774 oculorum
1597 5757 1612 5784 ,
1663 5723 1714 5769 et
1756 5716 1811 5770 in

222 5794 480 5865 Dalpebcis
507 5793 655 5848 illius
681 5802 1006 5864 agnoscatur.

1905 3223 2048 3294 bitur
2069 3230 2356 3294 peccatum.

1978 3289 2288 3347 Conteretur
2311 3309 2426 3346 cum
2448 3291 2772 3360 delinquente
2795 3289 3062 3344 delictum.

1981 3365 2038 3419 Si
2064 3382 2164 3418 non
2193 3365 2245 3418 in
2275 3365 2458 3418 timore
2489 3363 2694 3416 Domini
2721 3360 2945 3414 tenueris
2978 3370 3025 3414 te
3061 3360 3310 3415 instanter
3333 3400 3349 3428 ,
3399 3360 3500 3416 cito

1905 3440 2218 3490 subvertetur
2245 3437 2426 3488 domus
2455 3442 2564 3487 tua.

1980 3507 2129 3562 Sicut
2172 3509 2226 3560 in
2271 3521 2582 3576 percussuro
2631 3503 2783 3576 cribri
2831 3501 3110 3556 remanebit
3159 3502 3329 3574 pulvis
3365 3516 3384 3556 :
3426 3503 3502 3564 sic

1907 3580 2086 3650 aporia
2114 3575 2335 3650 hontinis
2352 3578 2674 3650 'incogitatu
2697 3575 2862 3650 illius.

1993 3649 2124 3704 Vasa
2146 3649 2296 3721 ﬁguli
2323 3645 2738 3721 probat—fornae,
2773 3656 2820 3700 et
2847 3646 3075 3700 homines
3087 3648 3264 3717 justos
3290 3645 3503 3700 tentatio

1907 3720 2038 3774 tribu
2049 3720 2273 3775 talionis.

1982 3793 2132 3846 Sicut
2161 3790 2429 3845 rusticatio
2452 3789 2515 3842 de
2545 3790 2685 3857 tigno
2716 3787 2935 3840 ostendit
2955 3790 3185 3857 fructum
3214 3785 3359 3841 illius
3385 3802 3402 3842 :
3429 3786 3504 3840 sic

1908 3862 2111 3916 verbum
2143 3879 2206 3915 ex
2234 3862 2459 3932 cogitatu
2487 3857 2656 3932 cordis
2684 3857 2929 3932 hominis.

1981 3937 2112 3987 Ante
2137 3928 2420 3986 sermonem
2445 3946 2548 3983 non
2579 3930 2757 3983 Iaudes
2781 3929 2980 3984 virum:
3003 3928 3111 3984 hazc
3127 3929 3267 3983 enim
3290 3929 3501 3984 tentatio

1909 4014 1985 4059 est
2027 4001 2316 4056 hominum.
2721 3999 2726 4002 ⁷

1983 4075 2046 4130 Si
2073 4077 2304 4142 sequaris
2322 4072 2606 4142 justitiam,
2641 4069 3001 4142 apprehendes
3033 4071 3178 4126 illam
3202 4087 3221 4126 :
3245 4081 3293 4127 et
3324 4073 3502 4126 indnes

1909 4147 2060 4217 quasi
2090 4141 2329 4212 podereni
2350 4143 2584 4217 honoris,
2618 4152 2666 4196 et
2690 4141 3000 4217 inhabitabis
3031 4160 3147 4217 cum
3179 4160 3260 4217 ea,
3284 4154 3348 4217 _et
3374 4159 3498 4217 pro-

1911 4214 2042 4285 teget
2074 4228 2120 4271 te
2146 4218 2198 4270 in
2242 4216 2610 4288 sempiternum
2637 4259 2650 4282 ,
2699 4225 2747 4268 et
2774 4215 2826 4268 in
2855 4214 2937 4268 die
2965 4215 3250 4287 agnitionis
3277 4214 3500 4268 invenies

1910 4290 2304 4358 ﬁrmamentum.

1992 4361 2238 4418 Volatilia
2266 4359 2334 4414 ad
2361 4359 2458 4414 sibi
2481 4358 2673 4412 similia
2704 4355 3010 4410 conveniunt
3051 4371 3070 4408 :
3115 4363 3162 4406 et
3202 4352 3389 4406 veritas
3425 4353 3496 4407 ad

1911 4449 2016 4504 eos,
2045 4435 2133 4504 qui
2157 4443 2432 4504 operantur
2452 4429 2622 4504 illam,
2649 4436 2944 4482 revertetur.

1951 4505 1954 4508 ’
1981 4495 2088 4559 Leo
2113 4495 2371 4559 venationi
2394 4501 2669 4556 insidiatur
2687 4513 2887 4567 semper
2910 4512 2930 4550 :
2955 4495 3030 4549 sic
3052 4502 3260 4566 peccata
3284 4510 3503 4566 operan-

1836 4556 1888 4615 Ῐ)
1914 4556 2049 4646 tibus
2065 4556 2393 4646 iniquitates.

1987 4635 2170 4701 Homo'
2198 4641 2408 4700 sanctus
2456 4645 2510 4698 in
2552 4639 2812 4714 sapientia
2857 4644 3030 4693 manet
3057 4636 3191 4690 sicut
3220 4635 3300 4690 sol
3322 4650 3343 4690 :
3381 4653 3504 4693 nam

1911 4719 2101 4773 stultus
2121 4719 2254 4772 sicut
2285 4716 2413 4770 luna
2447 4724 2698 4770 mutatur.

1987 4786 2055 4842 In
2101 4789 2271 4843 medio
2317 4788 2700 4842 insensatorum
2729 4796 2874 4836 serva
2901 4779 3108 4834 verbum
3135 4779 3358 4851 tempori
3391 4795 3409 4835 :
3452 4780 3508 4835 in

1883 4930 1887 4934 1
1914 4859 2085 4934 medio
2113 4871 2284 4934 autem
2309 4857 2644 4934 cogitantium
2674 4852 2917 4934 assiduus
2947 4862 3074 4934 esto.

1987 4931 2243 4986 Narratio
2285 4919 2610 5000 peccantium
2653 4925 2876 4989 odiosa,
2932 4930 2981 4974 et
3031 4922 3168 4992 risus
3208 4919 3416 4978 illorum
3453 4923 3510 4977 in

1917 5001 2116 5058 deliciis
2147 5003 2344 5074 peccati
2367 5041 2384 5074 ρ

1990 5062 2229 5144 Lor/uela
2275 5062 2498 5126 multum
2538 5070 2731 5144 jurans
2759 5105 2774 5129 ,
2826 5062 3282 5144 horripilationem
3350 5063 3512 5144 capiti

1918 5135 2107 5200 statuet
2140 5163 2158 5198 :
2187 5153 2232 5199 et
2259 5135 2590 5196 irreverentia
2620 5138 2781 5206 ipsius
2810 5135 3068 5206 obturatio
3099 5135 3324 5206 aurium.

1997 5215 2197 5283 E/Iusio
2225 5212 2494 5282 sanguinis
2516 5212 2570 5283 in
2599 5202 2714 5262 rixa
2743 5202 3082 5275 superborum
3108 5222 3126 5258 :
3150 5216 3192 5276 et
3217 5205 3512 5259 maledictio

1915 5282 2129 5364 illorum
2148 5284 2365 5364 auditus
2393 5282 2583 5364 gravis.

1997 5359 2099 5419 Qui
2123 5351 2348 5408 denudat
2372 5346 2563 5405 a'i-cana
2585 5349 2763 5414 amici,
2802 5347 2957 5418 ﬁdem
2995 5346 3182 5420 perdit,
3211 5356 3260 5400 et
3292 5361 3395 5400 non
3429 5347 3510 5400 in-

1922 5432 2082 5482 veniet
2113 5426 2339 5478 amicum
2367 5423 2436 5474 ad
2467 5423 2697 5475 animum
2727 5436 2878 5474 suum
2908 5435 2927 5472 :

1987 5497 2159 5566 Dilige
2189 5496 2504 5567 proximum,
2533 5503 2582 5567 et
2610 5496 2921 5567 conjungere
2935 5490 3049 5567 ﬁde
3069 5505 3185 5542 cuiu
3217 5488 3329 5558 illo.

1992 5562 2142 5633 Quod
2169 5562 2212 5621 si
2245 5563 2584 5620 denudaveris
2610 5563 2855 5618 absconsa
2885 5562 3026 5616 illius
3049 5602 3063 5627 ,
3093 5573 3195 5613 non
3223 5573 3500 5631 perseque-

1915 5641 1988 5694 ris
2014 5648 2125 5710 post
2147 5655 2280 5692 eum.

1990 5702 2137 5765 Sicut
2169 5710 2306 5763 enim
2336 5709 2506 5774 homo,
2541 5705 2631 5777 qui
2658 5704 2830 5774 perdit
2863 5707 3084 5777 amicum
3114 5719 3263 5777 suum
3298 5717 3315 5755 :
3361 5702 3433 5756 sic
3462 5705 3510 5750 et

1915 5785 2004 5851 qui
2036 5781 2203 5850 perdit
2233 5779 2515 5835 amicitiam
2542 5775 2763 5847 proximi
2789 5775 2906 5833 sui.
3187 5775 3190 5779 ’
