3918 6192
457 232 561 289 M7

1457 230 1515 287 S.
1560 231 1939 289 I-IIERONYMI
1978 232 2216 292 DIVINA
2253 234 2733 294 BIBLIOTHECA.

3619 251 3710 312 HS

537 349 762 432 Etsicut
791 353 880 423 qui
914 351 1122 407 dimittit
1149 365 1292 406 avem
1315 352 1380 418 de
1409 367 1568 405 manu
1592 369 1687 432 sua
1709 367 1728 406 :
1759 353 1833 408 sic
1860 353 2053 409 dereli-
2079 358 2133 420 Α
2159 354 2405 442 cundiam
2429 353 2574 438 illius
2593 359 2988 442 nontransivit,
3019 368 3068 416 et
3092 361 3180 442 qui
3202 377 3303 417 non
3328 365 3534 420 attraxit
3549 367 3711 442 jugum

462 421 616 493 quisti
647 421 937 490 proximum
965 436 1128 486 tuum,
1160 432 1206 477 et
1231 439 1334 476 non
1357 439 1475 476 eum
1501 424 1695 492 capies.

541 493 666 567 tVon
711 494 859 567 illum
895 494 1160 567 sequaris,
1191 495 1437 561 quoniam
1467 494 1617 567 longe
1660 493 1799 549 abest
1825 511 1844 552 :
1875 494 2060 567 effugit

464 564 601 617 enim
630 566 780 634 quasi
808 581 994 634 caprea
1035 565 1098 618 de
1129 562 1317 636 laqueo
1339 579 1359 619 :
1388 562 1631 636 quoniam
1674 562 1942 621 vulnerata
1984 562 2058 621 cst

465 650 641 688 anima
671 650 801 689 eius.

542 656 856 778 Zgigjﬁim
903 721 1007 760 non
1046 705 1237 776 poteris
1283 705 1649 778 colligare:et
1677 708 1939 763 maledicti
1983 716 2060 764 est

467 776 818 831 concordatio.

536 844 818 921 Denudare
844 855 1015 902 autem
1045 848 1198 902 amici
1221 849 1498 920 mysteria,
1521 850 1814 921 desperatio
1842 862 1918 909 est
1938 851 2058 906 aui-

465 933 561 972 ma:
586 918 833 988 infelicis.

535 988 783 1044 Annuens
813 989 962 1045 oculo
1006 989 1226 1062 fabricat
1249 991 1446 1062 iniqua,
1479 1001 1530 1048 et
1573 1010 1720 1050 nemo
1769 1012 1888 1050 eum
1927 997 2061 1070 abji-

425 1105 428 1110 .
461 1058 579 1114 ciet.
1006 1058 1016 1062 ⁷
1282 1077 1287 1082 ’

534 1129 602 1184 1η
629 1141 907 1200 conspectu
929 1134 1202 1188 oculorum
1223 1142 1428 1188 tuorum
1454 1134 1782 1199 conculcabit
1804 1155 1861 1192 os
1882 1155 2056 1204 suum,

462 1213 512 1256 et
536 1217 692 1272 super
718 1218 976 1258 sermones
1016 1213 1131 1258 tuos
1163 1205 1549 1260 admirabitur:
1583 1209 1858 1262 novissime
1886 1219 2059 1264 autem

461 1281 710 1345 pervertet
739 1289 796 1328 os
823 1290 997 1342 suum,
1027 1285 1075 1329 et
1103 1277 1159 1329 in
1185 1275 1350 1330 verbis
1380 1277 1482 1330 tuis
1518 1277 1661 1330 dabit
1690 1279 2020 1334 scandalum.

537 1343 707 1398 Multa
745 1345 916 1414 odivi,
959 1354 1007 1400 et
1038 1362 1140 1400 non
1165 1349 1425 1420 cotequavi
1453 1347 1522 1416 ei,
1553 1357 1602 1402 et
1633 1347 1890 1405 Dominus
1919 1353 2060 1407 odiet

460 1415 631 1470 illum.

537 1487 641 1564 Qui
670 1485 724 1540 in
744 1487 909 1564 altum
930 1488 1085 1564 mittit
1106 1487 1359 1564 lapidem,
1386 1505 1545 1564 super
1566 1500 1719 1563 caput
1739 1493 1850 1564 ejus
1873 1493 2058 1549 cadet:

467 1567 512 1611 et
546 1559 703 1628 plaga
732 1558 916 1613 dolosa
946 1558 1116 1614 dolosi
1145 1559 1340 1614 dividet
1365 1558 1604 1616 vulnera.

583 1576 703 1628 taga
732 1576 916 1613 aotosa
946 1576 1115 1614 aowsi
1145 1576 1340 1614 atviaet
1365 1576 1604 1616 vutnera.

535 1576 610 1703 Et
628 1630 720 1699 qui
755 1632 958 1703 foveam
995 1629 1160 1703 fodit,
1181 1631 1396 1703 incidet
1423 1633 1478 1686 in
1503 1647 1617 1687 eam
1638 1649 1658 1687 :
1682 1641 1733 1688 et
1757 1632 1848 1703 qui
1876 1634 2060 1703 statuit

467 1698 694 1769 lapidem
723 1698 1239 1769 proximo,‘o/fendet
1263 1702 1316 1755 in
1341 1717 1438 1768 eo;
1463 1704 1554 1773 qui
1583 1698 1825 1775 laqueum
1847 1702 1940 1758 alii
1960 1723 2057 1776 po-

467 1771 562 1824 nit.
588 1769 769 1824 neribit
795 1771 848 1823 in
878 1769 997 1824 illo.

465 1771 562 1828 nit.
588 1770 769 1828 peribit
795 1771 848 1823 in
878 1770 997 1828 illo.

624 1787 728 1823 eno
751 1787 769 1824 t
795 1787 848 1823 m
878 1787 936 1824 ut
980 1811 997 1828 .

537 1787 775 1893 l’i'zcien‘ti
799 1787 1166 1911 nequiisimum
1193 1843 1488 1910 consilium,
1510 1860 1664 1916 super
1686 1845 1858 1916 ipsum
1879 1846 2053 1904 devol-

473 1918 640 1982 vet_ur.
673 1918 722 1964 et
744 1927 847 1964 non
871 1925 1114 1982 agnoscet
1137 1917 1274 1967 unde
1302 1917 1540 1968 adveniat
1561 1915 1660 1969 illi.

535 1978 750 2064 Illusio,
796 1978 1260 2064 etnimproperium
1309 1985 1684 2057 superborum,
1729 1997 1778 2041 et
1831 1989 2060 2044 vindicta

469 2051 604 2104 sicut
632 2052 711 2106 leo
732 2051 1065 2107 insidiabitur
1091 2053 1189 2109 illi.

534 2122 749 2201 laqueo
795 2123 1030 2190 peribunt
1070 2125 1536 2201 qui__obleclantur
1581 2144 1705 2182 casu
1740 2132 2008 2201 justorum
2039 2150 2058 2188 .'

465 2190 820 2264 dolor'autem
858 2190 1121 2249 consumet
1149 2196 1272 2252 illos
1302 2207 1581 2264 antequam
1611 2190 1925 2256 moriantur.

537 2261 632 2317 Ira
663 2274 712 2317 et
739 2268 912 2344 furor,
941 2275 1159 2344 utraque
1186 2261 1525 2323 exsecrabilia
1563 2281 1725 2326 sunt:
1755 2281 1803 2324 et
1835 2273 1914 2326 vir
1936 2289 2058 2344 pec-

462 2345 608 2389 cator
637 2337 908 2391 continens
929 2337 1028 2390 erit
1047 2336 1282 2393 illorum.

1007 2471 1238 2530 CAPUT
1277 2471 1516 2531 XXVIII.

542 2605 644 2672 Qui
664 2606 919 2664 vindicari
943 2607 1075 2675 vult,
1102 2624 1136 2662 a
1160 2606 1387 2665 Domino
1417 2611 1639 2667 inveniet
1669 2612 1953 2669 vindictam
1973 2631 1993 2671 :
2013 2625 2061 2672 et

467 2688 681 2747 peccata
705 2678 852 2733 illius
874 2695 1080 2733 servans
1102 2681 1348 2736 servabit.

535 2748 790 2827 Relinque
820 2752 1057 2827 proximo
1087 2761 1172 2806 tuo
1197 2753 1404 2806 nocenti
1433 2762 1481 2808 te
1501 2767 1522 2809 :
1545 2763 1594 2808 et
1621 2761 1740 2808 tunc
1765 2755 2062 2827 deprecanti

468 2820 557 2874 tibi
589 2820 801 2888 peccata
823 2820 1109 2876 solventur.

466 2960 501 3013 ά
532 2890 710 3013 (Homo
747 2892 945 2948 homini
979 2900 1204 2949 reservat
1249 2893 1414 2963 iram,
1450 2905 1498 2950 et
1533 2912 1566 2950 a
1595 2895 1708 2954 De'o
1741 2901 1926 2970 quaerit
1957 2918 2063 2956 me-

503 2978 530 3013 e
552 2977 656 3013 am.

503 2977 656 3015 ctam.

539 3029 608 3114 I_n
637 3031 894 3114 hominem
927 3033 1148 3114 similem
1181 3035 1280 3090 sibi
1312 3053 1418 3114 non
1444 3038 1596 3095 habet
1624 3040 2056 3114 misericordiam,

462 3110 511 3155 et
540 3103 604 3175 de
631 3104 853 3169 peccatis
883 3105 993 3158 suis
1023 3107 1368 3175 deprecatur?

535 3169 567 3252 ζ
569 3188 658 3243 pse
684 3187 818 3254 gum“
833 3190 953 3254 caro
979 3175 1063 3241 sit,
1088 3169 1325 3254 reservat
1360 3180 1523 3254 iram,
1552 3191 1600 3235 et
1633 3183 2060 3254 propitiationem

461 3240 590 3316 petit
618 3258 650 3295 a
672 3240 818 3296 Deo?
841 3246 958 3314 quis
980 3240 1211 3300 exorabit
1234 3263 1329 3316 pro
1353 3240 1550 3306 delictis
1577 3240 1763 3306 illius:9

537 3312 796 3366 Memento
825 3312 1246 3382 nouissimorum,
1273 3327 1320 3371 et
1347 3321 1522 3373 desine
1549 3323 1807 3377 inimicari
1830 3340 1849 3378 .'

536 3383 796 3464 rabitudo
827 3385 964 3464 enim
985 3395 1029 3438 et
1063 3403 1196 3464 mors
1223 3388 1569 3464 imminentin
1598 3397 1860 3449 mandatis
1884 3396 2021 3464 ejus.

541 3453 841 3532 gemmare
866 3457 1106 3508 timorem
1134 3455 1258 3523 Dei,
1280 3468 1338 3532 et
1350 3475 1463 3532 non
1494 3461 1740 3532 irascaris
1763 3453 2024 3532 proximo.

535 3523 831 3606 Memorare
852 3533 1209 3607 testamentum
1253 3527 1524 3597 Altissimi,
1573 3541 1620 3586 et
1668 3523 1875 3604 despice
1914 3537 2060 3607 igno-

464 3595 689 3666 rantiam
713 3595 958 3666 proximi.

532 3665 740 3740 4bstine
765 3677 812 3721 te
837 3683 868 3720 a
897 3665 1012 3734 lite,
1045 3680 1094 3723 et
1116 3669 1321 3740 rminues
1346 3681 1577 3740 peccata.

539 3736 709 3817 [longo
736 3741 874 3817 enim
900 3739 1184 3817 iracundus
1208 3736 1438 3817 incendit
1459 3742 1624 3817 litem,
1647 3755 1693 3800 et
1720 3746 1795 3800 vir
1817 3759 2061 3817 peccator

471 3807 697 3886 turbabit
713 3809 931 3877 amicos,
963 3819 1010 3866 et
1037 3812 1090 3864 in
1116 3815 1286 3868 medio
1307 3829 1486 3886 pacem
1506 3807 1801 3873 habentium
1817 3807 2057 3878 immittet

464 3879 806 3934 inimicitiam.

529 3949 830 4030 Secundum
855 3950 990 4030 enim
1027 3953 1173 4030 ligna
1193 3955 1371 4030 silvai,
1398 3957 1474 4030 sic
1501 3958 1636 4028 ignis
1660 3961 1978 4030 exardescit;
2009 3972 2058 4020 et

460 4018 744 4103 secundum
769 4021 1005 4103 virtutem
1033 4018 1284 4103 hominis,
1329 4018 1403 4080 sic
1447 4018 1723 4103 ira'cundia
1757 4033 1899 4088 illius
1924 4018 2054 4103 erit,

458 4103 504 4143 et
531 4090 817 4145 secundum
847 4091 1188 4147 substantiam
1219 4090 1364 4149 suam
1393 4101 1644 4153 exaltabit
1667 4104 1794 4156 iram
1825 4121 1999 4159 suam.

528 4160 804 4245 Certamen
831 4162 1131 4244 festinatum
1161 4165 1390 4245 incendit
1414 4169 1580 4239 ignem
1600 4186 1624 4245 :_
1643 4182 1690 4245 et
1713 4174 1777 4227 lis
1805 4175 2055 4245 festinans

457 4231 682 4300 effundit
737 4234 1042 4305 sanguinem
1081 4249 1100 4288 :
1152 4246 1224 4306 et,
1270 4231 1453 4309 linguti
1510 4231 2056 4310 testiﬁcans'adducit

459 4313 697 4358 mortem.

526 4375 588 4454 Si
624 4374 922 4454 sufflaveris
950 4374 1006 4428 in
1047 4375 1352 4454 scintillam,
1384 4381 1535 4452 quasi
1571 4381 1706 4454 ignis
1747 4387 2052 4442 exardebit:

455 4454 503 4498 et
529 4445 574 4500 si
603 4447 868 4529 exspueris
887 4463 1063 4529 super
1089 4448 1268 4517 illam,
1311 4445 1676 4523 eccs'tinguaiur
1701 4471 1720 4511 :
1743 4466 1955 4529 utraque
1986 4475 2052 4515 ex

456 4515 980 4589 oreAproﬁ'ciscuntur.

525 4586 760 4642 Susurro
783 4597 831 4660 et
858 4587 1110 4660 bilinguis
1131 4590 1437 4650 maledictus
1460 4609 1479 4649 :
1503 4594 1698 4652 multos
1718 4599 1857 4654 enim
1879 4600 2054 4656 turba-

465 4658 538 4712 bit
567 4674 747 4729 pacem
778 4657 1037 4714 habentes.

526 4729 736 4812 Lingua
763 4732 916 4812 tertia
945 4731 1132 4786 multos
1159 4737 1458 4807 commovit,
1491 4747 1538 4793 et
1570 4738 1812 4810 dispersit
1841 4741 1960 4798 illos
1989 4745 2055 4800 de

453 4809 600 4872 gente
625 4809 683 4872 in
704 4811 904 4872 gentem
934 4818 954 4858 .'

523 4869 1018 4958 Civitaiesnmuratas
1039 4873 1258 4934 divitum
1278 4878 1556 4951 destruxit,
1575 4893 1622 4937 et
1643 4883 1824 4941 domos
1845 4902 2056 4958 magna-

447 4949 617 4997 torum
647 4941 828 5009 effodit
849 4961 868 4992 .-

515 5011 761 5138 IVOilrtutes
800 5015 1114 5088 populorum
1160 5021 1408 5091 concidit,
1457 5033 1506 5078 et
1543 5035 1716 5096 gentes
1757 5030 1915 5099 fortes
1946 5029 2055 5084 dis-

451 5099 509 5137 so
537 5100 580 5137 vi
605 5120 624 5138 .

525 5155 732 5278 Lingua
764 5159 918 5240 tertia
939 5161 1184 5218 mulieres
1211 5164 1401 5220 viratas
1421 5167 1592 5240 ejccit,
1614 5178 1660 5222 et
1687 5171 1905 5239 privavit
1932 5170 2054 5227 illas

454 5225 613 5278 labori
655 5243 712 5278 us
743 5244 871 5278 suis.

475 5243 712 5281 αυοηυιιδ
743 5244 871 5282 εωε.

527 5295 633 5385 ριιὲ
661 5299 870 5380 respicit
899 5301 1074 5385 illam,
1100 5321 1200 5360 non
1231 5305 1436 5362 habebit
1461 5309 1711 5380 requiem,
1735 5328 1827 5368 nec
1851 5312 2055 5370 habebit

451 5380 781 5445 nuncnum
803 5388 901 5445 quo
931 5380 1234 5445 requiescat.

530 5435 941 5530 flagelli‘ptaga
985 5435 1194 5502 livorem
1243 5449 1412 5520 facit:
1441 5451 1599 5524 plaga
1645 5465 1814 5509 autem
1857 5456 2051 5530 lingute

456 5519 770 5563 comminuet
805 5528 942 5569 ossa.

468 5577 1010 5671 “ulti-ceciderunt
1035 5587 1087 5642 in
1119 5605 1206 5644 ore
1229 5591 1394 5661 gladii
1421 5595 1551 5648 :sed
1576 5609 1676 5649 non
1704 5596 1778 5651 sic
1800 5599 1949 5666 quasi
1965 5600 2054 5671 qui

461 5653 770 5731 interierunt
791 5667 881 5731 per
893 5653 1136 5731 linguam
1163 5653 1328 5715 suam.

535 5714 734 5775 Beatus
763 5714 853 5794 q'ui
883 5714 1041 5782 tectus
1071 5737 1143 5792 est
1187 5746 1218 5789 α
1266 5732 1445 5810 lingua
1475 5749 1714 5809 nequam,
1745 5739 1833 5812 qui
1863 5741 1915 5798 in
1943 5742 2053 5801 ira-

2085 1749 2136 1811 B

2162 423 2327 502 illius,
2359 434 2407 479 et
2436 427 2490 480 in
2517 429 2736 502 vinculis
2762 429 2874 500 ejus
2899 423 3002 486 non
3027 423 3115 486 est'
3131 433 3339 502 ligatus.

2232 496 2430 573 flugum
2460 499 2595 573 enim
2621 496 2794 564 illius,
2799 502 2989 573 jugum
3020 496 3245 572 ferreum
3281 515 3460 563 est:et
3483 509 3711 570 vinculum

2161 566 2326 633 illius,
2365 568 2623 623 vinculum
2648 566 2837 624 cereum
2859 566 2954 628 Est.

2236 637 2384 693 Mors
2409 639 2571 726 illius,
2605 657 2743 697 mors
2767 645 3082 714 nequissima
3105 661 3123 700 :
3151 656 3203 700 et
3232 648 3373 703 utilis
3392 651 3552 721 potius
3579 655 3712 726 infer-

2162 725 2260 780 nus
2285 726 2440 780 quam
2463 711 2581 765 illa.

2237 779 2626 857 Pet-severantia
2663 783 2808 839 illius
2853 801 2957 840 non
3001 790 3334 857 permanebit,
3377 792 3462 845 sed
3501 795 3713 853 obtinebit

2160 853 2271 928 vias
2321 853 2634 924 injustorum
2678 870 2697 908 :
2742 866 2790 910 et
2848 857 2902 910 in
2949 860 3166 928 ﬂamma
3214 853 3446 918 sua'non
3483 866 3708 924 comburet

2171 924 2350 980 iustos.

2151 942 2670 1070 relinquunt
2695 994 2865 1052 Deum
2885 1043 2897 1067 ,
2922 998 3150 1056 incident
3179 1004 3234 1059 in
3260 1004 3419 1070 illam,
3449 1017 3494 1062 et
3521 1012 3708 1066 exarde-

2163 1063 2232 1118 bit
2263 1082 2320 1140 in
2349 1065 2479 1140 illis,
2512 1063 2560 1121 et
2596 1084 2701 1122 non
2735 1063 3111 1140 exstinguetur,
3139 1084 3186 1128 et
3227 1063 3517 1132 immittetur
3537 1081 3585 1135 in
3611 1063 3708 1138 illos

2162 1137 2312 1206 quasi
2342 1137 2440 1209 leo,
2471 1147 2518 1190 et
2549 1140 2702 1209 quasi
2725 1137 2920 1209 pardus
2948 1137 3107 1198 ια’όεὶ
3131 1144 3270 1201 illos.

2236 1208 2365 1293 Sepi
2389 1225 2421 1259 a
2433 1208 2689 1293 ures.'tuas
2708 1208 2898 1293 spinis,
2929 1213 3160 1284 linguam
3178 1233 3396 1288 nequam
3413 1220 3513 1274 noli
3535 1225 3707 1293 audire,

2162 1285 2211 1331 et
2239 1279 2317 1332 ori
2349 1288 2436 1333 tuo
2457 1279 2619 1349 facito
2649 1279 2803 1344 ostia.
2831 1291 2878 1336 et
2902 1279 3064 1339 sertis.

2237 1349 2438 1429 durum
2460 1361 2604 1406 tuum
2631 1363 2678 1406 et
2705 1363 2974 1429 argentum
2993 1367 3146 1429 tuum
3171 1361 3368 1429 con/la,
3391 1370 3437 1416 et
3455 1363 3602 1418 verbis
3625 1367 3710 1422 tuis

2161 1419 2323 1494 facito
2342 1429 2608 1494 stateram,
2639 1433 2690 1478 et
2721 1419 2896 1494 frenos
2923 1427 3002 1480 ori
3029 1439 3114 1482 tuo
3135 1419 3303 1486 rectos
3328 1446 3345 1485 :

2233 1489 2301 1544 Et
2328 1493 2555 1572 attende,
2589 1510 2652 1572 ne
2679 1489 2813 1564 forte
2841 1497 3032 1572 labaris
3070 1499 3126 1554 in
3170 1501 3377 1572 lingua,
3421 1514 3467 1558 et
3490 1506 3623 1560 cadas
3653 1506 3700 1561 in

2161 1573 2440 1641 conspectu
2467 1564 2793 1641 inimicorum
2845 1567 3202 1626 insidiantium
3241 1564 3374 1641 tibi,
3395 1585 3440 1630 et
3481 1577 3538 1631 sit
3579 1593 3708 1634 casus

2163 1642 2282 1689 tuus
2311 1633 2619 1691 insanabilis
2649 1638 2702 1692 in
2731 1648 2971 1696 mortem.

2729 1753 2960 1812 CAPUT
3002 1754 3194 1814 XXIX.

2248 1843 2352 1923 Qui
2378 1845 2502 1923 facit
2530 1846 2963 1923 misericordiam,
2991 1850 3257 1918 feneratur
3283 1852 3510 1923 proximo
3535 1870 3620 1909 suo
3640 1869 3656 1909 :
3674 1862 3713 1910 et

2161 1915 2515 1997 qui'prtevalet
2544 1934 2722 1997 manu,
2755 1915 3002 1997 mandata
3022 1932 3218 1977 servat.

2235 1983 2495 2062 Fenerare
2527 1991 2761 2062 proximo
2778 2001 2881 2062 tuo
2906 1993 2958 2044 in
2985 2002 3213 2062 tempore
3237 1996 3546 2050 necessitatis
3569 1996 3715 2052 illius:

2163 2064 2211 2110 et
2235 2058 2423 2133 iterum
2452 2059 2611 2113 redde
2636 2061 2872 2132 proximo
2899 2063 2953 2115 in
2973 2058 3199 2133 tempore
3223 2082 3341 2120 suo.

2236 2126 2502 2207 confirma
2539 2126 2768 2207 verbum,
2817 2142 2864 2185 et
2891 2126 3114 2207 fideliter
3158 2153 3254 2207 age
3295 2153 3410 2191 cum
3457 2137 3580 2194 illo:
3607 2139 3715 2194 etin

2166 2200 2308 2273 omni
2337 2211 2566 2273 tempore
2589 2203 2814 2258 invenies
2839 2200 2978 2273 quod
3001 2204 3091 2259 tibi
3117 2200 3462 2262 necessarium
3486 2219 3574 2264 est.

2239 2268 2398 2324 Multi
2421 2268 2569 2352 quasi
2591 2268 3343 2352 inventionem_a:stimaverunt
3362 2280 3523 2350 fenus,
3545 2289 3586 2335 et
3608 2295 3717 2352 pra:-

2165 2340 2406 2420 stitfrunt
2433 2343 2721 2420 molestiam
2748 2345 2830 2398 his
2864 2347 2955 2420 qui
2974 2363 3027 2402 se
3053 2340 3387 2420 adiuverunt.

2237 2409 2418 2491 Donec
2462 2409 3343 2491 accipiant,_.osc'ulantur'manus
3390 2421 3570 2491 dantis,
3609 2425 3718 2478 etin

2165 2483 2592 2550 promissionibus
2619 2483 2896 2540 humiliant
2922 2504 3097 2544 vocem
3121 2506 3298 2544 suam.

2236 2552 2306 2606 Et
2337 2554 2389 2606 in
2434 2565 2668 2635 tempore
2679 2558 3003 2635 .redditionis
3044 2563 3325 2635 postulabit
3353 2574 3561 2635 tempus,
3593 2573 3635 2619 et
3655 2566 3718 2619 lo-

2163 2635 2349 2710 quetur
2382 2626 2534 2681 verba
2565 2627 2709 2682 ta’dii
2735 2639 2781 2682 et
2809 2626 3308 2704 murmurationuns,
3335 2644 3381 2690 et
3410 2626 3592 2710 tempus
3612 2651 3713 2690 cau-

2163 2698 2384 2751 sabitur.

2238 2767 2300 2823 Si
2324 2775 2494 2821 autent
2522 2769 2746 2836 potuerit
2788 2769 3022 2836 reddere,
3052 2774 3412 2833 adversabitur
3433 2792 3451 2832 :
3475 2778 3616 2832 solidi
3649 2777 3718 2831 vis:

2165 2838 2342 2893 reddet
2383 2839 2688 2908 dimidium,
2716 2852 2765 2896 et
2797 2844 3110 2913 computabit
3151 2845 3288 2901 illud
3326 2849 3472 2920 quasi
3503 2848 3717 2903 inventio-

2165 2925 2302 2965 nem.

2239 2979 2558 3060 $_in__autem,
2581 2981 2858 3060 fraudabit
2898 2983 3050 3060 illum
3076 2988 3300 3057 pecunia
3335 3006 3460 3056 sua,
3503 2998 3548 3044 et
3577 2987 3719 3060 possi-

2168 3051 2307 3125 deb_it
2333 3051 2485 3125 illum
2518 3053 2782 3125 inimicum
2809 3056 2973 3125 gratis
2995 3072 3015 3112 :

2243 3122 2572 3204 Et_convivi_a_
2585 3135 2632 3178 et
2653 3122 2941 3204 maledicta
2972 3127 3149 3204 reddet
3176 3129 3280 3197 illi,
3302 3141 3350 3188 et
3369 3149 3461 3204 pro
3483 3132 3656 3186 honore
3677 3137 3716 3183 et

2173 3194 2416 3264 beneﬁcio
2443 3195 2620 3250 reddet
2646 3195 2726 3249 illi
2753 3199 3142 3254 contumeliam.

2234 3265 2287 3318 Μ
2298 3266 2405 3342 ulti
2441 3283 2559 3342 non_
2593 3282 2752 3342 causa
2798 3271 3036 3337 nequitia:
3087 3288 3190 3327 non
3219 3275 3438 3342 fenerati
3476 3281 3620 3342 sunt,
3645 3271 3718 3326 sed

2163 3336 2405 3407 fraudari
2423 3339 2588 3407 gratis
2619 3336 2918 3394 timuerunt.

2159 3405 2170 3475 ς
2241 3405 2602 3486 Verumtamen
2632 3424 2785 3479 super
2815 3411 3061 3486 humilem
3087 3413 3262 3469 animo
3297 3415 3481 3486 fortior
3527 3423 3642 3479 esto,
3678 3420 3717 3467 et

2161 3491 2265 3548 pro,
2286 3477 2611 3548 cleevnosyna
2632 3477 2734 3532 non
2761 3481 2938 3534 trahas
2960 3483 3130 3538 illum.

2233 3547 2471 3628 Pr0pter.
2508 3547 2815 3628 mandatum
2860 3569 3068 3607 assume
3105 3573 3414 3628 pauperem,
3459 3566 3504 3611 et
3542 3562 3721 3626 propter

2162 3617 2390 3686 inopiam
2422 3620 2532 3690 ejus
2562 3638 2623 3675 ne
2641 3621 2876 3677 dimittas
2906 3640 3025 3678 eum
3052 3617 3295 3684 vacuum.

2232 3690 2703 3766 Perdepecuniam
2729 3703 2939 3766 prapter
2966 3696 3179 3766 fratrem
3229 3710 3277 3754 et
3307 3699 3522 3754 amicum
3560 3707 3719 3750 tuum:

2162 3768 2207 3815 et
2239 3778 2343 3840 non
2373 3761 2658 3840 abscondas
2683 3761 2836 3818 illuni
2858 3761 3157 3840 sub'lapide
3185 3770 3240 3824 in
3263 3771 3608 3840 perditionem.

2232 3831 2382 3911 Pone
2395 3832 2692 3911 thesaurum
2706 3845 2846 3888 tuum
2867 3837 2919 3890 in
2936 3831 3209 3910 praeceptis
3233 3831 3506 3908 Altissinti,
3523 3849 3569 3896 et
3587 3835 3718 3911 prod-

2159 3903 2269 3976 erit
2284 3904 2386 3976 tibi
2407 3904 2581 3976 magis
2604 3921 2759 3976 quam
2788 3903 2996 3962 aurum.

2232 3972 2507 4028 Conclude‘
2527 3972 2910 4056 .eleeinosgnam
2949 3981 3002 4056 i_n
3049 3980 3204 4038 corde
3247 3982 3487 4056 pauperis
3512 3990 3590 4036 :et
3629 3979 3717 4033 hac

2159 4060 2270 4126 pro“
2283 4055 2332 4099 te
2360 4046 2590 4100 exorabit
2619 4047 2683 4101 ab
2712 4046 2859 4126 omni
2872 4051 3031 4106 malo.
3356 4046 3368 4055 ⁷
3554 4122 3563 4126 Α
3637 4122 3641 4126 _

2231 4115 2402 4194 Super
2431 4126 2634 4172 scutum
2663 4122 2919 4194 potentis,
2963 4130 3012 4176 et
3047 4140 3203 4194 super
3231 4125 3462 4181 lanceam
3499 4122 3718 4177 adversus

2159 4185 2427 4261 inimicum
2453 4198 2597 4261 tuum
2610 4185 2891 4261 pugnabit.

2242 4256 2332 4336 _I_’ir
2361 4258 2522 4336 bonus
2543 4256 2713 4336 paen;
2729 4262 2972 4336 facitqpro
2996 4265 3238 4336 proximo
3263 4283 3358 4322 suo
3375 4281 3395 4320 :

2220 4327 2289 4406 If}!
2313 4330 2401 4406 qui
2428 4330 2713 4406 perdiderit
2729 4327 3122 4406 confusionem,
3154 4337 3472 4406 derelinquet
3499 4335 3606 4391 sibi.

2233 4397 2470 4475 Gratiam
2497 4397 2921 4473 ﬁdejussoris'ne
2941 4397 3259 4464 obliviscaris
3278 4425 3298 4465 :
3326 4397 3466 4465 didit
3497 4407 3622 4463 enim
3643 4417 3719 4475 pro

2157 4476 2207 4524 te
2235 4473 2465 4526 animam
2489 4489 2658 4527 suam.

2232 4540 2702 4621 {iepromissionem
2729 4545 2860 4621 fugit
2887 4558 3125 4621 peccator
3153 4559 3202 4606 et
3225 4550 3540 4606 immundus.

2228 4610 2379 4691 Dona
2405 4610 2917 4691 repromissorisfsib'i
2944 4622 3158 4677 ascribit
3185 4631 3444 4691 peccator.

2231 4681 2301 4770 ἕξ
2331 4681 2569 4756 ingratus
2585 4703 2747 4770 sensu
2771 4689 3086 4770 derelinquet
3111 4681 3414 4748 liberantem
3435 4707 3505 4747 se.
3581 4759 3606 4770 η
3630 4759 3640 4770 ¹
3693 4755 3703 4766 ε

2236 4753 2332 4810 Vir
2370 4753 2773 4834 repromittitde
2797 4753 3034 4831 proximo
3076 4780 3173 4819 suo
3203 4779 3224 4819 :
3253 4773 3303 4818 et
3333 4779 3446 4819 cum
3473 4755 3721 4834 perdiderit

2155 4827 2510 4904 reverentiam,
2533 4827 2916 4904 derelinqu'etur
2939 4835 3004 4888 ab
3028 4850 3106 4889 eo.

2233 4896 2936 4976 Repromissionequissima
2968 4907 3156 4962 multos
3185 4906 3411 4975 perdidit
3449 4905 3717 4976 dirigentes,

2159 4977 2209 5022 et
2231 4972 2505 5047 commovit
2535 4971 2654 5029 illos
2681 4971 2831 5044 quasi
2850 4979 3042 5047 fluctus
3067 4971 3247 5032 maris.

2239 5037 2400 5120 Viros
2430 5052 2658 5120 potentes
2691 5037 2884 5120 gyraiis
2926 5051 3144 5119 migrare
3171 5050 3320 5120 fecit,
3354 5058 3401 5105 et
3435 5045 3597 5118 vagati
3619 5047 3722 5098 sunt

2159 5110 2214 5164 in
2242 5110 2473 5172 gentibus
2493 5110 2696 5172 alienis.

2280 5195 2484 5262 eccator
2513 5188 2895 5262 transgrediens
2933 5193 3239 5247 mandatum
3275 5189 3516 5262 Domini,
3554 5182 3721 5241 incidet

2158 5253 2211 5333 in
2242 5256 2635 5335 promissionem
2657 5253 2886 5330 nequam
2912 5276 2932 5317 :
2957 5270 3006 5318 et
3031 5264 3119 5335 qui
3148 5273 3365 5318 conatur
3393 5253 3550 5316 multa
3570 5269 3718 5328 agerc,

2156 5323 2345 5398 incidet
2374 5327 2427 5382 in
2441 5328 2726 5398 judicium.

2228 5393 2502 5472 Iiecupera
2520 5403 2814 5472 proximum
2839 5406 3122 5460 secundum
3145 5404 3386 5460 virtutem
3409 5413 3566 5468 tuam,
3589 5408 3631 5453 et
3652 5402 3718 5449 al-

2156 5467 2306 5538 tende
2331 5470 2442 5538 tibi,
2465 5467 2531 5525 ne
2552 5474 2774 5529 incidas.

2232 5536 2452 5618 Initium
2480 5542 2596 5597 vita:
2621 5542 2842 5600 hominis
2871 5564 3006 5618 aqua
3032 5558 3080 5603 et
3102 5547 3271 5618 panis,
3297 5555 3345 5601 et
3374 5544 3714 5600 vestimentum»

2160 5617 2206 5662 et
2245 5610 2428 5687 domus
2456 5624 2721 5683 protegens
2751 5610 3137 5687 turpitudinem.

2235 5679 2425 5737 Melior
2456 5679 2556 5760 Vest
2597 5679 3046 5760 victusip'auperis
3091 5687 3199 5760 sub
3235 5689 3714 5760 tegniine__asserﬂ|i

2171 5767 2322 5820 quam
2354 5755 2520 5830 cpula:
2540 5755 2829 5832 splendida:
2849 5755 3136 5838 in'peregre
3157 5759 3270 5820 sine
3284 5755 3560 5820 domicilia.
