3918 6192
245 203 332 265 μθ

1517 201 1722 264 LIBER
1758 201 2292 265 ECCLESIAS’I‘ICI.

3441 209 3550 273 450

319 320 597 404 Minimum
633 334 740 404 pro
771 332 966 404 magno.
989 318 1190 390 placeat
1217 317 1341 387 tibi,
1380 329 1429 374 et
1473 319 1842 393 improperium
1871 325 1913 382 Α
2017 319 2288 404 cogitatus
2321 319 2675 404 'prcescientia:
2716 323 2900 379 auertit
2926 340 3156 394 sensum,
3189 334 3239 382 et
3269 327 3556 396 inﬁrmitas

261 390 1110 543 ῂῃῧὲῧῗὲἓιοαηιξξιῗοέἕὶῗέᾇξῗάε
1133 461 1289 543 domo
1307 461 1363 514 in
1391 461 1604 543 domum
1627 478 1646 517 :
1675 472 1723 517 et
1757 465 1842 518 ubi

263 533 616 604 hospitabitur,
643 550 749 588 non
781 533 1095 602 ﬁduciatiter
1119 542 1257 604 aget,
1289 550 1383 587 nec
1401 536 1599 603 aperiet
1628 550 1707 588 os.

381 607 709 678 ospitabitur,
731 613 780 660 et
801 615 990 677 pascet,
1015 615 1062 659 et
1086 604 1280 676 potabit
1301 605 1555 677 ingratos,
1580 616 1628 662 et
1648 607 1716 660 ad
1733 607 1844 660 lucc

257 694 427 731 amara
451 679 647 732 audiet.

324 749 507 820 Transi
534 749 748 818 hospes,
784 755 836 802 et
875 763 1003 802 orna
1043 762 1314 804 mensam:
1340 757 1387 803 et
1432 765 1549 820 qua:
1586 749 1640 804 in
1686 765 1843 803 manu

254 819 432 881 habes,
461 822 577 874 ciba
600 829 835 875 cteteros.

320 888 423 944 Emi
451 907 484 944 a
511 891 646 963 facie
676 891 1197 963 honoristamicorum
1225 907 1457 946 meorum
1499 907 1518 946 :
1562 893 1843 947 necessitu-

252 962 367 1034 dine
395 961 584 1016 domus
610 977 737 1016 mea:
763 962 982 1034 hospitio
1004 963 1129 1034 mihi
1160 961 1331 1031 factus
1355 972 1432 1017 est
1455 965 1641 1034 frater.

319 1032 515 1087 Gravia
555 1035 665 1087 htrc
691 1032 893 1087 homini
932 1033 1141 1087 habenti
1171 1050 1375 1088 sensum
1398 1050 1418 1089 :
1447 1033 1720 1105 Correptio
1751 1035 1845 1089 όοο

250 1121 381 1174 usus,
408 1114 459 1162 et
487 1105 862 1176 improperium
891 1105 1217 1176 feneratoris.

831 1218 1059 1276 CAPUT
1098 1218 1272 1274 XXX.

323 1311 428 1380 Qui
475 1313 647 1384 diligit
693 1312 862 1383 ﬁlium
904 1328 1078 1376 suum,
1125 1311 1357 1366 assiduat
1397 1313 1478 1367 illi
1520 1313 1753 1384 flagella,
1784 1323 1842 1368 ut

250 1382 452 1440 laetetur
491 1384 546 1438 in
577 1382 857 1438 novissimo
900 1400 1026 1450 suo,
1059 1394 1104 1438 et
1143 1399 1246 1438 non
1276 1385 1452 1456 palpet
1488 1382 1845 1456 proiintorum

250 1466 405 1510 οειια.

324 1526 432 1593 Qui
461 1526 606 1580 docet
631 1526 801 1597 ﬁlium
823 1542 995 1590 suum,
1022 1525 1324 1597 laudabitur
1344 1527 1398 1581 in
1423 1527 1538 1596 illo,
1578 1539 1630 1583 et
1662 1529 1716 1582 in
1741 1545 1846 1583 me-

251 1596 774 1670 dioAdomesticorum
798 1601 852 1652 in
881 1599 974 1652 illo
997 1596 1329 1670 gloriabitur.

324 1667 424 1733 Qui
453 1669 599 1722 docet
638 1669 807 1738 ﬁlium
837 1667 1013 1736 suum,
1056 1671 1108 1721 in
1156 1671 1322 1723 zelum
1354 1669 1512 1724 mittit
1541 1670 1838 1739 inimicum,

257 1749 302 1794 et
325 1741 382 1812 in
409 1741 579 1794 medio
604 1740 888 1794 amicorum
911 1740 1218 1812 gloriabitur
1242 1741 1297 1794 in
1325 1741 1439 1795 illo.

325 1809 567 1884 Mortuus
590 1820 664 1867 est
687 1821 837 1884 pater
863 1809 996 1884 ejus,
1029 1821 1076 1866 et
1105 1813 1256 1882 quasi
1291 1829 1393 1867 non
1433 1822 1510 1866 est
1556 1822 1792 1870 mortuus
1821 1829 1842 1870 :

255 1883 472 1936 similem
498 1884 634 1937 enim
664 1883 1000 1952 reliquit’sibi
1029 1891 1143 1952 post
1173 1899 1247 1938 se.

326 1952 392 2007 In
421 1955 522 2008 vita
550 1971 647 2009 sua
677 1953 830 2021 vidit,
861 1964 909 2009 et
934 1956 1138 2009 ltetatus
1159 1963 1232 2008 est
1260 1955 1311 2008 in
1341 1953 1434 2009 illo
1461 1971 1481 2008 :
1504 1956 1559 2009 in
1584 1957 1726 2010 obitu
1748 1973 1842 2012 suo

258 2040 356 2078 non
383 2035 454 2080 est
473 2027 831 2091 contristatus,
863 2042 955 2079 nec
984 2028 1233 2094 confusus
1275 2037 1348 2080 est
1377 2043 1549 2080 coram
1592 2028 1840 2082 inimicis.

327 2097 552 2162 Reliquit
573 2097 707 2150 enim
729 2097 1052 2167 defensorem
1079 2098 1264 2151 domus
1295 2107 1476 2152 contra
1508 2099 1770 2168 inimicos,
1795 2107 1843 2154 et

261 2169 433 2239 amicis
458 2169 748 2222 reddentem
777 2169 1022 2239 gratiam.

331 2237 439 2293 Pro
490 2241 761 2294 animabus
780 2237 1018 2307 ﬁliorum
1068 2238 1334 2310 colligabit
1362 2239 1578 2294 vulnera
1630 2258 1748 2308 sua,
1797 2250 1845 2296 et

261 2325 414 2382 super
441 2327 644 2366 omnem
672 2326 845 2366 vocem
875 2311 1210 2365 turbabuntur
1236 2311 1432 2365 viscera
1459 2313 1591 2382 ejus.

332 2381 506 2452 Equus
542 2384 828 2436 indomitus
870 2382 1037 2436 evadit
1080 2383 1266 2448 durus,
1321 2392 1371 2436 et
1411 2381 1552 2452 ﬁlius
1599 2383 1845 2439 remissus

263 2453 435 2524 evadet
461 2470 710 2524 preceps.

329 2523 487 2580 Laeta
516 2523 704 2595 ﬁlium,
754 2533 802 2580 et
847 2533 1113 2597 paventem
1145 2533 1194 2580 te
1225 2524 1378 2594 faciet
1405 2539 1425 2579 :
1450 2524 1572 2581 lude
1600 2542 1716 2580 cum
1761 2542 1843 2594 eo,

266 2603 310 2649 et
337 2597 652 2652 contristabit
675 2607 744 2653 te.

335 2666 453 2720 non
475 2669 738 2724 corrideas
767 2668 870 2734 illi,
904 2685 966 2724 ne
991 2667 1188 2736 doleas,
1221 2675 1270 2722 et
1290 2667 1344 2721 in
1367 2666 1644 2722 novissimo
1671 2668 1844 2723 obstuo

267 2747 458 2807 pescent
487 2743 663 2794 dentes
688 2741 784 2794 tui.

335 2809 452 2883 Non
475 2811 570 2883 des
593 2811 675 2866 illi
704 2818 1006 2882 potestatem
1026 2810 1080 2864 in
1095 2810 1399 2882 iuventute,
1427 2817 1477 2864 et
1505 2826 1569 2865 ne
1589 2810 1846 2883 despicias

267 2882 508 2952 cogitatus
531 2882 697 2939 illius.

333 2951 494 3028 Curva
524 2956 769 3009 cervicem
799 2957 912 3028 ejus
957 2954 1354 3028 in‘juuentute,
1407 2961 1453 3008 et
1482 2951 1641 3006 tunde
1682 2952 1846 3028 latera

265 3024 372 3093 ejus
398 3026 522 3079 dum
561 3028 740 3095 infans
767 3024 846 3080 est
865 3066 879 3088 ,
922 3041 986 3078 ne
1014 3024 1150 3094 forte
1185 3024 1414 3090 induret,
1445 3034 1490 3078 et
1520 3039 1622 3078 non
1671 3025 1847 3079 credat

264 3095 372 3160 tibi,
405 3105 450 3150 et
475 3098 569 3151 erit
596 3098 685 3151 tibi
715 3097 866 3152 dolor
884 3097 1093 3149 animat.

330 3165 465 3223 Doce
490 3169 659 3234 ﬁlium
679 3179 849 3230 tuum,
880 3177 928 3224 et
953 3181 1168 3238 operare
1198 3168 1251 3219 in
1289 3165 1414 3235 illo,
1445 3181 1512 3220 ne
1539 3166 1594 3221 in
1621 3167 1848 3239 turpitu-

262 3236 429 3292 dinem
468 3239 619 3294 illius
648 3239 906 3306 oﬂ'eudas.

333 3309 520 3382 Melior
548 3321 622 3366 est
648 3326 846 3382 pauper
875 3327 1052 3382 sanus,
1084 3319 1134 3365 et
1161 3310 1311 3382 fortis
1334 3307 1544 3376 viribus,
1573 3325 1729 3378 quam
1753 3309 1850 3378 di-

261 3381 631 3456 ees_imbecillis
657 3393 705 3436 et
731 3381 1032 3456 flagellatus
1061 3381 1286 3456 malitia.

329 3452 489 3507 Salus
512 3456 704 3509 animat
728 3452 784 3507 in
810 3452 1084 3508 sanctitate
1121 3453 1349 3525 justitite
1373 3454 1558 3509 melior
1601 3460 1675 3504 est
1707 3452 1848 3506 omni

259 3537 385 3598 auro
425 3533 473 3579 et
519 3535 774 3598 argento,
826 3533 878 3581 et
947 3541 1132 3596 corpus
1183 3525 1412 3579 validum
1460 3539 1618 3596 quant
1670 3540 1847 3578 census

258 3594 554 3651 immensus.

332 3666 450 3722 Non
479 3678 555 3722 est
586 3685 768 3724 census
818 3684 972 3740 super
1008 3684 1215 3723 censum
1260 3665 1768 3740 salutisdcorporis:
1799 3673 1848 3719 et

257 3750 457 3811 non_est
483 3738 910 3795 oblectamentum
946 3756 1098 3811 super
1126 3740 1299 3792 cordis
1325 3738 1595 3808 gaudium.

328 3807 516 3866 Melior
543 3822 620 3865 est
642 3828 803 3880 mors,
827 3827 983 3881 quant
1003 3807 1107 3865 vita
1131 3824 1311 3864 antara
1327 3807 1358 3863 7:
1386 3818 1435 3862 et
1462 3808 1661 3878 requies
1699 3817 1848 3863 teter-

256 3895 530 3954 na,_quam
563 3885 784 3954 languor
811 3898 1164 3954 perseverans.

328 3950 475 4007 Bona
501 3950 817 4008 abscondita
841 3953 897 4006 in
935 3969 1022 4008 ore
1071 3955 1246 4007 clauso
1267 3993 1283 4018 ,
1311 3950 1457 4022 quasi
1499 3951 1847 4021 oppositiones

255 4025 526 4097 epularum
548 4025 922 4097 circumpositte
947 4024 1202 4097 sepulcro.

336 4093 470 4161 Quid
493 4096 722 4169 proderit
741 4092 929 4151 'libatio
956 4092 1139 4150 idolo?
1181 4110 1274 4150 nec
1302 4094 1438 4149 enim
1470 4092 1803 4148 manducabit
1826 4134 1844 4162 ,

256 4180 354 4217 nec
373 4168 640 4222 adorabit:

332 4235 525 4318 βία-φή
544 4238 803 4311 elfugatur
832 4257 864 4293 a
892 4238 1116 4294 Domino
1141 4281 1156 4307 ,
1201 4246 1414 4310 portans
1441 4236 1695 4291 mercedes
1739 4235 1846 4289 ini-

289 4313 463 4363 uitatis
498 4326 518 4365 .'

289 4323 322 4358 ιι
498 4326 518 4365 .'

251 4323 288 4376 ᾳ
329 4323 528 4435 {fidius
554 4383 742 4448 oculis,
770 4392 820 4437 et
847 4383 1204 4454 ingemiscens,
1229 4380 1362 4436 sicut
1389 4379 1553 4451 spado
1593 4378 1847 4450 complec-

252 4458 369 4524 tens
388 4453 656 4524 virginem,
686 4466 734 4508 et
761 4453 1052 4522 suspirans.

329 4520 614 4578 Tristitiam
635 4520 736 4580 non
764 4520 863 4580 dest
881 4527 1068 4580 animm
1090 4533 1212 4596 luat,
1241 4532 1288 4577 et
1313 4539 1418 4578 non
1443 4523 1656 4594 affligat
1680 4529 1845 4576 temet-

252 4592 432 4663 ipsum
459 4597 516 4650 in
561 4597 776 4652 consilio
806 4605 915 4651 tuo.

328 4664 640 4722 lucunditas
669 4669 843 4723 cordis
868 4667 977 4722 ha:e
1002 4675 1076 4722 est
1100 4666 1206 4721 vita
1229 4663 1472 4726 hominis,
1500 4673 1548 4716 et
1575 4663 1848 4718 thesaurus

249 4737 366 4810 sine
398 4737 677 4810 defectione
701 4739 994 4794 sanctitatis
1013 4754 1031 4792 :
1051 4747 1096 4793 et
1121 4734 1402 4794 exsultatio
1432 4736 1527 4790 viri
1552 4746 1627 4790 est
1652 4734 1852 4808 longa:-

250 4809 403 4866 vitas.

330 4880 577 4937 Miserere
600 4882 791 4937 animt:
819 4891 920 4936 tute
957 4881 1166 4952 placens
1198 4877 1330 4942 Deo,
1359 4885 1407 4932 et
1443 4877 1650 4952 contine
1680 4892 1850 4952 :_con-

248 4967 416 5078 gregi?
439 4969 530 5008 cor
555 4963 700 5008 tuum
730 4955 790 5008 in
822 4947 1094 5008 sanctitate
1136 4952 1268 5023 ejus,
1297 4958 1345 5004 et
1388 4949 1652 5003 tristitiam
1695 4947 1848 5021 longe

249 5037 374 5078 rene
416 5041 444 5078 e
464 5042 495 5078 a
522 5034 590 5078 te.

249 5034 444 5080 renette
464 5042 495 5079 a
522 5034 590 5080 te.

311 5042 692 5153 P51513325,»
732 5097 920 5152 occidit
959 5095 1191 5162 tristitia,
1223 5101 1272 5148 et
1299 5107 1402 5147 non
1432 5100 1506 5146 est
1551 5090 1749 5146 utilitas
1795 5091 1849 5145 in

250 5165 368 5220 illa.
1267 5219 1272 5222 _
1558 5189 1567 5198 ι

325 5236 483 5295 Zelus
529 5249 578 5294 et
615 5236 897 5294 iracundia
940 5237 1180 5292 minuunt
1218 5235 1327 5290 dies
1355 5250 1375 5291 .°
1402 5243 1451 5290 et
1480 5236 1614 5306 Iante
1649 5243 1850 5306 tempus

257 5320 503 5367 senectam
532 5313 759 5367 adducet
796 5310 1069 5381 cogitatus.

329 5382 676 5453 Splendidam
705 5397 818 5447 cor,
842 5376 891 5434 et
912 5379 1100 5435 bonum
1119 5380 1174 5434 in
1199 5377 1365 5452 epulis
1387 5386 1462 5434 est
1492 5377 1697 5450 :epultv
1716 5376 1851 5432 enim

184 5443 190 5447 ’
263 5443 400 5509 illius
422 5456 701 5529 diligenter
731 5443 888 5524 fiunt.

821 5541 1050 5600 CAPUT
1089 5540 1286 5599 XXXI.

325 5663 518 5741 Vigitia
571 5658 869 5718 honestatis
915 5657 1187 5731 tabefacict
1236 5673 1455 5731 carnes,
1508 5663 1557 5711 et
1604 5653 1856 5727 cogitatus

253 5735 620 5812 illius'auferet
653 5745 924 5790 somnum.

1944 394 2117 466 gravis
2145 392 2374 466 sobriam
2403 394 2529 466 facit
2567 395 2814 450 animam.

2016 463 2293 538 Laboravit
2322 465 2480 538 dives
2509 465 2563 518 in
2593 467 2990 538 congregatione
3037 470 3360 538 substantia},
3396 480 3445 525 et
3488 472 3542 527 in

1944 537 2122 606 requie
2175 552 2268 588 sua
2290 535 2566 606 replebitur
2596 535 2743 591 bonis
2781 535 2908 592 Suis.

2017 605 2295 745 Labgavit
2343 605 2538 678 pauper
2579 608 2633 662 in
2677 608 3022 667 diminutione
3047 612 3246 680 victus,
3278 623 3328 668 et
3357 614 3409 668 iu
3441 614 3547 683 ﬁne

2017 694 2100 744 ips
2172 687 2212 731 t.

1945 678 2100 744 inaps
2132 678 2212 744 ﬁt.

2021 747 2122 826 Qui
2151 764 2342 802 aurum
2367 748 2564 826 diligit,
2609 765 2712 803 non
2740 751 3130 826 justi/imbitur
3153 769 3174 809 :
3201 765 3249 809 et
3279 756 3366 826 qui
3395 757 3537 811 iuse-

1944 821 2132 891 quitur
2147 821 2608 889 consumptionem,
2638 822 2918 887 replebitur
2941 841 3006 879 e1:
3029 841 3110 878 ea.

2020 889 2175 969 blulti
2194 891 2326 969 dati
2348 900 2468 969 sunt
2499 892 2551 944 in
2581 908 2708 947 auro
2738 910 2912 962 casus,
2943 905 2990 950 et
3019 897 3159 966 facta
3187 905 3261 952 est
3288 897 3342 951 in
3367 899 3538 969 specie

1947 961 2112 1032 ipsius
2138 961 2359 1032 perditio
2394 961 2623 1016 illorum.

2021 1031 2241 1107 _Ligriu_m
2282 1031 2582 1107 offensionis
2621 1042 2694 1089 est
2743 1049 2930 1088 aurum
2960 1039 3366 1107 sacriﬁcantium
3395 1055 3415 1094 :
3465 1055 3542 1095 va:
3611 1088 3621 1096 .

1947 1102 2196 1228 illisa—qui
2214 1113 2482 1158 sectantur
2510 1104 2675 1174 illud,
2708 1114 2756 1158 et
2783 1108 2952 1160 omnis
2983 1102 3283 1181 imprudens
3315 1111 3542 1181 deperict

1947 1190 2000 1227 tn
2031 1191 2046 1226 ι
2093 1189 2144 1228 ο.

1946 1190 2000 1227 tn
2031 1189 2144 1228 suo.

2018 1242 2213 1299 Beatus
2247 1245 2404 1310 dives,
2447 1245 2537 1323 qui
2580 1247 2812 1302 inventus
2841 1259 2916 1304 est
2944 1250 3055 1305 sine
3096 1252 3301 1306 macula
3327 1268 3348 1307 :
3377 1262 3423 1307 et
3449 1254 3541 1323 qui

1947 1327 2061 1386 post
2081 1333 2274 1398 aurum
2300 1333 2404 1372 non
2428 1317 2578 1384 abiit,
2621 1334 2714 1372 nec
2749 1323 2971 1389 speravit
3000 1324 3053 1376 in
3087 1325 3308 1394 pecunia
3348 1334 3395 1378 et
3423 1317 3538 1381 the-

1947 1403 2141 1441 saurts.

2025 1458 2153 1536 Quis
2177 1467 2251 1536 est
2281 1459 2384 1527 hic,
2413 1470 2462 1515 et
2488 1459 2819 1515 laudabimus
2842 1465 3006 1518 eum?
3049 1466 3171 1536 fecit
3209 1467 3346 1521 enim
3375 1468 3536 1522 mira-

1947 1528 2072 1583 bilia
2091 1532 2143 1584 in
2165 1531 2269 1584 vita
2289 1547 2406 1586 sua.

2023 1601 2126 1675 Qui
2157 1604 2400 1670 probatus
2429 1612 2500 1656 est
2529 1604 2582 1656 in
2615 1602 2732 1669 illo,
2762 1611 2810 1656 et
2855 1605 3114 1675 perfectus
3157 1617 3264 1674 est,
3313 1609 3410 1663 erit
3459 1610 3541 1663 illi

1946 1669 2114 1744 gloria
2140 1681 2366 1727 attenta:
2389 1675 2478 1743 qui
2501 1677 2674 1744 potuit
2705 1669 3031 1744 transgredi,
3055 1690 3104 1731 et
3137 1696 3238 1734 non
3251 1669 3339 1735 ἐει
3367 1690 3541 1736 trans-

1945 1743 2169 1815 gressus,
2203 1745 2374 1815 facere
2403 1743 2566 1807 mala,
2603 1754 2772 1798 etnon
2798 1743 2914 1815 fecit
2943 1763 2962 1800 :

2018 1811 2146 1867 Ideo
2168 1811 2398 1868 stabilita
2415 1825 2535 1869 sunt
2563 1815 2695 1868 bona
2721 1811 2866 1886 illius
2887 1817 2941 1869 in
2966 1815 3211 1886 Domino,
3241 1830 3289 1874 et
3314 1822 3534 1876 elcemo-

1945 1901 2098 1955 synas
2125 1886 2268 1939 illius
2296 1887 2557 1940 enarrabit
2592 1887 2757 1940 omnis
2787 1885 3018 1941 Ecclesia
3048 1885 3368 1945 sanctorum.

2018 1955 2196 2035 Supra
2228 1974 2458 2010 mensam
2493 1973 2739 2035 magnam
2764 1958 2984 2013 sedisti?
3012 1977 3114 2015 non
3158 1964 3364 2032 aperias
3385 1977 3546 2035 super

1946 2024 2110 2099 illam
2121 2029 2322 2096 faucem
2354 2039 2494 2082 tuam
2522 2024 2690 2099 prior.

2020 2096 2143 2152 Non
2199 2100 2342 2154 dicas
2388 2101 2461 2154 sic
2519 2096 2538 2154 ὲ
2591 2098 2763 2153 Multa
2807 2108 2962 2169 sunt,
3019 2119 3134 2172 qua:
3184 2122 3343 2176 super
3394 2106 3538 2161 illam

1946 2178 2086 2222 sunt.

2018 2238 2278 2316 [eruenta
2304 2241 2550 2316 quoniam
2575 2242 2748 2316 malus
2772 2251 2845 2297 est
2875 2241 3057 2316 oculus
3080 2260 3322 2316 nequam.

2021 2309 2256 2389 Nequius
2283 2309 2434 2389 oculo
2459 2313 2585 2380 quid
2613 2323 2840 2389 creatum
2861 2324 2935 2367 est
2953 2315 2978 2367 ?
3002 2314 3119 2369 ideo
3147 2309 3209 2370 ab
3232 2319 3374 2372 omni
3403 2320 3541 2389 facie

1946 2397 2047 2454 sua
2060 2380 2439 2454 lacrymabitur
2471 2399 2489 2436 :
2519 2400 2631 2436 cum
2662 2384 2868 2437 viderit.

2022 2451 2104 2507 Ne
2131 2451 2377 2508 eitendas
2407 2469 2619 2508 manum
2643 2464 2784 2508 tuam
2813 2455 2993 2524 prior,
3041 2463 3092 2509 et
3135 2457 3332 2514 invidia
3361 2474 3540 2517 conta-

1947 2524 2176 2578 minatus
2200 2525 2485 2580 erubescas.

2022 2594 2107 2668 {Ve
2127 2596 2483 2668 comprimaris
2518 2595 2574 2650 in
2609 2594 2860 2650 convivio.

2021 2664 2268 2741 Intellig'e
2293 2684 2408 2741 qua:
2429 2677 2549 2722 sunt
2583 2668 2807 2741 proximi
2831 2667 2906 2720 tui
2935 2683 3000 2722 ex
3028 2669 3212 2741 teipso.

2023 2736 2180 2794 Utere
2207 2736 2369 2813 quasi
2389 2740 2542 2793 homo
2571 2740 2711 2813 frugi
2751 2740 3000 2813 his,_qua:
3031 2736 3122 2795 tibi
3162 2753 3494 2813 apponuntur
3523 2762 3542 2807 :

1948 2823 2034 2876 ne,
2063 2827 2180 2863 cum
2213 2811 2498 2864 manducas
2528 2810 2770 2875 multum,
2812 2810 2931 2863 odio
2955 2811 3217 2871 habearis.

2021 2878 2174 2935 Cessa
2215 2883 2543 2955 priortcausa
2573 2879 2867 2950 disciplima
2897 2897 2917 2935 :
2947 2891 2997 2936 et
3043 2882 3150 2937 noli
3190 2883 3384 2941 nimius
3408 2903 3540 2955 esse,

1948 2966 2012 3005 ne
2039 2955 2174 3017 forte
2203 2951 2464 3017 offendas.

2075 3031 2093 3075 t
2121 3023 2168 3076 si
2195 3024 2249 3076 in
2271 3025 2438 3078 medio
2467 3022 2746 3077 multorum
2785 3023 2982 3088 sedisti,
3032 3024 3178 3094 prior
3223 3025 3329 3079 illis
3356 3043 3420 3081 ne
3448 3045 3544 3084 ea:-

1875 3099 1922 3164 (ζ
1953 3094 2134 3148 lendas
2161 3111 2373 3148 manum
2399 3104 2566 3159 tuam,
2612 3111 2701 3148 nec
2727 3094 2870 3160 prior
2897 3111 3081 3165 poscas
3103 3096 3288 3151 bibere.

2027 3166 2193 3241 Quam
2210 3167 2481 3241 sufﬁciens
2509 3175 2588 3241 est
2613 3165 2806 3241 homini
2829 3166 3031 3241 erudito
3053 3167 3226 3221 vinum
3252 3167 3496 3241 exiguum
3520 3171 3543 3225 !

1953 3243 2000 3290 et
2027 3236 2082 3289 in
2109 3237 2418 3291 dormiendo
2444 3254 2546 3292 non
2570 3236 2828 3291 laborabis
2855 3235 2920 3290 ab
2969 3237 3086 3306 illo,
3132 3249 3183 3294 et
3211 3255 3313 3294 non
3341 3235 3542 3296 'sentics

1948 3306 2200 3362 dolorem.

2028 3377 2244 3452 Yigitia,
2272 3379 2500 3452 cholera,
2534 3387 2579 3436 et
2621 3388 2820 3452 tortura
2841 3379 2950 3432 viro
2977 3379 3253 3452 infrunito.

2024 3449 2253 3504 Somnus
2291 3451 2530 3528 sanitatis
2563 3453 2614 3505 in
2644 3450 2849 3528 homine
2877 3449 3072 3528 parco,
3100 3453 3332 3528 dormiet
3381 3471 3544 3528 usque

1949 3536 2121 3592 mane,
2151 3530 2198 3576 et
2225 3523 2400 3576 anima
2428 3523 2570 3577 illius
2598 3538 2715 3576 cum
2755 3523 2867 3592 ipso
2895 3523 3254 3578 delectabitur.

2024 3590 2091 3645 Et
2118 3593 2165 3645 si
2193 3603 2401 3647 coactus
2434 3595 2594 3670 fueris
2621 3595 2674 3670 in
2694 3590 2905 3670 edendo
2929 3594 3176 3670 multum,
3204 3613 3357 3670 surge
3379 3615 3407 3652 e
3436 3616 3545 3653 me-

1949 3664 2260 3741 dio,_ev‘ome
2291 3676 2378 3721 :et
2403 3663 2726 3736 refrigerabit
2758 3673 2827 3732 te,
2857 3672 2908 3716 et
2937 3681 3037 3718 non
3069 3663 3314 3720 adduces'
3335 3672 3542 3741 corpori

1950 3742 2039 3788 tuo
2061 3734 2436 3802 infirmitatem.

2021 3805 2160 3858 Audi
2191 3822 2291 3871 me,
2321 3806 2420 3873 ﬁli,
2448 3814 2496 3860 et
2527 3821 2591 3859 ne
2614 3820 2828 3875 spernas
2845 3819 2924 3858 me
2949 3821 2967 3858 :
2998 3814 3046 3859 et
3074 3805 3127 3860 in
3159 3809 3436 3865 novus-imo
3466 3813 3546 3866 in-

1948 3877 2116 3930 venies
2145 3876 2294 3929 verba
2323 3893 2455 3929 mea.

2024 3944 2090 4024 In
2114 3947 2349 4001 omnibus
2372 3945 2616 4024 operibus
2635 3945 2739 4000 tuis
2769 3954 2877 4001 esto
2911 3947 3080 4015 velox,
3120 3958 3167 4004 et
3193 3953 3359 4008 omnis
3387 3955 3537 4024 in/ir-

1953 4017 2106 4070 mitas
2133 4032 2237 4070 non
2261 4027 2492 4072 occurret
2524 4019 2636 4072 tibi.

2022 4085 2375 4167 Splendidam
2401 4091 2456 4143 in
2485 4089 3026 4167 partibus_bettetlicent
3058 4091 3198 4147 labia
3243 4095 3543 4167 multorum,

1948 4169 1996 4214 et
2026 4160 2366 4214 testimonium
2399 4160 2625 4215 veritatis
2655 4161 2796 4215 illius
2826 4161 3005 4229 fidele.

2025 4229 2352 4300 Nequissimo
2383 4232 2435 4286 in
2477 4250 2610 4302 pane
2637 4234 2981 4289 murmurabit
3009 4236 3210 4303 civitas,
3233 4246 3290 4295 et
3321 4240 3548 4294 testimo-

1948 4301 2090 4356 nium
2114 4304 2355 4367 nequitia:
2382 4301 2520 4358 illius
2540 4321 2712 4358 verum
2743 4313 2836 4358 est.

2021 4371 2312 4447 Diligentes
2335 4376 2386 4428 in
2429 4376 2544 4430 vino
2588 4374 2698 4430 noli
2727 4391 3042 4447 provocare:
3071 4376 3258 4432 multos
3286 4380 3422 4435 enim
3453 4399 3548 4438 ex-

1949 4445 2242 4500 terminavit
2268 4446 2458 4500 vinum.

1876 4482 1926 4544 Β
1960 4588 1971 4593 _
2022 4514 2168 4588 Ignis
2199 4518 2380 4593 probat
2409 4519 2604 4593 ferrum
2625 4516 2820 4570 durum
2843 4532 2862 4570 .'
2885 4516 2958 4570 sic
2983 4517 3159 4571 vinum
3184 4518 3346 4575 corda
3367 4539 3545 4593 super-

1952 4588 2131 4642 borum
2159 4599 2340 4658 arguet
2364 4590 2416 4642 in
2445 4589 2685 4642 ebrietate
2710 4598 2962 4658 potatum.

2026 4658 2204 4729 /Equa
2226 4657 2334 4712 vita
2359 4658 2645 4712 hominibus
2674 4657 2847 4713 vinum
2879 4661 2932 4712 in
2974 4657 3283 4716 sobrietate:
3315 4665 3361 4720 si
3404 4667 3546 4723 bibas

1950 4729 2084 4784 illud
2115 4731 2395 4794 moderate,
2425 4732 2526 4784 eris
2553 4730 2773 4784 sobrius.

2029 4801 2158 4868 Qua:
2185 4802 2286 4855 vita
2317 4814 2388 4857 est
2417 4802 2464 4855 ei
2483 4844 2496 4867 ,
2532 4805 2619 4871 qui
2642 4799 2891 4871 minuitur
2919 4800 3037 4854 vino
3059 4803 3086 4856 Ρ

2029 4872 2170 4939 Quid
2198 4871 2474 4942 defraudat
2511 4869 2708 4926 vitam?
2735 4869 2904 4924 Mors.

2033 4942 2225 4997 Vinum
2245 4945 2297 4998 in
2319 4943 2692 5014 iucunditatem
2711 4951 2937 4996 creatum
2956 4951 3050 5011 est,
3073 4953 3120 4999 et
3142 4946 3315 5001 nonin
3335 4947 3552 5004 ebrieta-

1956 5024 2078 5071 tem.
2102 5015 2168 5069 ab
2198 5016 2370 5070 initio.

2029 5060 2322 5141 Exsultatio
2365 5085 2554 5140 anima:
2589 5092 2637 5138 et
2679 5083 2852 5139 cordis
2910 5085 3088 5141 vinum
3139 5088 3403 5146 moderate
3451 5110 3550 5162 po-

1956 5167 2243 5283 mggiitas
2263 5234 2338 5279 est
2361 5224 2549 5299 anima:
2567 5234 2615 5279 et
2637 5226 2842 5299 corpori
2867 5225 3069 5299 sobrius
3089 5239 3264 5299 potus.

2037 5298 2228 5352 Vinum
2266 5297 2492 5368 multum
2541 5305 2777 5367 potatum
2825 5297 3187 5368 irritationem,
3226 5312 3273 5358 et
3319 5302 3474 5368 iram,
3504 5311 3554 5357 et

1957 5371 2135 5425 ruinas
2166 5367 2356 5420 multas
2385 5368 2530 5435 facit.

2029 5439 2335 5511 émaritudo
2367 5437 2557 5511 anima:
2585 5438 2760 5511 vinum
2789 5440 3011 5495 multum
3037 5452 3294 5511 potatum.

2035 5509 2308 5564 Ebrietatis
2323 5509 2647 5587 animositas,
2667 5509 3006 5580 imprudentis
3026 5509 3266 5587 offensio,
3289 5515 3555 5572 minoraus

1959 5583 2216 5644 virtutem,
2245 5588 2289 5634 et
2321 5581 2512 5650 faciens
2535 5582 2765 5634 vulnera.
3005 5628 3012 5632 _

2036 5652 2101 5728 In
2133 5651 2361 5728 convivio
2389 5652 2498 5728 vini
2526 5667 2630 5728 non
2668 5669 2860 5728 arguas
2893 5659 3183 5728 proximum
3218 5679 3235 5719 :
3261 5669 3310 5718 et
3341 5675 3444 5715 non
3475 5658 3559 5714 de-

1963 5725 2154 5798 spicias
2183 5739 2300 5781 eum
2331 5725 2382 5778 in
2396 5725 2732 5801 jucunditate
2751 5725 2917 5790 illius.
