3918 6192
148 189 237 248 453

1412 187 1614 246 LIBER
1657 188 2195 249 ECCLESIASTICI.

3323 195 3431 255 ΑΜ

213 308 304 377 Qui
324 316 528 396 nonlest
560 315 807 396 tentatus,
840 305 963 390 quid
987 305 1079 396 scit
1099 303 1124 361 .’
1354 309 1529 376 multis
1553 324 1733 396 eaper-
1765 313 1810 372 Λ
1839 309 2006 396 mltin
2025 312 2196 394 judec
2220 320 2314 396 est,
2340 318 2389 396 et
2420 327 2522 395 non
2548 317 2622 366 est
2645 310 2786 384 apud
2806 309 2964 396 illum
2983 311 3152 386 gloria
3179 331 3430 385 persona.

155 387 240 452 tus,
265 381 500 452 cogitabit
528 381 692 434 multa
717 396 735 433 :
757 387 804 433 et
824 379 912 448 qui
935 379 1094 432 multa
1123 377 1325 443 didicit,
1355 377 1624 433 enarrabit
1651 382 1734 433 in~

155 451 418 507 tellectum.

221 525 313 589 Qui
337 541 437 577 non
466 532 541 576 est
567 530 831 592 expertus,
858 536 1025 590 pauca
1060 519 1377 592 recognoscit
1407 535 1425 576 :
1453 520 1542 592 qui
1561 529 1734 576 autem

156 594 203 647 in
228 595 394 647 multis
417 595 583 662 factus
613 604 711 659 est,
745 594 1049 665 multiplicat
1080 593 1353 665 malitiam.

215 665 307 730 Qui
329 673 555 717 tentatus
581 681 684 716 non
714 673 818 727 est,
872 663 1048 730 qualia
1089 663 1223 716 scit?
1274 663 1365 734 qui
1414 664 1732 734 implanalus

153 745 228 797 est,
251 736 528 805 abundabit
552 735 804 805 nequitia.

212 804 368 859 Multa
393 805 500 858 ridi
531 805 584 857 in
617 803 1076 877 peregrinationem
1107 803 1352 877 errando,
1382 811 1431 859 et
1473 803 1734 860 abundan-

157 877 490 948 tiarerborum
522 873 756 930 meorum
784 875 1073 929 intellectus
1097 891 1260 929 meus.
1295 873 1613 948 Frequenter
1643 893 1729 931 er-

161 946 321 1014 rando,
347 961 392 999 et
421 947 680 1016 plurimas
711 948 976 1001 verborum
1004 946 1421 1000 consuetudines;

212 1020 483 1089 Aliquoties
507 1035 669 1088 usque
703 1020 770 1070 ad
799 1027 1011 1070 mortem
1052 1018 1370 1086 periclitatus
1396 1029 1507 1071 sum
1547 1019 1732 1073 ltorum

165 1106 315 1153 causa,
347 1100 394 1144 et
423 1089 676 1143 liberatus
707 1105 819 1141 sum
846 1090 1014 1158 gratia
1052 1092 1158 1143 Dei.

214 1160 427 1229 Spiritus
455 1161 747 1214 timentium
777 1161 940 1213 Deum
979 1158 1250 1230 queritur,
1304 1169 1352 1214 et
1401 1161 1457 1214 in
1498 1170 1734 1231 respectu

158 1232 274 1285 illius
307 1233 658 1287 benedicetur.

230 1301 354 1372 Spes
381 1305 517 1356 enim
546 1303 758 1356 illorum
795 1301 849 1356 iu
880 1299 1164 1355 sulcantem
1184 1300 1328 1368 illos,
1374 1311 1424 1356 et
1470 1301 1605 1357 'oculi
1636 1301 1735 1358 Dei

160 1372 201 1426 in
227 1375 486 1444 diligentes
511 1391 590 1444 sc.

215 1442 464 1511 Qui’timet
494 1443 790 1506 Dominum,
815 1443 949 1498 nihil
969 1442 1268 1511 trepidabit,
1294 1456 1344 1498 et
1366 1455 1467 1498 non
1491 1445 1689 1517 parebit
1713 1461 1733 1501 :

164 1520 385 1586 quoniam
409 1517 514 1586 ipse
533 1528 605 1570 est
638 1532 750 1586 spes
779 1518 915 1586 ejus.

215 1585 451 1661 Timentis
479 1587 752 1661 Dominum
778 1585 925 1661 beata
955 1591 1028 1640 est
1064 1585 1238 1661 anima
1257 1587 1403 1661 ejus.

214 1659 286 1730 Ad
314 1675 458 1728 quem
487 1660 717 1729 respicit,
747 1667 790 1711 et
815 1659 929 1727 quis
954 1666 1025 1711 est
1051 1657 1303 1730 fortitudo
1325 1657 1479 1730 ejus?

218 1729 357 1783 Oculi
405 1729 615 1783 Domini
645 1743 801 1800 super
841 1729 1075 1782 timentes
1098 1741 1233 1791 eum,
1268 1729 1524 1799 protector
1549 1739 1729 1802 poten-

155 1804 246 1866 t'te,
277 1802 659 1868 firmamentum
690 1802 910 1866 virtutis,
945 1804 1159 1872 tegimen
1188 1801 1412 1868 ardoris,
1441 1812 1486 1856 et
1522 1801 1728 1856 umbra-

155 1875 309 1926 culum
346 1873 642 1933 meridiani.

221 1943 515 2011 Deprecatio
564 1943 887 2016 offensionis,
925 1947 972 1996 et
1013 1944 1333 2016 adjutorium
1365 1955 1532 2006 casus.
1581 1941 1724 1998 exal-

157 2024 258 2068 tans
285 2017 533 2079 animam,
563 2026 609 2067 et
645 2015 948 2068 itluminans
980 2015 1177 2080 oculos,
1207 2015 1335 2069 dans
1364 2017 1656 2084 sanitatem,
1683 2023 1730 2067 et

152 2090 310 2154 ritmn,
339 2098 384 2140 et
409 2086 809 2139 benedictionem
835 2101 853 2140 :

217 2156 533 2210 lmntolanlis
562 2172 628 2210 ex
663 2157 836 2227 iniquo
879 2156 1074 2211 oblatio
1105 2165 1178 2210 est
1220 2158 1497 2224 maculata,
1541 2163 1588 2212 et
1630 2173 1731 2212 non

161 2240 268 2284 sunt
289 2228 614 2299 beneplacitce
637 2229 1065 2300 subsannationes
1092 2228 1423 2300 injustorum.

221 2302 458 2355 Dominus
498 2303 642 2354 solus
691 2299 1061 2353 sustinentibus
1107 2299 1162 2352 se
1203 2301 1256 2354 in
1296 2302 1377 2353 via
1411 2299 1641 2355 ueritatis
1685 2310 1732 2356 et

164 2373 366 2425 institue.

271 2390 285 2423 l
355 2412 366 2424 .

155 2390 360 2514 ὡδοιιῇ
382 2443 672 2512 iniquorum
702 2457 804 2494 non
836 2441 1016 2510 probat
1050 2439 1370 2514 Altissimus,
1407 2455 1500 2496 nec
1526 2444 1732 2514 respicit

153 2512 201 2565 in
229 2514 495 2567 oblationes
523 2515 818 2582 iniquorum
849 2529 868 2566 :
898 2525 987 2565 nec
1017 2515 1068 2566 in
1099 2513 1424 2566 multitudine
1445 2512 1730 2582 sacrificio-

156 2599 260 2635 rum
288 2597 459 2638 eorum
489 2585 858 2655 propitiabitur
885 2587 1131 2652 peccatis.

230 2656 324 2719 Qui
388 2654 537 2723 eam
590 2654 908 2719 sacriﬁcium
963 2671 1027 2710 ex
1083 2654 1371 2708 substantia
1425 2667 1731 2724 pauperum,

153 2729 291 2796 quasi
317 2730 400 2797 qui
428 2728 652 2780 victimas
676 2726 843 2796 filium
870 2729 922 2778 in
952 2735 1226 2797 conspectu
1253 2727 1414 2796 patr-is
1446 2728 1546 2779 sui.

221 2797 372 2870 Parus
411 2800 661 2870 egentium
689 2801 794 2852 vita
839 2813 1129 2869 pauperum
1174 2805 1289 2852 est:
1335 2798 1422 2867 qui
1453 2797 1732 2867 defraudat

149 2866 309 2936 illum,
343 2866 488 2924 homo
517 2869 784 2940 sanguinis
814 2866 905 2923 est.

185 3012 196 3022 ο
223 2941 316 3006 Qui
342 2946 508 3012 aufert
548 2937 818 2994 insudare
845 2945 1053 3011 panem,
1084 2939 1232 3012 quasi
1269 2938 1359 3010 qui
1391 2937 1582 2994 occidit
1610 2953 1733 3012 pro-

148 3025 334 3064 simum
361 3028 527 3066 suum.

221 3084 315 3147 Qui
343 3083 555 3149 eﬂ'undit
583 3082 906 3154 sanguinem,
956 3089 1005 3138 el
1045 3082 1135 3156 qui
1179 3081 1413 3156 fraudans
1440 3079 1568 3153 facit
1597 3097 1731 3137 mer-
1759 3080 1804 3146 C

154 3159 369 3221 ceriaria,
405 3159 592 3225 fratres
621 3163 763 3210 sunt.

161 3223 368 3306 WUnus
393 3225 682 3306 adiﬁcans,
719 3236 766 3281 et
808 3243 944 3282 unus
990 3226 1257 3282 destruens
1293 3239 1311 3280 :
1353 3224 1480 3295 quid
1527 3223 1734 3298 prodest

155 3293 254 3348 illis
277 3297 368 3350 nisi
392 3293 534 3352 labor
553 3299 578 3352 2

155 3437 206 3490 ⁸,
229 3366 362 3493 Orbus
389 3385 560 3480 οζωιε,
587 3378 635 3425 et
659 3386 792 3423 unus
822 3369 1130 3425 maledicens
1159 3383 1178 3424 :
1202 3371 1354 3442 cujus
1375 3377 1547 3424 vocem
1578 3383 1733 3424 exau-

190 3454 231 3493 te
323 3455 430 3493 eus.

190 3446 250 3493 iet
274 3446 430 3496 Deus!

227 3511 320 3577 Qui
347 3512 630 3583 baptizatur
646 3527 688 3583 Aa
720 3520 920 3567 mortuo
948 3521 996 3565 et
1022 3512 1207 3567 iterant
1233 3511 1400 3583 tangit
1442 3523 1577 3579 eum,
1611 3511 1736 3583 quid

157 3584 345 3650 proficit
378 3581 563 3638 lauatio
592 3581 775 3638 illius?

223 3649 306 3706 Sic
327 3655 471 3709 nomo
491 3657 580 3726 qui
603 3658 813 3726 jejuna!
857 3655 914 3726 in
939 3654 1163 3726 peccatis
1182 3654 1332 3726 suis,
1364 3663 1409 3707 et
1439 3651 1624 3726 iterum
1650 3670 1737 3726 ea_-

158 3723 261 3798 dem
286 3721 876 3798 faciens,'quid'proﬁcit
896 3721 1224 3780 humiliando
1251 3738 1331 3781 se:
1362 3721 1737 3798 orationem}!-

159 3791 249 3850 lius
277 3791 384 3866 quis
413 3791 698 3853 exaudiet?

698 3883 928 3950 CAPUT
960 3889 1180 3951 XXXV.

221 4005 323 4074 Qui
347 4018 610 4064 conservat
639 4009 820 4078 legem,
855 4007 1162 4079 multiplicat
1189 4005 1518 4079 oblationem.

227 4073 545 4148 Sacriﬁcium
589 4073 816 4133 salutare
844 4087 917 4132 est
946 4073 1210 4132 atiendere
1239 4078 1516 4146 mandatis,
1549 4073 1596 4133 el
1625 4079 1736 4133 dis-

167 4149 324 4220 cedere
348 4152 407 4203 ab
430 4153 571 4205 omni
601 4152 886 4220 iniquitate.

225 4218 289 4274 Et
323 4218 739 4294 propitiationem
782 4221 935 4275 litare
973 4220 1223 4290 sacrificii
1237 4235 1402 4294 super
1432 4219 1735 4294 injustitias,

166 4301 202 4344 et
223 4290 501 4368 deprecatio
527 4314 622 4367 pro
652 4294 895 4368 peccatis,
924 4295 1165 4368 recedere
1193 4290 1256 4368 ab
1283 4290 1559 4368 iitjustitia.

220 4364 474 4421 ﬂeti-.‘uaet
519 4364 766 4437 gratiam,
795 4368 883 4438 qui
925 4364 1464 4438 olfert_similaginem
1494 4378 1513 4417 :
1559 4374 1606 4418 et
1652 4365 1742 4438 qui

220 4383 474 4421 neti-.uaet
519 4383 766 4437 gratiam,
795 4383 881 4419 tut
925 4383 1075 4432 affert
1120 4383 1269 4418 simul

165 4433 270 4506 facit
295 4438 734 4503 misericordiam,
759 4383 906 4502 eieil
935 4436 1269 4506 sacriﬁcium.

224 4505 607 4579 Beneplacit'um
639 4515 713 4563 est
743 4507 967 4563 Domino
1002 4505 1234 4579 recedere
1262 4507 1323 4560 ab
1355 4507 1660 4578 iniquitate:
1689 4522 1734 4566 et

167 4574 436 4653 deprecatio
462 4597 558 4652 pro
581 4581 802 4653 peccatis
832 4581 1065 4634 recedere
1093 4579 1158 4631 ab
1180 4574 1460 4653 injustitia.

225 4649 341 4722 Non
369 4648 644 4722 apparebis
667 4661 785 4705 ante
813 4661 1141 4722 conspectum
1168 4648 1380 4722 Domini
1417 4665 1628 4706 vacuus.

221 4720 341 4778 licet:
369 4719 504 4778 enim
536 4725 710 4777 omnia
737 4719 948 4793 propter
977 4721 1273 4793 mandatum
1304 4719 1392 4774 Dei
1419 4723 1574 4792 fiunt.

221 4793 423 4850 Oblatio
438 4797 578 4867 justi
607 4791 894 4867 impingam
929 4793 1117 4862 altare,
1147 4791 1193 4848 ει
1222 4793 1350 4846 odor
1375 4791 1643 4848 suavitatis
1665 4802 1740 4849 est

148 4864 199 4919 in
225 4864 498 4934 conspectu
533 4864 808 4922 Altissimi.

213 4936 458 5014 βασι-ἱῇεὶ
466 4956 549 5014 ηιμ
558 4941 691 5014 justi
716 4945 981 5008 acceptum
1001 4946 1098 5005 est,
1124 4945 1171 4991 et
1194 4937 1487 4991 memoriam
1504 4937 1616 5008 ejus
1636 4951 1740 4990 non

146 5007 468 5064 obliviscetur
499 5007 775 5064 Dominus.

201 5081 363 5163 [torio
389 5084 566 5136 animo
594 5083 814 5154 giarium
837 5079 997 5136 redde
1025 5079 1133 5136 Deo
1158 5094 1176 5135 :
1198 5087 1247 5136 et
1272 5085 1375 5135 uo‘n
1401 5081 1605 5135 minuas
1625 5081 1738 5152 pri-

148 5154 312 5208 mitias
340 5171 588 5209 manuum
612 5164 843 5208 tuarum.

212 5222 280 5279 In
305 5225 450 5280 omni
475 5226 596 5280 dato
620 5223 839 5280 nitar-etii
868 5225 953 5296 fac
971 5222 1169 5278 iuuant
1198 5231 1360 5294 tuum,
1397 5223 1447 5280 et
1480 5221 1535 5280 in
1567 5223 1742 5279 exiut-

145 5298 336 5350 tatione
357 5297 627 5366 sanctiﬁca
653 5298 876 5366 decimas
905 5307 1038 5366 tuas.

213 5365 300 5421 Da
325 5365 611 5442 Alt-issimo
625 5365 904 5422 secundum
927 5363 1106 5421 datum
1132 5370 1265 5442 ejus,
1292 5377 1340 5422 et
1365 5367 1417 5421 in
1439 5363 1568 5424 bona
1591 5367 1741 5423 oculo

150 5439 558 5494 adinventionem
585 5441 742 5510 facito
768 5454 1015 5493 manuum
1042 5439 1252 5493 tuarum
1277 5453 1296 5493 :

219 5511 483 5635 guonictt’ni
524 5512 781 5567 Dominus
815 5512 1100 5566 retribuens
1131 5520 1223 5578 est,
1249 5519 1295 5564 et
1333 5511 1516 5582 septies
1547 5513 1745 5564 tantum

279 5593 326 5635 et
359 5596 394 5635 ιι
437 5601 472 5634 ι.

153 5584 326 5637 reddet
359 5584 472 5636 tibi.

222 5651 350 5726 geli
380 5653 570 5720 offerre
598 5665 814 5708 munera
839 5669 1020 5726 praua,
1061 5668 1162 5726 non
1197 5653 1333 5707 enim
1362 5651 1604 5726 suscipiet
1629 5651 1745 5726 illa.

226 5720 286 5777 Et
317 5719 438 5781 noli,
457 5726 709 5797 inspicere
733 5719 1045 5795 saciiﬁcium
1063 5725 1337 5796 iniustum,
1369 5719 1612 5794 quoniam
1641 5719 1753 5779 Do—

1769 4475 1817 4532 D

1911 379 2040 435 Non
2081 379 2306 456 accipiet
2340 383 2591 456 Dominus
2630 379 2903 448 personam
2947 379 3004 438 ni
3040 379 3342 456 pauperem,
3387 400 3436 446 et

1835 451 2242 523 deprecationem
2271 454 2381 509 ltesi
2406 455 2666 508 exaudiet.

1912 522 2031 598 Non
2065 525 2309 593 despiciet
2345 541 2519 597 preces
2548 524 2763 598 pupilli,
2797 543 2890 584 nec
2923 527 3152 597 viduam,
3181 530 3228 584 ὁὶ
3265 529 3436 598 effun-

1837 593 1929 649 dat
1950 595 2214 666 loquelam
2239 593 2479 666 gemitus.

1910 665 2361 741 Nonnelacrymte
2390 669 2661 741 uidutead
2695 671 2962 726 maxillam
2998 671 3342 741 descendunt,
3387 686 3434 731 et

1836 736 2143 792 exclamatio
2169 736 2278 802 eius
2299 753 2454 807 super
2482 740 2813 796 deducentem
2842 744 2963 796 tas?

1908 808 1951 862 Α
1979 809 2201 884 maxilla
2218 811 2354 864 enim
2383 813 2663 884 ascendunt
2704 831 2860 878 usque
2889 811 2958 866 ad
2987 813 3191 884 (telum,
3232 825 3279 870 et
3319 817 3428 874 Do-

1835 877 2005 932 minus
2035 883 2308 934 exauditor
2331 897 2432 935 non
2455 883 2793 937 delectabitur
2819 887 2869 938 in
2900 886 3023 939 illis.

1911 949 2229 1030 Quiadprat
2258 952 2422 1006 Deum
2445 955 2508 1030 in
2523 955 2878 1030 oblectatione,
2906 957 3233 1030 inscipietur,
3267 969 3313 1014 et
3345 959 3434 1016 tle-

1835 1023 2062 1099 prelcatt'o
2083 1023 2226 1099 illius
2253 1026 2508 1099 usquead
2533 1026 2694 1099 nubes
2719 1023 3099 1099 propinquabit.

1911 1092 2093 1170 Oratio
2136 1092 2464 1150 humiliantis
2501 1107 2567 1170 se,
2603 1096 2761 1152 nubes
2807 1092 3092 1170 penetrabit
3129 1116 3146 1153 :
3179 1112 3225 1156 et
3268 1103 3434 1157 donec

1833 1167 2161 1242 prppinquet,
2200 1168 2688 1242 nonconsolabilur
2713 1185 2734 1223 :
2759 1167 2817 1224 et
2851 1187 2951 1224 non
2987 1172 3235 1242 discedet,
3271 1177 3434 1230 donec

1838 1231 2136 1306 Altissimus
2164 1237 2403 1306 aspiciat.

2014 1304 2267 1396 Dominus
2306 1307 2721 1396 non‘elgngabit,
2755 1311 2843 1364 sed
2876 1309 3136 1396 iudicabit
3153 1315 3434 1396 λιιι-1082⁸91

1831 1375 1990 1450 faciet
2019 1380 2288 1450 judicium
2325 1395 2345 1433 :
2383 1391 2431 1433 et
2479 1375 2819 1436 Fortissimus
2849 1375 2951 1437 non
2989 1375 3192 1439 habebit
3237 1389 3288 1442 in
3330 1375 3435 1444 illis

1833 1448 2164 1524 patientiam,
2190 1461 2242 1504 ιιι
2269 1451 2572 1524 contribulet
2601 1453 2810 1506 dorsum
2839 1455 3067 1524 ipsorum
3095 1473 3114 1511 :

1906 1518 1984 1600 Et
2003 1521 2240 1600 gentibus
2271 1523 2450 1576 reddet
2479 1524 2756 1600 vindictam
2783 1518 2942 1578 donec
2970 1528 3120 1580 tollat
3150 1530 3433 1600 plenitudi-

1834 1605 1950 1666 nem
1971 1592 2309 1662 superborum
2343 1604 2434 1666 :_et
2462 1607 2660 1666 sceptra
2688 1597 2980 1662 iniquorum
3011 1592 3315 1655 contribulet
3344 1617 3363 1656 :

1905 1660 2085 1736 Donec
2135 1665 2317 1718 reddat
2360 1660 2653 1718 hominibus
2697 1660 2979 1720 secundum
3011 1681 3154 1722 actus
3195 1689 3334 1736 suos,
3387 1682 3436 1726 et

1833 1734 2115 1856 slelcundum
2146 1751 2302 1804 Opera
2345 1736 2472 1790 Adae
2497 1776 2512 1802 ,
2555 1744 2602 1789 et
2655 1737 2935 1791 secundum
2983 1734 3434 1810 prtesumptionem

1833 1819 1849 1856 t
1895 1820 1975 1856 tus
1999 1820 2019 1856 :

1832 1819 1975 1857 unus
1999 1820 2019 1860 ἔ

1906 1873 2082 1956 Donec
2104 1875 2306 1956 judicet
2327 1877 2589 1947 judicium
2611 1877 2774 1950 plebis
2803 1879 2934 1947 sate,
2967 1893 3012 1936 et
3055 1879 3325 1937 oblectabit
3341 1887 3437 1956 ju-

1834 1954 1939 2000 stos
1959 1948 2320 2001 misericordia
2341 1965 2457 2002 sua.

1907 2017 2153 2096 Specio‘sa
2181 2018 2534 2096 misericordia
2557 2019 2675 2086 Dei,
2705 2022 2772 2096 in,
2798 2030 3027 2096 tempore
3063 2025 3430 2096 tribulationis,

1832 2090 1982 2160 quasi
2010 2090 2166 2144 nubes
2186 2091 2374 2162 pluvia:
2397 2093 2450 2145 in
2478 2100 2707 2163 tempore
2729 2090 2996 2152 siccitatis.

2369 2203 2598 2261 CAPUT
2636 2205 2782 2262 ΧΧΧ
2797 2209 2880 2264 Vl.

1910 2291 2374 2375 Misererenostri,
2427 2295 2566 2375 Deus
2594 2298 2844 2375 omnium.
2889 2307 2937 2354 et
2984 2305 3180 2374 respice
3224 2321 3336 2375 nos,
3386 2316 3434 2363 et

1836 2366 2046 2421 ostende
2068 2366 2210 2418 nobis
2236 2366 2402 2418 lucem
2429 2369 2818 2422 miserationum
2846 2366 3071 2425 tuarum;

1910 2436 2231 2516 lit-immitte
2274 2438 2502 2490 timorem
2548 2447 2693 2491 tuum
2741 2457 2896 2516 super
2936 2455 3130 2512 gentes,
3175 2463 3292 2516 qua:
3331 2465 3432 2501 non

1835 2509 2186 2578 exquisierunt
2217 2515 2281 2573 te,
2319 2517 2374 2561 ιιι
2400 2518 2734 2579 cognoscant,
2767 2509 2886 2578 quia
2915 2509 3016 2567 non
3047 2523 3120 2568 est
3160 2509 3297 2572 Deus
3329 2517 3428 2572 nisi

1837 2589 1916 2648 tu,
1949 2588 1997 2632 et
2024 2589 2262 2632 enarrent
2290 2578 2551 2650 magnalia
2583 2588 2692 2634 tua.

1907 2649 2087 2724 Alleva
2113 2665 2322 2703 manum
2348 2649 2489 2704 tuam
2521 2667 2674 2723 super
2701 2661 2870 2724 gentes
2892 2654 3112 2724 alienas,
3145 2661 3200 2711 ut
3229 2659 3431 2715 rideant

1835 2723 2117 2794 potentiam
2147 2732 2294 2794 tuam
2313 2736 2331 2774 :

1911 2795 2059 2866 Sicut
2089 2793 2237 2866 enim
2280 2793 2332 2846 in
2373 2801 2642 2863 conspectu
2683 2812 2860 2866 eorum
2893 2800 3246 2864 sanctiﬁcatus
3288 2818 3339 2855 es
3379 2803 3433 2856 in

1837 2863 1980 2938 nobis
2009 2880 2029 2918 :
2055 2863 2130 2916 sic
2159 2864 2210 2917 in
2241 2875 2513 2938 conspectu
2541 2875 2718 2921 nostra
2745 2863 3154 2938 ntagnificaberis
3186 2874 3236 2926 in
3260 2874 3331 2926 eis
3350 2890 3369 2927 :

1914 2935 1956 2990 1]
1965 2944 1981 2988 ι
2011 2945 2321 3014 cognoscant
2352 2947 2418 3002 te,
2448 2936 2598 3014 sicut“
2612 2947 2659 2991 et
2691 2955 2780 3014 nos
2807 2935 3157 3011 cognovimus,
3189 2946 3432 3014 quoniam

1837 3022 1938 3060 non
1972 3015 2044 3059 est
2075 3006 2216 3058 Deus
2239 3014 2425 3074 prwter
2453 3015 2520 3072 te,
2557 3007 2797 3062 Domine.

1899 3076 2102 3148 Innova
2129 3079 2298 3148 signa,
2323 3088 2369 3130 et
2397 3078 2610 3134 immuta
2635 3081 2914 3138 mirabilia.

1912 3147 2162 3217 Glorifica
2184 3147 2392 3201 inanum
2423 3158 2468 3202 et
2493 3149 2755 3204 brachium
2785 3153 3043 3208 dextrum.

1910 3221 2103 3291 Excita
2125 3223 2375 3291 furorem,
2403 3229 2450 3272 et
2481 3219 2688 3288 effunde
2715 3225 2864 3278 iram.

1909 3287 2058 3364 T_olle
2085 3287 2459 3354 adversarium,
2489 3302 2536 3346 et
2557 3295 2734 3364 af'fiige
2759 3296 3048 3352 inimicum.

1910 3359 2130 3418 Festina
2156 3373 2377 3433 tempus,
2408 3370 2456 3417 et
2487 3359 2740 3418 memento
2766 3366 2908 3435 ﬁnis,
2939 3377 2992 3422 ut
3016 3380 3258 3426 enarrent
3281 3371 3438 3426 mira-

1837 3436 1961 3492 bilia
1983 3446 2093 3490 tua.

1912 3506 1979 3561 In
2012 3506 2351 3586 iraﬂammce
2371 3504 2640 3586 devoretur
2664 3509 2754 3579 qui
2780 3509 3048 3586 solvatur;
3088 3513 3134 3566 el
3158 3513 3246 3583 qui
3273 3516 3438 3586 pessi-

1837 3589 1979 3650 mant
2009 3578 2204 3650 plebem
2237 3588 2397 3644 tuam,
2423 3578 2684 3634 inveniant
2713 3582 3076 3644 perditionem.

1912 3649 2128 3704 Contere
2171 3657 2324 3721 caput
2369 3650 2661 3722 principum
2715 3651 3061 3719 inimicorum,
3105 3653 3382 3710 dicentium
3412 3673 3433 3713 :

1841 3721 1965 3776 Non
1988 3730 2062 3774 est
2089 3721 2222 3776 alius
2244 3729 2430 3788 prtcter
2452 3721 2564 3775 nos.

1912 3794 2177 3869 Congrega
2208 3806 2383 3869 omnes
2419 3791 2583 3845 tribus
2622 3789 2785 3846 Iacob
2824 3809 2844 3847 :
2885 3803 2937 3846 ut
2975 3808 3286 3869 cognoscant
3314 3801 3438 3869 quia

1840 3881 1943 3936 non
1974 3862 2059 3936 est
2079 3862 2219 3916 Deus
2245 3863 2346 3936 nisi
2375 3872 2458 3936 tu,_
2477 3874 2523 3936 et
2545 3874 2784 3936 enarrent
2813 3862 3073 3936 magnalia
3097 3875 3186 3922 tua
3213 3884 3230 3922 :
3257 3879 3303 3923 et
3326 3862 3439 3925 lia:-

1843 3933 2087 3990 retlitabis
2116 3950 2224 3994 eos,
2255 3935 2386 3985 sicut
2406 3932 2468 3984 ab
2492 3933 2659 3987 initio.

1917 4003 2163 4076 Miserere
2182 4003 2311 4076 plebi
2343 4012 2462 4068 tute,
2488 4022 2642 4075 super
2662 4022 2817 4076 quam
2839 4006 3128 4063 invocatum
3153 4019 3226 4065 est
3253 4013 3436 4069 nonten

1845 4087 2011 4151 luunt,
2042 4086 2089 4129 et
2118 4074 2308 4151 Israel,
2331 4091 2477 4151 quem
2495 4074 2777 4151 co’tvqttasli
2795 4080 3137 4151 primogenita
3165 4093 3272 4138 luo.

1919 4147 2166 4224 Miserere
2190 4146 2387 4224 civitati
2425 4146 2850 4216 sanctificationis
2879 4146 2984 4206 tua?
3006 4147 3321 4224 Jerusalem,
3365 4159 3440 4212 ci-

1843 4221 1991 4274 vitati
2010 4219 2200 4289 requiei
2227 4227 2345 4289 tute.
2522 4287 2528 4289 _
2576 4288 2583 4289 ί
2645 4229 2659 4236 ·

1917 4287 2085 4367 Reple
2112 4288 2242 4345 Sion
2268 4287 2698 4345 inenarrabilibus
2727 4293 2890 4348 verbis
2920 4296 3044 4359 tuis,
3071 4303 3118 4349 et
3152 4293 3320 4367 gloria
3348 4308 3438 4354 tua

1845 4363 2094 4437 populum
2125 4369 2290 4437 tuum.

1918 4431 2002 4488 Da
2023 4433 2365 4509 testimonium
2389 4432 2489 4509 liis,
2519 4433 2609 4503 qui
2633 4431 2697 4486 ab
2725 4434 2871 4488 initio
2901 4443 3156 4509 creaturas
3174 4446 3273 4491 tute
3294 4451 3434 4509 sunt,

1842 4513 1890 4562 et
1927 4507 2116 4560 suscita
2154 4503 2565 4576 prtedicationes,
2615 4521 2744 4576 quas
2783 4506 2940 4560 locuti
2979 4516 3099 4561 sunt
3139 4508 3193 4561 in
3234 4503 3439 4568 nomine

1844 4587 1930 4634 tuo
1956 4577 2220 4648 prOpheta:
2251 4575 2465 4648 priores.

1917 4643 1999 4703 Da
2026 4643 2307 4703 mercedem
2335 4643 2708 4721 sustinentibus
2740 4651 2808 4721 te,
2840 4657 2896 4701 ut
2917 4647 3184 4716 propltetw
3213 4650 3288 4704 lui
3308 4652 3436 4721 fide-

1846 4721 1917 4777 les
1947 4721 2276 4774 inveniantur
2299 4733 2316 4769 :
2347 4728 2394 4769 et
2422 4717 2609 4772 exaudi
2637 4720 2891 4772 orationes
2917 4735 3180 4772 servorum
3207 4717 3432 4777 tuorum.

1919 4791 2216 4846 Secundum
2254 4787 2650 4862 benedictionem
2683 4791 2855 4862 Aaron
2899 4796 2966 4842 da
3011 4790 3201 4862 p0pulo
3230 4800 3353 4859 tuo,
3391 4807 3438 4848 et

1848 4864 2013 4934 dirige
2048 4879 2141 4916 nos
2180 4862 2232 4914 in
2262 4860 2649 4934 viamjustitjte,
2681 4868 2728 4910 et
2756 4860 2920 4912 sciant
2961 4860 3132 4913 omnes
3164 4863 3251 4934 qui
3292 4864 3438 4921 [tabi-

1848 4930 1971 4990 tant'
1989 4945 2198 4998 terram,
2228 4931 2349 5004 quia
2377 4938 2432 4984 tu
2457 4947 2525 5004 es_
2542 4930 2680 5004 Deus
2709 4939 3006 5002 canspeclor
3032 4932 3359 4988 sceculm-um.

1919 5006 2135 5061 Omnem
2169 4997 2337 5060 escam
2371 4997 2700 5054 manducabit
2737 4997 2930 5069 venter,
2962 5015 3009 5055 et
3037 5011 3110 5057 est
3143 5005 3284 5060 cibus
3327 5008 3436 5062 cibo

1843 5079 2047 5132 melior.

1917 5141 2122 5202 Fauces"
2173 5141 2475 5212 contingunt
2521 5139 2689 5195 cibum
2741 5141 2885 5211 ferte,
2945 5152 2994 5198 et
3037 5160 3125 5199 cor
3175 5157 3435 5204 sensatum

1844 5220 1996 5278 verba
2024 5216 2312 5286 mendacia.
2357 5281 2398 5286 __
2463 5283 2466 5286 _

1919 5290 2020 5345 Cor
2045 5299 2256 5360 pravum
2279 5281 2420 5336 dabit
2451 5281 2729 5351 tristitiam,
2761 5292 2810 5339 et
2839 5277 2992 5341 homo
3018 5287 3213 5358 peritus
3242 5289 3437 5346 resistet

1843 5363 1947 5419 illi.

1922 5431 2137 5486 Omnem
2159 5423 2446 5481 ntasculum
2469 5425 2686 5497 excipiet
2715 5427 2899 5482 mulier
2922 5445 2940 5484 :
2961 5438 3007 5484 et
3030 5440 3102 5486 est
3129 5427 3241 5503 ﬁlia
3262 5433 3442 5488 melior

1825 5573 1830 5577 _
1848 5506 1983 5577 ﬁlia.

1923 5572 2130 5646 Species
2165 5566 2397 5646 mulieris
2428 5567 2688 5646 eultilarat
2728 5569 2912 5646 faciem
2942 5572 3039 5626 uiri
3066 5573 3148 5646 sui
3168 5617 3184 5642 ,
3219 5568 3264 5629 et
3293 5590 3446 5646 super

1852 5640 2054 5731 omnem
2109 5640 2577 5712 concupiscentiam
2615 5640 2839 5697 hominis
2890 5640 3192 5716 super-ducit
3248 5640 3450 5703 deside-

1854 5733 2017 5775 rsum.
