3918 6192
58 1438 63 1469 l

164 216 237 277 457

1380 215 1587 275 LIBER
1624 216 1952 276 ECCLESIA
1962 214 2179 277 STICI.‘

3289 226 3396 289 458

220 336 313 393 Vox
330 338 498 395 mallei
514 338 735 393 innovat
762 350 940 392 aurem
963 334 1096 408 ejus,
1121 342 1168 391 et
1194 341 1371 391 contra
1395 333 1692 389 similitudi-
1717 336 1775 396 Α
1871 334 2171 408 Benedictio
2198 334 2343 390 illius
2366 334 2518 408 quasi
2543 333 2734 408 ﬂuvius
2757 334 3049 391 inundavit.

168 426 255 463 item
280 412 399 466 vasis
429 412 606 465 oculus
631 411 769 479 ejus.

217 481 297 536 Cor
317 500 459 537 suum
489 482 629 535 dabit
654 478 715 534 in
748 479 1240 534 consummationem
1278 494 1514 551 Operam,
1539 485 1589 533 et
1616 478 1691 532 vi-

162 551 259 622 gilia
280 570 362 607 sua
389 554 586 606 ornabit
610 554 663 605 in
690 552 1079 622 perfectionem.

212 623 285 678 Sic
304 626 490 695 ﬁgulus
513 621 698 677 sedens
715 624 787 695 ad
804 638 933 695 opus
959 639 1131 684 suam,
1147 631 1445 675 convertens
1472 621 1689 691 pedibus

160 695 240 748 suis
260 694 428 757 rotam,
451 697 541 764 qui
564 696 616 747 in
640 694 993 747 sollicitudine
1019 694 1221 762 positas
1252 702 1325 745 est
1344 710 1541 763 semper
1572 707 1692 759 pro-

161 775 239 837 pter
255 783 362 833 opus
384 783 557 831 suam,
590 774 633 819 et
657 767 711 818 in
741 779 956 837 numero
985 775 1058 818 est
1085 765 1254 817 omnis
1295 766 1526 837 operatio
1556 766 1689 834 ejus.

211 836 261 891 In
285 838 485 891 brachio
515 852 611 890 suo
642 837 887 906 formabit
930 836 1119 903 lutum,
1152 845 1199 888 et
1226 844 1347 888 ante
1380 836 1534 907 pedes
1570 850 1694 888 suos

163 909 334 963 curvabit
357 910 599 962 virtutem
625 924 795 961 suam.

210 980 284 1034 Cor
318 998 464 1035 suam
500 979 741 1044 dabit,ut
772 987 1037 1034 consumet
1082 976 1397 1045 linitionem,
1430 985 1478 1031 et
1512 976 1695 1047 vigilia

164 1052 493 1123 sucumuttdabit
522 1054 810 1123 fornacem.

214 1121 368 1176 Omnes
396 1124 449 1177 hi
476 1119 532 1176 in
561 1122 798 1175 manibus
820 1122 929 1179 suis
957 1127 1319 1193 speraverant,
1343 1128 1393 1175 et
1414 1119 1695 1191 unusquis-

163 1210 229 1264 que
256 1195 299 1247 in
322 1204 430 1248 arte
455 1210 551 1249 sua
576 1194 782 1263 sapiens
804 1204 898 1247 est.

210 1265 307 1320 Sine
332 1266 406 1319 his
438 1266 674 1320 omnibus
705 1281 809 1318 non
838 1263 1133 1329 wdificatur
1161 1264 1362 1319 civitas.

211 1336 260 1389 Et
283 1353 373 1390 non
392 1336 779 1404 inhabitabant,
803 1353 894 1390 nec
930 1336 1350 1401 inambulabunt,
1386 1342 1431 1390 et
1452 1336 1507 1389 in
1530 1334 1693 1389 eccle-

159 1408 252 1460 siam
269 1425 361 1461 non
386 1408 695 1461 transilient.

210 1478 353 1538 Super
384 1480 564 1534 sellam
588 1479 789 1550 judicis
822 1494 928 1531 non
953 1477 1221 1550 sedebant,
1248 1485 1307 1550 et
1334 1484 1694 1550 testamentum

150 1550 297 1623 judicii
320 1567 415 1603 non
434 1548 742 1623 intelligent,
764 1566 924 1623 neque
948 1548 1123 1623 palam
1152 1548 1341 1623 facient
1362 1548 1694 1617 disciplinam

153 1631 190 1673 et
203 1622 453 1691 judicium,
481 1631 529 1675 et
552 1620 623 1674 in'
636 1620 901 1688 parabolis
930 1637 1031 1673 non
1059 1621 1399 1673 invenientur.

210 1688 294 1773 Sed
320 1704 597 1775 creaturam
729 1691 1143 1785 con/innabapt,
1166 1698 1226 1785 ἐι
1249 1690 1542 1772 deprecatio
1568 1688 1608 1742 il
1618 1690 1692 1742 [οι
1722 1724 1770 1785 Β

148 1779 243 1815 rum
260 1764 304 1815 in
329 1765 617 1833 operatione
637 1765 765 1817 artis
788 1762 1236 1815 accommodantes
1255 1764 1484 1815 animam
1514 1776 1688 1829 suam,

143 1844 185 1887 et
210 1837 529 1905 conquirentes
553 1836 608 1890 in
637 1834 749 1906 lege
778 1834 1056 1887 Altissimi.

634 1945 864 2002 CAPUT
910 1945 1161 2001 XXXIX.

203 2035 493 2105 Sapientiam
524 2038 752 2093 omnium
775 2038 1111 2109 antiquorum
1133 2037 1361 2108 exquiret
1386 2037 1619 2108 sapiens,
1644 2046 1693 2091 et

138 2109 186 2160 in
208 2110 441 2179 prapltetis
472 2112 695 2164 vacabit.

248 2183 539 2236 arrationem
572 2182 741 2234 virum
771 2182 1158 2235 nominatoram
1186 2181 1524 2249 conservabit,
1562 2188 1611 2234 et
1636 2180 1690 2234 in

138 2253 356 2323 rer§utias
384 2254 750 2323 parabolarum
778 2253 936 2305 simul
956 2253 1210 2308 introibit.

203 2320 396 2395 Occulta
418 2326 809 2395 proverbiorum
830 2325 1083 2394 exquiret,
1101 2334 1148 2379 et
1169 2327 1222 2379 in
1250 2323 1570 2379 absconditis
1598 2338 1691 2393 pa-

148 2392 399 2448 rabolarttm
417 2392 829 2450 conversabitur.

198 2461 255 2517 In
280 2468 435 2521 medio
462 2476 831 2538 magnatorum
868 2466 1205 2537 ministrabit,
1237 2475 1285 2521 et
1324 2467 1377 2519 in
1408 2472 1689 2534 conspecta

143 2538 343 2609 prqsidis
365 2539 653 2609 apparebit.

200 2604 258 2681 _In
288 2604 463 2663 terram
484 2608 903 2681 alienigenarum
926 2609 1155 2681 gentium
1178 2610 1487 2681 pertransiet
1520 2624 1538 2663 :
1560 2608 1693 2663 bona

142 2678 251 2730 enim
277 2688 317 2733 et
342 2681 475 2734 mala
502 2682 555 2734 in
588 2678 883 2734 hominibus
914 2678 1149 2734 tentabit.

194 2746 284 2803 Cor
315 2769 460 2805 suum
489 2752 659 2805 tradet
686 2752 756 2805 ad
787 2751 1113 2823 vigilandum
1139 2750 1372 2805 diluculo
1404 2752 1472 2805 ad
1503 2750 1690 2806 Domi-

138 2835 262 2943 nnbrn,
290 2825 375 2887 qui
402 2824 520 2893 fecit
544 2824 697 2877 illum
726 2838 745 2877 :
774 2835 822 2877 et
848 2827 901 2876 in
930 2831 1206 2893 conspectu
1233 2824 1488 2877 Altissimi
1509 2826 1692 2896 depre-

138 2905 175 2942 ca
210 2902 321 2943 ιιω.

132 2902 321 2946 cabttur.

185 2964 381 3037 Aperiet
405 2982 461 3021 os
487 2982 640 3022 suum
668 2966 722 3020 in
748 2965 1003 3033 oratione,
1029 2974 1076 3020 et
1104 2982 1201 3037 pro
1227 2966 1433 3021 delictis
1462 2967 1572 3022 suis
1601 2967 1691 3022 de-

52 3060 57 3071 -
126 3036 408 3099 precabitur.

1874 407 2147 473 Quomodo
2201 407 2553 477 cataclysmus
2602 406 2808 460 aridam
2858 408 3129 463 inebriavit
3160 426 3177 463 :
3204 412 3278 466 sic
3310 416 3392 470 ira

1796 477 1961 547 ipsius
1990 486 2183 547 gentes,
2217 494 2332 547 qua:
2357 495 2458 531 non
2492 479 2845 547 exquisierunt
2876 495 3012 546 eum,
3038 480 3389 539 htrretlitabit.

1871 547 2144 613 Quomodo
2165 550 2409 602 convertit
2433 565 2593 619 aquas
2622 550 2675 601 in
2698 550 3063 614 siccitatem,et
3092 554 3283 608 siccata
3314 566 3387 611 est

1796 628 1935 672 terra
1951 636 1983 698 ..ζ
2010 630 2058 673 et
2083 620 2177 698 uiue
2202 619 2348 698 illius
2376 622 2448 698 vis
2480 621 2694 698 illorum
2730 620 2942 675 directa:
2972 634 3090 676 sunt
3120 640 3137 677 :
3166 628 3240 679 sic
3266 644 3387 698 pec~

1795 691 2059 744 catoriltus
2090 692 2398 759 offensiones
2420 692 2472 744 in
2510 693 2588 743 ira
2620 693 2751 760 ejus.

1873 760 2016 816 Bona
2064 762 2207 837 bonis
2251 770 2425 817 creata
2472 772 2595 816 sunt
2646 763 2711 815 ab
2751 763 2924 831 initio,
2959 765 3033 818 sic
3062 769 3388 837 aequissimis

1797 832 1931 887 bona
1959 843 2007 887 et
2035 836 2197 888 mala.

1867 902 2089 958 Initium
2138 905 2443 979 necessaria:
2468 906 2545 960 rei
2573 904 3007 979 vita:_ho:t:inum,
3040 925 3197 979 aqua,
3228 913 3386 979 ignis.

1796 983 1844 1049 et
1868 979 2083 1045 ferrum,
2116 978 2218 1043 sal,
2247 978 2353 1041 lac,
2384 988 2431 1031 et
2470 979 2620 1049 panis
2668 976 3045 1049 similagineas,
3078 973 3127 1033 et
3175 973 3296 1049 mel,
3339 973 3388 1039 et

1797 1046 1973 1101 botrus
2000 1064 2132 1115 uvar,
2152 1060 2200 1103 et
2230 1049 2423 1114 oleum,
2451 1046 2499 1102 et
2530 1050 2907 1102 vestimentum.

1870 1117 2001 1196 11ch
2029 1122 2209 1196 omnia
2236 1120 2424 1174 sanctis
2463 1121 2519 1173 in
2560 1120 2715 1185 bona,
2749 1120 2823 1173 sic
2850 1131 2898 1174 et
2920 1123 3100 1194 impiis
3130 1135 3177 1180 et
3200 1142 3387 1196 pecca-

1797 1189 1994 1245 toribus
2022 1191 2076 1244 in
2104 1192 2243 1244 mala
2273 1201 2651 1245 convertentur.

1876 1262 2015 1315 Sunt
2066 1264 2300 1337 spiritus,
2331 1262 2417 1330 qui
2468 1262 2538 1315 ad
2574 1262 2855 1317 vindictam
2897 1268 3058 1321 creati
3087 1280 3227 1337 sunt,
3254 1282 3302 1325 et
3333 1273 3385 1328 in

1798 1332 1977 1401 furore
2004 1348 2099 1385 suo
2130 1333 2562 1401 conﬁrmaverunt
2594 1344 2845 1389 tormenta
2872 1353 2965 1391 sua
2988 1355 3006 1391 :

1872 1401 1937 1457 In
1967 1412 2195 1473 tempore
2226 1406 2678 1458 consummationis
2721 1406 2986 1472 e/fandent
3007 1412 3246 1468 virtutem
3280 1431 3298 1469 :
3329 1426 3376 1469 et

1797 1474 2027 1546 furorem
2058 1478 2189 1546 ejus,
2221 1478 2310 1546 qui
2332 1478 2452 1546 fecit
2490 1475 2628 1540 illos,
2660 1477 2955 1544 placabunt.

1870 1543 2037 1616 Ignis,
2073 1543 2295 1617 grando,
2332 1543 2516 1616 fames,
2546 1558 2597 1601 et
2633 1543 2791 1615 mors,
2821 1552 2997 1605 omnia
3025 1554 3136 1609 hcce
3169 1557 3239 1610 ad
3268 1558 3381 1611 vin-

1796 1615 1990 1669 dictam
2010 1615 2182 1671 creata
2202 1626 2319 1671 sunt
2335 1615 2367 1671 ':

1868 1686 2164 1764 Bestiarum
2194 1690 2389 1764 dentes,
2418 1698 2467 1744 et
2516 1690 2807 1764 scorpii,uet
2844 1704 3128 1764 serpentes,
3158 1710 3205 1753 et
3246 1718 3385 1755 rom-

1798 1757 1947 1831 phcoa
1976 1760 2244 1813 vindicans
2268 1762 2322 1812 in
2348 1757 2705 1815 exterminium
2732 1757 2938 1831 impios.

1868 1829 1936 1883 In
1968 1831 2231 1907 mandatis
2253 1833 2382 1902 'ejas
2425 1829 2814 1907 epulabantur,
2851 1843 2897 1888 et
2931 1853 3086 1907 super
3118 1849 3307 1894 (errant
3333 1844 3386 1895 in

1795 1903 2147 1956 necessitatem
2175 1903 2689 1975 pra’parabuntur,“
2718 1906 2771 1959 in
2802 1903 3121 1975 temporibus
3144 1914 3251 1966 suis
3282 1930 3386 1968 non

1794 1974 2089 2043 pragterient
2115 1974 2346 2027 verbum.

1869 2042 2155 2116 Propterea
2183 2045 2249 2098 ab
2289 2046 2438 2099 initio
2469 2047 2803 2113 conﬁrmatas
2824 2065 2967 2117 sum,
3000 2060 3049 2106 et
3078 2054 3386 2110 consiliatus

1792 2130 1929 2178 sum,
1957 2126 2005 2170 et
2035 2117 2279 2186 cogitavi,
2293 2127 2353 2186 iet
2379 2120 2572 2185 scripta
2594 2118 2792 2173 dimisi.

1870 2186 2059 2265 Omnia
2084 2185 2241 2265 opera
2277 2185 2492 2242 Domini
2517 2188 2673 2259 bona,
2701 2200 2749 2244 et
2786 2208 2934 2247 omne
2971 2210 3099 2265 Opus
3128 2195 3259 2251 hora
3290 2215 3383 2253 sua

1792 2258 2225 2312 subministrabit.

1798 2397 1811 2409 ο
1866 2327 1991 2381 Νοη
2020 2339 2094 2383 est
2125 2330 2293 2383 dicere
2323 2344 2342 2383 :
2373 2329 2607 2409 [loc-illo
2647 2333 2864 2403 nequius
2885 2344 2957 2389 est
2991 2350 3007 2387 :
3041 2340 3214 2391 omnia
3250 2340 3389 2393 enim

1792 2402 1847 2452 in
1872 2409 2099 2468 tempore
2128 2417 2223 2453 suo
2263 2402 2757 2469 comprobabantar.

1865 2470 1937 2524 Et
1967 2488 2105 2526 nunc
2133 2473 2187 2544 i_n
2214 2472 2355 2525 omni
2382 2472 2535 2526 corde
2565 2483 2612 2527 et
2641 2490 2729 2527 ore
2754 2474 3072 2544 collaudate,
3107 2488 3154 2534 et
3183 2480 3392 2536 benedi-

1791 2542 1890 2598 cite
1916 2558 2101 2600 nomen
2134 2542 2366 2598 Domini.

2400 2666 2631 2726 CAPUT
2664 2667 2777 2725 XL.

1874 2822 2163 2894 Occupatio
2199 2840 2393 2895 magna
2424 2833 2597 2879 creata
2627 2835 2701 2879 est
2732 2826 2967 2881 omnibus
2993 2828 3306 2895 hominibus,
3337 2842 3389 2887 et

1779 2895 1972 2967 jagam
2019 2912 2172 2967 grave
2225 2912 2378 2967 super
2416 2897 2554 2963 ﬁlios
2582 2897 2773 2961 Adam,
2800 2915 2831 2951 a
2860 2900 2945 2953 die
2981 2901 3149 2955 exitus
3179 2903 3243 2955 de
3268 2919 3389 2957 ven-

1792 2976 1867 3019 tre
1896 2969 2078 3049 matris
2100 2983 2300 3033 eorum,
2330 2983 2489 3037 usque
2518 2968 2573 3021 in
2598 2968 2735 3021 diem
2756 2970 3131 3041 sepulturw,in
3163 2983 3383 3028 matrem

1794 3054 2026 3093 omnium
2036 3078 2049 3090 .

183 3105 245 3181 Si
270 3109 681 3181 enimDominas
720 3123 943 3181 magnus
982 3106 1225 3177 voluerit,
1259 3108 1444 3180 spiritu
1484 3108 1683 3164 intelli-
1714 3107 1759 3170 C
1863 3108 2218 3178 Cogitationes
2254 3124 2452 3181 eorum,
2492 3118 2541 3162 et
2584 3112 2794 3166 timores
2844 3111 3051 3180 cordis,
3089 3114 3389 3173 adinventio

124 3178 293 3250 gen_tite
312 3180 516 3250 replebit
541 3180 693 3234 illum
724 3196 743 3235 .°

183 3246 248 3299 Et
292 3246 398 3320 ipse
438 3262 701 3320 tamquam
746 3251 934 3308 imbres
978 3251 1141 3321 mittet
1179 3250 1385 3318 eloquia
1414 3252 1688 3321 sapientia:

124 3331 239 3391 ηαξ,
272 3331 314 3373 et
343 3322 397 3375 in
416 3325 650 3377 oratione
679 3323 1007 3391 confitebitur
1035 3320 1265 3377 Domino
1298 3338 1316 3376 :

184 3389 371 3467 Etipse
389 3394 575 3465 diriget
596 3389 869 3467 consilium
891 3397 1023 3467 ejus,
1054 3403 1103 3448 et
1126 3394 1475 3465 disciplinam,
1500 3405 1548 3450 et
1568 3394 1688 3450 abs-

120 3462 321 3517 conditis
341 3468 445 3519 suis
471 3462 853 3519 consiliabitar.

181 3530 297 3602 Ipse
333 3537 507 3605 palam
538 3537 694 3607 faciet
730 3536 1063 3608 disciplinam
1102 3536 1352 3591 doctrinae
1390 3551 1518 3603 sate,
1547 3546 1595 3594 et
1632 3538 1691 3591 in

119 3599 221 3677 lege
240 3599 523 3677 testamenti
538 3599 760 3661 'Damini
779 3599 1114 3677 gloriabitur.

177 3672 550 3751 Collaudabant
578 3678 731 3733 multi
751 3672 1060 3750 sapientiam
1085 3678 1224 3749 ejus,
1250 3687 1296 3733 et
1324 3695 1486 3751 usque
1508 3681 1562 3734 in
1593 3696 1695 3736 ste-

118 3744 282 3800 calum
310 3765 413 3803 non
439 3751 716 3805 delabitur.

178 3814 299 3871 Non
325 3822 520 3877 recedet
543 3822 804 3875 memoria
824 3822 957 3894 ejus,
987 3830 1035 3876 et
1058 3836 1242 3875 nomen
1270 3824 1381 3892 ejus
1401 3822 1693 3893 requiratur

114 3901 140 3937 α
164 3894 492 3964 generatione
515 3895 575 3948 in
600 3896 1005 3964 generationem.

175 3958 496 4038 Sapientiam
524 3958 641 4038 ejus
677 3966 990 4019 enarrabunt
1027 3973 1221 4035 gentes,
1249 3973 1296 4018 et
1342 3964 1548 4018 laudem
1578 3969 1692 4038 ejus

110 4035 388 4089 enuntiabit
416 4035 655 4090 ecclesia.

176 4102 237 4178 Si
264 4108 624 4174 permanserit,
653 4122 837 4161 nomen
850 4106 1167 4178 derelinquet
1191 4106 1309 4174 plus
1330 4122 1483 4177 quam
1511 4106 1692 4163 mille:

112 4178 154 4220 et
182 4174 228 4249 si
246 4180 581 4249 requieverit,
607 4178 842 4249 proderit
868 4178 968 4234 illi.

111 4310 159 4378 ΡΙ
176 4245 362 4367 eliditch
385 4245 747 4304 cottsiliubitur
773 4260 829 4304 ut
859 4264 1091 4305 enarrem
1116 4262 1134 4302 :
1158 4257 1213 4302 ut
1242 4249 1417 4318 furore
1444 4250 1581 4306 enim
1610 4266 1690 4305 re-

164 4329 185 4365 e
208 4333 269 4371 us
291 4336 427 4376 sum.

164 4325 269 4371 etus
291 4336 427 4376 sum.

175 4384 239 4441 In
267 4405 389 4465 voce
424 4392 553 4447 dicit
579 4408 598 4448 :
624 4391 880 4447 Obaadite
900 4407 1000 4454 me,
1028 4392 1187 4445 divini
1216 4392 1435 4461 fructus,
1464 4401 1512 4447 et
1538 4393 1690 4465 quasi

110 4469 225 4534 τοῖς
253 4464 485 4531 plantata
508 4482 668 4534 super
698 4466 834 4517 rivos
860 4480 1109 4532 aquarum
1139 4465 1470 4533 fructiﬁcate.

181 4529 341 4594 Quasi
362 4529 591 4591 Libanas
613 4536 825 4590 odorem
843 4529 1111 4589 suavitatis
1133 4529 1327 4589 habete.

176 4598 406 4677 Florete,
425 4609 602 4675 ﬂores,
626 4608 778 4677 quasi
806 4606 994 4671 lilium,
1015 4608 1198 4659 etdate
1219 4608 1447 4673 odorem,
1474 4616 1523 4661 et
1544 4608 1689 4677 fron-

115 4666 222 4754 iete
249 4675 317 4754 ⁵ἱη
348 4666 601 4754 gratiam,
619 4666 664 4754 et
694 4666 991 4754 collaudato
1013 4677 1290 4744 canticum,
1320 4687 1366 4731 et
1411 4666 1689 4733 benedicite

110 4734 383 4817 Dominum
405 4749 458 4802 in
491 4734 733 4817 operibus
762 4749 892 4802 suis.
1278 4734 1289 4744 ’
1574 4784 1577 4785 ν

116 4878 129 4888 ,
178 4810 311 4869 Date
336 4810 536 4891 nomini
557 4825 671 4889 eius
700 4818 1157 4890 magniﬁcentiam,
1191 4828 1240 4874 et
1260 4820 1574 4891 confitemini
1604 4820 1688 4875 illi

111 4895 161 4960 tu
185 4898 303 4960 voce
328 4890 579 4947 labiorum
606 4902 913 4957 vestrorum,
944 4898 990 4942 et
1014 4891 1067 4942 in
1095 4891 1307 4945 canticis
1333 4893 1614 4959 labiorum,
1637 4901 1686 4948 et

114 4953 341 5028 citharis,
363 4974 409 5016 et
434 4965 507 5017 sic
528 4964 712 5019 dicetis
734 4964 788 5016 in
816 4953 1140 5028 confessione
1168 4977 1187 5015 :

183 5023 353 5097 Opera
376 5033 587 5089 Domini
624 5036 865 5089 universa
891 5023 1026 5085 bona
1054 5031 1224 5088 valde.

178 5094 244 5151 In
274 5105 419 5159 verbo
446 5109 558 5176 ejus
598 5108 739 5161 stetit
768 5120 906 5174 aqua
941 5105 1077 5176 sicut
1100 5105 1363 5176 congeries
1388 5114 1477 5161 :et
1504 5106 1557 5160 in
1577 5122 1685 5161 ser-

117 5180 258 5244 moue
285 5177 387 5229 oris
416 5174 558 5232 illius
588 5180 721 5232 sicut
746 5174 1035 5244 exceptoria
1057 5174 1327 5243 aquarum.

172 5240 433 5323 Quoniam
476 5250 530 5304 in
576 5260 832 5323 prwcepm
860 5240 1027 5315 ipsius
1068 5240 1248 5315 placor
1292 5249 1372 5318 fit,
1396 5258 1444 5302 et
1496 5264 1596 5302 non
1618 5256 1694 5303 est

122 5318 381 5392 mtuoratio
408 5320 459 5373 in
484 5318 654 5375 salute
684 5318 870 5392 ipsius.

186 5382 353 5463 Opera
380 5393 543 5446 ontnis
572 5382 745 5447 carnis
776 5408 954 5447 coram
982 5396 1160 5459 5110,81
1182 5407 1289 5445 non
1309 5400 1385 5446 est
1410 5391 1693 5463 quidquam

124 5450 458 5536 absconditum
488 5465 553 5517 ab
586 5465 751 5519 oculis
775 5467 910 5536 ejus,-

183 5525 432 5611 ξξδιιξευιο
472 5552 630 5607 usque
660 5525 989 5611 inisw'culam
1012 5535 1245 5611 respicit,
1277 5544 1324 5590 et
1347 5534 1476 5590 nihil
1506 5542 1579 5588 est
1606 5532 1703 5587 mi-

124 5596 273 5680 rabile
295 5602 345 5656 in
374 5596 653 5680 conspecta
683 5610 816 5680 ejus.

187 5669 306 5755 Νρη
344 5687 417 5755 e_st
446 5669 617 5755 dicere
649 5694 669 5732 :
705 5669 851 5746 'Quid
876 5688 951 5735 est
980 5679 1099 5749 hoc,
1134 5685 1224 5735 aut
1252 5678 1376 5749 quid
1405 5684 1481 5733 est
1515 5672 1658 5747 istud
1682 5674 1705 5728 ἶ)

134 5741 284 5801 θηιηὶα
309 5749 438 5803 enim
463 5751 517 5802 in
555 5741 790 5821 tempore
810 5768 906 5806 suo
934 5741 1247 5824 quaerentur.

386 5842 667 5906 Ps'rnon.
724 5841 973 5909 XXIX.

1715 4500 1770 4562 D

1794 3181 2211 3251 exspectationis,
2227 3190 2277 3235 et
2302 3180 2410 3234 dies
2433 3182 2704 3249 ﬁnitionis.

1868 3256 1908 3303 A
1944 3253 2198 3329 vendente
2223 3268 2378 3329 super
2402 3251 2575 3306 sedem
2595 3254 2871 3325 gloriosam
2890 3298 2904 3323 ,
2941 3272 3102 3329 usque
3124 3259 3193 3312 ad
3221 3261 3390 3316 hami-

1794 3322 1976 3377 liatum
1997 3325 2053 3377 in
2074 3333 2213 3377 terra
2235 3334 2283 3376 et
2303 3324 2492 3377 cinere.

1865 3394 1940 3447 Ab
1962 3410 2041 3461 eo,
2070 3394 2343 3475 qai_utitur
2360 3393 2662 3475 hyacintho,
2679 3404 2728 3451 et
2752 3406 2925 3475 portat
2938 3415 3202 3475 coronam,
3224 3418 3390 3475 usque

1792 3464 1863 3519 ad
1892 3481 2009 3539 eum
2032 3506 2045 3529 ,
2065 3464 2176 3539 iqui
2204 3464 2432 3539 operitur
2474 3468 2587 3539 tino
2631 3470 2794 3522 crudo
2824 3486 2842 3523 :
2889 3470 3059 3539 furor,
3089 3464 3227 3527 zelus
3252 3516 3266 3539 ,
3301 3464 3395 3529 ἰιι-

1792 3536 2015 3602 multus,
2040 3537 2338 3618 ﬂuctuatio,
2367 3545 2417 3591 et
2443 3538 2595 3593 timor
2620 3542 2819 3607 mortis,
2850 3536 3123 3595 iracundia
3147 3536 3389 3615 perseve-

1794 3625 1918 3662 rans
1930 3650 1945 3675 ,
1983 3617 2031 3661 et
2062 3617 2340 3661 contentio.

1868 3678 1935 3732 Et
1969 3680 2023 3733 in
2067 3690 2293 3748 tempore
2333 3681 2627 3749 refectionis
2675 3684 2729 3736 in
2771 3682 2930 3736 cubili
2973 3700 3186 3739 somnus
3227 3690 3393 3744 noctis

1793 3751 2029 3821 immutat
2058 3751 2323 3804 scientiam
2352 3754 2485 3821 ejus.

1867 3820 2132 3875 Modicam
2156 3820 2420 3894 tamquam
2445 3822 2577 3876 nihil
2596 3822 2650 3877 in
2677 3824 2853 3893 requie
2874 3865 2889 3894 ,
2922 3831 2970 3879 et
2995 3825 3058 3879 ab
3088 3843 3144 3882 eo
3173 3829 3223 3883 in
3247 3846 3385 3885 som-

1793 3893 1908 3956 nis,
1950 3894 2097 3962 quasi
2121 3894 2175 3944 in
2205 3891 2287 3944 dte
2313 3901 2592 3959 respectus.

1866 3962 2390 4042 Conturbatusestjn
2415 3964 2525 4017 visa
2552 3964 2719 4042 cordis
2746 3967 2850 4042 sui,
2873 3976 3134 4037 tamquam
3158 3974 3248 4042 qui
3269 3992 3388 4029 eva-

1793 4034 1993 4111 seritin
2017 4034 2099 4089 die
2125 4032 2243 4111 belli
2252 4074 2278 4111 ._
2289 4031 2322 4111 ,Ι
2330 4050 2362 4085 η
2388 4042 2611 4111 tempore
2636 4036 2822 4093 salutis
2838 4031 2961 4094 sua;
2984 4031 3272 4099 exsurrexit
3296 4087 3312 4111 ,
3340 4055 3389 4101 et

1795 4104 2065 4159 admirans
2089 4104 2157 4157 ad
2185 4102 2389 4158 nullum
2421 4106 2673 4162 timorem.

1866 4174 1995 4230 Cum
2020 4176 2159 4230 omni
2179 4191 2354 4257 carne,
2381 4175 2444 4229 ab
2465 4179 2669 4233 homine
2690 4196 2849 4253 usque
2868 4184 2938 4237 ad
2966 4201 3143 4253 pecus,
3165 4196 3211 4239 et
3232 4204 3389 4257 super

1794 4257 2085 4319 peccatores
2112 4247 2425 4317 septuplum.

1865 4317 2075 4399 Att/tate
2104 4336 2261 4399 mors,
2292 4321 2537 4391 sanguis,
2566 4325 2827 4399 contentio
2846 4365 2873 4399 ι
2895 4334 2942 4378 et
2973 4325 3258 4399 romphtea,
3286 4344 3384 4399 0p-

1795 4391 2088 4466 pressiones
2106 4436 2143 4466 ,_
2154 4397 2348 4461 fames,
2381 4401 2427 4443 et
2458 4396 2730 4466 contritio,
2760 4406 2806 4449 et
2833 4396 3065 4466 ﬂagella.

1867 4461 2040 4538 Super
2072 4464 2276 4533 iniquos
2315 4472 2487 4538 creata
2535 4474 2652 4519 sunt
2691 4465 2802 4520 hcce
2834 4461 3012 4521 omnia
3036 4507 3051 4530 ,
3095 4474 3141 4519 et
3174 4477 3385 4538 prapter

1795 4532 1914 4589 illos
1945 4536 2112 4602 factus
2138 4532 2212 4587 est
2238 4534 2599 4603 cataclysmus.

1873 4606 2065 4659 Omnia
2088 4647 2103 4671 ,
2145 4619 2259 4683 qua;
2293 4604 2358 4656 de
2383 4614 2517 4659 terra
2542 4616 2681 4671 sunt,
2706 4607 2759 4661 itt
2789 4617 2974 4661 terram
3004 4616 3385 4679 convertentur,

1796 4686 1843 4732 et
1865 4693 2038 4731 onmes
2064 4693 2213 4748 aqua:
2232 4692 2285 4728 tn
2314 4691 2454 4730 mare
2475 4688 2807 4733 revertentur.

1872 4748 2035 4824 _0mne
2055 4765 2241 4824 munus
2266 4786 2281 4811 ,
2314 4755 2360 4799 et
2391 4748 2639 4820 iniquitas
2670 4749 2943 4816 tlelebitur,
2975 4761 3025 4806 et
3057 4754 3183 4824 fides
3204 4757 3257 4811 in
3285 4774 3385 4814 sa:-

1794 4819 1969 4875 calum
1989 4819 2161 4874 stabit.

1870 4891 2185 4965 Substantia:
2212 4892 2522 4959 injustarum
2538 4892 2684 4965 sicut
2721 4892 2912 4965 fluvias
2950 4893 3301 4965 siccabuntur,
3340 4907 3389 4954 et

1795 4963 1927 5044 sicut
1958 4964 2238 5044 tonitruum
2262 4980 2500 5033 magnam
2528 4964 2581 5015 in
2608 4962 2779 5044 plariu
2798 4966 3171 5044 personabunt.

1868 5032 1936 5087 In
1960 5035 2240 5109 aperiendo
2262 5032 2448 5109 manus
2488 5050 2605 5109 suas
2636 5032 2894 5088 laetabitur
2931 5051 2949 5089 .'
2978 5035 3053 5091 sic
3074 5041 3387 5109 prtvvarica-

1797 5112 1932 5159 tores
1953 5104 2008 5158 in
2032 5108 2463 5160 consummatione
2484 5104 2756 5158 tabescent.

1872 5175 2100 5247 Nepotes
2121 5176 2399 5243 impiorum
2426 5191 2527 5228 non
2546 5174 2964 5245 multiplicabant
2990 5194 3162 5233 ramos
3185 5222 3200 5247 ,
3233 5194 3279 5235 et
3306 5200 3394 5237 ra-

1801 5246 1938 5302 dices
1960 5246 2246 5299 immundae
2266 5261 2418 5313 super
2438 5259 2680 5317 cacumen
2711 5253 2870 5317 petra:
2890 5258 3097 5302 sonant.

1875 5318 2044 5388 Super
2072 5331 2275 5393 omnem
2300 5330 2485 5393 aquum
2513 5315 2743 5369 viriditas
2768 5356 2785 5383 ,
2817 5326 2863 5373 et
2891 5319 2959 5371 ad
2991 5337 3140 5375 oram
3159 5324 3392 5393 fluminis

1802 5397 1921 5445 ante
1949 5385 2097 5439 omne
2121 5390 2301 5456 fenum
2321 5385 2583 5439 evelletur.

1874 5455 2211 5530 Gratiarsicut
2239 5456 2513 5530 paradisus
2542 5456 2597 5508 in
2629 5455 3069 5517 benedictionibus
3095 5506 3112 5530 ,
3157 5474 3207 5520 et
3239 5467 3393 5522 mise—

1804 5528 2031 5585 ricordia
2059 5529 2114 5580 in
2137 5528 2384 5593 siccatum
2408 5536 2694 5593 permanet.

1883 5599 2005 5681 Vita
2020 5597 2117 5681 sibi
2144 5587 2455 5681 sufficient'iu
2478 5600 3120 5681 onerarii‘condulcabitur
3141 5607 3249 5681 [ΑΙ.
3271 5626 3397 5665 con—

1808 5669 2147 5740 culcabt'tur],
2179 5669 2308 5740 etin
2340 5684 2398 5721 ea
2428 5670 2649 5723 invenies
2682 5676 3000 5729 thesaurum.

1882 5742 2048 5815 Filii,
2080 5738 2129 5799 et
2167 5738 2443 5813 ludificatio
2470 5742 2695 5803 civitatis
2721 5747 3043 5817 confirmabit
3067 5748 3180 5824 [ΑΙ.
3212 5754 3403 5825 con/ir-

2830 5839 2907 5906 15
3409 5847 3421 5855 ’
