3918 6192
53 333 115 392 ibi
1195 331 1404 398 LIBER
1442 331 1976 395 ECCLESIASTICI.

96 452 166 509 Sol
174 454 221 526 in
233 460 468 526 conspectu
492 449 808 508 annuntians
821 449 872 506 in
894 449 1057 520 exitu,
1079 465 1169 507 vas
1195 447 1524 517 admirabile,
1553 453 1608 512 Α

50 543 138 582 onus
165 525 339 582 Επειδὴ

270 544 282 578 ι
327 563 339 579 ο

68 544 139 649 pii:
161 544 384 650 $32!ng
411 595 582 651 exurit
615 604 822 656 terram,
855 603 901 649 et
929 595 981 649 in
1011 603 1288 664 conspectu
1319 593 1529 650 ardoris

44 671 118 741 ejus
146 669 232 741 quis
255 669 422 741 paterit
470 668 770 724 sustinere?
801 665 1091 722 Fornacem
1129 668 1424 722 custodiens
1470 668 1525 719 in

46 738 207 810 operibus
225 738 405 810 ardoris
435 755 454 791 :

88 809 306 880 Tripticiter
329 808 404 864 sol
429 826 654 865 exurens
683 817 905 882 montes,
940 810 1119 864 radios
1141 811 1316 882 igneos
1347 809 1524 879 exsuf-

45 886 141 954 ﬂaiu,
162 892 197 934 et
218 882 459 954 refulgens
487 882 654 954 radiis
683 882 788 954 suis
814 881 1034 954 obctzcat
1063 881 1258 954 oculos.

85 952 248 1022 .llaguus
273 951 525 1008 Dominus
548 952 640 1024 qui
683 952 801 1022 fecit
841 952 1008 1020 illum,
1037 962 1085 1009 et
1125 953 1178 1012 in
1212 951 1529 1008 sermonibus

41 1029 111 1095 qui
124 1024 330 1091 frstinavit
358 1024 478 1077 iter.

79 1093 123 1148 Et
143 1096 241 1148 luna
265 1095 311 1147 in
336 1095 580 1168 omnibus
606 1096 659 1151 in
683 1105 907 1168 tempore
936 1112 1053 1158 suo.
1081 1095 1306 1156 ostensio
1335 1104 1531 1164 tempo—

35 1175 91 1230 ris,
108 1176 142 1220 et
159 1168 327 1236 signum
354 1167 472 1221 cavi.

73 1238 434 1306 Alunasignum
468 1238 573 1293 diei
601 1238 739 1310 festi,
766 1237 1022 1294 luminare
1041 1238 1178 1308 quod
1200 1239 1453 1293 minuitur
1479 1239 1533 1294 in

30 1319 398 1363 consummatione.

68 1381 218 1434 [tensis
233 1379 506 1436 secundum
527 1396 708 1438 nomen
730 1381 842 1448 eius
863 1390 958 1445 est,
983 1397 1210 1438 crescens
1231 1379 1536 1435 mirabiliter

27 1453 54 1503 in
73 1453 492 1507 consummatione.

77 1523 150 1575 Vas
170 1534 442 1576 castrorum
484 1525 538 1578 in
569 1523 806 1591 excelsis,
841 1524 894 1578 in
940 1523 1267 1593 ﬁrmamento
1303 1523 1417 1580 caeli
1458 1541 1534 1577 re-

27 1593 230 1663 tplendens
255 1593 493 1664 gloriose.

62 1665 232 1738 Species
257 1667 366 1738 caeli
406 1666 577 1738 gloria
604 1666 874 1720 stellarum
892 1707 910 1734 ,
951 1667 1205 1721 mundum
1232 1665 1538 1721 illuminans

28 1737 243 1789 nexrelsis
268 1735 542 1791 Dominus.

59 1808 109 1860 In
136 1808 281 1880 verbis
317 1810 509 1864 sanctis
537 1807 746 1863 stabunt
780 1810 849 1862 ad
886 1809 1174 1880 judicium,
1199 1819 1246 1863 et
1277 1825 1377 1864 non
1401 1807 1537 1878 deﬁ-

28 1879 107 1930 ient
130 1879 175 1930 in
205 1880 384 1948 vigiliis
413 1880 520 1934 suis
536 1919 550 1934 .

66 1948 168 2023 Vide
201 1966 406 2015 arcum,
437 1961 484 2006 et
512 1951 720 2006 bencdic
747 1967 863 2005 eum
902 1952 989 2021 qui
1023 1953 1142 2023 fecit
1169 1952 1316 2006 illum
1347 1967 1366 2006 :
1398 1949 1546 2005 valde

27 2022 218 2092 peciosus
246 2031 315 2076 est
346 2023 399 2075 in
429 2024 703 2092 splendore
723 2040 839 2077 suo.

54 2088 242 2166 Cyrauit
279 2088 465 2146 caelum
500 2100 552 2147 in
596 2095 817 2149 circuitu
845 2095 1029 2166 glorice
1051 2111 1160 2151 sua:
1183 2110 1203 2149 :
1231 2111 1413 2148 mamts
1436 2093 1547 2150 Ea:—

27 2163 97 2217 elsi
116 2173 409 2228 aperuerunt
436 2166 608 2220 illum.

57 2234 252 2304 Imperio
278 2253 372 2290 suo
403 2237 701 2291 accelerauit
731 2237 896 2290 nivem
920 2252 940 2292 :
959 2245 1009 2292 et
1029 2237 1278 2292 accelerat
1302 2253 1544 2294 corusca-

27 2307 127 2382 Itruc-9s
148 2308 373 2361 emittere
390 2309 586 2382 judicii
613 2309 715 2382 sui.
797 2313 804 2316 ’

27 2449 32 2458 Ι
55 2376 308 2446 Propterea
334 2376 500 2450 aperti
523 2387 642 2435 sunt
664 2379 910 2449 thesauri,
936 2387 982 2433 et
1006 2377 1335 2434 evolaverunt
1351 2378 1549 2434 nebula:

27 2459 97 2500 ιτιιι
115 2467 219 2504 αυεε
227 2492 239 2504 .

52 2520 104 2595 In
132 2522 478 2595 magnitudine
496 2539 591 2577 sua
619 2522 787 2593 posuit
827 2523 1008 2589 nubes,
1051 2531 1098 2576 et
1138 2521 1396 2594 confracti
1432 2531 1550 2577 sunt

27 2593 155 2664 lpides
181 2593 472 2664 grandinis.

52 2662 102 2715 In
126 2662 394 2734 conspectu
425 2666 537 2736 ejus
558 2665 1016 2722 commovebuntur
1043 2676 1242 2722 montes
1275 2682 1295 2721 :
1316 2675 1364 2721 et
1385 2666 1440 2721 in
1467 2681 1552 2720 vo-

27 2745 153 2820 πείσειε
179 2739 290 2818 ejus
314 2737 564 2820 aspirabit
592 2737 784 2820 Natus:

53 2804 149 2881 ἴοι
175 2804 388 2861 tbnitrui
411 2811 522 2878 ejus
548 2810 829 2863 verberabit
855 2817 1066 2876 terram,
1093 2816 1366 2881 tempestas
1391 2809 1554 2880 Aqui-

28 2880 118 2950 μείης,
149 2891 192 2932 et
221 2882 552 2950 congregatio
580 2882 794 2948 spiritus
823 2897 842 2935 :

48 2947 102 3024 Et
124 2952 252 3004 sicut
277 2947 387 3004 avis
413 2947 670 3024 deponens
690 2955 757 3006 ad
777 2951 1080 3014 sedendum.
1104 2952 1334 3024 aspergit
1356 2951 1518 3008 nivem
1533 2967 1554 3007 :

50 3022 182 3096 {ient
196 3025 401 3096 locusta
429 3023 739 3096 demergens
755 3025 1036 3096 descensus
1060 3027 1196 3096 ejus.

47 3091 480 3146 Putchritudinem
530 3091 770 3148 candoris
809 3098 923 3157 eius
969 3091 1316 3149 adniirabitur
1347 3095 1551 3162 oculus,

43 3180 180 3238 s_uper
199 3165 429 3238 imbrem
442 3167 555 3238 ejus
587 3176 880 3238 expavescet
903 3183 1009 3220 cor.

3131 342 3240 401 462

2213 451 2442 512 CAPUT
2485 453 2670 518 XLIV.

1706 588 2005 673 Laudemus
2026 591 2160 647 viros
2182 589 2462 665 gloriosos,
2488 602 2536 649 et
2557 600 2798 665 parentes
2827 601 3029 649 nostros
3051 594 3106 652 iu
3133 612 3224 665 ge-

1633 673 1900 716 iteratione
1921 681 2037 718 sua.

1706 733 1930 857 .ltqltant
1961 736 2181 807 gloriam
2212 735 2333 808 fecit
2365 735 2619 796 Dominus
2652 736 3040 810 magniﬁcentia
3071 753 3172 794 sua
3194 756 3227 793 a

1709 821 1768 856 Cll
1797 822 1845 857 ο.

1636 820 1845 859 δωειιιο.

1707 874 2044 932 Dominantes
2077 879 2129 932 iu
2162 879 2498 951 potestatibus
2525 880 2630 936 suis
2664 879 2897 936 honrines
2935 881 3108 950 magni
3137 882 3234 937 vir-

1633 953 1742 1024 tute
1767 992 1781 1024 ε
1813 959 1861 1001 et
1896 951 2170 1024 prudentia
2191 968 2288 1005 sua
2322 951 2556 1020 pra’diti,
2579 955 2869 1008 nuntiantes
2895 953 2949 1008 in
2977 955 3240 1024 prOphetis

1638 1018 1938 1094 dig_r_iitatem
1970 1018 2358 1094 prophetarum.

1707 1089 1778 1169 Et
1822 1089 2131 1169 imperantes
2175 1095 2229 1148 in
2252 1095 2506 1169 presenti
2546 1093 2763 1169 populo,
2803 1102 2851 1150 et
2875 1096 3058 1152 virtute
3105 1112 3234 1169 pru-

1638 1159 1828 1215 dentia:
1856 1163 2066 1230 populis
2097 1159 2423 1220 sanctissima
2451 1159 2620 1222 verba;

1713 1231 1780 1286 In
1811 1237 1996 1300 peritia
2015 1251 2112 1289 sua
2137 1236 2449 1301 requirentes
2471 1237 2648 1292 modos
2676 1239 2918 1306 musicos,
2948 1247 2997 1293 et
3013 1255 3236 1295 narran-

1637 1306 1966 1377 tesfarmina
1994 1307 2389 1377 scripturarum.

1705 1374 1959 1450 Homines
2000 1374 2183 1450 divites
2214 1379 2266 1431 in
2313 1381 2531 1445 virtute,
2570 1379 2976 1450 pulchritudinis
3006 1385 3235 1440 studium

1638 1444 1883 1501 habentes
1913 1463 1932 1502 :
1966 1449 2300 1517 paciﬁcantes
2328 1451 2380 1504 in
2409 1444 2644 1506 domibus
2678 1455 2806 1507 suis.

1715 1517 1904 1595 Omnes
1961 1520 2046 1573 isti
2092 1521 2145 1595 in
2195 1522 2620 1595 generationibus
2661 1525 2824 1595 gentis
2867 1540 2977 1580 sua:
3022 1527 3242 1595 gloriam

1641 1589 1815 1652 adepti
1844 1601 1984 1650 sunt.
2013 1599 2061 1644 et
2093 1591 2144 1643 in
2170 1589 2348 1646 diebus
2363 1596 2469 1647 suis
2502 1589 2755 1647 habentur
2781 1596 2835 1652 it‘t
2865 1589 3128 1652 laudibus.

1719 1608 1738 1644 κ
1777 1608 1813 1643 ιι
1844 1608 1984 1650 sunt.
2013 1608 2061 1644 et
2093 1608 2144 1643 in
2170 1608 2348 1646 aieous
2363 1611 2469 1647 suis
2502 1608 2755 1647 naoentur
2781 1608 2835 1652 in
2865 1608 3128 1652 laudibus.

1719 1608 1822 1735 ἄιιὶ
1846 1661 1910 1714 de
1939 1661 2042 1715 illis
2074 1662 2183 1716 nati
2227 1673 2371 1731 sunt,
2405 1665 2726 1735 reliquerunt
2769 1683 2953 1722 nomen
2982 1671 3237 1726 narrandi

1643 1730 1826 1785 laudes
1857 1747 2056 1784 eorum.

1723 1802 1786 1880 _l:'t
1820 1813 1938 1880 sunt
1963 1820 2180 1880 quorum
2218 1821 2321 1859 non
2349 1815 2422 1880 est
2472 1807 2721 1862 memoria
2753 1823 2774 1862 :
2803 1810 3066 1877 perierunt,
3093 1813 3242 1880 quasi

1649 1875 1736 1953 qui
1755 1891 1856 1927 non
1893 1874 2088 1953 fuerint
2120 1893 2160 1953 ;⁸
2181 1885 2227 1929 et
2275 1879 2382 1930 nati
2423 1887 2562 1947 sunt,
2595 1879 2744 1949 quasi
2775 1874 2879 1934 non
2918 1881 3049 1948 nati,
3071 1874 3118 1938 et
3147 1883 3244 1953 ﬁlii

1646 1948 1890 2016 ipsorum,
1905 1963 2022 2016 cum
2060 1948 2207 2014 ipsis.

1720 2016 1826 2095 §ed
1854 2015 1934 2070 illi
1961 2018 2055 2073 viri
2084 2017 2452 2074 misericordiae
2477 2030 2620 2089 sunt,
2640 2037 2862 2092 quorum
2892 2023 3108 2095 pietates
3140 2041 3243 2082 non

1648 2087 1920 2155 defuerunt
1950 2105 1969 2143 :

1720 2157 1847 2234 Qum
1872 2161 2062 2234 semine
2087 2178 2266 2216 eorum
2281 2171 2582 2234 permanent
2606 2165 2756 2220 bona.

1723 2229 2017 2286 [hereditas
2045 2244 2224 2287 sancta
2257 2229 2466 2303 nepotes
2504 2250 2707 2301 eorum,
2739 2246 2788 2290 et
2831 2237 2886 2292 in
2926 2241 3246 2297 testamentis

1649 2303 1785 2358 stetit
1812 2319 1981 2356 semen
2011 2319 2207 2357 eorum.

1724 2371 1792 2427 Et
1835 2373 1929 2441 ﬁlii
1957 2390 2134 2428 eorum
2184 2384 2395 2446 propter
2424 2374 2542 2428 illos
2570 2391 2733 2446 usque
2769 2377 2823 2432 in
2857 2387 3108 2434 ceternum
3137 2396 3249 2434 ma-

1653 2453 1773 2521 nent
1799 2460 1816 2498 :
1846 2460 2024 2521 semen
2045 2462 2222 2500 eorum
2245 2460 2291 2521 et
2311 2446 2483 2515 gloria
2513 2462 2689 2521 corum
2714 2463 2817 2502 non
2838 2450 3243 2521 derelinquetur.

1725 2516 1953 2581 Corpora
2007 2517 2234 2584 ipsorum
2273 2517 2329 2570 in
2377 2532 2502 2585 pace
2542 2516 2744 2584 sepulta
2788 2530 2932 2580 sunt.
2972 2532 3020 2575 et
3050 2516 3240 2578 nomen

1651 2604 1831 2660 eorum
1858 2587 1972 2660 vivit
2000 2587 2052 2642 in
2078 2589 2457 2660 generationem
2480 2596 2525 2641 et
2551 2589 2956 2660 generationem.

1726 2658 2048 2728 Sapientiam
2075 2658 2306 2730 ipsorum
2332 2671 2540 2714 narrent
2555 2658 2759 2730 papuli,
2777 2671 2822 2714 et
2839 2663 3046 2719 laudem
3067 2681 3245 2720 eorum

1654 2731 1853 2786 nuntiet
1873 2731 2106 2785 ecclesia.

1727 2799 1942 2880 Iienoch
1968 2802 2162 2880 placuit
2191 2800 2323 2880 Deo,
2345 2812 2392 2880 et
2433 2799 2718 2859 translatus
2745 2814 2817 2860 est
2841 2808 2893 2860 in
2914 2808 3242 2880 paradisum,

1655 2882 1712 2929 ut
1741 2872 1828 2946 det
1854 2873 2091 2946 gentibus
2123 2875 2492 2946 paenitentiam.

1730 2942 2124 3025 Nomina-fatus
2152 2953 2223 2996 est
2263 2945 2547 3025 perfectus,
2576 2945 2758 3025 justus
2786 2991 2802 3017 ,
2834 2960 2881 3008 et
2917 2951 2972 3008 in
3001 2961 3233 3025 tempore

1655 3015 1941 3069 iracundia:
1969 3015 2140 3083 [actus
2167 3024 2239 3068 est
2266 3015 2620 3069 reconciliatio
2639 3033 2658 3070 .°

1657 3083 1859 3211 dvldeo
1888 3087 2152 3141 dimissum
2191 3096 2262 3141 est
2299 3087 2560 3157 reliquum
2594 3097 2764 3157 teme,
2797 3107 2911 3146 cum
2946 3094 3146 3164 factum
3179 3108 3252 3155 est

1697 3175 1711 3211 t
1740 3172 1914 3210 uinum
1934 3167 1956 3209 .‘

1697 3167 1914 3212 Humum
1934 3167 1956 3209 .’

43 3227 156 3287 Gelu
185 3237 320 3290 sicut
349 3227 516 3290 salem
541 3227 766 3303 elfundet
794 3255 949 3304 super
978 3249 1164 3292 terram
1195 3253 1214 3292 .'
1244 3249 1290 3291 et
1317 3237 1441 3292 dum
1470 3253 1554 3308 ge-

1732 3227 2058 3308 Testamenta
2087 3229 2268 3308 sinenti
2299 3229 2468 3308 posita
2497 3241 2618 3286 sunt
2662 3233 2806 3304 apud
2853 3235 3024 3305 illum,
3059 3256 3122 3296 ne
3159 3243 3255 3297 de.

29 3309 159 3364 xerit.
190 3307 277 3374 [iet
311 3321 571 3375 tamquam
601 3310 866 3362 coeuntina
889 3311 1088 3363 tribuli.

45 3375 281 3446 Frigidus
305 3388 484 3432 ventus
516 3379 700 3448 Aquilo
721 3381 889 3449 ﬂavit,
920 3392 964 3433 et
987 3380 1173 3450 gelavit
1198 3378 1474 3450 crystallus
1493 3379 1556 3432 ab

27 3464 125 3508 tua:
157 3466 312 3520 super
328 3466 537 3522 omnem
568 3454 1015 3522 congregationem
1047 3467 1301 3519 aquarum
1331 3453 1559 3522 requies-

29 3528 135 3592 t,_et
156 3519 290 3574 sicut
319 3519 485 3574 lorica
516 3519 688 3576 induet
719 3519 772 3577 se
801 3525 970 3592 aquis.

46 3588 103 3666 ει
124 3593 384 3666 Δειλοναὺῇι
402 3603 620 3661 montes,
643 3603 689 3646 et
703 3588 879 3648 exuret
899 3594 1175 3664 desertum,
1200 3603 1249 3652 et
1271 3595 1558 3666 exstinguet

28 3660 143 3734 ride.
176 3665 313 3717 sicut
344 3665 483 3734 igne.

40 3731 295 3788 Medicina
321 3731 554 3789 omnium
585 3735 639 3789 in
668 3735 998 3806 festinatione
1027 3737 1228 3793 nebulte
1250 3753 1270 3793 :
1291 3747 1339 3793 et
1363 3753 1448 3792 ros
1468 3736 1559 3792 0b-

27 3817 100 3878 ans
125 3808 188 3858 ab
217 3807 412 3864 ardore
437 3808 656 3862 venienti
685 3807 929 3863 humilem
950 3809 1140 3878 efﬁciet
1167 3826 1302 3863 eum.

38 3871 95 3949 lu
118 3894 358 3949 sermone
379 3881 492 3949 ejus
520 3879 660 3933 siluit
686 3890 887 3941 ventus,
918 3889 965 3934 et
981 3871 1303 3948 cogitatione
1327 3896 1422 3934 sua
1444 3879 1559 3949 pla-

28 3946 86 4020 r‘it
105 3948 372 4018 abyssum,
401 3946 449 4003 et
477 3951 728 4020 plantavit
760 3951 809 4003 in
832 3951 926 4004 illa
949 3946 1203 4004 Dominus
1231 3946 1449 4004 insulas.

35 4016 129 4080 Qui
165 4016 422 4094 navigant
450 4016 636 4094 mare,
673 4033 914 4094 enarrent
943 4021 1176 4088 pericula
1206 4026 1317 4094 ejus
1347 4037 1365 4076 .'
1389 4028 1436 4075 et
1463 4036 1560 4074 au-

27 4098 147 4142 entes
174 4092 398 4145 auribus
441 4092 633 4145 nostris
665 4092 1054 4146 admirabimur.

38 4157 154 4212 Illic
196 4165 462 4230 prceclara
493 4179 682 4232 opera,
714 4173 762 4216 et
787 4163 1088 4219 mirabilia:
1115 4164 1255 4217 varia
1283 4163 1560 4218 bestiarum

27 4245 165 4301 nera,
232 4243 289 4287 et
345 4237 575 4289 ontnium
626 4249 904 4306 pecorum,
970 4244 1019 4289 et
1062 4247 1302 4289 creatura
1356 4233 1556 4288 bellua-

28 4316 84 4352 m.

37 4370 272 4440 Propter
313 4379 489 4446 ipsum
531 4376 867 4446 conﬁrmatus
897 4386 971 4432 est
1006 4378 1206 4432 itineris
1239 4377 1360 4447 ﬁnis
1382 4417 1396 4443 ,
1429 4386 1474 4431 et
1506 4377 1562 4429 in

28 4460 181 4522 mone
206 4451 331 4522 ejus
363 4451 649 4522 composita
679 4459 798 4522 sunt
827 4450 1019 4504 omnia.

27 4513 196 4568 blatta
225 4513 492 4587 dicemus;
522 4530 573 4574 et
603 4521 898 4591 deﬁciemus
925 4523 976 4573 in
1008 4521 1204 4574 verbis:
1235 4535 1559 4576 consumma—

41 4596 234 4663 gutem
261 4607 588 4657 sermonum,
615 4593 725 4663 ipse
753 4602 828 4648 est
859 4595 911 4646 in
938 4593 1192 4650 omnibus.

27 4655 328 4717 Slariantes
356 4665 424 4718 ad
455 4655 584 4734 quid
610 4655 923 4722 valebimus?
948 4663 1057 4733 ipse
1081 4663 1215 4722 enim
1237 4662 1557 4735 omnipotens

28 4745 94 4806 fr
115 4735 310 4806 omnia
336 4750 496 4806 opera
525 4751 642 4788 sua.

27 4797 303 4879 "terribilis
334 4797 617 4879 Dominus,
649 4816 698 4862 ct
720 4823 937 4879 magnus
960 4805 1298 4874 vehementer,
1327 4815 1374 4860 et
1403 4806 1562 4860 mira-

27 4887 49 4948 ξ
80 4877 340 4943 potentia
365 4877 532 4948 ipsius
548 4919 561 4932 .

28 4947 407 5021 ilori/icantes
449 4949 729 5006 Dominum
771 4959 1242 5019 quantumcumque
1291 4950 1562 5021 potueritis

27 5053 34 5063 ι
58 5017 384 5094 poteritis],
414 5023 755 5094 supervalebit
777 5017 908 5078 enim
937 5021 1131 5090 adhuc,
1157 5017 1210 5080 el
1239 5017 1562 5080 admirabilis

27 5089 350 5157 vni/irentia
385 5089 520 5161 eius.

28 5163 414 5219 ἐιιειιὶε-ειιιεε
442 5161 748 5238 Dominum,
771 5164 995 5238 exaltate
1023 5163 1174 5238 illum
1199 5173 1452 5238 armatum
1473 5183 1568 5238 po-

28 5251 54 5306 .s
85 5249 105 5284 :
145 5249 274 5285 non
301 5238 480 5306 major
507 5236 645 5289 enim
675 5244 748 5288 est
779 5237 918 5291 omni
937 5234 1112 5291 laude.

27 5302 353 5378 'xattantes
386 5302 513 5361 cum
543 5307 812 5378 replemini
840 5310 1044 5374 virtute,
1073 5322 1137 5360 ne
1159 5305 1400 5366 laboratis
1429 5325 1571 5366 :non

27 5377 444 5442 prehenderis.

39 5449 129 5522 uis
168 5447 566 5522 videbiteum.
606 5460 652 5522 et
680 5451 985 5508 enarrabit?
1007 5460 1055 5505 et
1080 5451 1194 5521 quis
1221 5453 1572 5522 magni/icabit

27 5520 216 5574 rsicut
247 5530 335 5576 est
362 5521 428 5575 ab
451 5522 602 5577 initio
624 5521 652 5575 .’

27 5586 184 5644 fulta
212 5594 545 5647 abscondita
565 5600 686 5646 sunt
715 5597 913 5666 majora
938 5595 1018 5649 his
1051 5609 1071 5652 .°
1102 5611 1267 5666 pauca
1289 5595 1420 5650 enim
1442 5593 1574 5648 vidi-

47 5679 314 5735 cperunt
343 5667 463 5737 ejus
491 5680 508 5737 ς

27 5733 216 5812 ’niu_ia
257 5733 450 5791 autem
488 5733 750 5792 Dominus
777 5737 896 5809 fecit
916 5778 932 5806 ,
963 5747 1009 5794 et
1042 5737 1124 5810 pie
1150 5740 1415 5812 agentibus
1438 5735 1580 5792 dedit

27 5807 294 5862 entiam.

1663 3300 1761 3354 leri
1789 3299 1950 3366 possit
1977 3300 2173 3355 diluvio
2199 3303 2366 3356 omnis
2393 3317 2536 3356 caro.

1731 3369 1994 3450 Abraham
2025 3389 2245 3450 attiguas
2266 3373 2781 3450 patermultitudinis
2799 3379 3054 3450 gentium,
3082 3392 3257 3439 etnon

1659 3450 1733 3497 est
1779 3442 2017 3518 inventus
2066 3441 2250 3518 similis
2267 3441 2361 3518 'illt
2403 3445 2457 3497 in
2495 3447 2706 3515 gloria:
2730 3441 2823 3518 qui
2847 3441 3160 3508 conservavit
3187 3457 3256 3510 te-

1659 3531 1773 3585 gent
1807 3510 2038 3579 Excelsi,
2071 3527 2114 3568 et
2143 3515 2241 3584 fuit
2270 3516 2327 3568 in
2358 3510 2666 3571 testamento
2714 3510 2965 3576 camilla.

1734 3583 1799 3638 In
1832 3601 1996 3660 _carne
2023 3583 2318 3660 ejns’stare
2354 3591 2475 3658 fecit
2504 3598 2882 3660 testamentum,
2925 3603 2973 3646 et
3004 3594 3058 3648 in
3086 3605 3258 3650 tenta-

1662 3656 1798 3710 tione
1825 3656 2056 3710 inventuri
2077 3668 2149 3711 est
2179 3656 2368 3725 fidelis.

1732 3725 1862 3780 Ideo
1904 3729 2262 3805 jurejurando
2308 3728 2451 3782 dedit
2494 3727 2574 3783 illi
2616 3731 2839 3805 gloriam
2877 3733 2931 3790 in
2957 3744 3107 3803 gente
3143 3754 3256 3805 sua,

1661 3814 1884 3870 crescere
1911 3802 2057 3870 illum
2083 3801 2233 3870 quasi
2265 3810 2415 3853 terra:
2444 3803 2712 3854 cumulum
2735 3820 2755 3857 .·

1733 3867 1802 3922 Ει
1825 3879 1878 3941 ut
1909 3867 2345 3926 stellas‘exaltare
2370 3886 2542 3924 semen
2571 3876 2706 3941 ejus,
2731 3884 2777 3930 et
2804 3873 3112 3935 hareditare
3140 3880 3260 3936 illos

1661 3956 1691 3992 a
1721 3939 1852 3994 mari
1878 3958 2036 4012 usque
2065 3941 2134 3994 ad
2157 3957 2300 3996 mare
2319 3981 2334 4006 ,
2359 3951 2406 3996 et
2433 3957 2464 3994 a
2485 3939 2702 4012 [Iuntina
2735 3963 2896 4016 usque
2921 3950 2992 4004 ad
3016 3955 3262 4010 terminos

1662 4020 1678 4063 ι
1684 4027 1814 4064 erras
1822 4051 1832 4062 .

1733 4081 1801 4135 Et
1841 4083 1892 4166 in
1921 4080 2076 4136 Isaac
2105 4080 2286 4136 eodem
2317 4085 2469 4140 modo
2490 4085 2612 4158 fecit
2639 4098 2849 4160 propter
2877 4088 3138 4150 Abraham
3168 4116 3262 4166 pa-

1661 4161 1790 4207 trem
1819 4156 1950 4208 eius.

1732 4173 1790 4204 rm
1819 4173 1843 4205 ι’
1872 4173 1950 4208 us.

1732 4173 2149 4278 Beni'dictionem
2191 4227 2419 4307 omnium
2449 4231 2678 4299 gentium
2707 4231 2955 4307 dedit_illi
2976 4235 3261 4307 _l)ominus,

1665 4303 1710 4348 et
1737 4304 2094 4372 testamentum
2120 4297 2622 4372 conﬁrmavit'super
2645 4315 2798 4372 caput
2830 4303 3017 4358 Jacob.

1734 4367 1950 4441 Agnorit
1973 4371 2166 4441 eumin
2197 4367 2631 4441 benedictionibus
2658 4367 2787 4441 suis,
2809 4384 2856 4430 et
2881 4375 3021 4430 dedit
3053 4376 3132 4431 illi
3157 4377 3264 4431 lue-

1663 4439 1954 4512 reditatem,
1983 4449 2027 4491 et
2059 4439 2235 4512 divisit
2269 4439 2351 4512 illi
2377 4453 2576 4512 partem
2614 4447 2666 4497 in
2704 4439 2935 4498 tribubus
2963 4446 3257 4502 duodecim.

1738 4509 1805 4582 Et
1828 4512 2140 4564 conservavit
2172 4509 2251 4563 illi
2277 4509 2510 4567 homines
2533 4516 2917 4582 misericordiw,
2949 4517 3261 4573 invenientes

1585 4623 1640 4685 Β
1665 4581 1888 4650 gratiam
1913 4585 1965 4635 in
1989 4583 2154 4636 oculis
2182 4584 2349 4636 omnis
2372 4585 2563 4638 carnis.

2238 4693 2467 4752 CAPUT
2518 4695 2675 4751 XLV.

1741 4808 1973 4884 Dilectus
1994 4807 2112 4884 Deo
2152 4820 2199 4865 et
2235 4808 2531 4866 hominibus
2567 4810 2792 4882 Moyses,
2830 4814 2982 4884 cujus
3013 4816 3260 4870 memoria

1669 4881 1725 4936 iu
1751 4882 2102 4935 benedictione
2127 4891 2219 4936 est.

1743 4953 1985 5028 Similem
2009 4951 2159 5028 illum
2185 4954 2302 5028 fecit
2321 4953 2585 5028 ingloria
2606 4964 2922 5028 sanctorum,
2947 4963 2992 5008 et
3019 4959 3262 5028 magniﬁ-

1671 5028 1801 5078 cavit
1826 5041 1943 5078 eum
1967 5025 2022 5078 in
2048 5026 2230 5079 timore
2257 5025 2602 5093 inimicorum,
2633 5036 2678 5079 et
2700 5026 2751 5079 in
2772 5027 2932 5080 verbis
2960 5031 3065 5081 suis
3095 5025 3264 5083 inaus-

1670 5111 1752 5151 tra
1778 5096 2018 5164 placarit.

1742 5163 2064 5240 Gloriﬁcavit
2106 5163 2257 5218 illum
2305 5165 2360 5218 in
2397 5175 2670 5240 conspectu
2693 5184 2909 5240 regum,
2937 5178 2982 5224 et
2998 5169 3158 5240 jussit
3185 5171 3266 5226 illi

1671 5235 2062 5320 eorgm‘populq
2081 5252 2208 5320 suo,
2228 5244 2278 5318 et
2300 5236 2522 5317 ostendit
2549 5235 2629 5320 illi
2649 5235 2886 5320 gius-iani
2897 5235 3068 5320 strain.

1748 5306 1814 5362 In
1840 5306 1941 5376 [ide
1957 5317 2005 5360 et
2032 5306 2239 5389 lenitate
2259 5307 2420 5377 ipsius
2440 5306 2674 5362 sanctum
2701 5313 2821 5380 fecit
2849 5311 3019 5380 illum,
3042 5324 3090 5368 et
3118 5313 3268 5386 elegit

1674 5396 1792 5435 eum
1819 5395 1884 5433 etc
1909 5393 2048 5432 0mm
2076 5392 2250 5438 carne.

1747 5449 1957 5573 Augivit
1989 5449 2129 5503 enim
2155 5463 2290 5513 eum,
2315 5457 2364 5502 et
2390 5464 2560 5504 vocem
2591 5451 2778 5522 ipsius,
2803 5462 2854 5506 et
2883 5454 3090 5512 induxit
3115 5455 3270 5511 illum

1751 5538 1817 5573 nu
1857 5536 1954 5573 cm.

1676 5539 1730 5576 ιιι
1751 5536 1954 5576 nubem.

1752 5593 1820 5667 Et
1847 5592 1989 5667 dedit
2013 5590 2092 5644 illi
2118 5607 2290 5667 coram
2321 5601 2579 5660 praecepta
2600 5636 2614 5661 ,
2645 5605 2692 5650 et
2716 5595 2878 5667 legem
2900 5597 3018 5652 vitm
3043 5609 3090 5654 et
3116 5601 3274 5655 disci-

1682 5662 1864 5788 ;Islincel,
1895 5662 2078 5716 docere
2105 5660 2267 5717 Iacob
2293 5660 2650 5720 testamentum
2679 5660 2848 5737 suum,
2878 5677 2924 5724 et
2949 5671 3148 5743 judicia
3178 5691 3275 5728 sua

1719 5752 1833 5788 srae
1859 5773 1874 5788 .

1719 5752 1851 5789 sraet
1859 5773 1874 5788 ο

1763 5803 2042 5860 Επειδιιιιι
2071 5803 2188 5874 fecit
2229 5805 2404 5862 Aaron
2437 5807 2649 5879 fratrem
2693 5810 2828 5881 ejus,
2855 5820 2906 5866 et
2935 5813 3152 5872 similem
3177 5815 3278 5871 sibi

1692 5875 1757 5931 de
1783 5877 1919 5932 tribu
1946 5875 2092 5931 Levi.

1730 5893 1757 5931 e
1783 5887 1919 5931 tribu
1946 5887 2092 5931 Levi.
