3918 6192
625 226 742 288 465

1627 221 1686 280 S.
1726 217 2106 278 HIERONYMI
2145 213 2378 276 DIVINA
2413 213 2895 274 BIBLIOTHECA.
3819 215 3896 277 ιω

709 345 913 400 Statuit
941 340 988 397 ei
1017 339 1379 393 testamentum
1401 341 1672 401 aeternum,
1715 344 1763 388 et
1791 336 1933 388 dedit
1959 335 2041 390 illi
2058 335 2315 396 δασεῖ-Α
2410 330 2671 403 Impetum
2713 334 2834 403 fecit
2877 336 3059 387 contra
3101 336 3304 402 gentem
3352 328 3631 402 hostilem,
3679 338 3725 387 et
3759 331 3806 388 in
3834 334 3897 390 de-

639 418 847 472 dotium
872 413 1074 486 gentis_:
1099 415 1147 486 et
1169 406 1478 472 beatiﬁcauit
1504 405 1656 486 illum
1683 407 1736 460 in
1758 408 1947 486 gloria,

714 486 785 540 Et
813 477 1167 539 ctiumcinxit
1187 493 1303 530 eum
1330 493 1462 531 zona
1487 479 1686 548 gloria),
1713 488 1761 531 et
1789 477 1962 531 induit
1983 486 2100 532 eum
2125 486 2233 532 sto-
2271 505 2276 509 -

641 560 748 613 tam
780 555 979 626 glorite,
1003 558 1050 626 et
1074 548 1338 626 coronavit
1364 564 1480 626 eum
1508 550 1560 602 in
1584 550 1717 626 vasis
1735 549 1958 626 virtutis.

713 619 1098 690 Circumpedes,
1125 628 1171 672 et
1197 619 1490 689 femoralia,
1516 628 1563 674 et
1585 619 1849 673 humerale
1877 619 2048 687 posuit
2079 620 2125 675 ei
2141 661 2156 686 ,
2186 627 2234 674 et

639 696 801 752 cinxit
826 689 976 747 illum
999 689 1356 744 tintinnabulis
1383 692 1556 744 aureis
1591 693 1830 758 plurimis
1859 693 1914 744 in
1940 708 2088 763 gyro.

713 764 856 819 Dare
874 763 1098 817 sonitum
1118 763 1170 814 in
1195 763 1397 815 incessu
1415 777 1528 827 suo,
1554 763 1787 816 auditum
1812 763 1980 833 facere
2007 763 2236 818 sonitum

638 838 694 892 in
721 835 911 901 tempto
940 834 994 886 in
1021 834 1322 888 memoriam
1355 833 1481 903 ﬁliis
1503 835 1668 904 gentis
1700 850 1828 889 sate.

714 906 919 964 Stolam
951 915 1219 976 sanctam,
1265 920 1413 976 auro,
1447 913 1494 957 et
1537 905 1835 974 hyacintho,
1891 914 1939 958 et
1979 922 2234 976 purpura,

643 994 777 1048 opus
813 975 1020 1042 textile,
1043 977 1138 1029 viri
1166 975 1440 1048 sapientis,
1459 977 1668 1047 judicio
1701 987 1748 1031 et
1775 975 1986 1030 veritate
2006 978 2233 1048 praediti.

715 1049 874 1103 Torta
899 1064 1051 1102 cocco
1083 1062 1210 1118 opus
1235 1047 1482 1113 artiﬁcis,
1518 1049 1730 1114 gemmis
1759 1048 1998 1118 pretiosis
2032 1047 2236 1117 ﬁgura-

639 1121 707 1175 tis
731 1122 786 1175 in
816 1120 1045 1191 ligatum
1063 1121 1210 1191 auri,
1245 1125 1290 1171 et
1317 1133 1468 1188 opere
1495 1118 1741 1191 lapidarii
1768 1119 2023 1191 _sculptis,
2049 1120 2104 1172 in
2126 1134 2236 1173 me-

641 1187 875 1246 moriam'
895 1190 1177 1245 secundum
1202 1187 1471 1242 numerum
1501 1190 1727 1242 tribuum
1759 1187 1960 1243 Israel.

709 1260 916 1317 Corona
935 1276 1096 1315 aurea
1124 1275 1274 1329 super
1305 1259 1511 1312 mitram
1533 1262 1646 1330 ejus
1675 1276 1916 1330 expressa
1941 1260 2091 1331 signa
2114 1277 2241 1314 san-

639 1335 852 1399 ctitatis,
897 1341 944 1387 et
970 1332 1140 1404 gloria
1167 1331 1377 1385 honoris
1407 1345 1426 1384 :
1454 1346 1584 1402 Opus
1615 1333 1843 1398 virtutis,
1889 1341 1938 1387 et
1979 1331 2242 1386 desideria

641 1404 914 1460 oculorum
941 1411 1147 1456 ornata.

713 1476 805 1532 Sic
845 1472 1066 1548 pulchra
1091 1482 1213 1528 ante
1250 1473 1421 1544 ipsum
1451 1489 1554 1528 non
1587 1474 1794 1544 fuerunt
1827 1475 1957 1530 talia
1985 1492 2144 1548 usque
2172 1475 2242 1530 ad

641 1564 915 1603 ortamem.

717 1565 950 1674 minis}:
979 1616 1193 1690 indutus
1223 1616 1320 1670 illa
1348 1617 1643 1690 alienigena
1671 1619 1882 1690 aliquis,
1914 1620 2004 1673 sed
2042 1627 2242 1674 tantum

641 1688 743 1759 ﬁlii
762 1691 926 1760 ipsius
950 1689 1070 1761 soli,
1105 1699 1154 1761 et
1176 1698 1383 1759 nepotes
1405 1688 1527 1761 ejus
1542 1705 1630 1757 per
1657 1688 1807 1743 omne
1836 1700 2056 1761 tempus.

712 1761 989 1830 Sacriﬁcia
1016 1760 1176 1832 ip_s_ius
1215 1760 1523 1829 consumpta
1548 1770 1667 1814 sunt
1701 1762 1820 1832 igne
1844 1762 2094 1831 quotidie.

713 1829 1002 1904 Comptevit
1038 1829 1252 1901 Moyses
1280 1846 1467 1886 manus
1501 1832 1634 1904 ejus,
1676 1829 1738 1886 et'
1756 1829 1904 1886 unxit
1939 1833 2094 1887 illum
2125 1833 2240 1889 oleo

641 1913 841 1961 sancto.

711 1976 934 2031 Factum
967 1983 1042 2030 est
1079 1973 1163 2028 illi
1191 1974 1246 2027 in
1277 1981 1638 2028 testamentum
1661 1982 1910 2030 azternum
1929 2018 1944 2043 ,
1979 1984 2026 2030 et
2055 1975 2240 2030 semini

636 2049 901 2119 ejussicut
923 2047 1030 2101 dies
1052 2045 1164 2100 cali
1186 2061 1204 2119 ς
1225 2045 1372 2116 fungi
1392 2043 1704 2119 sacerdotio,
1730 2056 1778 2100 et
1798 2046 1985 2102 habere
2005 2049 2235 2113 laudem,

640 2117 690 2172 et
712 2118 1009 2189 gloriﬁcare
1039 2117 1288 2189 populum
1315 2117 1464 2189 suum
1494 2118 1548 2169 in
1570 2119 1776 2172 nomine
1805 2121 1939 2189 ejus.

749 2138 1009 2188 tortjtcare
1039 2138 1288 2189 poputum
1315 2138 1464 2171 suum
1494 2138 1548 2169 tn
1570 2138 1776 2172 nomine
1805 2138 1939 2189 ejus.

711 2138 745 2242 ἵ
749 2207 900 2260 psum
943 2190 1094 2260 elegit
1127 2187 1190 2241 ab
1223 2189 1379 2260 omni
1415 2188 1645 2260 vivente,
1694 2189 1882 2257 offerre
1919 2189 2238 2260 sacrificium

637 2258 773 2327 Deo,
805 2258 1090 2325 incensum,
1133 2269 1181 2314 et
1213 2259 1400 2313 bonum
1437 2258 1672 2327 odorem,
1705 2262 1761 2313 in
1789 2258 2091 2317 memoriam
2118 2261 2235 2331 pla-

638 2348 759 2404 care
780 2349 874 2403 pro
902 2332 1098 2404 populo
1126 2347 1243 2385 suo.

710 2402 787 2456 Et
827 2402 966 2457 dedit
1007 2403 1088 2456 illi
1110 2404 1164 2456 in
1213 2402 1484 2474 prazceptis
1514 2403 1620 2457 suis
1648 2409 1972 2470 potestatem,
1998 2403 2052 2456 in
2079 2410 2237 2457 testa-

635 2475 826 2548 mentis
839 2473 1187 2548 judiciorum,
1215 2472 1403 2548 docere
1423 2472 1586 2529 Jacob
1613 2475 1921 2542 testimonia,
1948 2483 1994 2529 et
2032 2475 2088 2528 in
2127 2474 2236 2546 lege

638 2563 736 2600 sua
761 2542 931 2599 lucem
959 2544 1084 2597 dare
1114 2542 1304 2598 Israel.
1734 2576 1742 2585 η

711 2617 850 2682 Quia
892 2625 1072 2670 contra
1095 2614 1246 2669 illum
1273 2624 1524 2669 steterunt
1562 2616 1742 2682 alieni,
1777 2624 1822 2670 et
1858 2624 2068 2685 propter
2096 2616 2234 2670 invi-

636 2689 778 2742 diam
817 2687 1266 2759 circumdederunt
1307 2687 1460 2759 illum
1498 2687 1728 2741 homines
1769 2688 1824 2739 in
1865 2687 2101 2759 deserto,
2147 2688 2237 2759 qui

635 2769 785 2814 erant
814 2774 931 2814 cum
959 2756 1176 2812 Dathan
1205 2766 1256 2812 et
1291 2755 1508 2827 Abiron,
1558 2767 1605 2813 et
1649 2755 1977 2830 congregatio
2022 2755 2234 2813 Core'in

631 2831 934 2885 iracundia.

712 2901 858 2957 Vidit
888 2901 1144 2956 Dominus
1171 2899 1335 2967 Deus,
1360 2911 1408 2956 et
1431 2915 1535 2956 non
1565 2900 1766 2972 placuit
1794 2899 1897 2968 illi,
1928 2911 1974 2957 et
2003 2917 2238 2957 consum-

631 2973 859 3043 ptigunt
879 2975 935 3028 in
964 2975 1158 3043 impetu
1183 2974 1486 3028 iracundiw.

638 3115 654 3127 .
707 3041 858 3126 ecit
895 3045 999 3099 illis
1037 3041 1296 3114 monstra,
1343 3053 1391 3100 et
1425 3043 1743 3114 consumpsit
1782 3041 1908 3101 illos
1933 3045 1988 3100 in
2018 3046 2236 3117 flamma

633 3131 794 3183 ignis.

708 3186 778 3259 Et
803 3186 1004 3242 addidit
1028 3188 1202 3242 Aaron
1222 3187 1462 3259 gloriam,
1490 3195 1536 3242 et
1565 3186 1706 3242 dedit
1731 3186 1812 3245 illi
1839 3189 2190 3245 [nereditatem
2210 3229 2227 3257 ,

629 3263 679 3310 et
698 3258 956 3332 primitias
987 3259 1195 3332 frugum
1220 3258 1371 3314 terra:
1391 3259 1559 3332 divisit
1590 3259 1688 3314 illi.

705 3327 907 3401 Panem
934 3327 1142 3401 ipsisin
1171 3332 1351 3401 primis
1378 3331 1577 3401 paravit
1609 3332 1664 3384 in
1685 3333 1972 3388 satietatem
2001 3345 2022 3388 :
2042 3347 2162 3385 nam
2183 3339 2230 3386 et

631 3399 892 3474 sacriﬁcia
919 3399 1134 3456 Domini
1163 3399 1335 3466 edent,
1363 3399 1480 3469 quae
1498 3400 1635 3474 dedit
1656 3403 1758 3471 illi,
1781 3413 1830 3457 et
1849 3404 2033 3458 semini
2052 3406 2190 3474 ejus.

705 3467 959 3546 Caeterum
988 3474 1041 3526 in
1077 3482 1213 3546 terra
1247 3467 1558 3546 gentesnon
1599 3467 1940 3538 Itwreditabit,
1973 3467 2098 3546 pars
2124 3489 2228 3528 non

627 3542 812 3617 est_illi
839 3546 891 3598 in
914 3553 1062 3617 gente
1089 3561 1107 3598 :
1129 3542 1335 3617 ipse'est
1361 3542 1509 3617 enim
1530 3559 1651 3617 pars
1676 3548 1813 3617 ejus,
1847 3556 1896 3600 et
1925 3542 2225 3599 hatreditas.

702 3613 931 3688 Phinees
957 3616 1097 3688 ﬁlius
1129 3613 1370 3688 Eleazari
1397 3616 1576 3669 tertius
1605 3615 1659 3668 in
1683 3613 1852 3688 gloria
1869 3624 1944 3670 est
1971 3617 2229 3670 imitando

628 3701 744 3739 eum
772 3687 827 3740 in
853 3689 1037 3741 timore
1058 3685 1274 3740 Domini
1300 3701 1318 3739 :

699 3755 770 3810 Et
797 3768 934 3812 stare
956 3759 1011 3812 in
1037 3759 1321 3812 reverentia
1350 3755 1514 3815 aentis
1542 3771 1562 3810 .'
1593 3757 1650 3810 in
1685 3756 1912 3812 bonitate
1942 3765 1991 3813 et
2034 3759 2232 3815 alacri-

629 3835 731 3898 tate
761 3829 951 3883 anima:
979 3843 1088 3884 sua:
1114 3829 1310 3896 placuit
1345 3826 1454 3882 Deo
1485 3844 1578 3898 pro
1601 3826 1794 3884 Israel.

702 3896 831 3952 Ideo
854 3899 1155 3972 statuitrilli
1191 3896 1551 3972 testamentum
1586 3902 1752 3967 pacis,
1785 3901 2075 3972 principem
2102 3918 2230 3956 san-

630 3975 832 4047 ctorum
853 3979 904 4047 _et
924 3971 1087 4047 gentis
1108 3986 1235 4035 suae,
1263 3980 1315 4024 ut
1344 3973 1411 4025 sit
1441 3969 1521 4024 illi
1551 3979 1598 4025 et
1621 3969 1805 4027 semini
1832 3969 2232 4044 ejus'sacerdo-

633 4037 693 4091 tii
719 4037 944 4105 dignitas
968 4041 1021 4090 in
1049 4049 1316 4094 (sternunt.

706 4105 784 4183 Et
829 4115 1214 4183 testamentunt_
1245 4111 1410 4164 David
1453 4112 1718 4183 regi‘ﬁlio
1777 4114 1942 4168 Jessaz
1979 4115 2047 4168 de
2091 4115 2230 4170 tribu

627 4177 665 4255 ζ
670 4178 796 4244 uda,
821 4178 1096 4232 haereditas
1115 4179 1220 4255 ipsi
1234 4190 1281 4233 et
1301 4183 1488 4235 semini
1510 4177 1642 4254 Ejus,
1671 4195 1726 4237 ut
1749 4183 1899 4238 daret
1918 4187 2230 4255 sapientiam

627 4250 683 4325 in
722 4265 810 4325 cor
858 4257 1091 4325 nostrum
1118 4250 1361 4325 judicare
1389 4250 1591 4324 gentem
1625 4270 1775 4306 suam
1805 4255 1859 4308 in
1899 4250 2132 4325 justitia,
2166 4274 2231 4313 ne

627 4319 958 4375 abolerentur
977 4319 1408 4398 bona’ipso‘rum,
1427 4332 1473 4377 et
1505 4325 1728 4395 gloriam
1755 4319 1992 4397 ipsorum
2019 4327 2074 4383 in
2103 4319 2230 4398 gen-

627 4401 727 4447 tem
755 4408 933 4448 eorum
961 4402 1210 4449 (sternam
1233 4394 1370 4465 fecit.

1214 4529 1440 4588 CAPUT
1468 4531 1653 4590 XLVI.

701 4665 883 4746 Fortis
922 4667 978 4722 in
1004 4666 1138 4746 bello
1165 4665 1319 4722 Jesus
1362 4667 1531 4736 Nave,
1565 4679 1617 4746 et
1651 4685 1916 4727 successor
1953 4671 2127 4746 Moysi
2169 4676 2225 4730 in

626 4739 914 4812 prophetis,
941 4739 1029 4812 qui
1060 4739 1158 4812 fuit
1184 4756 1398 4812 magnus
1427 4742 1707 4797 secundum
1736 4760 1920 4798 nomen
1940 4739 2111 4799 suum.

701 4808 964 4885 Maximus
993 4811 1047 4864 in
1073 4808 1293 4865 salutem
1315 4812 1591 4866 electorum
1632 4812 1753 4879 Dei,
1801 4831 2102 4885 expugnare
2137 4819 2222 4872 in-

623 4891 894 4952 surgentes
913 4880 1104 4948 hostes,
1138 4891 1195 4936 ut
1216 4892 1607 4953 consequeretur
1640 4880 1995 4941 heereditatent
2023 4887 2215 4943 Israel.

702 4955 871 5028 Quam
910 4953 1131 5028 gloriam
1158 4954 1380 5028 adeptus
1405 4964 1481 5008 est
1509 4956 1562 5009 in
1590 4957 1820 5012 tollendo
1859 4975 2043 5013 manus
2069 4977 2219 5028 suas,

626 5034 676 5080 et
712 5027 956 5089 iactando
984 5035 1167 5078 contra
1195 5027 1426 5080 civitates
1455 5027 1790 5089 romphaeas?

699 5095 827 5162 Quis
852 5103 973 5172 ante
993 5096 1144 5150 illum
1173 5098 1248 5151 sic
1271 5097 1500 5153 restitit?
1521 5095 1662 5154 Nam
1689 5099 1863 5156 hostes
1893 5101 2002 5172 ipse
2033 5101 2218 5158 Domi-

617 5181 717 5219 nus
744 5166 1042 5236 perduxit.’

692 5235 774 5290 An
795 5254 900 5292 non
920 5238 1203 5314 iracundia,
1220 5243 1331 5313 ejus
1359 5241 1639 5314 impeditus
1661 5255 1736 5300 est
1760 5242 1864 5313 sol,
1893 5253 1944 5300 et
1965 5260 2072 5300 una
2098 5245 2214 5301 dies

617 5306 759 5376 facta
787 5317 862 5361 est
891 5310 1041 5378 quasi
1069 5311 1211 5366 duo?

687 5378 950 5458 Invocavit
987 5378 1312 5458 Altissimum
1347 5391 1605 5458 potentem
1630 5387 1684 5441 in
1711 5389 2065 5458 Oppugnando
2095 5389 2205 5444 ini-

610 5450 772 5529 micos
793 5451 1112 5529 undique,_et_
1133 5450 1506 5529 audivitittum
1526 5450 1809 5529 magnus'e't
1829 5450 2040 5515 sanctus
2059 5461 2204 5517 Deus

607 5521 664 5574 in
693 5521 835 5577 saxis
868 5522 1139 5593 grandinis
1168 5526 1371 5580 virtutis
1394 5529 1543 5584 valde
1563 5521 1735 5598 fo'rtis.

2255 4499 2312 4560 D

2335 419 2515 458 scensu
2545 406 2771 472 perdidit
2801 405 3112 459 contrarios.

2413 474 2482 530 Ut
2511 485 2826 546 cognoscant
2867 483 3042 547 gentes
3071 474 3366 548 potentiam
3405 477 3546 547 ejus,
3586 475 3715 548 quia
3759 487 3898 531 contra

2335 545 2505 628 Deum
2529 543 2778 628 pugnare
2808 543 2910 601 no'n
2943 556 3018 601 est
3054 545 3232 617 facile.
3263 543 3332 600 Et
3373 543 3609 602 secutus
3634 556 3712 602 est
3737 564 3767 602 a
3793 559 3898 620 tergo

2339 627 2582 689 potentis.

2410 689 2478 742 Et
2499 690 2550 761 in
2577 687 2756 744 diebus
2779 688 2954 761 Moysi
2977 689 3383 745 miscricordiam
3409 689 3533 761 fecit
3562 691 3698 758 ipse,
3721 698 3766 744 et
3783 689 3902 746 Caleb

2339 760 2483 830 ﬁlius
2508 759 2769 835 Jephone,
2809 759 2948 816 stare
2976 772 3156 835 contra
3197 759 3417 824 hostem,
3449 772 3497 816 et
3524 761 3791 835 prohibere
3813 782 3906 835 gen-

2339 842 2498 904 tem‘a
2522 833 2763 903 peccatis,
2797 841 2844 885 et
2871 833 3192 904 perfringere
3213 849 3449 904 marmur
3465 834 3714 904 malitiw.

2411 901 2481 955 Et
2505 901 2606 974 ipsi
2635 904 2738 957 duo
2767 901 3051 968 constituti,
3075 901 3115 958 a
3148 903 3384 973 periculo
3413 903 3619 958 liberati
3645 914 3761 960 sunt
3779 923 3807 959 a
3831 924 3907 960 nuo

2337 990 2474 1048 mero
2505 985 2856 1048 sexcentorum
2883 977 3109 1030 millium
3151 976 3398 1048 peditum,
3423 977 3696 1048 inducere
3737 978 3845 1031 illos
3869 980 3908 1032 in

2343 1045 2721 1109 hwreditatem,
2750 1047 2803 1099 in
2825 1054 3034 1111 terram,
3058 1045 3172 1111 qua:
3199 1056 3371 1099 manat
3412 1045 3497 1099 lac
3524 1056 3572 1100 et
3599 1049 3721 1102 mel.

2414 1116 2481 1169 Et
2501 1117 2638 1190 dedit
2664 1116 2918 1171 Dominus
2949 1119 3048 1190 ipsi
3069 1114 3186 1190 [AL
3211 1119 3322 1186 ipse
3337 1115 3359 1190 ]7
3379 1114 3537 1190 Caleb
3559 1119 3908 1187 fortitudinem,

2338 1195 2387 1260 et
2419 1204 2578 1258 usque
2603 1189 2658 1242 in
2685 1189 2999 1242 senectutem
3034 1189 3316 1260 permansit
3346 1189 3426 1242 illi
3452 1191 3641 1253 virtus,
3673 1200 3727 1244 ut
3755 1207 3907 1243 ascen-

2341 1259 2484 1312 deret
2514 1260 2568 1312 in
2597 1260 2855 1314 excelsum
2888 1269 3037 1315 terra:
3074 1261 3265 1329 locum,
3311 1267 3362 1314 et
3393 1275 3568 1314 semen
3607 1261 3772 1330 ipsius
3804 1263 3910 1315 obti-

2340 1330 2452 1384 nuit
2479 1330 2776 1385 hazreditate
2809 1349 2822 1385 :

2417 1399 2484 1474 Ut
2511 1402 2946 1474 viderentiomnes
2971 1403 3072 1474 ﬁlii
3097 1400 3289 1472 Israel,
3312 1401 3438 1474 quia
3465 1402 3660 1458 bonum
3687 1412 3762 1460 est
3789 1404 3909 1460 obse-

2341 1473 2636 1543 quidsancto
2669 1483 2694 1510 ιι
2726 1473 2856 1529 Deo.

2414 1541 2484 1596 Et
2501 1545 2710 1617 judices
2739 1545 2930 1618 singuli
2965 1561 3060 1600 suo
3084 1545 3311 1618 nomine,
3342 1561 3558 1618 quorum
3592 1562 3693 1602 non
3720 1556 3797 1602 est
3819 1563 3916 1601 cor-

2341 1615 2554 1688 ruptum
2578 1632 2666 1670 cor
2690 1633 2707 1669 :
2728 1615 2942 1688 qui'non
2972 1617 3135 1671 aversi
3162 1625 3281 1688 sunt
3307 1615 3615 1687 a'Domino,

2267 1720 2318 1781 Β
2346 1686 2598 1781 mgtusit‘
2623 1686 2873 1781 m‘eniqria
2905 1687 3118 1781 illorum
3143 1687 3200 1741 in
3233 1687 3605 1756 benedictione,
3635 1699 3682 1744 et
3713 1706 3827 1746 ossa
3851 1707 3918 1746 eo-

2345 1773 2462 1811 rum
2486 1759 2739 1827 pullulent
2761 1759 2825 1812 de
2855 1758 2968 1813 loco
2995 1776 3109 1813 suo.

2415 1828 2696 1904 Etnomen
2725 1846 2902 1884 eorum
2933 1843 3230 1899 permaneat
3253 1832 3306 1886 in
3330 1841 3607 1899 alternum,
3640 1847 3916 1904 permanens

2341 1898 2410 1954 ad
2425 1900 2574 1974 _ﬁl_ios
2596 1901 2830 1974 illorum,
2857 1911 3150 1974 sanctorum
3171 1905 3396 1957 virorum
3421 1898 3613 1974 gloria.

2413 1969 2648 2046 Dilectus
2677 1989 2708 2026 a
2738 1970 2959 2046 Domino
2996 1973 3107 2046 Deo
3147 1991 3240 2028 suo
3280 1969 3496 2031 Samuel
3533 1977 3785 2046 propheta
3831 1975 3918 2028 Do-

2341 2041 2491 2110 mini,
2523 2044 2779 2099 renovavit
2821 2044 3117 2116 imperium,
3157 2056 3206 2101 et
3236 2047 3382 2100 unxit
3412 2041 3673 2118 principes
3703 2055 3758 2101 tn
3793 2057 3918 2120 gente

2339 2129 2456 2168 sua.

2412 2184 2481 2238 In
2522 2185 2630 2261 lege
2658 2185 2873 2261 Domini
2914 2187 3362 2261 congregationem
3399 2189 3680 2258 judicavit,
3728 2198 3777 2242 et
3814 2188 3918 2241 vidit

2343 2255 2480 2331 Deus
2511 2255 2698 2325 Iacob,
2736 2269 2783 2312 et
2811 2259 2864 2312 in
2892 2261 2995 2326 ﬁde
3015 2255 3490 2331 sua'probatus'est
3521 2261 3790 2331 propheta.

2339 2401 2358 2454 ι
2410 2327 2479 2412 Et
2502 2331 2736 2401 cognitus
2758 2340 2830 2386 est
2851 2331 2905 2383 in
2935 2329 3098 2384 verbis
3118 2327 3226 2384 suis
3247 2331 3441 2400 ﬁdelis,
3470 2327 3596 2402 quia
3622 2327 3746 2384 vidit
3772 2329 3918 2384 Deum

2365 2417 2493 2454 ucts.

2365 2417 2493 2454 uets.

2410 2469 2480 2524 Et
2507 2472 2757 2545 invocavit
2781 2471 3061 2527 Dominum
3085 2472 3505 2544 omnipotentem,
3524 2474 3577 2528 in
3596 2474 3918 2545 oppugnanda

2338 2541 2518 2617 hostes
2528 2544 2928 2617 circumstantes
2943 2545 3168 2617 undique
3188 2541 3242 2598 in
3264 2545 3532 2598 oblatione
3545 2541 3918 2617 agniin'violati,

2411 2612 2479 2666 Et
2502 2615 2725 2688 intonuit
2754 2617 2816 2668 de
2837 2615 2962 2670 caelo
2981 2612 3257 2683 Dominus,
3284 2626 3332 2669 et
3359 2617 3412 2669 in
3443 2612 3616 2670 sonitu
3642 2632 3830 2688 magno
3849 2632 3918 2668 au-

2339 2683 2508 2755 ditam
2555 2685 2676 2755 fecit
2708 2702 2881 2740 vocem
2909 2703 3075 2741 suam.

2343 2753 2491 2880 “ﬁt
2519 2753 2775 2880 tc’ontrivit
2822 2758 3079 2831 principes
3126 2756 3427 2830 Tyriorum,
3479 2765 3529 2813 et
3574 2773 3748 2812 omnes
3788 2757 3918 2811 duces

2433 2843 2516 2880 iis
2543 2844 2650 2880 um.

2433 2829 2650 2884 ilistiim.

2414 2897 2482 2972 Et
2511 2909 2632 2955 ante
2651 2909 2849 2972 tempus
2874 2901 2994 2970 ﬁnis
3025 2901 3142 2972 vita:
3161 2917 3268 2956 sate
3294 2910 3341 2956 et
3368 2900 3570 2972 seculi,
3597 2900 3918 2955 testimonium

2339 2969 2558 3041 praebuit
2605 2972 2660 3026 in
2700 2969 2977 3042 conspectu
3017 2971 3250 3038 Domini,
3295 2983 3341 3028 et
3382 2971 3600 3036 Christi,
3631 2974 3918 3043 pecuniaset

2339 3057 2502 3112 usque
2536 3044 2606 3096 ad
2639 3044 2984 3116 calceamenta
3029 3043 3093 3097 ab
3125 3045 3263 3098 omni
3289 3059 3444 3098 carne
3487 3059 3591 3098 non
3630 3044 3850 3116 accepit,
3883 3049 3918 3093 et

2261 3112 2308 3178 C
2341 3128 2444 3167 non
2472 3115 2734 3168 accusavit
2763 3114 2916 3168 illum
2945 3115 3125 3169 homo.

2409 3182 2626 3258 Etrrpost
2657 3187 2753 3239 hoc
2768 3186 3045 3258 dormivit,
3084 3195 3133 3240 et
3159 3194 3340 3258 notum
3367 3186 3489 3258 fecit
3521 3185 3650 3256 regi,
3692 3193 3739 3239 et
3766 3193 3918 3238 osten‘

2331 3253 2407 3307 dit
2438 3256 2519 3310 illi
2550 3257 2706 3323 ﬁnem
2727 3257 2845 3312 vita:
2870 3273 3000 3320 suae,
3024 3266 3070 3310 et
3090 3256 3338 3312 exultavit
3359 3253 3532 3311 vocem
3553 3253 3699 3311 suam
3723 3258 3790 3310 de
3811 3267 3918 3309 terra

2330 3325 2385 3379 in
2414 3325 2686 3400 pr0phetia
2713 3327 2885 3383 delere
2911 3329 3223 3400 impietatem
3252 3329 3440 3401 gentis.

2903 3441 3134 3499 CAPUT
3173 3440 3386 3498 XLVII.

2408 3530 2537 3606 Ijost
2563 3534 2676 3590 ha’c
2691 3535 2920 3590 surrexit
2953 3534 3172 3590 Nat/ian
3195 3535 3448 3606 prapheta
3470 3535 3526 3589 in
3550 3536 3733 3606 diebus
3751 3534 3918 3591 David.

2336 3675 2367 3732 1
2404 3605 2474 3659 Et
2489 3608 2650 3730 [quasi
2681 3608 2840 3678 adeps
2867 3616 3139 3679 separatus
3185 3605 3218 3661 α
3241 3623 3418 3675 carne,
3451 3607 3529 3660 sic
3559 3605 3732 3661 David
3761 3625 3796 3660 a
3821 3607 3918 3674 ﬁlii:

2371 3693 2486 3732 srac
2515 3716 2529 3730 .

2371 3695 2529 3732 sract.

2405 3747 2534 3804 Cum
2555 3749 2939 3823 leonibuslusit
2955 3749 3104 3820 quasi
3125 3765 3246 3823 cum
3270 3749 3420 3823 agnis
3437 3763 3457 3803 :
3480 3759 3529 3803 et
3550 3749 3605 3803 in
3633 3749 3768 3804 ursis
3793 3747 3918 3804 simi

2333 3820 2456 3894 lite_r_
2477 3821 2598 3885 fecit
2623 3820 2762 3894 sicut
2790 3821 2844 3874 in
2874 3824 3024 3894 agnis
3052 3822 3235 3894 ovium
3262 3820 3321 3874 in
3339 3824 3619 3894 juventute
3643 3837 3759 3874 sua.

2336 3963 2372 4018 ά
2405 3890 2456 3946 Ν
2461 3891 2670 4016 nmquid
2686 3908 2786 3947 non
2804 3890 2988 3946 occidit
3008 3892 3286 3964 gigantem,
3310 3890 3357 3947 et
3376 3891 3593 3946 abstulit
3611 3892 3918 3962 approbriun

2376 3980 2402 4016 e
2431 3979 2524 4019 aen
2547 3980 2602 4019 e.

2403 3980 2736 4119 Iaeftﬁlendo
2765 4049 2996 4102 manum,
3042 4051 3171 4091 saxo
3203 4035 3383 4108 fundae
3411 4034 3605 4103 deiecit
3633 4034 3918 4090 exsultatio

2331 4121 2444 4161 nem
2486 4104 2674 4160 Colice.
3203 4104 3213 4108 '

2364 4249 2372 4251 Α
2410 4176 2552 4232 Nam
2579 4177 2832 4251 invocavit
2853 4174 3138 4251 Dominum
3167 4178 3606 4251 omnipotentem,
3624 4186 3670 4231 et
3701 4177 3847 4230 dedit
3889 4176 3918 4251 it

2337 4249 2549 4304 dextera
2572 4249 2684 4318 eius
2712 4248 2892 4304 tollere
2918 4250 3176 4304 hominem
3205 4246 3389 4322 fortem
3430 4250 3488 4303 in
3523 4247 3686 4317 bello,
3722 4259 3769 4303 et
3800 4246 3918 4300 exat-

2335 4329 2645 4394 tarecornu
2678 4322 2841 4394 gentis
2868 4335 2998 4394 sum.

2407 4392 2500 4447 Sic
2527 4393 2583 4445 in
2611 4389 2784 4445 decem
2807 4391 3035 4462 millibus
3067 4391 3375 4462 gloriﬁcavit
3421 4409 3540 4450 eum
3573 4434 3589 4458 ,
3633 4399 3685 4446 et
3713 4389 3918 4443 laudari

2335 4464 2524 4588 etltmjn
2551 4462 2982 4517 benedictionibus
3004 4461 3213 4518 Damini
3235 4465 3289 4519 in
3315 4465 3584 4534 offerendo
3599 4463 3683 4518 illi
3701 4474 3918 4516 coronam

2335 4552 2364 4588 a
2390 4550 2530 4588 ortae.

2333 4550 2655 4680 glfgbﬁtrivit
2675 4605 2808 4680 enim
2828 4605 3062 4680 inimicos
3082 4608 3329 4680 undique,
3353 4618 3399 4662 et
3420 4608 3731 4676 exstirpavit
3757 4603 3918 4680 Phili:

2340 4677 2477 4732 stiim
2521 4678 2808 4759 contrarios
2851 4693 3014 4760 usque
3041 4679 3094 4731 in
3123 4674 3427 4734 hodiernum
3475 4674 3659 4745 diem;
3703 4674 3918 4732 contrivi

2335 4763 2496 4803 cornu
2524 4765 2760 4818 τρεονυηι
2784 4763 2940 4816 usque
2967 4766 3020 4802 HI
3049 4760 3318 4807 a’ternum.

2406 4819 2473 4873 In
2502 4817 2642 4892 omni
2670 4834 2822 4888 opere
2839 4818 2982 4874 dedit
3001 4822 3380 4892 confessionem
3408 4821 3631 4890 Sancto,
3655 4827 3703 4874 et
3717 4817 3918 4874 Excetst

2331 4890 2387 4945 in
2410 4891 2558 4946 verbo
2583 4892 2785 4961 gloriaz.

2401 4961 2483 5018 De
2527 4958 2667 5017 omni
2711 4961 2866 5016 corde
2905 4977 3000 5016 suo
3026 4963 3256 5018 laudavit
3303 4962 3618 5027 Dominum,
3659 4971 3709 5017 et
3755 4958 3918 5015 dilexi

2321 5031 2513 5157 tDeum,
2543 5034 2630 5105 qui
2658 5034 2782 5104 fecit
2809 5031 2962 5087 illum
2983 5049 3005 5090 :
3023 5042 3072 5089 et
3090 5035 3233 5090 dedit
3254 5033 3336 5089 illi
3365 5045 3552 5090 contra
3580 5034 3827 5089 inimicos
3851 5047 3918 5102 po

2348 5116 2538 5157 entiam
2561 5121 2580 5157 :

2348 5116 2538 5159 entiam
2561 5121 2580 5158 .’

2393 5175 2463 5231 Et
2488 5185 2627 5249 stare
2659 5177 2781 5249 fecit
2810 5185 3044 5233 cantores
3073 5184 3252 5232 contra
3291 5177 3477 5246 altare,
3525 5187 3576 5234 et
3604 5179 3661 5232 in
3694 5191 3835 5232 sono
3857 5190 3918 5228 eo

2323 5263 2441 5320 rum
2473 5248 2647 5303 dulces
2660 5248 2794 5320 fecit
2820 5250 3019 5302 modos.

2390 5319 2459 5373 Et
2487 5321 2630 5374 dedit
2650 5319 2705 5373 in
2731 5319 3160 5376 celebrationibus
3181 5320 3360 5388 decus,
3390 5329 3440 5376 et
3463 5322 3669 5374 ornavit
3695 5327 3918 5385 tempon

2313 5405 2474 5462 usque
2515 5392 2605 5462 adg
2627 5393 3116 5446 consummationem
3154 5393 3290 5456 vitat,
3329 5400 3385 5444 ut
3425 5393 3701 5462 laudarent
3747 5401 3918 5440 nam

2311 5460 2546 5516 sanctum
2569 5460 2802 5529 Domini,
2819 5472 2866 5516 et
2883 5463 3259 5533 ampliﬁcarent
3280 5477 3430 5516 mane
3451 5461 3555 5517 Dei
3580 5463 3918 5533 sanctitatem.

2387 5533 2641 5588 Dominus
2686 5535 2923 5607 purgavit
2970 5531 3183 5604 peccata
3238 5534 3428 5605 ipsius,
3481 5544 3530 5589 et
3577 5533 3829 5588 exultavit
3881 5531 3918 5579 it

685 5688 723 5775 τ’
753 5679 1088 5775 Interim-pm
1113 5681 1291 5739 Latini
1321 5683 1414 5740 alii
1433 5685 1650 5748 codices
1677 5705 1775 5748 suo
1797 5707 1815 5748 :
1837 5691 2062 5752 Gnaeus
2089 5706 2223 5753 vero

2370 5708 2440 5752 ius
2462 5701 2673 5752 tantum
2707 5694 2871 5754 habet
2897 5735 2914 5768 ,
2947 5695 3260 5772 πορεύεσθαι
3289 5695 3462 5753 ὀπίσω
3482 5701 3671 5775 Κυρίου
3694 5733 3713 5763 ,
3739 5693 3918 5751 αηιὺι·

610 5746 723 5802 lare
748 5755 864 5818 post
885 5747 1184 5806 Dominum.
