  <div class='ocr_page' id='page_1' title='image "/cluster/home/n/w/nwhite01/storage/ocr_20150623/29/uva.x000826564/256.png"; bbox 0 0 3918 6192; ppageno 0'>
   <div class='ocr_carea' id='block_1_1' title="bbox 46 224 2065 290">
    <p class='ocr_par' dir='ltr' id='par_1_1' title="bbox 46 224 2065 290">
     <span class='ocr_line' id='line_1_1' title="bbox 46 224 2065 290; baseline 0.003 -9"><span class='ocrx_word' id='word_1_1' title='bbox 46 224 114 282; x_wconf 70' lang='grc'><em>465</em></span> <span class='ocrx_word' id='word_1_2' title='bbox 1294 224 1498 283; x_wconf 80' lang='lat' dir='ltr'><strong>LIBER</strong></span> <span class='ocrx_word' id='word_1_3' title='bbox 1533 225 2065 290; x_wconf 80' lang='lat' dir='ltr'><em>ECCLESIASTICI.</em></span> 
     </span>
    </p>
   </div>
   <div class='ocr_carea' id='block_1_2' title="bbox 3209 240 3318 299">
    <p class='ocr_par' dir='ltr' id='par_1_2' title="bbox 3209 240 3318 299">
     <span class='ocr_line' id='line_1_2' title="bbox 3209 240 3318 299; baseline 0.009 -1"><span class='ocrx_word' id='word_1_4' title='bbox 3209 240 3318 299; x_wconf 69' lang='lat'><em>466</em></span> 
     </span>
    </p>
   </div>
   <div class='ocr_carea' id='block_1_3' title="bbox 47 333 3321 421">
    <p class='ocr_par' dir='ltr' id='par_1_3' title="bbox 47 333 3321 421">
     <span class='ocr_line' id='line_1_3' title="bbox 47 333 3321 421; baseline 0.006 -30"><span class='ocrx_word' id='word_1_5' title='bbox 47 350 272 421; x_wconf 43' lang='lat' dir='ltr'><em>(uernum.</em></span> <span class='ocrx_word' id='word_1_6' title='bbox 286 354 455 421; x_wconf 77' lang='lat' dir='ltr'><em>cornu</em></span> <span class='ocrx_word' id='word_1_7' title='bbox 484 338 596 421; x_wconf 57' lang='lat' dir='ltr'><em>eius</em></span> <span class='ocrx_word' id='word_1_8' title='bbox 621 352 641 391; x_wconf 92' lang='lat'><strong><em>:</em></strong></span> <span class='ocrx_word' id='word_1_9' title='bbox 666 340 713 421; x_wconf 77' lang='lat' dir='ltr'><em>et</em></span> <span class='ocrx_word' id='word_1_10' title='bbox 730 335 871 392; x_wconf 87' lang='lat' dir='ltr'><em>dedit</em></span> <span class='ocrx_word' id='word_1_11' title='bbox 901 333 981 391; x_wconf 90' lang='lat' dir='ltr'><em>illi</em></span> <span class='ocrx_word' id='word_1_12' title='bbox 1008 341 1362 398; x_wconf 73' lang='lat' dir='ltr'><em>testamentum</em></span> <span class='ocrx_word' id='word_1_13' title='bbox 1384 340 1549 410; x_wconf 90' lang='lat' dir='ltr'><em>regni,</em></span> <span class='ocrx_word' id='word_1_14' title='bbox 1572 348 1618 394; x_wconf 87' lang='lat' dir='ltr'><em>et</em></span> <span class='ocrx_word' id='word_1_15' title='bbox 1643 342 1697 404; x_wconf 76' lang='grc' dir='ltr'>Α</span> <span class='ocrx_word' id='word_1_16' title='bbox 1723 352 1901 395; x_wconf 88' lang='lat' dir='ltr'><em>serunt</em></span> <span class='ocrx_word' id='word_1_17' title='bbox 1928 360 1960 397; x_wconf 91' lang='lat' dir='ltr'><em>a</em></span> <span class='ocrx_word' id='word_1_18' title='bbox 1985 344 2217 421; x_wconf 79' lang='lat' dir='ltr'><em>peccatis</em></span> <span class='ocrx_word' id='word_1_19' title='bbox 2259 347 2370 421; x_wconf 87' lang='lat' dir='ltr'><em>suis</em></span> <span class='ocrx_word' id='word_1_20' title='bbox 2419 363 2578 417; x_wconf 89' lang='lat' dir='ltr'><em>usque</em></span> <span class='ocrx_word' id='word_1_21' title='bbox 2605 349 2732 403; x_wconf 88' lang='lat' dir='ltr'><em>dum</em></span> <span class='ocrx_word' id='word_1_22' title='bbox 2762 351 2911 421; x_wconf 82' lang='lat' dir='ltr'><em>ejecti</em></span> <span class='ocrx_word' id='word_1_23' title='bbox 2944 361 3061 407; x_wconf 88' lang='lat' dir='ltr'><em>sunt</em></span> <span class='ocrx_word' id='word_1_24' title='bbox 3089 352 3154 408; x_wconf 92' lang='lat' dir='ltr'><em>de</em></span> <span class='ocrx_word' id='word_1_25' title='bbox 3181 360 3321 413; x_wconf 87' lang='lat' dir='ltr'><em>terra</em></span> 
     </span>
    </p>
   </div>
   <div class='ocr_carea' id='block_1_4' title="bbox 48 410 699 483">
    <p class='ocr_par' dir='ltr' id='par_1_4' title="bbox 48 410 699 483">
     <span class='ocr_line' id='line_1_4' title="bbox 48 410 699 483; baseline -0.005 -16"><span class='ocrx_word' id='word_1_26' title='bbox 48 410 185 483; x_wconf 53' lang='lat' dir='ltr'><em>tidem</em></span> <span class='ocrx_word' id='word_1_27' title='bbox 218 410 406 483; x_wconf 75' lang='lat' dir='ltr'><em>glorier:</em></span> <span class='ocrx_word' id='word_1_28' title='bbox 435 412 488 465; x_wconf 88' lang='lat' dir='ltr'><em>in</em></span> <span class='ocrx_word' id='word_1_29' title='bbox 506 410 699 464; x_wconf 69' lang='lat' dir='ltr'><em>Israel.</em></span> 
     </span>
    </p>
   </div>
   <div class='ocr_carea' id='block_1_5' title="bbox 96 477 1616 553">
    <p class='ocr_par' dir='ltr' id='par_1_5' title="bbox 96 477 1616 553">
     <span class='ocr_line' id='line_1_5' title="bbox 96 477 1616 553; baseline 0.003 -20"><span class='ocrx_word' id='word_1_30' title='bbox 96 477 420 553; x_wconf 58' lang='lat' dir='ltr'><em>Post&#39;ipsum</em></span> <span class='ocrx_word' id='word_1_31' title='bbox 448 482 674 535; x_wconf 71' lang='lat' dir='ltr'><em>surrexit</em></span> <span class='ocrx_word' id='word_1_32' title='bbox 702 477 845 553; x_wconf 87' lang='lat' dir='ltr'><em>ﬁlius</em></span> <span class='ocrx_word' id='word_1_33' title='bbox 868 491 1121 549; x_wconf 88' lang='lat' dir='ltr'><em>sensatus,</em></span> <span class='ocrx_word' id='word_1_34' title='bbox 1152 488 1201 535; x_wconf 92' lang='lat' dir='ltr'><em>et</em></span> <span class='ocrx_word' id='word_1_35' title='bbox 1231 492 1437 553; x_wconf 75' lang='lat' dir='ltr'><em>propter</em></span> <span class='ocrx_word' id='word_1_36' title='bbox 1465 482 1616 538; x_wconf 92' lang='lat' dir='ltr'><em>illum</em></span> 
     </span>
    </p>
   </div>
   <div class='ocr_carea' id='block_1_6' title="bbox 50 552 1115 624">
    <p class='ocr_par' dir='ltr' id='par_1_6' title="bbox 50 552 1115 624">
     <span class='ocr_line' id='line_1_6' title="bbox 50 552 1115 624; baseline -0.001 -17"><span class='ocrx_word' id='word_1_37' title='bbox 50 555 199 624; x_wconf 58' lang='lat' dir='ltr'><em>injecit</em></span> <span class='ocrx_word' id='word_1_38' title='bbox 226 552 432 607; x_wconf 85' lang='lat' dir='ltr'><em>omnem</em></span> <span class='ocrx_word' id='word_1_39' title='bbox 453 552 1115 624; x_wconf 68' lang='lat' dir='ltr'><em>potentiaminimicorum.</em></span> 
     </span>
    </p>
   </div>
   <div class='ocr_carea' id='block_1_7' title="bbox 94 621 1614 696">
    <p class='ocr_par' dir='ltr' id='par_1_7' title="bbox 94 621 1614 696">
     <span class='ocr_line' id='line_1_7' title="bbox 94 621 1614 696; baseline 0.003 -18"><span class='ocrx_word' id='word_1_40' title='bbox 94 624 329 696; x_wconf 81' lang='lat' dir='ltr'><em>Salomon</em></span> <span class='ocrx_word' id='word_1_41' title='bbox 355 621 626 693; x_wconf 79' lang='lat' dir='ltr'><em>imperavit</em></span> <span class='ocrx_word' id='word_1_42' title='bbox 649 624 702 676; x_wconf 90' lang='lat' dir='ltr'><em>in</em></span> <span class='ocrx_word' id='word_1_43' title='bbox 727 621 902 696; x_wconf 83' lang='lat' dir='ltr'><em>diebus</em></span> <span class='ocrx_word' id='word_1_44' title='bbox 928 625 1091 696; x_wconf 87' lang='lat' dir='ltr'><em>pacis,</em></span> <span class='ocrx_word' id='word_1_45' title='bbox 1125 625 1211 677; x_wconf 86' lang='lat' dir='ltr'><em>cui</em></span> <span class='ocrx_word' id='word_1_46' title='bbox 1239 626 1453 696; x_wconf 86' lang='lat' dir='ltr'><em>subjecit</em></span> <span class='ocrx_word' id='word_1_47' title='bbox 1474 625 1614 683; x_wconf 79' lang='lat' dir='ltr'><em>Deus</em></span> 
     </span>
    </p>
   </div>
   <div class='ocr_carea' id='block_1_8' title="bbox 50 693 1613 768">
    <p class='ocr_par' dir='ltr' id='par_1_8' title="bbox 50 693 1613 768">
     <span class='ocr_line' id='line_1_8' title="bbox 50 693 1613 768; baseline 0.001 -18"><span class='ocrx_word' id='word_1_48' title='bbox 50 713 182 750; x_wconf 82' lang='lat' dir='ltr'><em>onmes</em></span> <span class='ocrx_word' id='word_1_49' title='bbox 203 694 393 760; x_wconf 85' lang='lat' dir='ltr'><em>hostes,</em></span> <span class='ocrx_word' id='word_1_50' title='bbox 420 704 479 747; x_wconf 87' lang='lat' dir='ltr'><em>ut</em></span> <span class='ocrx_word' id='word_1_51' title='bbox 502 696 744 748; x_wconf 87' lang='lat' dir='ltr'><em>conderet</em></span> <span class='ocrx_word' id='word_1_52' title='bbox 755 693 972 768; x_wconf 74' lang='lat' dir='ltr'><em>domum</em></span> <span class='ocrx_word' id='word_1_53' title='bbox 1000 695 1052 747; x_wconf 91' lang='lat' dir='ltr'><em>in</em></span> <span class='ocrx_word' id='word_1_54' title='bbox 1080 697 1286 768; x_wconf 87' lang='lat' dir='ltr'><em>nomine</em></span> <span class='ocrx_word' id='word_1_55' title='bbox 1306 693 1422 763; x_wconf 77' lang='lat' dir='ltr'><em>suo,</em></span> <span class='ocrx_word' id='word_1_56' title='bbox 1447 706 1493 750; x_wconf 87' lang='lat' dir='ltr'><em>et</em></span> <span class='ocrx_word' id='word_1_57' title='bbox 1521 716 1613 768; x_wconf 85' lang='lat' dir='ltr'><em>pa-</em></span> 
     </span>
    </p>
   </div>
   <div class='ocr_carea' id='block_1_9' title="bbox 49 764 1614 836">
    <p class='ocr_par' dir='ltr' id='par_1_9' title="bbox 49 764 1614 836">
     <span class='ocr_line' id='line_1_9' title="bbox 49 764 1614 836; baseline 0.003 -18"><span class='ocrx_word' id='word_1_58' title='bbox 49 776 147 820; x_wconf 86' lang='lat' dir='ltr'><em>mret</em></span> <span class='ocrx_word' id='word_1_59' title='bbox 171 768 498 820; x_wconf 76' lang='lat' dir='ltr'><em>sanctitatem</em></span> <span class='ocrx_word' id='word_1_60' title='bbox 522 768 577 820; x_wconf 89' lang='lat' dir='ltr'><em>in</em></span> <span class='ocrx_word' id='word_1_61' title='bbox 604 764 965 836; x_wconf 89' lang='lat' dir='ltr'><em>sempiternum</em></span> <span class='ocrx_word' id='word_1_62' title='bbox 990 782 1009 823; x_wconf 88' lang='lat'><strong><em>:</em></strong></span> <span class='ocrx_word' id='word_1_63' title='bbox 1030 767 1465 836; x_wconf 76' lang='lat' dir='ltr'><em>quemadmodum</em></span> <span class='ocrx_word' id='word_1_64' title='bbox 1494 764 1614 824; x_wconf 80' lang='lat' dir='ltr'><em>eru-</em></span> 
     </span>
    </p>
   </div>
   <div class='ocr_carea' id='block_1_10' title="bbox 48 838 745 909">
    <p class='ocr_par' dir='ltr' id='par_1_10' title="bbox 48 838 745 909">
     <span class='ocr_line' id='line_1_10' title="bbox 48 838 745 909; baseline 0 -19"><span class='ocrx_word' id='word_1_65' title='bbox 48 840 148 892; x_wconf 83' lang='lat' dir='ltr'><em>ditus</em></span> <span class='ocrx_word' id='word_1_66' title='bbox 177 855 228 891; x_wconf 90' lang='lat' dir='ltr'><em>es</em></span> <span class='ocrx_word' id='word_1_67' title='bbox 250 838 301 889; x_wconf 88' lang='lat' dir='ltr'><em>in</em></span> <span class='ocrx_word' id='word_1_68' title='bbox 319 838 600 909; x_wconf 86' lang='lat' dir='ltr'><em>juventute</em></span> <span class='ocrx_word' id='word_1_69' title='bbox 624 848 711 891; x_wconf 90' lang='lat' dir='ltr'><em>tua</em></span> <span class='ocrx_word' id='word_1_70' title='bbox 730 879 745 902; x_wconf 96' lang='lat'><em>,</em></span> 
     </span>
    </p>
   </div>
   <div class='ocr_carea' id='block_1_11' title="bbox 96 909 1610 980">
    <p class='ocr_par' dir='ltr' id='par_1_11' title="bbox 96 909 1610 980">
     <span class='ocr_line' id='line_1_11' title="bbox 96 909 1610 980; baseline 0.004 -19"><span class='ocrx_word' id='word_1_71' title='bbox 96 910 154 963; x_wconf 81' lang='lat' dir='ltr'><em>Et</em></span> <span class='ocrx_word' id='word_1_72' title='bbox 179 909 413 979; x_wconf 81' lang='lat' dir='ltr'><em>impletus</em></span> <span class='ocrx_word' id='word_1_73' title='bbox 456 926 533 977; x_wconf 88' lang='lat' dir='ltr'><em>es,</em></span> <span class='ocrx_word' id='word_1_74' title='bbox 581 909 728 979; x_wconf 89' lang='lat' dir='ltr'><em>quasi</em></span> <span class='ocrx_word' id='word_1_75' title='bbox 765 909 979 977; x_wconf 80' lang='lat' dir='ltr'><em>flumen,</em></span> <span class='ocrx_word' id='word_1_76' title='bbox 1017 910 1296 980; x_wconf 74' lang='lat' dir='ltr'><em>sapientia,</em></span> <span class='ocrx_word' id='word_1_77' title='bbox 1334 920 1383 966; x_wconf 92' lang='lat' dir='ltr'><em>et</em></span> <span class='ocrx_word' id='word_1_78' title='bbox 1422 920 1610 967; x_wconf 89' lang='lat' dir='ltr'><em>terram</em></span> 
     </span>
    </p>
   </div>
   <div class='ocr_carea' id='block_1_12' title="bbox 46 982 540 1034">
    <p class='ocr_par' dir='ltr' id='par_1_12' title="bbox 46 982 540 1034">
     <span class='ocr_line' id='line_1_12' title="bbox 46 982 540 1034; baseline 0.002 -1"><span class='ocrx_word' id='word_1_79' title='bbox 46 983 188 1034; x_wconf 61' lang='lat' dir='ltr'><em>retexit</em></span> <span class='ocrx_word' id='word_1_80' title='bbox 224 982 398 1034; x_wconf 85' lang='lat' dir='ltr'><em>anima</em></span> <span class='ocrx_word' id='word_1_81' title='bbox 427 990 540 1034; x_wconf 88' lang='lat' dir='ltr'><em>tua.</em></span> 
     </span>
    </p>
   </div>
   <div class='ocr_carea' id='block_1_13' title="bbox 97 1049 1609 1124">
    <p class='ocr_par' dir='ltr' id='par_1_13' title="bbox 97 1049 1609 1124">
     <span class='ocr_line' id='line_1_13' title="bbox 97 1049 1609 1124; baseline 0.002 -19"><span class='ocrx_word' id='word_1_82' title='bbox 97 1052 151 1105; x_wconf 80' lang='lat' dir='ltr'><em>Et</em></span> <span class='ocrx_word' id='word_1_83' title='bbox 174 1052 376 1124; x_wconf 78' lang='lat' dir='ltr'><em>replesti</em></span> <span class='ocrx_word' id='word_1_84' title='bbox 406 1054 462 1105; x_wconf 90' lang='lat' dir='ltr'><em>in</em></span> <span class='ocrx_word' id='word_1_85' title='bbox 490 1049 957 1123; x_wconf 82' lang='lat' dir='ltr'><em>comparationibus</em></span> <span class='ocrx_word' id='word_1_86' title='bbox 981 1052 1259 1124; x_wconf 65' lang='lat' dir='ltr'><em>(enigmata</em></span> <span class='ocrx_word' id='word_1_87' title='bbox 1273 1068 1292 1106; x_wconf 88' lang='lat'><strong><em>:</em></strong></span> <span class='ocrx_word' id='word_1_88' title='bbox 1309 1052 1378 1105; x_wconf 91' lang='lat' dir='ltr'><em>ad</em></span> <span class='ocrx_word' id='word_1_89' title='bbox 1408 1053 1609 1108; x_wconf 83' lang='lat' dir='ltr'><em>insulas</em></span> 
     </span>
    </p>
   </div>
   <div class='ocr_carea' id='block_1_14' title="bbox 48 1123 1607 1193">
    <p class='ocr_par' dir='ltr' id='par_1_14' title="bbox 48 1123 1607 1193">
     <span class='ocr_line' id='line_1_14' title="bbox 48 1123 1607 1193; baseline 0.002 -16"><span class='ocrx_word' id='word_1_90' title='bbox 48 1125 167 1193; x_wconf 84' lang='lat' dir='ltr'><em>longe</em></span> <span class='ocrx_word' id='word_1_91' title='bbox 206 1123 529 1193; x_wconf 75' lang='lat' dir='ltr'><em>divulgatum</em></span> <span class='ocrx_word' id='word_1_92' title='bbox 569 1132 647 1178; x_wconf 88' lang='lat' dir='ltr'><em>est</em></span> <span class='ocrx_word' id='word_1_93' title='bbox 690 1138 877 1177; x_wconf 83' lang='lat' dir='ltr'><em>nomen</em></span> <span class='ocrx_word' id='word_1_94' title='bbox 918 1123 1098 1191; x_wconf 87' lang='lat' dir='ltr'><em>tuum,</em></span> <span class='ocrx_word' id='word_1_95' title='bbox 1128 1132 1177 1179; x_wconf 90' lang='lat' dir='ltr'><em>et</em></span> <span class='ocrx_word' id='word_1_96' title='bbox 1222 1124 1447 1178; x_wconf 90' lang='lat' dir='ltr'><em>dilectus</em></span> <span class='ocrx_word' id='word_1_97' title='bbox 1477 1141 1529 1179; x_wconf 88' lang='lat' dir='ltr'><em>es</em></span> <span class='ocrx_word' id='word_1_98' title='bbox 1552 1126 1607 1181; x_wconf 89' lang='lat' dir='ltr'><em>in</em></span> 
     </span>
    </p>
   </div>
   <div class='ocr_carea' id='block_1_15' title="bbox 46 1205 273 1263">
    <p class='ocr_par' dir='ltr' id='par_1_15' title="bbox 46 1205 273 1263">
     <span class='ocr_line' id='line_1_15' title="bbox 46 1205 273 1263; baseline 0.004 -15"><span class='ocrx_word' id='word_1_99' title='bbox 46 1212 143 1263; x_wconf 73' lang='lat' dir='ltr'><em>pace</em></span> <span class='ocrx_word' id='word_1_100' title='bbox 172 1205 273 1249; x_wconf 86' lang='lat' dir='ltr'><em>tua.</em></span> 
     </span>
    </p>
   </div>
   <div class='ocr_carea' id='block_1_16' title="bbox 92 1265 1606 1337">
    <p class='ocr_par' dir='ltr' id='par_1_16' title="bbox 92 1265 1606 1337">
     <span class='ocr_line' id='line_1_16' title="bbox 92 1265 1606 1337; baseline 0.003 -19"><span class='ocrx_word' id='word_1_101' title='bbox 92 1266 148 1319; x_wconf 89' lang='lat' dir='ltr'><em>In</em></span> <span class='ocrx_word' id='word_1_102' title='bbox 180 1265 473 1331; x_wconf 79' lang='lat' dir='ltr'><em>cantilenis,</em></span> <span class='ocrx_word' id='word_1_103' title='bbox 505 1275 554 1319; x_wconf 90' lang='lat' dir='ltr'><em>et</em></span> <span class='ocrx_word' id='word_1_104' title='bbox 584 1266 890 1337; x_wconf 80' lang='lat' dir='ltr'><em>proverbiis,</em></span> <span class='ocrx_word' id='word_1_105' title='bbox 933 1278 981 1325; x_wconf 83' lang='lat' dir='ltr'><em>et</em></span> <span class='ocrx_word' id='word_1_106' title='bbox 1022 1266 1514 1337; x_wconf 88' lang='lat' dir='ltr'><em>comparationibus,</em></span> <span class='ocrx_word' id='word_1_107' title='bbox 1556 1276 1606 1323; x_wconf 90' lang='lat' dir='ltr'><em>et</em></span> 
     </span>
    </p>
   </div>
   <div class='ocr_carea' id='block_1_17' title="bbox 42 1338 1099 1406">
    <p class='ocr_par' dir='ltr' id='par_1_17' title="bbox 42 1338 1099 1406">
     <span class='ocr_line' id='line_1_17' title="bbox 42 1338 1099 1406; baseline 0.003 -18"><span class='ocrx_word' id='word_1_108' title='bbox 42 1338 510 1406; x_wconf 72' lang='lat' dir='ltr'><em>interpretationibus</em></span> <span class='ocrx_word' id='word_1_109' title='bbox 544 1339 745 1391; x_wconf 78' lang='lat' dir='ltr'><em>mirata:</em></span> <span class='ocrx_word' id='word_1_110' title='bbox 773 1351 891 1394; x_wconf 89' lang='lat' dir='ltr'><em>sunt</em></span> <span class='ocrx_word' id='word_1_111' title='bbox 924 1349 1099 1394; x_wconf 76' lang='lat' dir='ltr'><em>term.</em></span> 
     </span>
    </p>
   </div>
   <div class='ocr_carea' id='block_1_18' title="bbox 42 1407 1603 1531">
    <p class='ocr_par' dir='ltr' id='par_1_18' title="bbox 42 1407 1603 1531">
     <span class='ocr_line' id='line_1_18' title="bbox 42 1407 1603 1531; baseline 0.003 -71"><span class='ocrx_word' id='word_1_112' title='bbox 42 1407 227 1531; x_wconf 62' lang='lat' dir='ltr'><em>[Etlin</em></span> <span class='ocrx_word' id='word_1_113' title='bbox 252 1409 461 1464; x_wconf 86' lang='lat' dir='ltr'><em>nomine</em></span> <span class='ocrx_word' id='word_1_114' title='bbox 490 1407 700 1463; x_wconf 88' lang='lat' dir='ltr'><em>Domini</em></span> <span class='ocrx_word' id='word_1_115' title='bbox 734 1409 850 1477; x_wconf 89' lang='lat' dir='ltr'><em>Dei,</em></span> <span class='ocrx_word' id='word_1_116' title='bbox 883 1412 969 1467; x_wconf 90' lang='lat' dir='ltr'><em>cui</em></span> <span class='ocrx_word' id='word_1_117' title='bbox 1005 1418 1081 1463; x_wconf 88' lang='lat' dir='ltr'><em>est</em></span> <span class='ocrx_word' id='word_1_118' title='bbox 1121 1424 1429 1482; x_wconf 83' lang='lat' dir='ltr'><em>cegnomen,</em></span> <span class='ocrx_word' id='word_1_119' title='bbox 1458 1408 1603 1465; x_wconf 88' lang='lat' dir='ltr'><em>Deus</em></span> 
     </span>
     <span class='ocr_line' id='line_1_19' title="bbox 66 1496 196 1531; baseline 0 0"><span class='ocrx_word' id='word_1_120' title='bbox 66 1496 155 1531; x_wconf 60' lang='lat'><em>8’06</em></span> <span class='ocrx_word' id='word_1_121' title='bbox 184 1520 196 1531; x_wconf 89' lang='lat'><em>.</em></span> 
     </span>
    </p>
   </div>
   <div class='ocr_carea' id='block_1_19' title="bbox 66 1496 196 1532">
    <p class='ocr_par' dir='ltr' id='par_1_19' title="bbox 66 1496 196 1532">
     <span class='ocr_line' id='line_1_20' title="bbox 66 1496 196 1532; baseline -0.008 0"><span class='ocrx_word' id='word_1_122' title='bbox 66 1496 196 1532; x_wconf 82' lang='lat' dir='ltr'><em>sraet.</em></span> 
     </span>
    </p>
   </div>
   <div class='ocr_carea' id='block_1_20' title="bbox 88 1550 1602 1624">
    <p class='ocr_par' dir='ltr' id='par_1_20' title="bbox 88 1550 1602 1624">
     <span class='ocr_line' id='line_1_21' title="bbox 88 1550 1602 1624; baseline 0.003 -20"><span class='ocrx_word' id='word_1_123' title='bbox 88 1550 340 1622; x_wconf 85' lang='lat' dir='ltr'><em>Collegiin</em></span> <span class='ocrx_word' id='word_1_124' title='bbox 364 1552 517 1621; x_wconf 88' lang='lat' dir='ltr'><em>quasi</em></span> <span class='ocrx_word' id='word_1_125' title='bbox 546 1551 904 1608; x_wconf 82' lang='lat' dir='ltr'><em>aurichalcum</em></span> <span class='ocrx_word' id='word_1_126' title='bbox 927 1571 1137 1622; x_wconf 89' lang='lat' dir='ltr'><em>aurum,</em></span> <span class='ocrx_word' id='word_1_127' title='bbox 1168 1562 1216 1607; x_wconf 88' lang='lat' dir='ltr'><em>et</em></span> <span class='ocrx_word' id='word_1_128' title='bbox 1249 1560 1302 1605; x_wconf 88' lang='lat' dir='ltr'><em>ut</em></span> <span class='ocrx_word' id='word_1_129' title='bbox 1333 1552 1602 1624; x_wconf 89' lang='lat' dir='ltr'><em>plumbum</em></span> 
     </span>
    </p>
   </div>
   <div class='ocr_carea' id='block_1_21' title="bbox 39 1624 589 1693">
    <p class='ocr_par' dir='ltr' id='par_1_21' title="bbox 39 1624 589 1693">
     <span class='ocr_line' id='line_1_22' title="bbox 39 1624 589 1693; baseline 0 -18"><span class='ocrx_word' id='word_1_130' title='bbox 39 1624 266 1691; x_wconf 73' lang='lat' dir='ltr'><em>complesti</em></span> <span class='ocrx_word' id='word_1_131' title='bbox 290 1634 589 1693; x_wconf 82' lang='lat' dir='ltr'><em>argentum.</em></span> 
     </span>
    </p>
   </div>
   <div class='ocr_carea' id='block_1_22' title="bbox 86 1693 1597 1766">
    <p class='ocr_par' dir='ltr' id='par_1_22' title="bbox 86 1693 1597 1766">
     <span class='ocr_line' id='line_1_23' title="bbox 86 1693 1597 1766; baseline 0.003 -21"><span class='ocrx_word' id='word_1_132' title='bbox 86 1693 142 1745; x_wconf 85' lang='lat' dir='ltr'><em>Et</em></span> <span class='ocrx_word' id='word_1_133' title='bbox 166 1695 424 1749; x_wconf 84' lang='lat' dir='ltr'><em>inclinasti</em></span> <span class='ocrx_word' id='word_1_134' title='bbox 459 1696 655 1766; x_wconf 83' lang='lat' dir='ltr'><em>femora</em></span> <span class='ocrx_word' id='word_1_135' title='bbox 680 1704 770 1752; x_wconf 90' lang='lat' dir='ltr'><em>tua</em></span> <span class='ocrx_word' id='word_1_136' title='bbox 800 1698 1101 1755; x_wconf 84' lang='lat' dir='ltr'><em>mulieribus</em></span> <span class='ocrx_word' id='word_1_137' title='bbox 1124 1712 1145 1753; x_wconf 84' lang='lat'><em>.&#39;</em></span> <span class='ocrx_word' id='word_1_138' title='bbox 1171 1702 1470 1765; x_wconf 88' lang='lat' dir='ltr'><em>potestatem</em></span> <span class='ocrx_word' id='word_1_139' title='bbox 1497 1694 1597 1749; x_wconf 85' lang='lat' dir='ltr'><em>ha-</em></span> 
     </span>
    </p>
   </div>
   <div class='ocr_carea' id='block_1_23' title="bbox 32 1764 610 1836">
    <p class='ocr_par' dir='ltr' id='par_1_23' title="bbox 32 1764 610 1836">
     <span class='ocr_line' id='line_1_24' title="bbox 32 1764 610 1836; baseline 0.009 -19"><span class='ocrx_word' id='word_1_140' title='bbox 32 1764 158 1818; x_wconf 81' lang='lat' dir='ltr'><em>buiin</em></span> <span class='ocrx_word' id='word_1_141' title='bbox 184 1767 234 1818; x_wconf 90' lang='lat' dir='ltr'><em>in</em></span> <span class='ocrx_word' id='word_1_142' title='bbox 259 1764 471 1836; x_wconf 84' lang='lat' dir='ltr'><em>corpore</em></span> <span class='ocrx_word' id='word_1_143' title='bbox 500 1774 610 1822; x_wconf 89' lang='lat' dir='ltr'><em>tuo.</em></span> 
     </span>
    </p>
   </div>
   <div class='ocr_carea' id='block_1_24' title="bbox 82 1836 1595 1910">
    <p class='ocr_par' dir='ltr' id='par_1_24' title="bbox 82 1836 1595 1910">
     <span class='ocr_line' id='line_1_25' title="bbox 82 1836 1595 1910; baseline 0.003 -22"><span class='ocrx_word' id='word_1_144' title='bbox 82 1836 272 1910; x_wconf 77' lang='lat' dir='ltr'><em>Dedisti</em></span> <span class='ocrx_word' id='word_1_145' title='bbox 304 1837 563 1892; x_wconf 83' lang='lat' dir='ltr'><em>maculam</em></span> <span class='ocrx_word' id='word_1_146' title='bbox 598 1840 655 1893; x_wconf 90' lang='lat' dir='ltr'><em>in</em></span> <span class='ocrx_word' id='word_1_147' title='bbox 683 1839 857 1910; x_wconf 88' lang='lat' dir='ltr'><em>gloria</em></span> <span class='ocrx_word' id='word_1_148' title='bbox 885 1850 996 1908; x_wconf 89' lang='lat' dir='ltr'><em>tua,</em></span> <span class='ocrx_word' id='word_1_149' title='bbox 1030 1849 1077 1895; x_wconf 89' lang='lat' dir='ltr'><em>et</em></span> <span class='ocrx_word' id='word_1_150' title='bbox 1105 1837 1396 1910; x_wconf 88' lang='lat' dir='ltr'><em>profanasti</em></span> <span class='ocrx_word' id='word_1_151' title='bbox 1423 1853 1595 1892; x_wconf 85' lang='lat' dir='ltr'><em>semen</em></span> 
     </span>
    </p>
   </div>
   <div class='ocr_carea' id='block_1_25' title="bbox 25 1909 1597 1976">
    <p class='ocr_par' dir='ltr' id='par_1_25' title="bbox 25 1909 1597 1976">
     <span class='ocr_line' id='line_1_26' title="bbox 25 1909 1597 1976; baseline 0.003 -18"><span class='ocrx_word' id='word_1_152' title='bbox 25 1918 140 1961; x_wconf 84' lang='lat' dir='ltr'><em>tuum</em></span> <span class='ocrx_word' id='word_1_153' title='bbox 168 1909 410 1964; x_wconf 83' lang='lat' dir='ltr'><em>inducere</em></span> <span class='ocrx_word' id='word_1_154' title='bbox 439 1909 767 1965; x_wconf 87' lang='lat' dir='ltr'><em>iracundiam</em></span> <span class='ocrx_word' id='word_1_155' title='bbox 801 1912 869 1965; x_wconf 89' lang='lat' dir='ltr'><em>ad</em></span> <span class='ocrx_word' id='word_1_156' title='bbox 899 1909 1261 1976; x_wconf 32' lang='lat' dir='ltr'><em>liberos&#39;tuos,</em></span> <span class='ocrx_word' id='word_1_157' title='bbox 1298 1920 1350 1963; x_wconf 90' lang='lat' dir='ltr'><em>et</em></span> <span class='ocrx_word' id='word_1_158' title='bbox 1388 1910 1597 1963; x_wconf 88' lang='lat' dir='ltr'><em>incitari</em></span> 
     </span>
    </p>
   </div>
   <div class='ocr_carea' id='block_1_26' title="bbox 26 1980 485 2035">
    <p class='ocr_par' dir='ltr' id='par_1_26' title="bbox 26 1980 485 2035">
     <span class='ocr_line' id='line_1_27' title="bbox 26 1980 485 2035; baseline 0.004 -3"><span class='ocrx_word' id='word_1_159' title='bbox 26 1980 267 2034; x_wconf 77' lang='lat' dir='ltr'><em>stultitiam</em></span> <span class='ocrx_word' id='word_1_160' title='bbox 297 1992 441 2034; x_wconf 88' lang='lat' dir='ltr'><em>tuam</em></span> <span class='ocrx_word' id='word_1_161' title='bbox 465 1998 485 2035; x_wconf 90' lang='lat'><strong><em>:</em></strong></span> 
     </span>
    </p>
   </div>
   <div class='ocr_carea' id='block_1_27' title="bbox 78 2042 1592 2127">
    <p class='ocr_par' dir='ltr' id='par_1_27' title="bbox 78 2042 1592 2127">
     <span class='ocr_line' id='line_1_28' title="bbox 78 2042 1592 2127; baseline 0.002 -23"><span class='ocrx_word' id='word_1_162' title='bbox 78 2049 139 2104; x_wconf 86' lang='lat' dir='ltr'><em>Ut</em></span> <span class='ocrx_word' id='word_1_163' title='bbox 180 2042 379 2127; x_wconf 69' lang='lat' dir='ltr'><em>faceres</em></span> <span class='ocrx_word' id='word_1_164' title='bbox 405 2054 684 2127; x_wconf 84' lang='lat' dir='ltr'><em>imperium</em></span> <span class='ocrx_word' id='word_1_165' title='bbox 712 2054 1035 2127; x_wconf 83' lang='lat' dir='ltr'><em>bipartitum,</em></span> <span class='ocrx_word' id='word_1_166' title='bbox 1064 2061 1111 2111; x_wconf 91' lang='lat' dir='ltr'><em>et</em></span> <span class='ocrx_word' id='word_1_167' title='bbox 1128 2069 1191 2108; x_wconf 73' lang='lat' dir='ltr'><em>ex</em></span> <span class='ocrx_word' id='word_1_168' title='bbox 1215 2051 1469 2125; x_wconf 86' lang='lat' dir='ltr'><em>Ephraim</em></span> <span class='ocrx_word' id='word_1_169' title='bbox 1490 2052 1592 2107; x_wconf 85' lang='lat' dir='ltr'><em>im-</em></span> 
     </span>
    </p>
   </div>
   <div class='ocr_carea' id='block_1_28' title="bbox 24 2125 705 2192">
    <p class='ocr_par' dir='ltr' id='par_1_28' title="bbox 24 2125 705 2192">
     <span class='ocr_line' id='line_1_29' title="bbox 24 2125 705 2192; baseline 0.009 -18"><span class='ocrx_word' id='word_1_170' title='bbox 24 2137 172 2192; x_wconf 78' lang='lat' dir='ltr'><em>perare</em></span> <span class='ocrx_word' id='word_1_171' title='bbox 198 2125 472 2192; x_wconf 86' lang='lat' dir='ltr'><em>imperium</em></span> <span class='ocrx_word' id='word_1_172' title='bbox 498 2125 705 2181; x_wconf 84' lang='lat' dir='ltr'><em>durant.</em></span> 
     </span>
    </p>
   </div>
   <div class='ocr_carea' id='block_1_29' title="bbox 75 2191 1594 2267">
    <p class='ocr_par' dir='ltr' id='par_1_29' title="bbox 75 2191 1594 2267">
     <span class='ocr_line' id='line_1_30' title="bbox 75 2191 1594 2267; baseline 0.002 -21"><span class='ocrx_word' id='word_1_173' title='bbox 75 2191 198 2247; x_wconf 63' lang='grc' dir='ltr'><em>Ωιταε</em></span> <span class='ocrx_word' id='word_1_174' title='bbox 223 2191 399 2248; x_wconf 85' lang='lat' dir='ltr'><em>autem</em></span> <span class='ocrx_word' id='word_1_175' title='bbox 430 2212 533 2267; x_wconf 88' lang='lat' dir='ltr'><em>non</em></span> <span class='ocrx_word' id='word_1_176' title='bbox 563 2198 879 2267; x_wconf 88' lang='lat' dir='ltr'><em>derelinquet</em></span> <span class='ocrx_word' id='word_1_177' title='bbox 906 2197 1315 2252; x_wconf 88' lang='lat' dir='ltr'><em>misericordiam</em></span> <span class='ocrx_word' id='word_1_178' title='bbox 1342 2212 1509 2261; x_wconf 88' lang='lat' dir='ltr'><em>suam,</em></span> <span class='ocrx_word' id='word_1_179' title='bbox 1544 2202 1594 2249; x_wconf 89' lang='lat' dir='ltr'><em>et</em></span> 
     </span>
    </p>
   </div>
   <div class='ocr_carea' id='block_1_30' title="bbox 24 2266 1593 2339">
    <p class='ocr_par' dir='ltr' id='par_1_30' title="bbox 24 2266 1593 2339">
     <span class='ocr_line' id='line_1_31' title="bbox 24 2266 1593 2339; baseline 0.004 -24"><span class='ocrx_word' id='word_1_180' title='bbox 24 2280 97 2317; x_wconf 81' lang='lat' dir='ltr'><em>non</em></span> <span class='ocrx_word' id='word_1_181' title='bbox 123 2276 434 2339; x_wconf 82' lang='lat' dir='ltr'><em>corrumpet,</em></span> <span class='ocrx_word' id='word_1_182' title='bbox 463 2266 573 2338; x_wconf 83' lang='lat' dir='ltr'><strong>[AL</strong></span> <span class='ocrx_word' id='word_1_183' title='bbox 603 2268 727 2323; x_wconf 88' lang='lat' dir='ltr'><em>add.</em></span> <span class='ocrx_word' id='word_1_184' title='bbox 752 2266 820 2335; x_wconf 85' lang='lat' dir='ltr'><em>et]</em></span> <span class='ocrx_word' id='word_1_185' title='bbox 849 2285 939 2323; x_wconf 88' lang='lat' dir='ltr'><em>nec</em></span> <span class='ocrx_word' id='word_1_186' title='bbox 960 2269 1149 2323; x_wconf 86' lang='lat' dir='ltr'><em>delebit</em></span> <span class='ocrx_word' id='word_1_187' title='bbox 1176 2285 1332 2339; x_wconf 88' lang='lat' dir='ltr'><em>opera</em></span> <span class='ocrx_word' id='word_1_188' title='bbox 1359 2285 1474 2332; x_wconf 91' lang='lat' dir='ltr'><em>sua,</em></span> <span class='ocrx_word' id='word_1_189' title='bbox 1504 2283 1593 2321; x_wconf 86' lang='lat' dir='ltr'><em>ne-</em></span> 
     </span>
    </p>
   </div>
   <div class='ocr_carea' id='block_1_31' title="bbox 23 2337 1589 2410">
    <p class='ocr_par' dir='ltr' id='par_1_31' title="bbox 23 2337 1589 2410">
     <span class='ocr_line' id='line_1_32' title="bbox 23 2337 1589 2410; baseline -0.001 -19"><span class='ocrx_word' id='word_1_190' title='bbox 23 2352 93 2410; x_wconf 70' lang='lat' dir='ltr'><em>que</em></span> <span class='ocrx_word' id='word_1_191' title='bbox 123 2337 299 2410; x_wconf 81' lang='lat' dir='ltr'><em>perdet</em></span> <span class='ocrx_word' id='word_1_192' title='bbox 311 2355 360 2410; x_wconf 91' lang='lat' dir='ltr'><em>_a</em></span> <span class='ocrx_word' id='word_1_193' title='bbox 388 2337 552 2405; x_wconf 78' lang='lat' dir='ltr'><em>stirpe</em></span> <span class='ocrx_word' id='word_1_194' title='bbox 581 2350 792 2408; x_wconf 89' lang='lat' dir='ltr'><em>nepotes</em></span> <span class='ocrx_word' id='word_1_195' title='bbox 816 2339 967 2395; x_wconf 88' lang='lat' dir='ltr'><em>electi</em></span> <span class='ocrx_word' id='word_1_196' title='bbox 996 2341 1077 2394; x_wconf 89' lang='lat' dir='ltr'><em>sui</em></span> <span class='ocrx_word' id='word_1_197' title='bbox 1105 2355 1123 2394; x_wconf 90' lang='lat'><strong><em>:</em></strong></span> <span class='ocrx_word' id='word_1_198' title='bbox 1147 2337 1397 2395; x_wconf 41' lang='lat' dir='ltr'><em>et&#39;semen</em></span> <span class='ocrx_word' id='word_1_199' title='bbox 1441 2341 1589 2410; x_wconf 87' lang='lat' dir='ltr'><em>ejus,</em></span> 
     </span>
    </p>
   </div>
   <div class='ocr_carea' id='block_1_32' title="bbox 22 2408 1057 2480">
    <p class='ocr_par' dir='ltr' id='par_1_32' title="bbox 22 2408 1057 2480">
     <span class='ocr_line' id='line_1_33' title="bbox 22 2408 1057 2480; baseline 0.007 -22"><span class='ocrx_word' id='word_1_200' title='bbox 22 2408 269 2480; x_wconf 68' lang='lat' dir='ltr'><em>qsi_diligil</em></span> <span class='ocrx_word' id='word_1_201' title='bbox 297 2408 582 2463; x_wconf 87' lang='lat' dir='ltr'><em>Dominum</em></span> <span class='ocrx_word' id='word_1_202' title='bbox 612 2420 1057 2480; x_wconf 15' lang='lat' dir='ltr'><em>nonicorrumpet.</em></span> 
     </span>
    </p>
   </div>
   <div class='ocr_carea' id='block_1_33' title="bbox 72 2478 1585 2552">
    <p class='ocr_par' dir='ltr' id='par_1_33' title="bbox 72 2478 1585 2552">
     <span class='ocr_line' id='line_1_34' title="bbox 72 2478 1585 2552; baseline 0.001 -19"><span class='ocrx_word' id='word_1_203' title='bbox 72 2478 212 2552; x_wconf 65' lang='lat' dir='ltr'><em>Dedit</em></span> <span class='ocrx_word' id='word_1_204' title='bbox 228 2488 404 2552; x_wconf 86' lang='lat' dir='ltr'><em>autem</em></span> <span class='ocrx_word' id='word_1_205' title='bbox 423 2480 680 2551; x_wconf 88' lang='lat' dir='ltr'><em>reliquum</em></span> <span class='ocrx_word' id='word_1_206' title='bbox 702 2479 892 2551; x_wconf 75' lang='lat' dir='ltr'><em>Jacob,</em></span> <span class='ocrx_word' id='word_1_207' title='bbox 916 2478 962 2535; x_wconf 84' lang='lat' dir='ltr'><em>et</em></span> <span class='ocrx_word' id='word_1_208' title='bbox 983 2481 1156 2535; x_wconf 81' lang='lat' dir='ltr'><em>David</em></span> <span class='ocrx_word' id='word_1_209' title='bbox 1182 2481 1244 2534; x_wconf 90' lang='lat' dir='ltr'><em>de</em></span> <span class='ocrx_word' id='word_1_210' title='bbox 1270 2481 1382 2551; x_wconf 91' lang='lat' dir='ltr'><em>ipsa</em></span> <span class='ocrx_word' id='word_1_211' title='bbox 1405 2481 1585 2552; x_wconf 89' lang='lat' dir='ltr'><em>stirpe.</em></span> 
     </span>
    </p>
   </div>
   <div class='ocr_carea' id='block_1_34' title="bbox 70 2548 1366 2621">
    <p class='ocr_par' dir='ltr' id='par_1_34' title="bbox 70 2548 1366 2621">
     <span class='ocr_line' id='line_1_35' title="bbox 70 2548 1366 2621; baseline 0.002 -20"><span class='ocrx_word' id='word_1_212' title='bbox 70 2548 130 2621; x_wconf 63' lang='lat' dir='ltr'><em>Et</em></span> <span class='ocrx_word' id='word_1_213' title='bbox 157 2551 315 2620; x_wconf 88' lang='lat' dir='ltr'><em>ﬁnem</em></span> <span class='ocrx_word' id='word_1_214' title='bbox 343 2548 805 2607; x_wconf 50' lang='lat' dir='ltr'><em>habuit&#39;Salomon</em></span> <span class='ocrx_word' id='word_1_215' title='bbox 835 2548 949 2607; x_wconf 84' lang='lat' dir='ltr'><em>cum</em></span> <span class='ocrx_word' id='word_1_216' title='bbox 979 2554 1213 2621; x_wconf 87' lang='lat' dir='ltr'><em>patribus</em></span> <span class='ocrx_word' id='word_1_217' title='bbox 1236 2548 1366 2607; x_wconf 78' lang='lat' dir='ltr'><em>suis.</em></span> 
     </span>
    </p>
   </div>
   <div class='ocr_carea' id='block_1_35' title="bbox 36 2620 1589 2697">
    <p class='ocr_par' dir='ltr' id='par_1_35' title="bbox 36 2620 1589 2697">
     <span class='ocr_line' id='line_1_36' title="bbox 36 2620 1589 2697; baseline 0.003 -24"><span class='ocrx_word' id='word_1_218' title='bbox 36 2690 39 2697; x_wconf 28' lang='grc' dir='ltr'>λ</span> <span class='ocrx_word' id='word_1_219' title='bbox 69 2620 127 2675; x_wconf 82' lang='lat' dir='ltr'><em>Et</em></span> <span class='ocrx_word' id='word_1_220' title='bbox 164 2621 441 2692; x_wconf 85' lang='lat' dir='ltr'><em>dereliquit</em></span> <span class='ocrx_word' id='word_1_221' title='bbox 486 2633 601 2695; x_wconf 89' lang='lat' dir='ltr'><em>post</em></span> <span class='ocrx_word' id='word_1_222' title='bbox 629 2641 684 2679; x_wconf 87' lang='lat' dir='ltr'><em>se</em></span> <span class='ocrx_word' id='word_1_223' title='bbox 720 2624 785 2680; x_wconf 90' lang='lat' dir='ltr'><em>de</em></span> <span class='ocrx_word' id='word_1_224' title='bbox 827 2620 1017 2681; x_wconf 85' lang='lat' dir='ltr'><em>semine</em></span> <span class='ocrx_word' id='word_1_225' title='bbox 1052 2641 1179 2691; x_wconf 88' lang='lat' dir='ltr'><em>suo,</em></span> <span class='ocrx_word' id='word_1_226' title='bbox 1213 2624 1378 2695; x_wconf 84' lang='lat' dir='ltr'><em>gentis</em></span> <span class='ocrx_word' id='word_1_227' title='bbox 1416 2622 1589 2677; x_wconf 49' lang='lat' dir='ltr'><em>stulti.</em></span> 
     </span>
    </p>
   </div>
   <div class='ocr_carea' id='block_1_36' title="bbox 16 2700 131 2745">
    <p class='ocr_par' dir='ltr' id='par_1_36' title="bbox 16 2700 131 2745">
     <span class='ocr_line' id='line_1_37' title="bbox 16 2700 131 2745; baseline 0.035 -4"><span class='ocrx_word' id='word_1_228' title='bbox 16 2700 131 2745; x_wconf 74' lang='lat' dir='ltr'><em>(iatn.</em></span> 
     </span>
    </p>
   </div>
   <div class='ocr_carea' id='block_1_37' title="bbox 67 2762 1586 2839">
    <p class='ocr_par' dir='ltr' id='par_1_37' title="bbox 67 2762 1586 2839">
     <span class='ocr_line' id='line_1_38' title="bbox 67 2762 1586 2839; baseline 0.003 -22"><span class='ocrx_word' id='word_1_229' title='bbox 67 2762 123 2817; x_wconf 87' lang='lat' dir='ltr'><em>Et</em></span> <span class='ocrx_word' id='word_1_230' title='bbox 150 2766 481 2839; x_wconf 81' lang='lat' dir='ltr'><em>imminutum</em></span> <span class='ocrx_word' id='word_1_231' title='bbox 500 2784 532 2820; x_wconf 91' lang='lat' dir='ltr'><em>a</em></span> <span class='ocrx_word' id='word_1_232' title='bbox 553 2767 848 2838; x_wconf 88' lang='lat' dir='ltr'><em>prudentia,</em></span> <span class='ocrx_word' id='word_1_233' title='bbox 878 2766 1130 2835; x_wconf 84' lang='lat' dir='ltr'><em>Roboam,</em></span> <span class='ocrx_word' id='word_1_234' title='bbox 1160 2767 1249 2838; x_wconf 87' lang='lat' dir='ltr'><em>qui</em></span> <span class='ocrx_word' id='word_1_235' title='bbox 1269 2767 1449 2821; x_wconf 84' lang='lat' dir='ltr'><em>avertit</em></span> <span class='ocrx_word' id='word_1_236' title='bbox 1470 2782 1586 2839; x_wconf 84' lang='lat' dir='ltr'><em>gen-</em></span> 
     </span>
    </p>
   </div>
   <div class='ocr_carea' id='block_1_38' title="bbox 16 2837 475 2893">
    <p class='ocr_par' dir='ltr' id='par_1_38' title="bbox 16 2837 475 2893">
     <span class='ocr_line' id='line_1_39' title="bbox 16 2837 475 2893; baseline 0.02 -9"><span class='ocrx_word' id='word_1_237' title='bbox 16 2842 86 2886; x_wconf 82' lang='lat' dir='ltr'><em>tem</em></span> <span class='ocrx_word' id='word_1_238' title='bbox 106 2837 327 2892; x_wconf 89' lang='lat' dir='ltr'><em>consilio</em></span> <span class='ocrx_word' id='word_1_239' title='bbox 358 2854 475 2893; x_wconf 91' lang='lat' dir='ltr'><em>suo.</em></span> 
     </span>
    </p>
   </div>
   <div class='ocr_carea' id='block_1_39' title="bbox 64 2904 1581 2980">
    <p class='ocr_par' dir='ltr' id='par_1_39' title="bbox 64 2904 1581 2980">
     <span class='ocr_line' id='line_1_40' title="bbox 64 2904 1581 2980; baseline 0.003 -23"><span class='ocrx_word' id='word_1_240' title='bbox 64 2904 125 2980; x_wconf 75' lang='lat' dir='ltr'><em>Et</em></span> <span class='ocrx_word' id='word_1_241' title='bbox 152 2908 436 2980; x_wconf 76' lang='lat' dir='ltr'><em>Jcroboam</em></span> <span class='ocrx_word' id='word_1_242' title='bbox 461 2910 629 2979; x_wconf 89' lang='lat' dir='ltr'><em>ﬁlium</em></span> <span class='ocrx_word' id='word_1_243' title='bbox 660 2908 861 2975; x_wconf 80' lang='lat' dir='ltr'><em>Nabal,</em></span> <span class='ocrx_word' id='word_1_244' title='bbox 889 2910 978 2977; x_wconf 87' lang='lat' dir='ltr'><em>qui</em></span> <span class='ocrx_word' id='word_1_245' title='bbox 1003 2926 1220 2979; x_wconf 89' lang='lat' dir='ltr'><em>peccare</em></span> <span class='ocrx_word' id='word_1_246' title='bbox 1253 2908 1371 2980; x_wconf 92' lang='lat' dir='ltr'><em>fecit</em></span> <span class='ocrx_word' id='word_1_247' title='bbox 1389 2907 1581 2976; x_wconf 86' lang='lat' dir='ltr'><em>Israel,</em></span> 
     </span>
    </p>
   </div>
   <div class='ocr_carea' id='block_1_40' title="bbox 16 2978 1586 3051">
    <p class='ocr_par' dir='ltr' id='par_1_40' title="bbox 16 2978 1586 3051">
     <span class='ocr_line' id='line_1_41' title="bbox 16 2978 1586 3051; baseline 0.004 -24"><span class='ocrx_word' id='word_1_248' title='bbox 16 2988 41 3026; x_wconf 66' lang='lat' dir='ltr'><em>rt</em></span> <span class='ocrx_word' id='word_1_249' title='bbox 66 2978 202 3032; x_wconf 80' lang='lat' dir='ltr'><em>dedit</em></span> <span class='ocrx_word' id='word_1_250' title='bbox 231 2980 369 3032; x_wconf 82' lang='lat' dir='ltr'><em>viam</em></span> <span class='ocrx_word' id='word_1_251' title='bbox 394 2978 644 3047; x_wconf 81' lang='lat' dir='ltr'><em>peccandi</em></span> <span class='ocrx_word' id='word_1_252' title='bbox 674 2981 927 3051; x_wconf 85' lang='lat' dir='ltr'><em>Ephraim</em></span> <span class='ocrx_word' id='word_1_253' title='bbox 946 3022 963 3051; x_wconf 95' lang='lat'><em>,</em></span> <span class='ocrx_word' id='word_1_254' title='bbox 988 2978 1035 3037; x_wconf 86' lang='lat' dir='ltr'><em>et</em></span> <span class='ocrx_word' id='word_1_255' title='bbox 1062 2978 1290 3051; x_wconf 82' lang='lat' dir='ltr'><em>plurima</em></span> <span class='ocrx_word' id='word_1_256' title='bbox 1320 2980 1586 3035; x_wconf 82' lang='lat' dir='ltr'><em>redunda-</em></span> 
     </span>
    </p>
   </div>
   <div class='ocr_carea' id='block_1_41' title="bbox 16 3052 691 3122">
    <p class='ocr_par' dir='ltr' id='par_1_41' title="bbox 16 3052 691 3122">
     <span class='ocr_line' id='line_1_42' title="bbox 16 3052 691 3122; baseline 0.012 -24"><span class='ocrx_word' id='word_1_257' title='bbox 16 3061 172 3122; x_wconf 40' lang='grc' dir='ltr'><em>τίν-ψει</em></span> <span class='ocrx_word' id='word_1_258' title='bbox 198 3062 409 3122; x_wconf 89' lang='lat' dir='ltr'><em>peccata</em></span> <span class='ocrx_word' id='word_1_259' title='bbox 438 3052 691 3121; x_wconf 90' lang='lat' dir='ltr'><em>ipsorum.</em></span> 
     </span>
    </p>
   </div>
   <div class='ocr_carea' id='block_1_42' title="bbox 75 3119 1062 3181">
    <p class='ocr_par' dir='ltr' id='par_1_42' title="bbox 75 3119 1062 3181">
     <span class='ocr_line' id='line_1_43' title="bbox 75 3119 1062 3181; baseline 0.011 -11"><span class='ocrx_word' id='word_1_260' title='bbox 75 3119 230 3175; x_wconf 80' lang='lat' dir='ltr'><em>Valde</em></span> <span class='ocrx_word' id='word_1_261' title='bbox 257 3119 551 3177; x_wconf 75' lang='lat' dir='ltr'><em>averterunt</em></span> <span class='ocrx_word' id='word_1_262' title='bbox 579 3123 701 3178; x_wconf 83' lang='lat' dir='ltr'><em>illos</em></span> <span class='ocrx_word' id='word_1_263' title='bbox 722 3140 753 3177; x_wconf 93' lang='lat' dir='ltr'><em>a</em></span> <span class='ocrx_word' id='word_1_264' title='bbox 781 3134 918 3178; x_wconf 89' lang='lat' dir='ltr'><em>terra</em></span> <span class='ocrx_word' id='word_1_265' title='bbox 945 3141 1062 3181; x_wconf 92' lang='lat' dir='ltr'><em>sua.</em></span> 
     </span>
    </p>
   </div>
   <div class='ocr_carea' id='block_1_43' title="bbox 62 3190 1586 3266">
    <p class='ocr_par' dir='ltr' id='par_1_43' title="bbox 62 3190 1586 3266">
     <span class='ocr_line' id='line_1_44' title="bbox 62 3190 1586 3266; baseline 0.001 -20"><span class='ocrx_word' id='word_1_266' title='bbox 62 3190 390 3266; x_wconf 13' lang='grc' dir='ltr'><em>Ιξιξᾳιιωεὶρὶι</em></span> <span class='ocrx_word' id='word_1_267' title='bbox 439 3211 617 3249; x_wconf 87' lang='lat' dir='ltr'><em>ontnes</em></span> <span class='ocrx_word' id='word_1_268' title='bbox 662 3197 917 3266; x_wconf 88' lang='lat' dir='ltr'><em>nequitias</em></span> <span class='ocrx_word' id='word_1_269' title='bbox 957 3210 1117 3266; x_wconf 88' lang='lat' dir='ltr'><em>usque</em></span> <span class='ocrx_word' id='word_1_270' title='bbox 1151 3194 1277 3266; x_wconf 86' lang='lat' dir='ltr'><em>dum</em></span> <span class='ocrx_word' id='word_1_271' title='bbox 1302 3196 1586 3265; x_wconf 82' lang='lat' dir='ltr'><em>perveniret</em></span> 
     </span>
    </p>
   </div>
   <div class='ocr_carea' id='block_1_44' title="bbox 16 3260 1582 3337">
    <p class='ocr_par' dir='ltr' id='par_1_44' title="bbox 16 3260 1582 3337">
     <span class='ocr_line' id='line_1_45' title="bbox 16 3260 1582 3337; baseline 0.005 -24"><span class='ocrx_word' id='word_1_272' title='bbox 16 3260 59 3312; x_wconf 75' lang='lat' dir='ltr'><em>td</em></span> <span class='ocrx_word' id='word_1_273' title='bbox 85 3260 201 3317; x_wconf 82' lang='lat' dir='ltr'><em>illos</em></span> <span class='ocrx_word' id='word_1_274' title='bbox 230 3264 498 3333; x_wconf 76' lang='lat' dir='ltr'><em>defensio,</em></span> <span class='ocrx_word' id='word_1_275' title='bbox 529 3276 575 3319; x_wconf 90' lang='lat' dir='ltr'><em>et</em></span> <span class='ocrx_word' id='word_1_276' title='bbox 600 3268 664 3320; x_wconf 92' lang='lat' dir='ltr'><em>ab</em></span> <span class='ocrx_word' id='word_1_277' title='bbox 694 3260 929 3321; x_wconf 81' lang='lat' dir='ltr'><em>omnibus</em></span> <span class='ocrx_word' id='word_1_278' title='bbox 956 3260 1182 3337; x_wconf 82' lang='lat' dir='ltr'><em>peccatis</em></span> <span class='ocrx_word' id='word_1_279' title='bbox 1209 3260 1444 3320; x_wconf 80' lang='lat' dir='ltr'><em>liberavit</em></span> <span class='ocrx_word' id='word_1_280' title='bbox 1475 3283 1582 3321; x_wconf 88' lang='lat' dir='ltr'><em>eos.</em></span> 
     </span>
    </p>
   </div>
   <div class='ocr_carea' id='block_1_45' title="bbox 529 3376 1045 3436">
    <p class='ocr_par' dir='ltr' id='par_1_45' title="bbox 529 3376 1045 3436">
     <span class='ocr_line' id='line_1_46' title="bbox 529 3376 1045 3436; baseline -0.002 -3"><span class='ocrx_word' id='word_1_281' title='bbox 529 3376 756 3436; x_wconf 85' lang='lat' dir='ltr'><em>CAPUT</em></span> <span class='ocrx_word' id='word_1_282' title='bbox 812 3377 1045 3435; x_wconf 79' lang='lat' dir='ltr'><strong>XLVIII.</strong></span> 
     </span>
    </p>
   </div>
   <div class='ocr_carea' id='block_1_46' title="bbox 66 3466 1584 3544">
    <p class='ocr_par' dir='ltr' id='par_1_46' title="bbox 66 3466 1584 3544">
     <span class='ocr_line' id='line_1_47' title="bbox 66 3466 1584 3544; baseline 0.004 -24"><span class='ocrx_word' id='word_1_283' title='bbox 66 3466 129 3544; x_wconf 65' lang='lat' dir='ltr'><em>Et</em></span> <span class='ocrx_word' id='word_1_284' title='bbox 156 3471 390 3544; x_wconf 59' lang='lat' dir='ltr'><em>surrexit</em></span> <span class='ocrx_word' id='word_1_285' title='bbox 411 3468 559 3544; x_wconf 86' lang='lat' dir='ltr'><em>Elias</em></span> <span class='ocrx_word' id='word_1_286' title='bbox 601 3470 852 3544; x_wconf 85' lang='lat' dir='ltr'><em>propheta</em></span> <span class='ocrx_word' id='word_1_287' title='bbox 877 3517 891 3541; x_wconf 92' lang='lat'><em>,</em></span> <span class='ocrx_word' id='word_1_288' title='bbox 923 3471 1075 3543; x_wconf 87' lang='lat' dir='ltr'><em>quasi</em></span> <span class='ocrx_word' id='word_1_289' title='bbox 1100 3471 1235 3544; x_wconf 88' lang='lat' dir='ltr'><em>ignis</em></span> <span class='ocrx_word' id='word_1_290' title='bbox 1261 3516 1275 3541; x_wconf 97' lang='lat'><em>,</em></span> <span class='ocrx_word' id='word_1_291' title='bbox 1307 3481 1354 3527; x_wconf 89' lang='lat' dir='ltr'><em>et</em></span> <span class='ocrx_word' id='word_1_292' title='bbox 1377 3470 1584 3526; x_wconf 88' lang='lat' dir='ltr'><em>verbum</em></span> 
     </span>
    </p>
   </div>
   <div class='ocr_carea' id='block_1_47' title="bbox 16 3537 798 3623">
    <p class='ocr_par' dir='ltr' id='par_1_47' title="bbox 16 3537 798 3623">
     <span class='ocr_line' id='line_1_48' title="bbox 16 3537 798 3623; baseline 0.01 -35"><span class='ocrx_word' id='word_1_293' title='bbox 16 3537 162 3623; x_wconf 60' lang='lat' dir='ltr'><em>ipsius</em></span> <span class='ocrx_word' id='word_1_294' title='bbox 182 3543 333 3623; x_wconf 78' lang='lat' dir='ltr'><em>quasi</em></span> <span class='ocrx_word' id='word_1_295' title='bbox 362 3542 549 3623; x_wconf 61' lang='lat' dir='ltr'><em>facula</em></span> <span class='ocrx_word' id='word_1_296' title='bbox 561 3537 798 3623; x_wconf 75' lang='lat' dir='ltr'><em>ardebat.</em></span> 
     </span>
    </p>
   </div>
   <div class='ocr_carea' id='block_1_48' title="bbox 71 3613 1581 3683">
    <p class='ocr_par' dir='ltr' id='par_1_48' title="bbox 71 3613 1581 3683">
     <span class='ocr_line' id='line_1_49' title="bbox 71 3613 1581 3683; baseline 0.003 -19"><span class='ocrx_word' id='word_1_297' title='bbox 71 3613 162 3683; x_wconf 79' lang='lat' dir='ltr'><em>Qui</em></span> <span class='ocrx_word' id='word_1_298' title='bbox 189 3613 400 3667; x_wconf 72' lang='lat' dir='ltr'><em>induxit</em></span> <span class='ocrx_word' id='word_1_299' title='bbox 429 3614 485 3667; x_wconf 88' lang='lat' dir='ltr'><em>in</em></span> <span class='ocrx_word' id='word_1_300' title='bbox 510 3614 630 3667; x_wconf 90' lang='lat' dir='ltr'><em>illos</em></span> <span class='ocrx_word' id='word_1_301' title='bbox 658 3619 847 3683; x_wconf 87' lang='lat' dir='ltr'><em>famem</em></span> <span class='ocrx_word' id='word_1_302' title='bbox 871 3654 885 3676; x_wconf 92' lang='lat'><em>,</em></span> <span class='ocrx_word' id='word_1_303' title='bbox 932 3624 981 3668; x_wconf 88' lang='lat' dir='ltr'><em>et</em></span> <span class='ocrx_word' id='word_1_304' title='bbox 1024 3614 1290 3668; x_wconf 88' lang='lat' dir='ltr'><em>irritantes</em></span> <span class='ocrx_word' id='word_1_305' title='bbox 1316 3615 1468 3668; x_wconf 86' lang='lat' dir='ltr'><em>illum</em></span> <span class='ocrx_word' id='word_1_306' title='bbox 1496 3616 1581 3669; x_wconf 91' lang='lat' dir='ltr'><em>in-</em></span> 
     </span>
    </p>
   </div>
   <div class='ocr_carea' id='block_1_49' title="bbox 15 3680 1580 3756">
    <p class='ocr_par' dir='ltr' id='par_1_49' title="bbox 15 3680 1580 3756">
     <span class='ocr_line' id='line_1_50' title="bbox 15 3680 1580 3756; baseline 0.007 -27"><span class='ocrx_word' id='word_1_307' title='bbox 15 3680 133 3734; x_wconf 78' lang='lat' dir='ltr'><em>ridia</em></span> <span class='ocrx_word' id='word_1_308' title='bbox 178 3700 272 3737; x_wconf 87' lang='lat' dir='ltr'><em>sua</em></span> <span class='ocrx_word' id='word_1_309' title='bbox 311 3686 463 3752; x_wconf 84' lang='lat' dir='ltr'><em>pauci</em></span> <span class='ocrx_word' id='word_1_310' title='bbox 492 3686 621 3756; x_wconf 88' lang='lat' dir='ltr'><em>facti</em></span> <span class='ocrx_word' id='word_1_311' title='bbox 655 3680 819 3740; x_wconf 80' lang='lat' dir='ltr'><em>sunt:</em></span> <span class='ocrx_word' id='word_1_312' title='bbox 860 3700 965 3740; x_wconf 88' lang='lat' dir='ltr'><em>non</em></span> <span class='ocrx_word' id='word_1_313' title='bbox 990 3686 1129 3740; x_wconf 90' lang='lat' dir='ltr'><em>enim</em></span> <span class='ocrx_word' id='word_1_314' title='bbox 1152 3694 1393 3756; x_wconf 88' lang='lat' dir='ltr'><em>poterant</em></span> <span class='ocrx_word' id='word_1_315' title='bbox 1420 3688 1580 3741; x_wconf 87' lang='lat' dir='ltr'><em>susti-</em></span> 
     </span>
    </p>
   </div>
   <div class='ocr_carea' id='block_1_50' title="bbox 16 3756 655 3823">
    <p class='ocr_par' dir='ltr' id='par_1_50' title="bbox 16 3756 655 3823">
     <span class='ocr_line' id='line_1_51' title="bbox 16 3756 655 3823; baseline 0.014 -21"><span class='ocrx_word' id='word_1_316' title='bbox 16 3768 113 3823; x_wconf 70' lang='lat' dir='ltr'><em>nere</em></span> <span class='ocrx_word' id='word_1_317' title='bbox 136 3766 390 3823; x_wconf 77' lang='lat' dir='ltr'><em>pnecepta</em></span> <span class='ocrx_word' id='word_1_318' title='bbox 421 3756 655 3811; x_wconf 84' lang='lat' dir='ltr'><em>Domini.</em></span> 
     </span>
    </p>
   </div>
   <div class='ocr_carea' id='block_1_51' title="bbox 16 3821 1578 3901">
    <p class='ocr_par' dir='ltr' id='par_1_51' title="bbox 16 3821 1578 3901">
     <span class='ocr_line' id='line_1_52' title="bbox 16 3821 1578 3901; baseline 0.006 -27"><span class='ocrx_word' id='word_1_319' title='bbox 16 3892 23 3901; x_wconf 28' lang='grc' dir='ltr'><em>υ</em></span> <span class='ocrx_word' id='word_1_320' title='bbox 81 3821 234 3879; x_wconf 72' lang='lat' dir='ltr'><em>Verbo</em></span> <span class='ocrx_word' id='word_1_321' title='bbox 261 3821 474 3881; x_wconf 85' lang='lat' dir='ltr'><em>Domini</em></span> <span class='ocrx_word' id='word_1_322' title='bbox 510 3828 768 3883; x_wconf 88' lang='lat' dir='ltr'><em>continuit</em></span> <span class='ocrx_word' id='word_1_323' title='bbox 801 3826 1017 3897; x_wconf 76' lang='lat' dir='ltr'><em>caelum,</em></span> <span class='ocrx_word' id='word_1_324' title='bbox 1061 3836 1108 3881; x_wconf 90' lang='lat' dir='ltr'><em>et</em></span> <span class='ocrx_word' id='word_1_325' title='bbox 1139 3827 1327 3897; x_wconf 86' lang='lat' dir='ltr'><em>dejecit</em></span> <span class='ocrx_word' id='word_1_326' title='bbox 1358 3827 1424 3883; x_wconf 86' lang='lat' dir='ltr'><em>de</em></span> <span class='ocrx_word' id='word_1_327' title='bbox 1452 3830 1578 3884; x_wconf 76' lang='lat' dir='ltr'><em>cwlo</em></span> 
     </span>
    </p>
   </div>
   <div class='ocr_carea' id='block_1_52' title="bbox 16 3908 276 3961">
    <p class='ocr_par' dir='ltr' id='par_1_52' title="bbox 16 3908 276 3961">
     <span class='ocr_line' id='line_1_53' title="bbox 16 3908 276 3961; baseline 0.038 -20"><span class='ocrx_word' id='word_1_328' title='bbox 16 3909 156 3961; x_wconf 75' lang='lat' dir='ltr'><em>Ignem</em></span> <span class='ocrx_word' id='word_1_329' title='bbox 180 3908 276 3950; x_wconf 90' lang='lat' dir='ltr'><em>ter.</em></span> 
     </span>
    </p>
   </div>
   <div class='ocr_carea' id='block_1_53' title="bbox 70 3966 1581 4040">
    <p class='ocr_par' dir='ltr' id='par_1_53' title="bbox 70 3966 1581 4040">
     <span class='ocr_line' id='line_1_54' title="bbox 70 3966 1581 4040; baseline 0.003 -19"><span class='ocrx_word' id='word_1_330' title='bbox 70 3966 154 4021; x_wconf 84' lang='lat' dir='ltr'><em>Sic</em></span> <span class='ocrx_word' id='word_1_331' title='bbox 178 3971 523 4040; x_wconf 89' lang='lat' dir='ltr'><em>ampli/icatus</em></span> <span class='ocrx_word' id='word_1_332' title='bbox 562 3980 639 4025; x_wconf 89' lang='lat' dir='ltr'><em>est</em></span> <span class='ocrx_word' id='word_1_333' title='bbox 670 3970 816 4025; x_wconf 87' lang='lat' dir='ltr'><em>Elias</em></span> <span class='ocrx_word' id='word_1_334' title='bbox 861 3971 916 4024; x_wconf 89' lang='lat' dir='ltr'><em>in</em></span> <span class='ocrx_word' id='word_1_335' title='bbox 961 3970 1286 4025; x_wconf 86' lang='lat' dir='ltr'><em>mirabilibus</em></span> <span class='ocrx_word' id='word_1_336' title='bbox 1326 3969 1456 4025; x_wconf 87' lang='lat' dir='ltr'><em>suis.</em></span> <span class='ocrx_word' id='word_1_337' title='bbox 1509 3970 1581 4025; x_wconf 87' lang='lat' dir='ltr'><em>Et</em></span> 
     </span>
    </p>
   </div>
   <div class='ocr_carea' id='block_1_54' title="bbox 16 4040 1076 4113">
    <p class='ocr_par' dir='ltr' id='par_1_54' title="bbox 16 4040 1076 4113">
     <span class='ocr_line' id='line_1_55' title="bbox 16 4040 1076 4113; baseline 0.008 -26"><span class='ocrx_word' id='word_1_338' title='bbox 16 4040 106 4113; x_wconf 79' lang='lat' dir='ltr'><em>7ui_s</em></span> <span class='ocrx_word' id='word_1_339' title='bbox 135 4049 297 4108; x_wconf 86' lang='lat' dir='ltr'><em>potest</em></span> <span class='ocrx_word' id='word_1_340' title='bbox 322 4044 565 4096; x_wconf 88' lang='lat' dir='ltr'><em>similiter</em></span> <span class='ocrx_word' id='word_1_341' title='bbox 592 4043 667 4096; x_wconf 90' lang='lat' dir='ltr'><em>sic</em></span> <span class='ocrx_word' id='word_1_342' title='bbox 692 4041 910 4113; x_wconf 84' lang='lat' dir='ltr'><em>gloriari</em></span> <span class='ocrx_word' id='word_1_343' title='bbox 938 4044 1028 4095; x_wconf 85' lang='lat' dir='ltr'><em>tibi</em></span> <span class='ocrx_word' id='word_1_344' title='bbox 1052 4043 1076 4095; x_wconf 86' lang='lat'><strong><em>?</em></strong></span> 
     </span>
    </p>
   </div>
   <div class='ocr_carea' id='block_1_55' title="bbox 68 4109 1577 4185">
    <p class='ocr_par' dir='ltr' id='par_1_55' title="bbox 68 4109 1577 4185">
     <span class='ocr_line' id='line_1_56' title="bbox 68 4109 1577 4185; baseline 0.004 -24"><span class='ocrx_word' id='word_1_345' title='bbox 68 4109 162 4185; x_wconf 76' lang='lat' dir='ltr'><em>Qui</em></span> <span class='ocrx_word' id='word_1_346' title='bbox 179 4113 445 4185; x_wconf 65' lang='lat' dir='ltr'><em>sustulisti</em></span> <span class='ocrx_word' id='word_1_347' title='bbox 472 4109 733 4167; x_wconf 81' lang='lat' dir='ltr'><em>mortuum</em></span> <span class='ocrx_word' id='word_1_348' title='bbox 753 4114 817 4167; x_wconf 91' lang='lat' dir='ltr'><em>ab</em></span> <span class='ocrx_word' id='word_1_349' title='bbox 842 4113 1025 4185; x_wconf 84' lang='lat' dir='ltr'><em>inferis</em></span> <span class='ocrx_word' id='word_1_350' title='bbox 1056 4113 1121 4167; x_wconf 88' lang='lat' dir='ltr'><em>de</em></span> <span class='ocrx_word' id='word_1_351' title='bbox 1150 4121 1287 4168; x_wconf 89' lang='lat' dir='ltr'><em>sorte</em></span> <span class='ocrx_word' id='word_1_352' title='bbox 1314 4112 1490 4167; x_wconf 87' lang='lat' dir='ltr'><em>mortis</em></span> <span class='ocrx_word' id='word_1_353' title='bbox 1520 4115 1577 4167; x_wconf 91' lang='lat' dir='ltr'><em>in</em></span> 
     </span>
    </p>
   </div>
   <div class='ocr_carea' id='block_1_56' title="bbox 15 4181 532 4240">
    <p class='ocr_par' dir='ltr' id='par_1_56' title="bbox 15 4181 532 4240">
     <span class='ocr_line' id='line_1_57' title="bbox 15 4181 532 4240; baseline 0.021 -11"><span class='ocrx_word' id='word_1_354' title='bbox 15 4181 135 4233; x_wconf 64' lang='lat' dir='ltr'><em>verba</em></span> <span class='ocrx_word' id='word_1_355' title='bbox 164 4181 377 4237; x_wconf 86' lang='lat' dir='ltr'><em>Domini</em></span> <span class='ocrx_word' id='word_1_356' title='bbox 408 4183 532 4240; x_wconf 88' lang='lat' dir='ltr'><em>Dei.</em></span> 
     </span>
    </p>
   </div>
   <div class='ocr_carea' id='block_1_57' title="bbox 66 4253 1576 4328">
    <p class='ocr_par' dir='ltr' id='par_1_57' title="bbox 66 4253 1576 4328">
     <span class='ocr_line' id='line_1_58' title="bbox 66 4253 1576 4328; baseline 0.003 -23"><span class='ocrx_word' id='word_1_357' title='bbox 66 4253 158 4316; x_wconf 76' lang='lat' dir='ltr'><em>Qui</em></span> <span class='ocrx_word' id='word_1_358' title='bbox 176 4255 405 4325; x_wconf 90' lang='lat' dir='ltr'><em>dejecisti</em></span> <span class='ocrx_word' id='word_1_359' title='bbox 436 4272 580 4328; x_wconf 86' lang='lat' dir='ltr'><em>reges</em></span> <span class='ocrx_word' id='word_1_360' title='bbox 610 4254 681 4307; x_wconf 90' lang='lat' dir='ltr'><em>ad</em></span> <span class='ocrx_word' id='word_1_361' title='bbox 708 4256 1017 4328; x_wconf 86' lang='lat' dir='ltr'><em>perniciem,</em></span> <span class='ocrx_word' id='word_1_362' title='bbox 1075 4255 1467 4328; x_wconf 84' lang='lat' dir='ltr'><em>etconfregisti</em></span> <span class='ocrx_word' id='word_1_363' title='bbox 1494 4254 1576 4325; x_wconf 85' lang='lat' dir='ltr'><em>fa-</em></span> 
     </span>
    </p>
   </div>
   <div class='ocr_carea' id='block_1_58' title="bbox 16 4322 1410 4395">
    <p class='ocr_par' dir='ltr' id='par_1_58' title="bbox 16 4322 1410 4395">
     <span class='ocr_line' id='line_1_59' title="bbox 16 4322 1410 4395; baseline 0.004 -21"><span class='ocrx_word' id='word_1_364' title='bbox 16 4322 86 4375; x_wconf 72' lang='lat' dir='ltr'><em>rile</em></span> <span class='ocrx_word' id='word_1_365' title='bbox 113 4322 389 4393; x_wconf 82' lang='lat' dir='ltr'><em>potentiam</em></span> <span class='ocrx_word' id='word_1_366' title='bbox 410 4322 668 4395; x_wconf 74' lang='lat' dir='ltr'><em>ipsorum,</em></span> <span class='ocrx_word' id='word_1_367' title='bbox 700 4336 747 4380; x_wconf 92' lang='lat' dir='ltr'><em>et</em></span> <span class='ocrx_word' id='word_1_368' title='bbox 770 4326 1022 4395; x_wconf 88' lang='lat' dir='ltr'><em>gloriosos</em></span> <span class='ocrx_word' id='word_1_369' title='bbox 1047 4327 1112 4380; x_wconf 90' lang='lat' dir='ltr'><em>de</em></span> <span class='ocrx_word' id='word_1_370' title='bbox 1140 4326 1272 4380; x_wconf 89' lang='lat' dir='ltr'><em>lecto</em></span> <span class='ocrx_word' id='word_1_371' title='bbox 1296 4322 1410 4380; x_wconf 59' lang='lat' dir='ltr'><em>su&#39;o.</em></span> 
     </span>
    </p>
   </div>
   <div class='ocr_carea' id='block_1_59' title="bbox 64 4345 1574 4470">
    <p class='ocr_par' dir='ltr' id='par_1_59' title="bbox 64 4345 1574 4470">
     <span class='ocr_line' id='line_1_60' title="bbox 64 4345 1410 4395; baseline 0.004 -20"><span class='ocrx_word' id='word_1_372' title='bbox 64 4345 86 4375; x_wconf 81' lang='grc' dir='ltr'><em>ε</em></span> <span class='ocrx_word' id='word_1_373' title='bbox 113 4345 389 4393; x_wconf 78' lang='lat' dir='ltr'><em>patentium</em></span> <span class='ocrx_word' id='word_1_374' title='bbox 410 4345 668 4395; x_wconf 74' lang='lat' dir='ltr'><em>ipsorum,</em></span> <span class='ocrx_word' id='word_1_375' title='bbox 700 4345 747 4380; x_wconf 77' lang='grc' dir='ltr'><em>ει</em></span> <span class='ocrx_word' id='word_1_376' title='bbox 806 4345 1022 4380; x_wconf 75' lang='grc' dir='ltr'><em>ιοτιοεοσ</em></span> <span class='ocrx_word' id='word_1_377' title='bbox 1047 4345 1112 4380; x_wconf 89' lang='lat' dir='ltr'><em>ae</em></span> <span class='ocrx_word' id='word_1_378' title='bbox 1140 4345 1272 4380; x_wconf 76' lang='grc' dir='ltr'><em>ιοειο</em></span> <span class='ocrx_word' id='word_1_379' title='bbox 1296 4345 1410 4380; x_wconf 77' lang='grc' dir='ltr'><em>δυο.</em></span> 
     </span>
     <span class='ocr_line' id='line_1_61' title="bbox 64 4345 1574 4470; baseline 0.005 -22"><span class='ocrx_word' id='word_1_380' title='bbox 64 4395 177 4470; x_wconf 83' lang='lat' dir='ltr'><em>Qui</em></span> <span class='ocrx_word' id='word_1_381' title='bbox 207 4399 358 4452; x_wconf 87' lang='lat' dir='ltr'><em>audis</em></span> <span class='ocrx_word' id='word_1_382' title='bbox 407 4400 462 4453; x_wconf 90' lang='lat' dir='ltr'><em>in</em></span> <span class='ocrx_word' id='word_1_383' title='bbox 508 4398 643 4454; x_wconf 80' lang='lat' dir='ltr'><em>Sina</em></span> <span class='ocrx_word' id='word_1_384' title='bbox 682 4345 975 4470; x_wconf 65' lang='lat' dir='ltr'><em>judqicium,</em></span> <span class='ocrx_word' id='word_1_385' title='bbox 1005 4405 1051 4453; x_wconf 91' lang='lat' dir='ltr'><em>et</em></span> <span class='ocrx_word' id='word_1_386' title='bbox 1080 4398 1134 4452; x_wconf 90' lang='lat' dir='ltr'><em>in</em></span> <span class='ocrx_word' id='word_1_387' title='bbox 1162 4397 1342 4452; x_wconf 83' lang='lat' dir='ltr'><em>Horeb</em></span> <span class='ocrx_word' id='word_1_388' title='bbox 1361 4397 1574 4470; x_wconf 85' lang='lat' dir='ltr'><em>judicia</em></span> 
     </span>
    </p>
   </div>
   <div class='ocr_carea' id='block_1_60' title="bbox 16 4466 313 4534">
    <p class='ocr_par' dir='ltr' id='par_1_60' title="bbox 16 4466 313 4534">
     <span class='ocr_line' id='line_1_62' title="bbox 16 4466 313 4534; baseline 0.02 -17"><span class='ocrx_word' id='word_1_389' title='bbox 16 4466 313 4534; x_wconf 80' lang='lat' dir='ltr'><em>lefensionis.</em></span> 
     </span>
    </p>
   </div>
   <div class='ocr_carea' id='block_1_61' title="bbox 66 4539 1570 4613">
    <p class='ocr_par' dir='ltr' id='par_1_61' title="bbox 66 4539 1570 4613">
     <span class='ocr_line' id='line_1_63' title="bbox 66 4539 1570 4613; baseline 0.005 -22"><span class='ocrx_word' id='word_1_390' title='bbox 66 4539 157 4603; x_wconf 80' lang='lat' dir='ltr'><em>Qui</em></span> <span class='ocrx_word' id='word_1_391' title='bbox 177 4542 326 4612; x_wconf 84' lang='lat' dir='ltr'><em>ungis</em></span> <span class='ocrx_word' id='word_1_392' title='bbox 348 4557 491 4613; x_wconf 91' lang='lat' dir='ltr'><em>reges</em></span> <span class='ocrx_word' id='word_1_393' title='bbox 520 4540 593 4596; x_wconf 91' lang='lat' dir='ltr'><em>ad</em></span> <span class='ocrx_word' id='word_1_394' title='bbox 627 4540 1010 4612; x_wconf 78' lang='lat' dir='ltr'><em>paenitentiam,</em></span> <span class='ocrx_word' id='word_1_395' title='bbox 1046 4550 1094 4597; x_wconf 90' lang='lat' dir='ltr'><em>et</em></span> <span class='ocrx_word' id='word_1_396' title='bbox 1128 4540 1406 4612; x_wconf 85' lang='lat' dir='ltr'><em>prophetas</em></span> <span class='ocrx_word' id='word_1_397' title='bbox 1437 4544 1570 4612; x_wconf 84' lang='lat' dir='ltr'><em>facis</em></span> 
     </span>
    </p>
   </div>
   <div class='ocr_carea' id='block_1_62' title="bbox 16 4623 523 4682">
    <p class='ocr_par' dir='ltr' id='par_1_62' title="bbox 16 4623 523 4682">
     <span class='ocr_line' id='line_1_64' title="bbox 16 4623 523 4682; baseline 0.02 -25"><span class='ocrx_word' id='word_1_398' title='bbox 16 4623 299 4682; x_wconf 72' lang='lat' dir='ltr'><em>successores</em></span> <span class='ocrx_word' id='word_1_399' title='bbox 322 4623 433 4682; x_wconf 90' lang='lat' dir='ltr'><em>post</em></span> <span class='ocrx_word' id='word_1_400' title='bbox 457 4623 523 4667; x_wconf 91' lang='lat' dir='ltr'><em>te.</em></span> 
     </span>
    </p>
   </div>
   <div class='ocr_carea' id='block_1_63' title="bbox 65 4681 1571 4755">
    <p class='ocr_par' dir='ltr' id='par_1_63' title="bbox 65 4681 1571 4755">
     <span class='ocr_line' id='line_1_65' title="bbox 65 4681 1571 4755; baseline 0.005 -22"><span class='ocrx_word' id='word_1_401' title='bbox 65 4681 160 4748; x_wconf 86' lang='lat' dir='ltr'><em>Qui</em></span> <span class='ocrx_word' id='word_1_402' title='bbox 185 4681 417 4754; x_wconf 88' lang='lat' dir='ltr'><em>receptus</em></span> <span class='ocrx_word' id='word_1_403' title='bbox 445 4701 499 4739; x_wconf 90' lang='lat' dir='ltr'><em>es</em></span> <span class='ocrx_word' id='word_1_404' title='bbox 528 4684 582 4739; x_wconf 87' lang='lat' dir='ltr'><em>in</em></span> <span class='ocrx_word' id='word_1_405' title='bbox 608 4684 811 4737; x_wconf 89' lang='lat' dir='ltr'><em>turbine</em></span> <span class='ocrx_word' id='word_1_406' title='bbox 839 4683 1004 4754; x_wconf 88' lang='lat' dir='ltr'><em>ignis,</em></span> <span class='ocrx_word' id='word_1_407' title='bbox 1034 4685 1087 4740; x_wconf 89' lang='lat' dir='ltr'><em>in</em></span> <span class='ocrx_word' id='word_1_408' title='bbox 1113 4701 1268 4739; x_wconf 89' lang='lat' dir='ltr'><em>curru</em></span> <span class='ocrx_word' id='word_1_409' title='bbox 1300 4701 1571 4755; x_wconf 88' lang='lat' dir='ltr'><em>equorum.</em></span> 
     </span>
    </p>
   </div>
   <div class='ocr_carea' id='block_1_64' title="bbox 63 4755 1576 4827">
    <p class='ocr_par' dir='ltr' id='par_1_64' title="bbox 63 4755 1576 4827">
     <span class='ocr_line' id='line_1_66' title="bbox 63 4755 1576 4827; baseline 0.005 -22"><span class='ocrx_word' id='word_1_410' title='bbox 63 4755 407 4827; x_wconf 83' lang='lat' dir='ltr'><em>Qui_scriptus</em></span> <span class='ocrx_word' id='word_1_411' title='bbox 434 4771 490 4809; x_wconf 88' lang='lat' dir='ltr'><em>es</em></span> <span class='ocrx_word' id='word_1_412' title='bbox 515 4756 567 4809; x_wconf 89' lang='lat' dir='ltr'><em>in</em></span> <span class='ocrx_word' id='word_1_413' title='bbox 590 4756 812 4826; x_wconf 88' lang='lat' dir='ltr'><em>judiciis</em></span> <span class='ocrx_word' id='word_1_414' title='bbox 847 4765 1133 4827; x_wconf 86' lang='lat' dir='ltr'><em>temporum</em></span> <span class='ocrx_word' id='word_1_415' title='bbox 1172 4756 1331 4811; x_wconf 88' lang='lat' dir='ltr'><em>lenire</em></span> <span class='ocrx_word' id='word_1_416' title='bbox 1364 4757 1576 4811; x_wconf 89' lang='lat' dir='ltr'><em>iracun-</em></span> 
     </span>
    </p>
   </div>
   <div class='ocr_carea' id='block_1_65' title="bbox 16 4820 1577 4897">
    <p class='ocr_par' dir='ltr' id='par_1_65' title="bbox 16 4820 1577 4897">
     <span class='ocr_line' id='line_1_67' title="bbox 16 4820 1577 4897; baseline 0.006 -23"><span class='ocrx_word' id='word_1_417' title='bbox 16 4820 120 4876; x_wconf 73' lang='lat' dir='ltr'><em>liam</em></span> <span class='ocrx_word' id='word_1_418' title='bbox 154 4820 368 4880; x_wconf 72' lang='lat' dir='ltr'><em>Domini</em></span> <span class='ocrx_word' id='word_1_419' title='bbox 394 4868 407 4889; x_wconf 86' lang='lat'><em>,</em></span> <span class='ocrx_word' id='word_1_420' title='bbox 450 4820 731 4881; x_wconf 88' lang='lat' dir='ltr'><em>conciliare</em></span> <span class='ocrx_word' id='word_1_421' title='bbox 775 4843 863 4880; x_wconf 92' lang='lat' dir='ltr'><em>cor</em></span> <span class='ocrx_word' id='word_1_422' title='bbox 891 4820 1057 4897; x_wconf 80' lang='lat' dir='ltr'><em>patris</em></span> <span class='ocrx_word' id='word_1_423' title='bbox 1089 4827 1156 4879; x_wconf 91' lang='lat' dir='ltr'><em>ad</em></span> <span class='ocrx_word' id='word_1_424' title='bbox 1183 4828 1386 4897; x_wconf 87' lang='lat' dir='ltr'><em>ﬁlium,</em></span> <span class='ocrx_word' id='word_1_425' title='bbox 1415 4839 1463 4882; x_wconf 89' lang='lat' dir='ltr'><em>et</em></span> <span class='ocrx_word' id='word_1_426' title='bbox 1494 4844 1577 4883; x_wconf 88' lang='lat' dir='ltr'><em>re-</em></span> 
     </span>
    </p>
   </div>
   <div class='ocr_carea' id='block_1_66' title="bbox 16 4898 598 4952">
    <p class='ocr_par' dir='ltr' id='par_1_66' title="bbox 16 4898 598 4952">
     <span class='ocr_line' id='line_1_68' title="bbox 16 4898 598 4952; baseline 0.002 -4"><span class='ocrx_word' id='word_1_427' title='bbox 16 4898 100 4949; x_wconf 85' lang='lat' dir='ltr'><em>&#39;itu</em></span> <span class='ocrx_word' id='word_1_428' title='bbox 112 4913 196 4949; x_wconf 85' lang='lat' dir='ltr'><em>ere</em></span> <span class='ocrx_word' id='word_1_429' title='bbox 220 4898 381 4951; x_wconf 91' lang='lat' dir='ltr'><em>tribus</em></span> <span class='ocrx_word' id='word_1_430' title='bbox 410 4898 598 4952; x_wconf 84' lang='lat' dir='ltr'><em>Jacob.</em></span> 
     </span>
    </p>
   </div>
   <div class='ocr_carea' id='block_1_67' title="bbox 48 4966 1575 5041">
    <p class='ocr_par' dir='ltr' id='par_1_67' title="bbox 48 4966 1575 5041">
     <span class='ocr_line' id='line_1_69' title="bbox 48 4966 1575 5041; baseline 0.004 -22"><span class='ocrx_word' id='word_1_431' title='bbox 48 4966 200 5021; x_wconf 79' lang='lat' dir='ltr'><em>Beati</em></span> <span class='ocrx_word' id='word_1_432' title='bbox 226 4978 347 5023; x_wconf 89' lang='lat' dir='ltr'><em>sunt</em></span> <span class='ocrx_word' id='word_1_433' title='bbox 369 5011 383 5039; x_wconf 95' lang='lat'><em>,</em></span> <span class='ocrx_word' id='word_1_434' title='bbox 411 4971 498 5041; x_wconf 90' lang='lat' dir='ltr'><em>qui</em></span> <span class='ocrx_word' id='word_1_435' title='bbox 522 4979 567 5024; x_wconf 87' lang='lat' dir='ltr'><em>te</em></span> <span class='ocrx_word' id='word_1_436' title='bbox 598 4968 855 5035; x_wconf 77' lang='lat' dir='ltr'><em>viderunt,</em></span> <span class='ocrx_word' id='word_1_437' title='bbox 889 4979 940 5023; x_wconf 87' lang='lat' dir='ltr'><em>et</em></span> <span class='ocrx_word' id='word_1_438' title='bbox 968 4971 1023 5023; x_wconf 89' lang='lat' dir='ltr'><em>in</em></span> <span class='ocrx_word' id='word_1_439' title='bbox 1047 4970 1275 5024; x_wconf 88' lang='lat' dir='ltr'><em>amicitia</em></span> <span class='ocrx_word' id='word_1_440' title='bbox 1298 4979 1387 5024; x_wconf 79' lang='lat' dir='ltr'><em>tua</em></span> <span class='ocrx_word' id='word_1_441' title='bbox 1416 4970 1575 5025; x_wconf 89' lang='lat' dir='ltr'><em>deco-</em></span> 
     </span>
    </p>
   </div>
   <div class='ocr_carea' id='block_1_68' title="bbox 16 5040 247 5095">
    <p class='ocr_par' dir='ltr' id='par_1_68' title="bbox 16 5040 247 5095">
     <span class='ocr_line' id='line_1_70' title="bbox 16 5040 247 5095; baseline 0.017 -5"><span class='ocrx_word' id='word_1_442' title='bbox 16 5040 77 5091; x_wconf 82' lang='lat' dir='ltr'><em>zti</em></span> <span class='ocrx_word' id='word_1_443' title='bbox 104 5048 247 5095; x_wconf 87' lang='lat' dir='ltr'><em>sunt.</em></span> 
     </span>
    </p>
   </div>
   <div class='ocr_carea' id='block_1_69' title="bbox 50 5111 1573 5182">
    <p class='ocr_par' dir='ltr' id='par_1_69' title="bbox 50 5111 1573 5182">
     <span class='ocr_line' id='line_1_71' title="bbox 50 5111 1573 5182; baseline 0.003 -19"><span class='ocrx_word' id='word_1_444' title='bbox 50 5111 194 5164; x_wconf 76' lang='lat' dir='ltr'><em>Nam</em></span> <span class='ocrx_word' id='word_1_445' title='bbox 222 5128 318 5166; x_wconf 89' lang='lat' dir='ltr'><em>nos</em></span> <span class='ocrx_word' id='word_1_446' title='bbox 346 5113 452 5166; x_wconf 89' lang='lat' dir='ltr'><em>vita</em></span> <span class='ocrx_word' id='word_1_447' title='bbox 480 5113 700 5167; x_wconf 84' lang='lat' dir='ltr'><em>vivimus</em></span> <span class='ocrx_word' id='word_1_448' title='bbox 732 5119 963 5181; x_wconf 88' lang='lat' dir='ltr'><em>tantum,</em></span> <span class='ocrx_word' id='word_1_449' title='bbox 1008 5121 1123 5182; x_wconf 87' lang='lat' dir='ltr'><em>post</em></span> <span class='ocrx_word' id='word_1_450' title='bbox 1154 5120 1367 5168; x_wconf 85' lang='lat' dir='ltr'><em>mortem</em></span> <span class='ocrx_word' id='word_1_451' title='bbox 1398 5124 1573 5168; x_wconf 83' lang='lat' dir='ltr'><em>autem</em></span> 
     </span>
    </p>
   </div>
   <div class='ocr_carea' id='block_1_70' title="bbox 16 5184 833 5240">
    <p class='ocr_par' dir='ltr' id='par_1_70' title="bbox 16 5184 833 5240">
     <span class='ocr_line' id='line_1_72' title="bbox 16 5184 833 5240; baseline 0.001 -4"><span class='ocrx_word' id='word_1_452' title='bbox 16 5200 76 5236; x_wconf 87' lang='lat' dir='ltr'><em>on</em></span> <span class='ocrx_word' id='word_1_453' title='bbox 110 5185 206 5237; x_wconf 90' lang='lat' dir='ltr'><em>erit</em></span> <span class='ocrx_word' id='word_1_454' title='bbox 236 5184 338 5237; x_wconf 90' lang='lat' dir='ltr'><em>tale</em></span> <span class='ocrx_word' id='word_1_455' title='bbox 358 5200 543 5240; x_wconf 88' lang='lat' dir='ltr'><em>nomen</em></span> <span class='ocrx_word' id='word_1_456' title='bbox 576 5194 833 5239; x_wconf 86' lang='lat' dir='ltr'><em>nostrum.</em></span> 
     </span>
    </p>
   </div>
   <div class='ocr_carea' id='block_1_71' title="bbox 50 5253 1572 5323">
    <p class='ocr_par' dir='ltr' id='par_1_71' title="bbox 50 5253 1572 5323">
     <span class='ocr_line' id='line_1_73' title="bbox 50 5253 1572 5323; baseline 0.003 -17"><span class='ocrx_word' id='word_1_457' title='bbox 50 5254 199 5308; x_wconf 84' lang='lat' dir='ltr'><em>Elias</em></span> <span class='ocrx_word' id='word_1_458' title='bbox 239 5257 445 5322; x_wconf 88' lang='lat' dir='ltr'><em>quidem</em></span> <span class='ocrx_word' id='word_1_459' title='bbox 488 5259 543 5310; x_wconf 90' lang='lat' dir='ltr'><em>in</em></span> <span class='ocrx_word' id='word_1_460' title='bbox 587 5256 789 5310; x_wconf 87' lang='lat' dir='ltr'><em>turbine</em></span> <span class='ocrx_word' id='word_1_461' title='bbox 838 5261 1002 5309; x_wconf 88' lang='lat' dir='ltr'><em>tectus</em></span> <span class='ocrx_word' id='word_1_462' title='bbox 1048 5262 1159 5323; x_wconf 89' lang='lat' dir='ltr'><em>est,</em></span> <span class='ocrx_word' id='word_1_463' title='bbox 1207 5264 1253 5310; x_wconf 91' lang='lat' dir='ltr'><em>et</em></span> <span class='ocrx_word' id='word_1_464' title='bbox 1294 5256 1345 5309; x_wconf 90' lang='lat' dir='ltr'><em>in</em></span> <span class='ocrx_word' id='word_1_465' title='bbox 1375 5253 1572 5311; x_wconf 70' lang='lat' dir='ltr'><em>Elisazo</em></span> 
     </span>
    </p>
   </div>
   <div class='ocr_carea' id='block_1_72' title="bbox 16 5326 1573 5399">
    <p class='ocr_par' dir='ltr' id='par_1_72' title="bbox 16 5326 1573 5399">
     <span class='ocr_line' id='line_1_74' title="bbox 16 5326 1573 5399; baseline 0.004 -23"><span class='ocrx_word' id='word_1_466' title='bbox 16 5328 264 5399; x_wconf 58' lang='lat' dir='ltr'><em>‘ompletus</em></span> <span class='ocrx_word' id='word_1_467' title='bbox 304 5338 375 5399; x_wconf 89' lang='lat' dir='ltr'><em>est</em></span> <span class='ocrx_word' id='word_1_468' title='bbox 413 5328 628 5399; x_wconf 88' lang='lat' dir='ltr'><em>spiritus</em></span> <span class='ocrx_word' id='word_1_469' title='bbox 668 5328 821 5399; x_wconf 86' lang='lat' dir='ltr'><em>ejus:</em></span> <span class='ocrx_word' id='word_1_470' title='bbox 852 5326 906 5379; x_wconf 91' lang='lat' dir='ltr'><em>in</em></span> <span class='ocrx_word' id='word_1_471' title='bbox 938 5326 1113 5399; x_wconf 86' lang='lat' dir='ltr'><em>diebus</em></span> <span class='ocrx_word' id='word_1_472' title='bbox 1142 5328 1250 5399; x_wconf 88' lang='lat' dir='ltr'><em>suis</em></span> <span class='ocrx_word' id='word_1_473' title='bbox 1284 5344 1387 5381; x_wconf 90' lang='lat' dir='ltr'><em>non</em></span> <span class='ocrx_word' id='word_1_474' title='bbox 1414 5329 1573 5397; x_wconf 84' lang='lat' dir='ltr'><em>perti-</em></span> 
     </span>
    </p>
   </div>
   <div class='ocr_carea' id='block_1_73' title="bbox 16 5398 1314 5467">
    <p class='ocr_par' dir='ltr' id='par_1_73' title="bbox 16 5398 1314 5467">
     <span class='ocr_line' id='line_1_75' title="bbox 16 5398 1314 5467; baseline 0.005 -24"><span class='ocrx_word' id='word_1_475' title='bbox 16 5400 104 5448; x_wconf 77' lang='lat' dir='ltr'><em>nuit</em></span> <span class='ocrx_word' id='word_1_476' title='bbox 139 5398 451 5466; x_wconf 79' lang='lat' dir='ltr'><em>principem,</em></span> <span class='ocrx_word' id='word_1_477' title='bbox 485 5410 533 5453; x_wconf 89' lang='lat' dir='ltr'><em>et</em></span> <span class='ocrx_word' id='word_1_478' title='bbox 564 5398 795 5464; x_wconf 87' lang='lat' dir='ltr'><em>potentia</em></span> <span class='ocrx_word' id='word_1_479' title='bbox 828 5413 974 5451; x_wconf 89' lang='lat' dir='ltr'><em>nemo</em></span> <span class='ocrx_word' id='word_1_480' title='bbox 1000 5398 1119 5451; x_wconf 86' lang='lat' dir='ltr'><em>vicit</em></span> <span class='ocrx_word' id='word_1_481' title='bbox 1145 5398 1314 5467; x_wconf 84' lang='lat' dir='ltr'><em>illum,</em></span> 
     </span>
    </p>
   </div>
   <div class='ocr_carea' id='block_1_74' title="bbox 52 5468 1573 5538">
    <p class='ocr_par' dir='ltr' id='par_1_74' title="bbox 52 5468 1573 5538">
     <span class='ocr_line' id='line_1_76' title="bbox 52 5468 1573 5538; baseline 0.001 -18"><span class='ocrx_word' id='word_1_482' title='bbox 52 5468 166 5521; x_wconf 81' lang='lat' dir='ltr'><em>Nec</em></span> <span class='ocrx_word' id='word_1_483' title='bbox 209 5471 473 5537; x_wconf 87' lang='lat' dir='ltr'><em>superavit</em></span> <span class='ocrx_word' id='word_1_484' title='bbox 516 5469 667 5524; x_wconf 89' lang='lat' dir='ltr'><em>illum</em></span> <span class='ocrx_word' id='word_1_485' title='bbox 698 5468 907 5522; x_wconf 88' lang='lat' dir='ltr'><em>verbum</em></span> <span class='ocrx_word' id='word_1_486' title='bbox 935 5469 1150 5537; x_wconf 90' lang='lat' dir='ltr'><em>aliquod</em></span> <span class='ocrx_word' id='word_1_487' title='bbox 1176 5511 1191 5538; x_wconf 90' lang='lat'><em>,</em></span> <span class='ocrx_word' id='word_1_488' title='bbox 1236 5481 1284 5525; x_wconf 88' lang='lat' dir='ltr'><em>et</em></span> <span class='ocrx_word' id='word_1_489' title='bbox 1312 5478 1573 5524; x_wconf 88' lang='lat' dir='ltr'><em>mortuum</em></span> 
     </span>
    </p>
   </div>
   <div class='ocr_carea' id='block_1_75' title="bbox 16 5540 675 5609">
    <p class='ocr_par' dir='ltr' id='par_1_75' title="bbox 16 5540 675 5609">
     <span class='ocr_line' id='line_1_77' title="bbox 16 5540 675 5609; baseline 0.008 -21"><span class='ocrx_word' id='word_1_490' title='bbox 16 5540 301 5605; x_wconf 72' lang='lat' dir='ltr'><em>arapltetavit</em></span> <span class='ocrx_word' id='word_1_491' title='bbox 324 5557 511 5609; x_wconf 87' lang='lat' dir='ltr'><em>corpus</em></span> <span class='ocrx_word' id='word_1_492' title='bbox 543 5543 675 5609; x_wconf 89' lang='lat' dir='ltr'><em>ejus.</em></span> 
     </span>
    </p>
   </div>
   <div class='ocr_carea' id='block_1_76' title="bbox 58 5610 1576 5683">
    <p class='ocr_par' dir='ltr' id='par_1_76' title="bbox 58 5610 1576 5683">
     <span class='ocr_line' id='line_1_78' title="bbox 58 5610 1576 5683; baseline 0.001 -20"><span class='ocrx_word' id='word_1_493' title='bbox 58 5610 122 5665; x_wconf 89' lang='lat' dir='ltr'><em>In</em></span> <span class='ocrx_word' id='word_1_494' title='bbox 148 5612 252 5664; x_wconf 88' lang='lat' dir='ltr'><em>vita</em></span> <span class='ocrx_word' id='word_1_495' title='bbox 274 5629 370 5665; x_wconf 86' lang='lat' dir='ltr'><em>sua</em></span> <span class='ocrx_word' id='word_1_496' title='bbox 398 5614 517 5682; x_wconf 86' lang='lat' dir='ltr'><em>fecit</em></span> <span class='ocrx_word' id='word_1_497' title='bbox 548 5620 797 5678; x_wconf 89' lang='lat' dir='ltr'><em>monstra,</em></span> <span class='ocrx_word' id='word_1_498' title='bbox 821 5619 868 5666; x_wconf 91' lang='lat' dir='ltr'><em>et</em></span> <span class='ocrx_word' id='word_1_499' title='bbox 894 5612 946 5667; x_wconf 89' lang='lat' dir='ltr'><em>in</em></span> <span class='ocrx_word' id='word_1_500' title='bbox 975 5620 1135 5667; x_wconf 90' lang='lat' dir='ltr'><em>morte</em></span> <span class='ocrx_word' id='word_1_501' title='bbox 1168 5612 1427 5668; x_wconf 87' lang='lat' dir='ltr'><em>mirabilia</em></span> <span class='ocrx_word' id='word_1_502' title='bbox 1456 5628 1576 5683; x_wconf 87' lang='lat' dir='ltr'><em>ape-</em></span> 
     </span>
    </p>
   </div>
   <div class='ocr_carea' id='block_1_77' title="bbox 18 5693 247 5737">
    <p class='ocr_par' dir='ltr' id='par_1_77' title="bbox 18 5693 247 5737">
     <span class='ocr_line' id='line_1_79' title="bbox 18 5693 247 5737; baseline 0.026 -6"><span class='ocrx_word' id='word_1_503' title='bbox 18 5693 124 5736; x_wconf 78' lang='lat' dir='ltr'><em>atus</em></span> <span class='ocrx_word' id='word_1_504' title='bbox 155 5693 247 5737; x_wconf 84' lang='lat' dir='ltr'><em>est.</em></span> 
     </span>
    </p>
   </div>
   <div class='ocr_carea' id='block_1_78' title="bbox 47 5754 1573 5829">
    <p class='ocr_par' dir='ltr' id='par_1_78' title="bbox 47 5754 1573 5829">
     <span class='ocr_line' id='line_1_80' title="bbox 47 5754 1573 5829; baseline 0.003 -21"><span class='ocrx_word' id='word_1_505' title='bbox 47 5754 115 5809; x_wconf 85' lang='lat' dir='ltr'><em>In</em></span> <span class='ocrx_word' id='word_1_506' title='bbox 144 5754 382 5809; x_wconf 85' lang='lat' dir='ltr'><em>omnibus</em></span> <span class='ocrx_word' id='word_1_507' title='bbox 406 5754 518 5812; x_wconf 84' lang='lat' dir='ltr'><em>istis</em></span> <span class='ocrx_word' id='word_1_508' title='bbox 541 5772 643 5812; x_wconf 88' lang='lat' dir='ltr'><em>non</em></span> <span class='ocrx_word' id='word_1_509' title='bbox 666 5757 901 5827; x_wconf 68' lang='lat' dir='ltr'><em>paenituit</em></span> <span class='ocrx_word' id='word_1_510' title='bbox 928 5757 1174 5829; x_wconf 88' lang='lat' dir='ltr'><em>populus,</em></span> <span class='ocrx_word' id='word_1_511' title='bbox 1205 5766 1249 5815; x_wconf 88' lang='lat' dir='ltr'><em>et</em></span> <span class='ocrx_word' id='word_1_512' title='bbox 1268 5773 1371 5814; x_wconf 89' lang='lat' dir='ltr'><em>non</em></span> <span class='ocrx_word' id='word_1_513' title='bbox 1400 5771 1573 5813; x_wconf 84' lang='lat' dir='ltr'><em>reces-</em></span> 
     </span>
    </p>
   </div>
   <div class='ocr_carea' id='block_1_79' title="bbox 1627 1730 1677 1792">
    <p class='ocr_par' dir='ltr' id='par_1_79' title="bbox 1627 1730 1677 1792">
     <span class='ocr_line' id='line_1_81' title="bbox 1627 1730 1677 1792; baseline 0 0"><span class='ocrx_word' id='word_1_514' title='bbox 1627 1730 1677 1792; x_wconf 89' lang='lat' dir='ltr'><strong><em>B</em></strong></span> 
     </span>
    </p>
   </div>
   <div class='ocr_carea' id='block_1_80' title="bbox 1722 417 2887 485">
    <p class='ocr_par' dir='ltr' id='par_1_80' title="bbox 1722 417 2887 485">
     <span class='ocr_line' id='line_1_82' title="bbox 1722 417 2887 485; baseline 0.009 -19"><span class='ocrx_word' id='word_1_515' title='bbox 1722 429 1853 485; x_wconf 64' lang='lat' dir='ltr'><em>sua,</em></span> <span class='ocrx_word' id='word_1_516' title='bbox 1886 422 1933 467; x_wconf 93' lang='lat' dir='ltr'><em>et</em></span> <span class='ocrx_word' id='word_1_517' title='bbox 1958 417 2179 485; x_wconf 85' lang='lat' dir='ltr'><em>dispersi</em></span> <span class='ocrx_word' id='word_1_518' title='bbox 2207 429 2326 471; x_wconf 89' lang='lat' dir='ltr'><em>sunt</em></span> <span class='ocrx_word' id='word_1_519' title='bbox 2355 419 2408 471; x_wconf 89' lang='lat' dir='ltr'><em>in</em></span> <span class='ocrx_word' id='word_1_520' title='bbox 2434 435 2633 473; x_wconf 91' lang='lat' dir='ltr'><em>omnem</em></span> <span class='ocrx_word' id='word_1_521' title='bbox 2659 417 2850 475; x_wconf 76' lang='lat' dir='ltr'><em>terram</em></span> <span class='ocrx_word' id='word_1_522' title='bbox 2868 440 2887 477; x_wconf 91' lang='lat'><strong><em>:</em></strong></span> 
     </span>
    </p>
   </div>
   <div class='ocr_carea' id='block_1_81' title="bbox 1715 482 3315 609">
    <p class='ocr_par' dir='ltr' id='par_1_81' title="bbox 1715 482 3315 609">
     <span class='ocr_line' id='line_1_83' title="bbox 1715 482 3315 609; baseline 0.012 -74"><span class='ocrx_word' id='word_1_523' title='bbox 1715 553 1767 608; x_wconf 65' lang='grc' dir='ltr'><em>Β</em></span> <span class='ocrx_word' id='word_1_524' title='bbox 1792 482 2064 609; x_wconf 71' lang='lat' dir='ltr'><em>Etdrelicta</em></span> <span class='ocrx_word' id='word_1_525' title='bbox 2092 497 2165 543; x_wconf 91' lang='lat' dir='ltr'><em>est</em></span> <span class='ocrx_word' id='word_1_526' title='bbox 2191 505 2315 560; x_wconf 88' lang='lat' dir='ltr'><em>gens</em></span> <span class='ocrx_word' id='word_1_527' title='bbox 2338 506 2598 562; x_wconf 89' lang='lat' dir='ltr'><em>perpauca</em></span> <span class='ocrx_word' id='word_1_528' title='bbox 2623 537 2639 563; x_wconf 94' lang='lat'><em>,</em></span> <span class='ocrx_word' id='word_1_529' title='bbox 2685 502 2732 547; x_wconf 90' lang='lat' dir='ltr'><em>et</em></span> <span class='ocrx_word' id='word_1_530' title='bbox 2772 494 3015 565; x_wconf 85' lang='lat' dir='ltr'><em>princeps</em></span> <span class='ocrx_word' id='word_1_531' title='bbox 3058 496 3113 550; x_wconf 92' lang='lat' dir='ltr'><em>in</em></span> <span class='ocrx_word' id='word_1_532' title='bbox 3159 496 3315 555; x_wconf 88' lang='lat' dir='ltr'><em>domo</em></span> 
     </span>
     <span class='ocr_line' id='line_1_84' title="bbox 1770 573 1907 609; baseline 0 0"><span class='ocrx_word' id='word_1_533' title='bbox 1770 573 1849 609; x_wconf 79' lang='lat' dir='ltr'><em>avt</em></span> <span class='ocrx_word' id='word_1_534' title='bbox 1894 598 1907 609; x_wconf 94' lang='lat'><em>.</em></span> 
     </span>
    </p>
   </div>
   <div class='ocr_carea' id='block_1_82' title="bbox 1770 573 1907 611">
    <p class='ocr_par' dir='ltr' id='par_1_82' title="bbox 1770 573 1907 611">
     <span class='ocr_line' id='line_1_85' title="bbox 1770 573 1907 611; baseline 0.007 -1"><span class='ocrx_word' id='word_1_535' title='bbox 1770 573 1907 611; x_wconf 79' lang='lat' dir='ltr'><em>avia.</em></span> 
     </span>
    </p>
   </div>
   <div class='ocr_carea' id='block_1_83' title="bbox 1792 628 3178 707">
    <p class='ocr_par' dir='ltr' id='par_1_83' title="bbox 1792 628 3178 707">
     <span class='ocr_line' id='line_1_86' title="bbox 1792 628 3178 707; baseline 0.011 -27"><span class='ocrx_word' id='word_1_536' title='bbox 1792 628 2025 707; x_wconf 80' lang='lat' dir='ltr'><em>Quidam</em></span> <span class='ocrx_word' id='word_1_537' title='bbox 2046 631 2295 707; x_wconf 8' lang='lat' dir='ltr'><em>ipsorum;</em></span> <span class='ocrx_word' id='word_1_538' title='bbox 2309 634 2540 701; x_wconf 90' lang='lat' dir='ltr'><em>fecerunt</em></span> <span class='ocrx_word' id='word_1_539' title='bbox 2583 636 2723 703; x_wconf 91' lang='lat' dir='ltr'><em>quod</em></span> <span class='ocrx_word' id='word_1_540' title='bbox 2763 636 2987 707; x_wconf 90' lang='lat' dir='ltr'><em>placeret</em></span> <span class='ocrx_word' id='word_1_541' title='bbox 3010 638 3119 694; x_wconf 92' lang='lat' dir='ltr'><em>Deo</em></span> <span class='ocrx_word' id='word_1_542' title='bbox 3159 656 3178 694; x_wconf 89' lang='lat'><strong><em>:</em></strong></span> 
     </span>
    </p>
   </div>
   <div class='ocr_carea' id='block_1_84' title="bbox 1715 702 2735 775">
    <p class='ocr_par' dir='ltr' id='par_1_84' title="bbox 1715 702 2735 775">
     <span class='ocr_line' id='line_1_87' title="bbox 1715 702 2735 775; baseline 0.012 -24"><span class='ocrx_word' id='word_1_543' title='bbox 1715 710 1888 775; x_wconf 67' lang='lat' dir='ltr'><em>autem</em></span> <span class='ocrx_word' id='word_1_544' title='bbox 1918 702 2079 775; x_wconf 82' lang='lat' dir='ltr'><em>multa</em></span> <span class='ocrx_word' id='word_1_545' title='bbox 2110 705 2480 759; x_wconf 87' lang='lat' dir='ltr'><em>commiserunt</em></span> <span class='ocrx_word' id='word_1_546' title='bbox 2507 718 2735 775; x_wconf 90' lang='lat' dir='ltr'><em>peccata.</em></span> 
     </span>
    </p>
   </div>
   <div class='ocr_carea' id='block_1_85' title="bbox 1788 769 3312 844">
    <p class='ocr_par' dir='ltr' id='par_1_85' title="bbox 1788 769 3312 844">
     <span class='ocr_line' id='line_1_88' title="bbox 1788 769 3312 844; baseline 0.009 -21"><span class='ocrx_word' id='word_1_547' title='bbox 1788 769 2040 827; x_wconf 75' lang='lat' dir='ltr'><em>Ezechias</em></span> <span class='ocrx_word' id='word_1_548' title='bbox 2064 775 2278 828; x_wconf 82' lang='lat' dir='ltr'><em>munivit</em></span> <span class='ocrx_word' id='word_1_549' title='bbox 2306 769 2561 831; x_wconf 74' lang='lat' dir='ltr'><em>civitatem</em></span> <span class='ocrx_word' id='word_1_550' title='bbox 2585 796 2737 832; x_wconf 86' lang='lat' dir='ltr'><em>suam</em></span> <span class='ocrx_word' id='word_1_551' title='bbox 2761 820 2777 844; x_wconf 91' lang='lat'><em>,</em></span> <span class='ocrx_word' id='word_1_552' title='bbox 2805 788 2851 833; x_wconf 92' lang='lat' dir='ltr'><em>et</em></span> <span class='ocrx_word' id='word_1_553' title='bbox 2885 780 3094 835; x_wconf 72' lang='lat' dir='ltr'><em>induxit</em></span> <span class='ocrx_word' id='word_1_554' title='bbox 3122 784 3177 836; x_wconf 89' lang='lat' dir='ltr'><em>in</em></span> <span class='ocrx_word' id='word_1_555' title='bbox 3199 800 3312 837; x_wconf 90' lang='lat' dir='ltr'><em>me-</em></span> 
     </span>
    </p>
   </div>
   <div class='ocr_carea' id='block_1_86' title="bbox 1713 842 3312 923">
    <p class='ocr_par' dir='ltr' id='par_1_86' title="bbox 1713 842 3312 923">
     <span class='ocr_line' id='line_1_89' title="bbox 1713 842 3312 923; baseline 0.01 -30"><span class='ocrx_word' id='word_1_556' title='bbox 1713 842 1857 923; x_wconf 71' lang='lat' dir='ltr'><em>dium</em></span> <span class='ocrx_word' id='word_1_557' title='bbox 1881 844 2048 911; x_wconf 84' lang='lat' dir='ltr'><em>ipsius</em></span> <span class='ocrx_word' id='word_1_558' title='bbox 2078 862 2291 915; x_wconf 87' lang='lat' dir='ltr'><em>aquam,</em></span> <span class='ocrx_word' id='word_1_559' title='bbox 2318 856 2366 901; x_wconf 92' lang='lat' dir='ltr'><em>et</em></span> <span class='ocrx_word' id='word_1_560' title='bbox 2384 849 2518 918; x_wconf 90' lang='lat' dir='ltr'><em>fodit</em></span> <span class='ocrx_word' id='word_1_561' title='bbox 2553 851 2693 920; x_wconf 89' lang='lat' dir='ltr'><em>ferro</em></span> <span class='ocrx_word' id='word_1_562' title='bbox 2722 842 2923 921; x_wconf 83' lang='lat' dir='ltr'><em>rupem,</em></span> <span class='ocrx_word' id='word_1_563' title='bbox 2953 862 3003 906; x_wconf 91' lang='lat' dir='ltr'><em>et</em></span> <span class='ocrx_word' id='word_1_564' title='bbox 3030 854 3312 923; x_wconf 82' lang='lat' dir='ltr'><em>a’diﬁcavit</em></span> 
     </span>
    </p>
   </div>
   <div class='ocr_carea' id='block_1_87' title="bbox 1714 912 2246 985">
    <p class='ocr_par' dir='ltr' id='par_1_87' title="bbox 1714 912 2246 985">
     <span class='ocr_line' id='line_1_90' title="bbox 1714 912 2246 985; baseline 0.009 -20"><span class='ocrx_word' id='word_1_565' title='bbox 1714 912 1782 966; x_wconf 90' lang='lat' dir='ltr'><em>ad</em></span> <span class='ocrx_word' id='word_1_566' title='bbox 1798 931 1990 985; x_wconf 80' lang='lat' dir='ltr'><em>aquam</em></span> <span class='ocrx_word' id='word_1_567' title='bbox 2014 912 2246 985; x_wconf 84' lang='lat' dir='ltr'><em>puteum.</em></span> 
     </span>
    </p>
   </div>
   <div class='ocr_carea' id='block_1_88' title="bbox 1782 983 3311 1059">
    <p class='ocr_par' dir='ltr' id='par_1_88' title="bbox 1782 983 3311 1059">
     <span class='ocr_line' id='line_1_91' title="bbox 1782 983 3311 1059; baseline 0.008 -22"><span class='ocrx_word' id='word_1_568' title='bbox 1782 983 1851 1039; x_wconf 87' lang='lat' dir='ltr'><em>1n</em></span> <span class='ocrx_word' id='word_1_569' title='bbox 1872 983 2051 1040; x_wconf 84' lang='lat' dir='ltr'><em>diebus</em></span> <span class='ocrx_word' id='word_1_570' title='bbox 2078 988 2237 1059; x_wconf 89' lang='lat' dir='ltr'><em>ipsius</em></span> <span class='ocrx_word' id='word_1_571' title='bbox 2266 990 2499 1045; x_wconf 87' lang='lat' dir='ltr'><em>ascendit</em></span> <span class='ocrx_word' id='word_1_572' title='bbox 2523 990 2900 1059; x_wconf 90' lang='lat' dir='ltr'><em>Sennacherib,</em></span> <span class='ocrx_word' id='word_1_573' title='bbox 2928 1004 2977 1048; x_wconf 88' lang='lat' dir='ltr'><em>et</em></span> <span class='ocrx_word' id='word_1_574' title='bbox 3007 996 3143 1051; x_wconf 89' lang='lat' dir='ltr'><em>misit</em></span> <span class='ocrx_word' id='word_1_575' title='bbox 3168 996 3311 1051; x_wconf 85' lang='lat' dir='ltr'><em>Rab-</em></span> 
     </span>
    </p>
   </div>
   <div class='ocr_carea' id='block_1_89' title="bbox 1710 1060 3309 1132">
    <p class='ocr_par' dir='ltr' id='par_1_89' title="bbox 1710 1060 3309 1132">
     <span class='ocr_line' id='line_1_92' title="bbox 1710 1060 3309 1132; baseline 0.008 -23"><span class='ocrx_word' id='word_1_576' title='bbox 1710 1070 1885 1121; x_wconf 89' lang='lat' dir='ltr'><em>sacen,</em></span> <span class='ocrx_word' id='word_1_577' title='bbox 1918 1067 1965 1111; x_wconf 93' lang='lat' dir='ltr'><em>et</em></span> <span class='ocrx_word' id='word_1_578' title='bbox 1996 1060 2460 1132; x_wconf 15' lang='lat' dir='ltr'><em>sustulitgmanum</em></span> <span class='ocrx_word' id='word_1_579' title='bbox 2494 1079 2641 1117; x_wconf 90' lang='lat' dir='ltr'><em>suam</em></span> <span class='ocrx_word' id='word_1_580' title='bbox 2668 1074 2851 1118; x_wconf 87' lang='lat' dir='ltr'><em>contra</em></span> <span class='ocrx_word' id='word_1_581' title='bbox 2880 1066 3019 1132; x_wconf 90' lang='lat' dir='ltr'><em>illos,</em></span> <span class='ocrx_word' id='word_1_582' title='bbox 3053 1077 3101 1121; x_wconf 92' lang='lat' dir='ltr'><em>et</em></span> <span class='ocrx_word' id='word_1_583' title='bbox 3125 1069 3309 1123; x_wconf 77' lang='lat' dir='ltr'><em>extulit</em></span> 
     </span>
    </p>
   </div>
   <div class='ocr_carea' id='block_1_90' title="bbox 1710 1129 3309 1209">
    <p class='ocr_par' dir='ltr' id='par_1_90' title="bbox 1710 1129 3309 1209">
     <span class='ocr_line' id='line_1_93' title="bbox 1710 1129 3309 1209; baseline 0.009 -30"><span class='ocrx_word' id='word_1_584' title='bbox 1710 1142 1922 1181; x_wconf 90' lang='lat' dir='ltr'><em>manum</em></span> <span class='ocrx_word' id='word_1_585' title='bbox 1947 1145 2097 1184; x_wconf 89' lang='lat' dir='ltr'><em>suam</em></span> <span class='ocrx_word' id='word_1_586' title='bbox 2123 1131 2180 1185; x_wconf 91' lang='lat' dir='ltr'><em>in</em></span> <span class='ocrx_word' id='word_1_587' title='bbox 2205 1129 2371 1201; x_wconf 88' lang='lat' dir='ltr'><em>Sion,</em></span> <span class='ocrx_word' id='word_1_588' title='bbox 2411 1142 2459 1190; x_wconf 92' lang='lat' dir='ltr'><em>et</em></span> <span class='ocrx_word' id='word_1_589' title='bbox 2495 1135 2747 1204; x_wconf 85' lang='lat' dir='ltr'><em>superbus</em></span> <span class='ocrx_word' id='word_1_590' title='bbox 2776 1135 2944 1206; x_wconf 88' lang='lat' dir='ltr'><em>factus</em></span> <span class='ocrx_word' id='word_1_591' title='bbox 2974 1129 3049 1191; x_wconf 82' lang='lat' dir='ltr'><em>est</em></span> <span class='ocrx_word' id='word_1_592' title='bbox 3073 1140 3309 1209; x_wconf 88' lang='lat' dir='ltr'><em>potentia</em></span> 
     </span>
    </p>
   </div>
   <div class='ocr_carea' id='block_1_91' title="bbox 1711 1214 1831 1251">
    <p class='ocr_par' dir='ltr' id='par_1_91' title="bbox 1711 1214 1831 1251">
     <span class='ocr_line' id='line_1_94' title="bbox 1711 1214 1831 1251; baseline 0 0"><span class='ocrx_word' id='word_1_593' title='bbox 1711 1214 1831 1251; x_wconf 90' lang='lat' dir='ltr'><em>sua.</em></span> 
     </span>
    </p>
   </div>
   <div class='ocr_carea' id='block_1_92' title="bbox 1780 1268 3308 1351">
    <p class='ocr_par' dir='ltr' id='par_1_92' title="bbox 1780 1268 3308 1351">
     <span class='ocr_line' id='line_1_95' title="bbox 1780 1268 3308 1351; baseline 0.008 -28"><span class='ocrx_word' id='word_1_594' title='bbox 1780 1268 1925 1345; x_wconf 68' lang='lat' dir='ltr'><em>Tupc</em></span> <span class='ocrx_word' id='word_1_595' title='bbox 1950 1280 2089 1351; x_wconf 80' lang='lat' dir='ltr'><em>mota</em></span> <span class='ocrx_word' id='word_1_596' title='bbox 2118 1281 2243 1327; x_wconf 85' lang='lat' dir='ltr'><em>sunt</em></span> <span class='ocrx_word' id='word_1_597' title='bbox 2280 1274 2441 1351; x_wconf 83' lang='lat' dir='ltr'><em>corda</em></span> <span class='ocrx_word' id='word_1_598' title='bbox 2460 1315 2477 1341; x_wconf 92' lang='lat'><em>,</em></span> <span class='ocrx_word' id='word_1_599' title='bbox 2515 1285 2564 1331; x_wconf 90' lang='lat' dir='ltr'><em>et</em></span> <span class='ocrx_word' id='word_1_600' title='bbox 2590 1349 2597 1351; x_wconf 93' lang='lat'>_</span> <span class='ocrx_word' id='word_1_601' title='bbox 2607 1294 2794 1351; x_wconf 80' lang='lat' dir='ltr'><em>manus</em></span> <span class='ocrx_word' id='word_1_602' title='bbox 2828 1280 3099 1351; x_wconf 88' lang='lat' dir='ltr'><em>ipsorum:</em></span> <span class='ocrx_word' id='word_1_603' title='bbox 3129 1290 3175 1337; x_wconf 91' lang='lat' dir='ltr'><em>et</em></span> <span class='ocrx_word' id='word_1_604' title='bbox 3205 1281 3308 1335; x_wconf 81' lang='lat' dir='ltr'><em>do-</em></span> 
     </span>
    </p>
   </div>
   <div class='ocr_carea' id='block_1_93' title="bbox 1706 1338 2749 1414">
    <p class='ocr_par' dir='ltr' id='par_1_93' title="bbox 1706 1338 2749 1414">
     <span class='ocr_line' id='line_1_96' title="bbox 1706 1338 2749 1414; baseline 0.009 -20"><span class='ocrx_word' id='word_1_605' title='bbox 1706 1338 1917 1414; x_wconf 58' lang='lat' dir='ltr'><em>luerunt</em></span> <span class='ocrx_word' id='word_1_606' title='bbox 1939 1346 2088 1411; x_wconf 88' lang='lat' dir='ltr'><em>quasi</em></span> <span class='ocrx_word' id='word_1_607' title='bbox 2116 1338 2471 1414; x_wconf 83' lang='lat' dir='ltr'><em>parturientes</em></span> <span class='ocrx_word' id='word_1_608' title='bbox 2488 1349 2749 1403; x_wconf 88' lang='lat' dir='ltr'><em>mulieres.</em></span> 
     </span>
    </p>
   </div>
   <div class='ocr_carea' id='block_1_94' title="bbox 1777 1410 3306 1493">
    <p class='ocr_par' dir='ltr' id='par_1_94' title="bbox 1777 1410 3306 1493">
     <span class='ocr_line' id='line_1_97' title="bbox 1777 1410 3306 1493; baseline 0.008 -28"><span class='ocrx_word' id='word_1_609' title='bbox 1777 1410 1849 1465; x_wconf 88' lang='lat' dir='ltr'><em>Et</em></span> <span class='ocrx_word' id='word_1_610' title='bbox 1880 1410 2241 1470; x_wconf 78' lang='lat' dir='ltr'><em>invocaverunt</em></span> <span class='ocrx_word' id='word_1_611' title='bbox 2269 1414 2555 1493; x_wconf 83' lang='lat' dir='ltr'><em>Dominum</em></span> <span class='ocrx_word' id='word_1_612' title='bbox 2576 1421 2993 1493; x_wconf 78' lang='lat' dir='ltr'><em>misericordem,</em></span> <span class='ocrx_word' id='word_1_613' title='bbox 3034 1430 3082 1476; x_wconf 89' lang='lat' dir='ltr'><em>et</em></span> <span class='ocrx_word' id='word_1_614' title='bbox 3109 1439 3306 1493; x_wconf 76' lang='lat' dir='ltr'><em>expan-</em></span> 
     </span>
    </p>
   </div>
   <div class='ocr_carea' id='block_1_95' title="bbox 1705 1482 3303 1549">
    <p class='ocr_par' dir='ltr' id='par_1_95' title="bbox 1705 1482 3303 1549">
     <span class='ocr_line' id='line_1_98' title="bbox 1705 1482 3303 1549; baseline 0.009 -14"><span class='ocrx_word' id='word_1_615' title='bbox 1705 1482 1882 1537; x_wconf 88' lang='lat' dir='ltr'><em>dentes</em></span> <span class='ocrx_word' id='word_1_616' title='bbox 1912 1502 2098 1541; x_wconf 88' lang='lat' dir='ltr'><em>manus</em></span> <span class='ocrx_word' id='word_1_617' title='bbox 2126 1504 2247 1541; x_wconf 89' lang='lat' dir='ltr'><em>suas</em></span> <span class='ocrx_word' id='word_1_618' title='bbox 2268 1527 2284 1549; x_wconf 88' lang='lat'><em>,</em></span> <span class='ocrx_word' id='word_1_619' title='bbox 2314 1489 2613 1545; x_wconf 69' lang='lat' dir='ltr'><em>extulerunt</em></span> <span class='ocrx_word' id='word_1_620' title='bbox 2660 1490 2729 1543; x_wconf 91' lang='lat' dir='ltr'><em>ad</em></span> <span class='ocrx_word' id='word_1_621' title='bbox 2756 1494 2941 1545; x_wconf 76' lang='lat' dir='ltr'><em>caelum</em></span> <span class='ocrx_word' id='word_1_622' title='bbox 2960 1482 2989 1547; x_wconf 73' lang='grc' dir='ltr'><em>ε’</em></span> <span class='ocrx_word' id='word_1_623' title='bbox 3019 1502 3066 1548; x_wconf 82' lang='grc' dir='ltr'><em>ει</em></span> <span class='ocrx_word' id='word_1_624' title='bbox 3090 1482 3303 1549; x_wconf 78' lang='lat' dir='ltr'><em>sanctus</em></span> 
     </span>
    </p>
   </div>
   <div class='ocr_carea' id='block_1_96' title="bbox 1704 1552 2983 1633">
    <p class='ocr_par' dir='ltr' id='par_1_96' title="bbox 1704 1552 2983 1633">
     <span class='ocr_line' id='line_1_99' title="bbox 1704 1552 2983 1633; baseline 0.008 -27"><span class='ocrx_word' id='word_1_625' title='bbox 1704 1552 1965 1633; x_wconf 65' lang='lat' dir='ltr'><em>Dominus</em></span> <span class='ocrx_word' id='word_1_626' title='bbox 1996 1557 2140 1611; x_wconf 89' lang='lat' dir='ltr'><em>Deus</em></span> <span class='ocrx_word' id='word_1_627' title='bbox 2171 1558 2368 1612; x_wconf 87' lang='lat' dir='ltr'><em>audivit</em></span> <span class='ocrx_word' id='word_1_628' title='bbox 2400 1560 2501 1614; x_wconf 90' lang='lat' dir='ltr'><em>cito</em></span> <span class='ocrx_word' id='word_1_629' title='bbox 2528 1578 2700 1616; x_wconf 89' lang='lat' dir='ltr'><em>vocem</em></span> <span class='ocrx_word' id='word_1_630' title='bbox 2730 1562 2983 1633; x_wconf 88' lang='lat' dir='ltr'><em>ipsorum.</em></span> 
     </span>
    </p>
   </div>
   <div class='ocr_carea' id='block_1_97' title="bbox 1776 1624 3302 1706">
    <p class='ocr_par' dir='ltr' id='par_1_97' title="bbox 1776 1624 3302 1706">
     <span class='ocr_line' id='line_1_100' title="bbox 1776 1624 3302 1706; baseline 0.009 -27"><span class='ocrx_word' id='word_1_631' title='bbox 1776 1624 2457 1706; x_wconf 28' lang='lat' dir='ltr'><em>lYort‘est‘comm-emoratus</em></span> <span class='ocrx_word' id='word_1_632' title='bbox 2502 1624 2834 1706; x_wconf 74' lang='lat' dir='ltr'><em>peccatorum</em></span> <span class='ocrx_word' id='word_1_633' title='bbox 2852 1634 3071 1706; x_wconf 89' lang='lat' dir='ltr'><em>illorum</em></span> <span class='ocrx_word' id='word_1_634' title='bbox 3095 1676 3110 1701; x_wconf 95' lang='lat'><em>,</em></span> <span class='ocrx_word' id='word_1_635' title='bbox 3138 1653 3302 1706; x_wconf 86' lang='lat' dir='ltr'><em>neque</em></span> 
     </span>
    </p>
   </div>
   <div class='ocr_carea' id='block_1_98' title="bbox 1704 1696 3299 1774">
    <p class='ocr_par' dir='ltr' id='par_1_98' title="bbox 1704 1696 3299 1774">
     <span class='ocr_line' id='line_1_101' title="bbox 1704 1696 3299 1774; baseline 0.007 -24"><span class='ocrx_word' id='word_1_636' title='bbox 1704 1696 1848 1774; x_wconf 74' lang='lat' dir='ltr'><em>dedit</em></span> <span class='ocrx_word' id='word_1_637' title='bbox 1887 1698 2006 1752; x_wconf 90' lang='lat' dir='ltr'><em>illos</em></span> <span class='ocrx_word' id='word_1_638' title='bbox 2046 1700 2283 1774; x_wconf 75' lang='lat' dir='ltr'><em>inimicis</em></span> <span class='ocrx_word' id='word_1_639' title='bbox 2328 1702 2435 1754; x_wconf 90' lang='lat' dir='ltr'><em>suis</em></span> <span class='ocrx_word' id='word_1_640' title='bbox 2460 1742 2476 1768; x_wconf 96' lang='lat'><em>,</em></span> <span class='ocrx_word' id='word_1_641' title='bbox 2502 1696 2600 1757; x_wconf 58' lang='lat' dir='ltr'><em>&#39;sed</em></span> <span class='ocrx_word' id='word_1_642' title='bbox 2645 1705 2881 1774; x_wconf 86' lang='lat' dir='ltr'><em>purgavit</em></span> <span class='ocrx_word' id='word_1_643' title='bbox 2912 1720 2997 1759; x_wconf 90' lang='lat' dir='ltr'><em>eos</em></span> <span class='ocrx_word' id='word_1_644' title='bbox 3046 1696 3107 1759; x_wconf 81' lang='lat' dir='ltr'><em>in</em></span> <span class='ocrx_word' id='word_1_645' title='bbox 3138 1696 3299 1762; x_wconf 74' lang='lat' dir='ltr'><em>manu</em></span> 
     </span>
    </p>
   </div>
   <div class='ocr_carea' id='block_1_99' title="bbox 1701 1766 2367 1841">
    <p class='ocr_par' dir='ltr' id='par_1_99' title="bbox 1701 1766 2367 1841">
     <span class='ocr_line' id='line_1_102' title="bbox 1701 1766 2367 1841; baseline 0.003 -20"><span class='ocrx_word' id='word_1_646' title='bbox 1701 1766 1863 1841; x_wconf 74' lang='lat' dir='ltr'><em>Isaia:</em></span> <span class='ocrx_word' id='word_1_647' title='bbox 1892 1771 2055 1823; x_wconf 90' lang='lat' dir='ltr'><em>sancti</em></span> <span class='ocrx_word' id='word_1_648' title='bbox 2082 1770 2367 1841; x_wconf 69' lang='lat' dir='ltr'><em>prOphetaz.</em></span> 
     </span>
    </p>
   </div>
   <div class='ocr_carea' id='block_1_100' title="bbox 1699 1839 3299 1961">
    <p class='ocr_par' dir='ltr' id='par_1_100' title="bbox 1699 1839 3299 1961">
     <span class='ocr_line' id='line_1_103' title="bbox 1699 1839 3299 1961; baseline 0.008 -71"><span class='ocrx_word' id='word_1_649' title='bbox 1699 1908 1750 1961; x_wconf 65' lang='grc' dir='ltr'><em>Β</em></span> <span class='ocrx_word' id='word_1_650' title='bbox 1775 1839 1977 1922; x_wconf 74' lang='lat' dir='ltr'><em>Dejecit</em></span> <span class='ocrx_word' id='word_1_651' title='bbox 2006 1839 2178 1895; x_wconf 84' lang='lat' dir='ltr'><em>castra</em></span> <span class='ocrx_word' id='word_1_652' title='bbox 2202 1841 2562 1915; x_wconf 83' lang='lat' dir='ltr'><em>Assyriorum,</em></span> <span class='ocrx_word' id='word_1_653' title='bbox 2588 1853 2637 1898; x_wconf 89' lang='lat' dir='ltr'><em>et</em></span> <span class='ocrx_word' id='word_1_654' title='bbox 2667 1846 2909 1901; x_wconf 89' lang='lat' dir='ltr'><em>contrivit</em></span> <span class='ocrx_word' id='word_1_655' title='bbox 2930 1845 3053 1902; x_wconf 89' lang='lat' dir='ltr'><em>illos</em></span> <span class='ocrx_word' id='word_1_656' title='bbox 3080 1848 3299 1921; x_wconf 89' lang='lat' dir='ltr'><em>angelus</em></span> 
     </span>
     <span class='ocr_line' id='line_1_104' title="bbox 1754 1928 1932 1961; baseline 0 0"><span class='ocrx_word' id='word_1_657' title='bbox 1754 1928 1932 1961; x_wconf 75' lang='lat' dir='ltr'><em>omini.</em></span> 
     </span>
    </p>
   </div>
   <div class='ocr_carea' id='block_1_101' title="bbox 1754 1928 1932 1965">
    <p class='ocr_par' dir='ltr' id='par_1_101' title="bbox 1754 1928 1932 1965">
     <span class='ocr_line' id='line_1_105' title="bbox 1754 1928 1932 1965; baseline -0.011 0"><span class='ocrx_word' id='word_1_658' title='bbox 1754 1928 1932 1965; x_wconf 74' lang='grc' dir='ltr'><em>οιηιηι.</em></span> 
     </span>
    </p>
   </div>
   <div class='ocr_carea' id='block_1_102' title="bbox 1774 1981 3298 2060">
    <p class='ocr_par' dir='ltr' id='par_1_102' title="bbox 1774 1981 3298 2060">
     <span class='ocr_line' id='line_1_106' title="bbox 1774 1981 3298 2060; baseline 0.005 -25"><span class='ocrx_word' id='word_1_659' title='bbox 1774 1981 1914 2060; x_wconf 81' lang='lat' dir='ltr'><em>Nam</em></span> <span class='ocrx_word' id='word_1_660' title='bbox 1933 1983 2066 2060; x_wconf 63' lang='lat' dir='ltr'><em>fecit</em></span> <span class='ocrx_word' id='word_1_661' title='bbox 2097 1982 2354 2060; x_wconf 54' lang='lat' dir='ltr'><em>Ezechias</em></span> <span class='ocrx_word' id='word_1_662' title='bbox 2399 1986 2541 2060; x_wconf 88' lang='lat' dir='ltr'><em>quod</em></span> <span class='ocrx_word' id='word_1_663' title='bbox 2585 1988 2780 2055; x_wconf 90' lang='lat' dir='ltr'><em>placuit</em></span> <span class='ocrx_word' id='word_1_664' title='bbox 2828 1988 2973 2056; x_wconf 89' lang='lat' dir='ltr'><em>Deo,</em></span> <span class='ocrx_word' id='word_1_665' title='bbox 3020 1998 3068 2042; x_wconf 90' lang='lat' dir='ltr'><em>et</em></span> <span class='ocrx_word' id='word_1_666' title='bbox 3095 1991 3298 2060; x_wconf 83' lang='lat' dir='ltr'><em>fortiter</em></span> 
     </span>
    </p>
   </div>
   <div class='ocr_carea' id='block_1_103' title="bbox 1697 2052 3297 2126">
    <p class='ocr_par' dir='ltr' id='par_1_103' title="bbox 1697 2052 3297 2126">
     <span class='ocr_line' id='line_1_107' title="bbox 1697 2052 3297 2126; baseline 0.006 -19"><span class='ocrx_word' id='word_1_667' title='bbox 1697 2052 1790 2107; x_wconf 88' lang='lat' dir='ltr'><em>ivit</em></span> <span class='ocrx_word' id='word_1_668' title='bbox 1817 2054 1871 2106; x_wconf 90' lang='lat' dir='ltr'><em>in</em></span> <span class='ocrx_word' id='word_1_669' title='bbox 1898 2052 1978 2108; x_wconf 83' lang='lat' dir='ltr'><em>via</em></span> <span class='ocrx_word' id='word_1_670' title='bbox 2008 2052 2181 2107; x_wconf 89' lang='lat' dir='ltr'><em>David</em></span> <span class='ocrx_word' id='word_1_671' title='bbox 2220 2057 2383 2125; x_wconf 89' lang='lat' dir='ltr'><em>patris</em></span> <span class='ocrx_word' id='word_1_672' title='bbox 2413 2058 2494 2110; x_wconf 88' lang='lat' dir='ltr'><em>sui</em></span> <span class='ocrx_word' id='word_1_673' title='bbox 2522 2052 2679 2126; x_wconf 83' lang='lat' dir='ltr'><em>quam</em></span> <span class='ocrx_word' id='word_1_674' title='bbox 2717 2052 2982 2113; x_wconf 81' lang='lat' dir='ltr'><em>mandavit</em></span> <span class='ocrx_word' id='word_1_675' title='bbox 3010 2052 3105 2114; x_wconf 54' lang='lat' dir='ltr'><em>illi&#39;</em></span> <span class='ocrx_word' id='word_1_676' title='bbox 3125 2060 3297 2117; x_wconf 85' lang='lat' dir='ltr'><em>Isaias</em></span> 
     </span>
    </p>
   </div>
   <div class='ocr_carea' id='block_1_104' title="bbox 1697 2126 3041 2200">
    <p class='ocr_par' dir='ltr' id='par_1_104' title="bbox 1697 2126 3041 2200">
     <span class='ocr_line' id='line_1_108' title="bbox 1697 2126 3041 2200; baseline 0.006 -23"><span class='ocrx_word' id='word_1_677' title='bbox 1697 2126 1951 2200; x_wconf 81' lang='lat' dir='ltr'><em>propheta</em></span> <span class='ocrx_word' id='word_1_678' title='bbox 1974 2141 2213 2200; x_wconf 86' lang='lat' dir='ltr'><em>magnus,</em></span> <span class='ocrx_word' id='word_1_679' title='bbox 2244 2135 2291 2179; x_wconf 90' lang='lat' dir='ltr'><em>et</em></span> <span class='ocrx_word' id='word_1_680' title='bbox 2321 2127 2492 2195; x_wconf 85' lang='lat' dir='ltr'><em>ﬁdelis</em></span> <span class='ocrx_word' id='word_1_681' title='bbox 2520 2130 2572 2181; x_wconf 91' lang='lat' dir='ltr'><em>in</em></span> <span class='ocrx_word' id='word_1_682' title='bbox 2596 2140 2874 2200; x_wconf 88' lang='lat' dir='ltr'><em>conspectu</em></span> <span class='ocrx_word' id='word_1_683' title='bbox 2900 2132 2998 2184; x_wconf 90' lang='lat' dir='ltr'><em>Dei</em></span> <span class='ocrx_word' id='word_1_684' title='bbox 3021 2147 3041 2185; x_wconf 88' lang='lat'><strong><em>:</em></strong></span> 
     </span>
    </p>
   </div>
   <div class='ocr_carea' id='block_1_105' title="bbox 1732 2195 3293 2277">
    <p class='ocr_par' dir='ltr' id='par_1_105' title="bbox 1732 2195 3293 2277">
     <span class='ocr_line' id='line_1_109' title="bbox 1732 2195 3293 2277; baseline 0.006 -28"><span class='ocrx_word' id='word_1_685' title='bbox 1732 2195 1838 2277; x_wconf 77' lang='grc' dir='ltr'><em>⁸1η</em></span> <span class='ocrx_word' id='word_1_686' title='bbox 1878 2195 2075 2251; x_wconf 74' lang='lat' dir='ltr'><em>diebus</em></span> <span class='ocrx_word' id='word_1_687' title='bbox 2105 2198 2270 2267; x_wconf 86' lang='lat' dir='ltr'><em>ipsius</em></span> <span class='ocrx_word' id='word_1_688' title='bbox 2322 2206 2460 2253; x_wconf 88' lang='lat' dir='ltr'><em>retro</em></span> <span class='ocrx_word' id='word_1_689' title='bbox 2503 2201 2655 2254; x_wconf 90' lang='lat' dir='ltr'><em>rediit</em></span> <span class='ocrx_word' id='word_1_690' title='bbox 2698 2195 2821 2267; x_wconf 80' lang='lat' dir='ltr'><em>sol,</em></span> <span class='ocrx_word' id='word_1_691' title='bbox 2872 2211 2918 2256; x_wconf 89' lang='lat' dir='ltr'><em>et</em></span> <span class='ocrx_word' id='word_1_692' title='bbox 2948 2202 3157 2258; x_wconf 88' lang='lat' dir='ltr'><em>addidit</em></span> <span class='ocrx_word' id='word_1_693' title='bbox 3182 2204 3293 2276; x_wconf 89' lang='lat' dir='ltr'><em>regi</em></span> 
     </span>
    </p>
   </div>
   <div class='ocr_carea' id='block_1_106' title="bbox 1692 2278 1871 2321">
    <p class='ocr_par' dir='ltr' id='par_1_106' title="bbox 1692 2278 1871 2321">
     <span class='ocr_line' id='line_1_110' title="bbox 1692 2278 1871 2321; baseline -0.011 0"><span class='ocrx_word' id='word_1_694' title='bbox 1692 2278 1871 2321; x_wconf 82' lang='lat' dir='ltr'><em>vitam.</em></span> 
     </span>
    </p>
   </div>
   <div class='ocr_carea' id='block_1_107' title="bbox 1766 2338 3292 2418">
    <p class='ocr_par' dir='ltr' id='par_1_107' title="bbox 1766 2338 3292 2418">
     <span class='ocr_line' id='line_1_111' title="bbox 1766 2338 3292 2418; baseline 0.006 -26"><span class='ocrx_word' id='word_1_695' title='bbox 1766 2338 1966 2418; x_wconf 72' lang='lat' dir='ltr'><em>Spiritu</em></span> <span class='ocrx_word' id='word_1_696' title='bbox 1996 2354 2184 2418; x_wconf 71' lang='lat' dir='ltr'><em>magno</em></span> <span class='ocrx_word' id='word_1_697' title='bbox 2214 2339 2341 2418; x_wconf 85' lang='lat' dir='ltr'><em>vidit</em></span> <span class='ocrx_word' id='word_1_698' title='bbox 2367 2340 2587 2418; x_wconf 84' lang='lat' dir='ltr'><em>ultima,</em></span> <span class='ocrx_word' id='word_1_699' title='bbox 2615 2353 2663 2396; x_wconf 91' lang='lat' dir='ltr'><em>et</em></span> <span class='ocrx_word' id='word_1_700' title='bbox 2687 2343 2983 2397; x_wconf 87' lang='lat' dir='ltr'><em>consolatus</em></span> <span class='ocrx_word' id='word_1_701' title='bbox 3013 2353 3085 2398; x_wconf 91' lang='lat' dir='ltr'><em>est</em></span> <span class='ocrx_word' id='word_1_702' title='bbox 3108 2346 3292 2418; x_wconf 84' lang='lat' dir='ltr'><em>lugen-</em></span> 
     </span>
    </p>
   </div>
   <div class='ocr_carea' id='block_1_108' title="bbox 1693 2410 2721 2479">
    <p class='ocr_par' dir='ltr' id='par_1_108' title="bbox 1693 2410 2721 2479">
     <span class='ocr_line' id='line_1_112' title="bbox 1693 2410 2721 2479; baseline 0.001 -14"><span class='ocrx_word' id='word_1_703' title='bbox 1693 2419 1766 2465; x_wconf 88' lang='lat' dir='ltr'><em>tes</em></span> <span class='ocrx_word' id='word_1_704' title='bbox 1796 2412 1850 2463; x_wconf 89' lang='lat' dir='ltr'><em>in</em></span> <span class='ocrx_word' id='word_1_705' title='bbox 1875 2410 2025 2465; x_wconf 83' lang='lat' dir='ltr'><em>Sion.</em></span> <span class='ocrx_word' id='word_1_706' title='bbox 2074 2410 2249 2479; x_wconf 89' lang='lat' dir='ltr'><em>Usque</em></span> <span class='ocrx_word' id='word_1_707' title='bbox 2276 2412 2328 2464; x_wconf 91' lang='lat' dir='ltr'><em>in</em></span> <span class='ocrx_word' id='word_1_708' title='bbox 2353 2413 2721 2479; x_wconf 87' lang='lat' dir='ltr'><em>sempiternum</em></span> 
     </span>
    </p>
   </div>
   <div class='ocr_carea' id='block_1_109' title="bbox 1766 2479 3284 2553">
    <p class='ocr_par' dir='ltr' id='par_1_109' title="bbox 1766 2479 3284 2553">
     <span class='ocr_line' id='line_1_113' title="bbox 1766 2479 3284 2553; baseline 0.003 -16"><span class='ocrx_word' id='word_1_709' title='bbox 1766 2479 2008 2538; x_wconf 82' lang='lat' dir='ltr'><em>Ostendit</em></span> <span class='ocrx_word' id='word_1_710' title='bbox 2052 2484 2233 2552; x_wconf 90' lang='lat' dir='ltr'><em>futura</em></span> <span class='ocrx_word' id='word_1_711' title='bbox 2277 2492 2325 2536; x_wconf 92' lang='lat' dir='ltr'><em>et</em></span> <span class='ocrx_word' id='word_1_712' title='bbox 2355 2481 2658 2537; x_wconf 89' lang='lat' dir='ltr'><em>abscondita</em></span> <span class='ocrx_word' id='word_1_713' title='bbox 2692 2492 2976 2553; x_wconf 89' lang='lat' dir='ltr'><em>antequam</em></span> <span class='ocrx_word' id='word_1_714' title='bbox 3003 2486 3284 2542; x_wconf 85' lang='lat' dir='ltr'><em>evenirent.</em></span> 
     </span>
    </p>
   </div>
   <div class='ocr_carea' id='block_1_110' title="bbox 3219 641 3313 696">
    <p class='ocr_par' dir='ltr' id='par_1_110' title="bbox 3219 641 3313 696">
     <span class='ocr_line' id='line_1_114' title="bbox 3219 641 3313 696; baseline 0 -1"><span class='ocrx_word' id='word_1_715' title='bbox 3219 641 3313 696; x_wconf 92' lang='lat' dir='ltr'><em>alii</em></span> 
     </span>
    </p>
   </div>
   <div class='ocr_carea' id='block_1_111' title="bbox 2251 2640 2709 2699">
    <p class='ocr_par' dir='ltr' id='par_1_111' title="bbox 2251 2640 2709 2699">
     <span class='ocr_line' id='line_1_115' title="bbox 2251 2640 2709 2699; baseline 0.007 -3"><span class='ocrx_word' id='word_1_716' title='bbox 2251 2640 2481 2698; x_wconf 82' lang='lat' dir='ltr'><em>CAPUT</em></span> <span class='ocrx_word' id='word_1_717' title='bbox 2520 2641 2709 2699; x_wconf 87' lang='lat' dir='ltr'><strong>XLIX.</strong></span> 
     </span>
    </p>
   </div>
   <div class='ocr_carea' id='block_1_112' title="bbox 1763 2753 3277 2831">
    <p class='ocr_par' dir='ltr' id='par_1_112' title="bbox 1763 2753 3277 2831">
     <span class='ocr_line' id='line_1_116' title="bbox 1763 2753 3277 2831; baseline 0.004 -22"><span class='ocrx_word' id='word_1_718' title='bbox 1763 2754 2020 2831; x_wconf 80' lang='lat' dir='ltr'><em>Memoria</em></span> <span class='ocrx_word' id='word_1_719' title='bbox 2050 2753 2213 2811; x_wconf 77' lang='lat' dir='ltr'><em>Josia:</em></span> <span class='ocrx_word' id='word_1_720' title='bbox 2240 2754 2294 2809; x_wconf 93' lang='lat' dir='ltr'><em>in</em></span> <span class='ocrx_word' id='word_1_721' title='bbox 2318 2758 2745 2829; x_wconf 89' lang='lat' dir='ltr'><em>compositionem</em></span> <span class='ocrx_word' id='word_1_722' title='bbox 2774 2758 2950 2813; x_wconf 88' lang='lat' dir='ltr'><em>odoris</em></span> <span class='ocrx_word' id='word_1_723' title='bbox 2981 2760 3121 2831; x_wconf 89' lang='lat' dir='ltr'><em>facta</em></span> <span class='ocrx_word' id='word_1_724' title='bbox 3144 2775 3277 2831; x_wconf 82' lang='lat' dir='ltr'><em>Opus</em></span> 
     </span>
    </p>
   </div>
   <div class='ocr_carea' id='block_1_113' title="bbox 1687 2828 2039 2899">
    <p class='ocr_par' dir='ltr' id='par_1_113' title="bbox 1687 2828 2039 2899">
     <span class='ocr_line' id='line_1_117' title="bbox 1687 2828 2039 2899; baseline 0.006 -19"><span class='ocrx_word' id='word_1_725' title='bbox 1687 2828 2039 2899; x_wconf 88' lang='lat' dir='ltr'><em>pigmentarii.</em></span> 
     </span>
    </p>
   </div>
   <div class='ocr_carea' id='block_1_114' title="bbox 1760 2898 3281 2979">
    <p class='ocr_par' dir='ltr' id='par_1_114' title="bbox 1760 2898 3281 2979">
     <span class='ocr_line' id='line_1_118' title="bbox 1760 2898 3281 2979; baseline 0.003 -27"><span class='ocrx_word' id='word_1_726' title='bbox 1760 2898 1828 2952; x_wconf 84' lang='lat' dir='ltr'><em>In</em></span> <span class='ocrx_word' id='word_1_727' title='bbox 1858 2900 1999 2979; x_wconf 77' lang='lat' dir='ltr'><em>omni</em></span> <span class='ocrx_word' id='word_1_728' title='bbox 2045 2916 2132 2979; x_wconf 75' lang='lat' dir='ltr'><em>ore</em></span> <span class='ocrx_word' id='word_1_729' title='bbox 2169 2902 2319 2979; x_wconf 82' lang='lat' dir='ltr'><em>quasi</em></span> <span class='ocrx_word' id='word_1_730' title='bbox 2337 2900 2453 2979; x_wconf 76' lang='lat' dir='ltr'><em>mel</em></span> <span class='ocrx_word' id='word_1_731' title='bbox 2490 2900 2842 2979; x_wconf 76' lang='lat' dir='ltr'><em>indulcabitur</em></span> <span class='ocrx_word' id='word_1_732' title='bbox 2865 2902 2980 2972; x_wconf 87' lang='lat' dir='ltr'><em>ejus</em></span> <span class='ocrx_word' id='word_1_733' title='bbox 3013 2903 3281 2968; x_wconf 88' lang='lat' dir='ltr'><em>memoria,</em></span> 
     </span>
    </p>
   </div>
   <div class='ocr_carea' id='block_1_115' title="bbox 1688 2972 2531 3025">
    <p class='ocr_par' dir='ltr' id='par_1_115' title="bbox 1688 2972 2531 3025">
     <span class='ocr_line' id='line_1_119' title="bbox 1688 2972 2531 3025; baseline -0.002 0"><span class='ocrx_word' id='word_1_734' title='bbox 1688 2980 1736 3025; x_wconf 91' lang='lat' dir='ltr'><em>et</em></span> <span class='ocrx_word' id='word_1_735' title='bbox 1760 2979 1816 3024; x_wconf 93' lang='lat' dir='ltr'><em>ut</em></span> <span class='ocrx_word' id='word_1_736' title='bbox 1840 2972 2038 3023; x_wconf 85' lang='lat' dir='ltr'><em>musica</em></span> <span class='ocrx_word' id='word_1_737' title='bbox 2064 2972 2118 3023; x_wconf 90' lang='lat' dir='ltr'><em>in</em></span> <span class='ocrx_word' id='word_1_738' title='bbox 2148 2974 2378 3025; x_wconf 87' lang='lat' dir='ltr'><em>convivio</em></span> <span class='ocrx_word' id='word_1_739' title='bbox 2406 2972 2531 3025; x_wconf 88' lang='lat' dir='ltr'><em>vini.</em></span> 
     </span>
    </p>
   </div>
   <div class='ocr_carea' id='block_1_116' title="bbox 1760 3041 3283 3115">
    <p class='ocr_par' dir='ltr' id='par_1_116' title="bbox 1760 3041 3283 3115">
     <span class='ocr_line' id='line_1_120' title="bbox 1760 3041 3283 3115; baseline 0.003 -20"><span class='ocrx_word' id='word_1_740' title='bbox 1760 3042 1884 3115; x_wconf 80' lang='lat' dir='ltr'><em>Ipse</em></span> <span class='ocrx_word' id='word_1_741' title='bbox 1906 3048 1982 3094; x_wconf 91' lang='lat' dir='ltr'><em>est</em></span> <span class='ocrx_word' id='word_1_742' title='bbox 1994 3041 2233 3115; x_wconf 77' lang='lat' dir='ltr'><em>directus</em></span> <span class='ocrx_word' id='word_1_743' title='bbox 2264 3042 2511 3096; x_wconf 87' lang='lat' dir='ltr'><em>divinitus</em></span> <span class='ocrx_word' id='word_1_744' title='bbox 2538 3043 2593 3097; x_wconf 90' lang='lat' dir='ltr'><em>in</em></span> <span class='ocrx_word' id='word_1_745' title='bbox 2616 3042 2968 3114; x_wconf 82' lang='lat' dir='ltr'><em>pcenitentiam</em></span> <span class='ocrx_word' id='word_1_746' title='bbox 2993 3044 3161 3115; x_wconf 88' lang='lat' dir='ltr'><em>gentis</em></span> <span class='ocrx_word' id='word_1_747' title='bbox 3187 3084 3203 3112; x_wconf 92' lang='lat'><em>,</em></span> <span class='ocrx_word' id='word_1_748' title='bbox 3233 3052 3283 3099; x_wconf 89' lang='lat' dir='ltr'><em>et</em></span> 
     </span>
    </p>
   </div>
   <div class='ocr_carea' id='block_1_117' title="bbox 1610 3107 2564 3182">
    <p class='ocr_par' dir='ltr' id='par_1_117' title="bbox 1610 3107 2564 3182">
     <span class='ocr_line' id='line_1_121' title="bbox 1610 3107 2564 3182; baseline -0.004 -12"><span class='ocrx_word' id='word_1_749' title='bbox 1610 3107 1657 3171; x_wconf 88' lang='lat' dir='ltr'><strong><em>C</em></strong></span> <span class='ocrx_word' id='word_1_750' title='bbox 1688 3107 1806 3167; x_wconf 82' lang='lat' dir='ltr'><em>tulit</em></span> <span class='ocrx_word' id='word_1_751' title='bbox 1834 3111 2243 3167; x_wconf 88' lang='lat' dir='ltr'><em>abominationes</em></span> <span class='ocrx_word' id='word_1_752' title='bbox 2266 3115 2564 3182; x_wconf 88' lang='lat' dir='ltr'><em>impietatis.</em></span> 
     </span>
    </p>
   </div>
   <div class='ocr_carea' id='block_1_118' title="bbox 1763 3182 3283 3257">
    <p class='ocr_par' dir='ltr' id='par_1_118' title="bbox 1763 3182 3283 3257">
     <span class='ocr_line' id='line_1_122' title="bbox 1763 3182 3283 3257; baseline 0.003 -20"><span class='ocrx_word' id='word_1_753' title='bbox 1763 3182 1833 3237; x_wconf 89' lang='lat' dir='ltr'><em>Et</em></span> <span class='ocrx_word' id='word_1_754' title='bbox 1863 3182 2163 3255; x_wconf 87' lang='lat' dir='ltr'><em>gubernavit</em></span> <span class='ocrx_word' id='word_1_755' title='bbox 2194 3185 2263 3257; x_wconf 89' lang='lat' dir='ltr'><em>ad</em></span> <span class='ocrx_word' id='word_1_756' title='bbox 2284 3184 2569 3238; x_wconf 91' lang='lat' dir='ltr'><em>Dominum</em></span> <span class='ocrx_word' id='word_1_757' title='bbox 2596 3202 2685 3239; x_wconf 92' lang='lat' dir='ltr'><em>cor</em></span> <span class='ocrx_word' id='word_1_758' title='bbox 2712 3185 2909 3257; x_wconf 89' lang='lat' dir='ltr'><em>ipsius,</em></span> <span class='ocrx_word' id='word_1_759' title='bbox 2937 3194 2985 3240; x_wconf 91' lang='lat' dir='ltr'><em>et</em></span> <span class='ocrx_word' id='word_1_760' title='bbox 3016 3188 3071 3241; x_wconf 89' lang='lat' dir='ltr'><em>in</em></span> <span class='ocrx_word' id='word_1_761' title='bbox 3102 3186 3283 3241; x_wconf 89' lang='lat' dir='ltr'><em>diebus</em></span> 
     </span>
    </p>
   </div>
   <div class='ocr_carea' id='block_1_119' title="bbox 1688 3256 2685 3326">
    <p class='ocr_par' dir='ltr' id='par_1_119' title="bbox 1688 3256 2685 3326">
     <span class='ocr_line' id='line_1_123' title="bbox 1688 3256 2685 3326; baseline 0 -15"><span class='ocrx_word' id='word_1_762' title='bbox 1688 3264 2028 3326; x_wconf 73' lang='lat' dir='ltr'><em>peccatorum</em></span> <span class='ocrx_word' id='word_1_763' title='bbox 2043 3256 2391 3310; x_wconf 88' lang='lat' dir='ltr'><em>corroboravit</em></span> <span class='ocrx_word' id='word_1_764' title='bbox 2420 3256 2685 3326; x_wconf 84' lang='lat' dir='ltr'><em>pietatem.</em></span> 
     </span>
    </p>
   </div>
   <div class='ocr_carea' id='block_1_120' title="bbox 1760 3323 3281 3401">
    <p class='ocr_par' dir='ltr' id='par_1_120' title="bbox 1760 3323 3281 3401">
     <span class='ocr_line' id='line_1_124' title="bbox 1760 3323 3281 3401; baseline 0.003 -21"><span class='ocrx_word' id='word_1_765' title='bbox 1760 3326 1962 3380; x_wconf 69' lang='lat' dir='ltr'><em>Praeter</em></span> <span class='ocrx_word' id='word_1_766' title='bbox 1992 3323 2185 3401; x_wconf 86' lang='lat' dir='ltr'><em>David,</em></span> <span class='ocrx_word' id='word_1_767' title='bbox 2217 3336 2264 3381; x_wconf 90' lang='lat' dir='ltr'><em>et</em></span> <span class='ocrx_word' id='word_1_768' title='bbox 2297 3324 2598 3397; x_wconf 77' lang='lat' dir='ltr'><em>Ezechiam,</em></span> <span class='ocrx_word' id='word_1_769' title='bbox 2628 3336 2676 3382; x_wconf 90' lang='lat' dir='ltr'><em>et</em></span> <span class='ocrx_word' id='word_1_770' title='bbox 2702 3326 2926 3396; x_wconf 82' lang='lat' dir='ltr'><em>Josiam,</em></span> <span class='ocrx_word' id='word_1_771' title='bbox 2959 3345 3136 3384; x_wconf 85' lang='lat' dir='ltr'><em>omnes</em></span> <span class='ocrx_word' id='word_1_772' title='bbox 3162 3344 3281 3401; x_wconf 86' lang='lat' dir='ltr'><em>pec-</em></span> 
     </span>
    </p>
   </div>
   <div class='ocr_carea' id='block_1_121' title="bbox 1687 3398 2295 3453">
    <p class='ocr_par' dir='ltr' id='par_1_121' title="bbox 1687 3398 2295 3453">
     <span class='ocr_line' id='line_1_125' title="bbox 1687 3398 2295 3453; baseline 0 -2"><span class='ocrx_word' id='word_1_773' title='bbox 1687 3407 1860 3453; x_wconf 89' lang='lat' dir='ltr'><em>catum</em></span> <span class='ocrx_word' id='word_1_774' title='bbox 1892 3398 2258 3451; x_wconf 86' lang='lat' dir='ltr'><em>commiserunt</em></span> <span class='ocrx_word' id='word_1_775' title='bbox 2276 3415 2295 3451; x_wconf 88' lang='lat'><strong><em>:</em></strong></span> 
     </span>
    </p>
   </div>
   <div class='ocr_carea' id='block_1_122' title="bbox 1760 3466 3282 3541">
    <p class='ocr_par' dir='ltr' id='par_1_122' title="bbox 1760 3466 3282 3541">
     <span class='ocr_line' id='line_1_126' title="bbox 1760 3466 3282 3541; baseline 0.003 -19"><span class='ocrx_word' id='word_1_776' title='bbox 1760 3470 1901 3523; x_wconf 89' lang='lat' dir='ltr'><em>Nam</em></span> <span class='ocrx_word' id='word_1_777' title='bbox 1931 3466 2251 3541; x_wconf 84' lang='lat' dir='ltr'><em>reliquerunt</em></span> <span class='ocrx_word' id='word_1_778' title='bbox 2271 3470 2433 3541; x_wconf 85' lang='lat' dir='ltr'><em>legem</em></span> <span class='ocrx_word' id='word_1_779' title='bbox 2453 3469 2706 3525; x_wconf 79' lang='lat' dir='ltr'><em>Altissimi</em></span> <span class='ocrx_word' id='word_1_780' title='bbox 2726 3486 2869 3541; x_wconf 87' lang='lat' dir='ltr'><em>reges</em></span> <span class='ocrx_word' id='word_1_781' title='bbox 2889 3468 2924 3525; x_wconf 76' lang='grc' dir='ltr'><em>Ι</em></span> <span class='ocrx_word' id='word_1_782' title='bbox 2930 3472 3053 3538; x_wconf 89' lang='lat' dir='ltr'><em>uda,</em></span> <span class='ocrx_word' id='word_1_783' title='bbox 3080 3479 3132 3524; x_wconf 88' lang='lat' dir='ltr'><em>et</em></span> <span class='ocrx_word' id='word_1_784' title='bbox 3156 3487 3282 3526; x_wconf 90' lang='lat' dir='ltr'><em>con-</em></span> 
     </span>
    </p>
   </div>
   <div class='ocr_carea' id='block_1_123' title="bbox 1685 3538 2413 3613">
    <p class='ocr_par' dir='ltr' id='par_1_123' title="bbox 1685 3538 2413 3613">
     <span class='ocr_line' id='line_1_127' title="bbox 1685 3538 2413 3613; baseline -0.007 -14"><span class='ocrx_word' id='word_1_785' title='bbox 1685 3548 2004 3613; x_wconf 82' lang='lat' dir='ltr'><em>tempserunt</em></span> <span class='ocrx_word' id='word_1_786' title='bbox 2032 3538 2269 3613; x_wconf 86' lang='lat' dir='ltr'><em>timorem</em></span> <span class='ocrx_word' id='word_1_787' title='bbox 2291 3538 2413 3595; x_wconf 83' lang='lat' dir='ltr'><em>Dei.</em></span> 
     </span>
    </p>
   </div>
   <div class='ocr_carea' id='block_1_124' title="bbox 1756 3611 3282 3685">
    <p class='ocr_par' dir='ltr' id='par_1_124' title="bbox 1756 3611 3282 3685">
     <span class='ocr_line' id='line_1_128' title="bbox 1756 3611 3282 3685; baseline 0.001 -18"><span class='ocrx_word' id='word_1_788' title='bbox 1756 3611 2017 3669; x_wconf 86' lang='lat' dir='ltr'><em>Dederunt</em></span> <span class='ocrx_word' id='word_1_789' title='bbox 2044 3612 2181 3685; x_wconf 87' lang='lat' dir='ltr'><em>enim</em></span> <span class='ocrx_word' id='word_1_790' title='bbox 2201 3629 2416 3683; x_wconf 84' lang='lat' dir='ltr'><em>regnum</em></span> <span class='ocrx_word' id='word_1_791' title='bbox 2440 3628 2593 3667; x_wconf 85' lang='lat' dir='ltr'><em>suum</em></span> <span class='ocrx_word' id='word_1_792' title='bbox 2622 3614 2741 3668; x_wconf 83' lang='lat' dir='ltr'><em>aliis</em></span> <span class='ocrx_word' id='word_1_793' title='bbox 2758 3653 2774 3681; x_wconf 94' lang='lat'><em>,</em></span> <span class='ocrx_word' id='word_1_794' title='bbox 2802 3621 2849 3667; x_wconf 91' lang='lat' dir='ltr'><em>et</em></span> <span class='ocrx_word' id='word_1_795' title='bbox 2880 3612 3104 3685; x_wconf 87' lang='lat' dir='ltr'><em>gloriam</em></span> <span class='ocrx_word' id='word_1_796' title='bbox 3130 3628 3282 3668; x_wconf 89' lang='lat' dir='ltr'><em>suam</em></span> 
     </span>
    </p>
   </div>
   <div class='ocr_carea' id='block_1_125' title="bbox 1683 3684 2167 3753">
    <p class='ocr_par' dir='ltr' id='par_1_125' title="bbox 1683 3684 2167 3753">
     <span class='ocr_line' id='line_1_129' title="bbox 1683 3684 2167 3753; baseline -0.017 -11"><span class='ocrx_word' id='word_1_797' title='bbox 1683 3684 1982 3753; x_wconf 79' lang='lat' dir='ltr'><em>alienigena:</em></span> <span class='ocrx_word' id='word_1_798' title='bbox 2009 3684 2167 3751; x_wconf 90' lang='lat' dir='ltr'><em>genti.</em></span> 
     </span>
    </p>
   </div>
   <div class='ocr_carea' id='block_1_126' title="bbox 1754 3752 3279 3822">
    <p class='ocr_par' dir='ltr' id='par_1_126' title="bbox 1754 3752 3279 3822">
     <span class='ocr_line' id='line_1_130' title="bbox 1754 3752 3279 3822; baseline -0.003 -11"><span class='ocrx_word' id='word_1_799' title='bbox 1754 3757 1783 3811; x_wconf 88' lang='lat'><strong><em>1</em></strong></span> <span class='ocrx_word' id='word_1_800' title='bbox 1791 3752 2107 3811; x_wconf 84' lang='lat' dir='ltr'><em>ncenderunt</em></span> <span class='ocrx_word' id='word_1_801' title='bbox 2142 3752 2358 3808; x_wconf 88' lang='lat' dir='ltr'><em>electam</em></span> <span class='ocrx_word' id='word_1_802' title='bbox 2390 3755 2681 3808; x_wconf 86' lang='lat' dir='ltr'><em>sanctitatis</em></span> <span class='ocrx_word' id='word_1_803' title='bbox 2711 3755 3001 3822; x_wconf 89' lang='lat' dir='ltr'><em>civitatem,</em></span> <span class='ocrx_word' id='word_1_804' title='bbox 3031 3762 3079 3807; x_wconf 91' lang='lat' dir='ltr'><em>et</em></span> <span class='ocrx_word' id='word_1_805' title='bbox 3105 3754 3279 3809; x_wconf 84' lang='lat' dir='ltr'><em>deser-</em></span> 
     </span>
    </p>
   </div>
   <div class='ocr_carea' id='block_1_127' title="bbox 1681 3823 2890 3893">
    <p class='ocr_par' dir='ltr' id='par_1_127' title="bbox 1681 3823 2890 3893">
     <span class='ocr_line' id='line_1_131' title="bbox 1681 3823 2890 3893; baseline -0.002 -12"><span class='ocrx_word' id='word_1_806' title='bbox 1681 3839 1759 3884; x_wconf 91' lang='lat' dir='ltr'><em>tas</em></span> <span class='ocrx_word' id='word_1_807' title='bbox 1790 3832 2016 3892; x_wconf 88' lang='lat' dir='ltr'><em>fecerunt</em></span> <span class='ocrx_word' id='word_1_808' title='bbox 2047 3825 2153 3877; x_wconf 87' lang='lat' dir='ltr'><em>vias</em></span> <span class='ocrx_word' id='word_1_809' title='bbox 2182 3826 2343 3893; x_wconf 86' lang='lat' dir='ltr'><em>ipsius</em></span> <span class='ocrx_word' id='word_1_810' title='bbox 2374 3825 2427 3877; x_wconf 90' lang='lat' dir='ltr'><em>in</em></span> <span class='ocrx_word' id='word_1_811' title='bbox 2450 3842 2607 3878; x_wconf 87' lang='lat' dir='ltr'><em>manu</em></span> <span class='ocrx_word' id='word_1_812' title='bbox 2630 3823 2890 3879; x_wconf 66' lang='lat' dir='ltr'><em>Ieremiae.</em></span> 
     </span>
    </p>
   </div>
   <div class='ocr_carea' id='block_1_128' title="bbox 1755 3894 3277 3966">
    <p class='ocr_par' dir='ltr' id='par_1_128' title="bbox 1755 3894 3277 3966">
     <span class='ocr_line' id='line_1_132' title="bbox 1755 3894 3277 3966; baseline -0.001 -15"><span class='ocrx_word' id='word_1_813' title='bbox 1755 3898 1895 3953; x_wconf 87' lang='lat' dir='ltr'><em>Nam</em></span> <span class='ocrx_word' id='word_1_814' title='bbox 1926 3896 2060 3948; x_wconf 88' lang='lat' dir='ltr'><em>male</em></span> <span class='ocrx_word' id='word_1_815' title='bbox 2105 3904 2458 3949; x_wconf 85' lang='lat' dir='ltr'><em>tractaverunt</em></span> <span class='ocrx_word' id='word_1_816' title='bbox 2486 3894 2636 3950; x_wconf 88' lang='lat' dir='ltr'><em>illum</em></span> <span class='ocrx_word' id='word_1_817' title='bbox 2661 3938 2676 3964; x_wconf 92' lang='lat'><em>,</em></span> <span class='ocrx_word' id='word_1_818' title='bbox 2727 3897 2815 3966; x_wconf 88' lang='lat' dir='ltr'><em>qui</em></span> <span class='ocrx_word' id='word_1_819' title='bbox 2846 3915 2878 3949; x_wconf 90' lang='lat' dir='ltr'><em>a</em></span> <span class='ocrx_word' id='word_1_820' title='bbox 2902 3901 3075 3950; x_wconf 89' lang='lat' dir='ltr'><em>ventre</em></span> <span class='ocrx_word' id='word_1_821' title='bbox 3096 3897 3277 3950; x_wconf 87' lang='lat' dir='ltr'><em>matris</em></span> 
     </span>
    </p>
   </div>
   <div class='ocr_carea' id='block_1_129' title="bbox 1680 3966 3280 4036">
    <p class='ocr_par' dir='ltr' id='par_1_129' title="bbox 1680 3966 3280 4036">
     <span class='ocr_line' id='line_1_133' title="bbox 1680 3966 3280 4036; baseline -0.003 -10"><span class='ocrx_word' id='word_1_822' title='bbox 1680 3976 2003 4025; x_wconf 88' lang='lat' dir='ltr'><em>consecratus</em></span> <span class='ocrx_word' id='word_1_823' title='bbox 2046 3976 2119 4018; x_wconf 91' lang='lat' dir='ltr'><em>est</em></span> <span class='ocrx_word' id='word_1_824' title='bbox 2164 3966 2441 4036; x_wconf 85' lang='lat' dir='ltr'><em>propheta,</em></span> <span class='ocrx_word' id='word_1_825' title='bbox 2480 3975 2735 4030; x_wconf 83' lang='lat' dir='ltr'><em>evertere,</em></span> <span class='ocrx_word' id='word_1_826' title='bbox 2779 3976 2825 4021; x_wconf 89' lang='lat' dir='ltr'><em>et</em></span> <span class='ocrx_word' id='word_1_827' title='bbox 2851 3982 3049 4035; x_wconf 87' lang='lat' dir='ltr'><em>eruere,</em></span> <span class='ocrx_word' id='word_1_828' title='bbox 3083 3976 3129 4021; x_wconf 89' lang='lat' dir='ltr'><em>et</em></span> <span class='ocrx_word' id='word_1_829' title='bbox 3159 3984 3280 4035; x_wconf 88' lang='lat' dir='ltr'><em>per-</em></span> 
     </span>
    </p>
   </div>
   <div class='ocr_carea' id='block_1_130' title="bbox 1682 4035 2791 4106">
    <p class='ocr_par' dir='ltr' id='par_1_130' title="bbox 1682 4035 2791 4106">
     <span class='ocr_line' id='line_1_134' title="bbox 1682 4035 2791 4106; baseline 0.005 -20"><span class='ocrx_word' id='word_1_830' title='bbox 1682 4042 1824 4106; x_wconf 73' lang='lat' dir='ltr'><em>dere,</em></span> <span class='ocrx_word' id='word_1_831' title='bbox 1856 4046 1906 4093; x_wconf 82' lang='lat' dir='ltr'><em>et</em></span> <span class='ocrx_word' id='word_1_832' title='bbox 1931 4038 2115 4106; x_wconf 80' lang='lat' dir='ltr'><em>iterum</em></span> <span class='ocrx_word' id='word_1_833' title='bbox 2143 4035 2426 4105; x_wconf 66' lang='lat' dir='ltr'><em>a’dificare,</em></span> <span class='ocrx_word' id='word_1_834' title='bbox 2458 4046 2503 4091; x_wconf 92' lang='lat' dir='ltr'><em>et</em></span> <span class='ocrx_word' id='word_1_835' title='bbox 2530 4053 2791 4092; x_wconf 88' lang='lat' dir='ltr'><em>renovare.</em></span> 
     </span>
    </p>
   </div>
   <div class='ocr_carea' id='block_1_131' title="bbox 1752 4104 3275 4180">
    <p class='ocr_par' dir='ltr' id='par_1_131' title="bbox 1752 4104 3275 4180">
     <span class='ocr_line' id='line_1_135' title="bbox 1752 4104 3275 4180; baseline -0.001 -15"><span class='ocrx_word' id='word_1_836' title='bbox 1752 4104 1996 4165; x_wconf 74' lang='lat' dir='ltr'><em>Ezechiel</em></span> <span class='ocrx_word' id='word_1_837' title='bbox 2025 4108 2116 4180; x_wconf 71' lang='lat' dir='ltr'><em>qui</em></span> <span class='ocrx_word' id='word_1_838' title='bbox 2146 4104 2269 4180; x_wconf 80' lang='lat' dir='ltr'><em>vidit</em></span> <span class='ocrx_word' id='word_1_839' title='bbox 2296 4117 2625 4179; x_wconf 88' lang='lat' dir='ltr'><em>conspectum</em></span> <span class='ocrx_word' id='word_1_840' title='bbox 2646 4109 2849 4180; x_wconf 80' lang='lat' dir='ltr'><em>gloriw,</em></span> <span class='ocrx_word' id='word_1_841' title='bbox 2873 4124 3027 4179; x_wconf 90' lang='lat' dir='ltr'><em>quam</em></span> <span class='ocrx_word' id='word_1_842' title='bbox 3052 4110 3275 4165; x_wconf 87' lang='lat' dir='ltr'><em>ostendit</em></span> 
     </span>
    </p>
   </div>
   <div class='ocr_carea' id='block_1_132' title="bbox 1679 4175 2339 4238">
    <p class='ocr_par' dir='ltr' id='par_1_132' title="bbox 1679 4175 2339 4238">
     <span class='ocr_line' id='line_1_136' title="bbox 1679 4175 2339 4238; baseline -0.006 -2"><span class='ocrx_word' id='word_1_843' title='bbox 1679 4183 1761 4238; x_wconf 91' lang='lat' dir='ltr'><em>illi</em></span> <span class='ocrx_word' id='word_1_844' title='bbox 1785 4184 1839 4237; x_wconf 91' lang='lat' dir='ltr'><em>in</em></span> <span class='ocrx_word' id='word_1_845' title='bbox 1864 4193 2019 4235; x_wconf 84' lang='lat' dir='ltr'><em>curru</em></span> <span class='ocrx_word' id='word_1_846' title='bbox 2040 4175 2339 4232; x_wconf 86' lang='lat' dir='ltr'><em>Cherubim.</em></span> 
     </span>
    </p>
   </div>
   <div class='ocr_carea' id='block_1_133' title="bbox 1712 4251 3278 4317">
    <p class='ocr_par' dir='ltr' id='par_1_133' title="bbox 1712 4251 3278 4317">
     <span class='ocr_line' id='line_1_137' title="bbox 1712 4251 3278 4317; baseline -0.001 -10"><span class='ocrx_word' id='word_1_847' title='bbox 1712 4252 1717 4255; x_wconf 78' lang='grc'><em>’</em></span> <span class='ocrx_word' id='word_1_848' title='bbox 1753 4255 1897 4310; x_wconf 91' lang='lat' dir='ltr'><em>Nam</em></span> <span class='ocrx_word' id='word_1_849' title='bbox 1922 4259 2350 4305; x_wconf 88' lang='lat' dir='ltr'><em>commemoratus</em></span> <span class='ocrx_word' id='word_1_850' title='bbox 2380 4257 2455 4306; x_wconf 88' lang='lat' dir='ltr'><em>est</em></span> <span class='ocrx_word' id='word_1_851' title='bbox 2478 4251 2805 4307; x_wconf 87' lang='lat' dir='ltr'><em>inimicorum</em></span> <span class='ocrx_word' id='word_1_852' title='bbox 2826 4251 2879 4306; x_wconf 89' lang='lat' dir='ltr'><em>in</em></span> <span class='ocrx_word' id='word_1_853' title='bbox 2909 4252 3091 4317; x_wconf 88' lang='lat' dir='ltr'><em>imbre,</em></span> <span class='ocrx_word' id='word_1_854' title='bbox 3124 4252 3278 4305; x_wconf 85' lang='lat' dir='ltr'><em>benc-</em></span> 
     </span>
    </p>
   </div>
   <div class='ocr_carea' id='block_1_134' title="bbox 1679 4320 2825 4396">
    <p class='ocr_par' dir='ltr' id='par_1_134' title="bbox 1679 4320 2825 4396">
     <span class='ocr_line' id='line_1_138' title="bbox 1679 4320 2825 4396; baseline -0.005 -16"><span class='ocrx_word' id='word_1_855' title='bbox 1679 4327 1850 4396; x_wconf 84' lang='lat' dir='ltr'><em>facere</em></span> <span class='ocrx_word' id='word_1_856' title='bbox 1880 4320 2005 4396; x_wconf 79' lang='lat' dir='ltr'><em>illis,</em></span> <span class='ocrx_word' id='word_1_857' title='bbox 2030 4322 2118 4396; x_wconf 86' lang='lat' dir='ltr'><em>qui</em></span> <span class='ocrx_word' id='word_1_858' title='bbox 2148 4323 2480 4396; x_wconf 78' lang='lat' dir='ltr'><em>ostenderunt</em></span> <span class='ocrx_word' id='word_1_859' title='bbox 2506 4336 2669 4377; x_wconf 88' lang='lat' dir='ltr'><em>rectas</em></span> <span class='ocrx_word' id='word_1_860' title='bbox 2696 4325 2825 4396; x_wconf 82' lang='lat' dir='ltr'><em>vias.</em></span> 
     </span>
    </p>
   </div>
   <div class='ocr_carea' id='block_1_135' title="bbox 1752 4390 3274 4472">
    <p class='ocr_par' dir='ltr' id='par_1_135' title="bbox 1752 4390 3274 4472">
     <span class='ocr_line' id='line_1_139' title="bbox 1752 4390 3274 4472; baseline -0.003 -22"><span class='ocrx_word' id='word_1_861' title='bbox 1752 4396 1820 4450; x_wconf 89' lang='lat' dir='ltr'><em>Et</em></span> <span class='ocrx_word' id='word_1_862' title='bbox 1848 4392 2123 4449; x_wconf 86' lang='lat' dir='ltr'><em>duodecim</em></span> <span class='ocrx_word' id='word_1_863' title='bbox 2145 4392 2526 4472; x_wconf 76' lang='lat' dir='ltr'><em>prophetarum</em></span> <span class='ocrx_word' id='word_1_864' title='bbox 2573 4410 2692 4472; x_wconf 75' lang='lat' dir='ltr'><em>ossa</em></span> <span class='ocrx_word' id='word_1_865' title='bbox 2738 4391 3005 4472; x_wconf 77' lang='lat' dir='ltr'><em>pullulent</em></span> <span class='ocrx_word' id='word_1_866' title='bbox 3050 4390 3115 4472; x_wconf 83' lang='lat' dir='ltr'><em>de</em></span> <span class='ocrx_word' id='word_1_867' title='bbox 3159 4391 3274 4472; x_wconf 82' lang='lat' dir='ltr'><em>loco</em></span> 
     </span>
    </p>
   </div>
   <div class='ocr_carea' id='block_1_136' title="bbox 1678 4461 3275 4531">
    <p class='ocr_par' dir='ltr' id='par_1_136' title="bbox 1678 4461 3275 4531">
     <span class='ocr_line' id='line_1_140' title="bbox 1678 4461 3275 4531; baseline -0.004 -9"><span class='ocrx_word' id='word_1_868' title='bbox 1678 4485 1772 4524; x_wconf 91' lang='lat' dir='ltr'><em>suo</em></span> <span class='ocrx_word' id='word_1_869' title='bbox 1796 4485 1815 4523; x_wconf 88' lang='lat'><strong><em>:</em></strong></span> <span class='ocrx_word' id='word_1_870' title='bbox 1838 4483 1960 4520; x_wconf 90' lang='lat' dir='ltr'><em>nam</em></span> <span class='ocrx_word' id='word_1_871' title='bbox 1985 4461 2445 4519; x_wconf 86' lang='lat' dir='ltr'><em>corroboraverunt</em></span> <span class='ocrx_word' id='word_1_872' title='bbox 2485 4461 2649 4519; x_wconf 83' lang='lat' dir='ltr'><em>Jacob</em></span> <span class='ocrx_word' id='word_1_873' title='bbox 2666 4505 2682 4531; x_wconf 94' lang='lat'><em>,</em></span> <span class='ocrx_word' id='word_1_874' title='bbox 2706 4473 2756 4519; x_wconf 91' lang='lat' dir='ltr'><em>et</em></span> <span class='ocrx_word' id='word_1_875' title='bbox 2782 4462 3107 4517; x_wconf 86' lang='lat' dir='ltr'><em>redemerunt</em></span> <span class='ocrx_word' id='word_1_876' title='bbox 3134 4477 3188 4515; x_wconf 91' lang='lat' dir='ltr'><em>se</em></span> <span class='ocrx_word' id='word_1_877' title='bbox 3216 4462 3275 4516; x_wconf 88' lang='lat' dir='ltr'><em>in</em></span> 
     </span>
    </p>
   </div>
   <div class='ocr_carea' id='block_1_137' title="bbox 1676 4538 2025 4610">
    <p class='ocr_par' dir='ltr' id='par_1_137' title="bbox 1676 4538 2025 4610">
     <span class='ocr_line' id='line_1_141' title="bbox 1676 4538 2025 4610; baseline -0.009 -17"><span class='ocrx_word' id='word_1_878' title='bbox 1676 4542 1779 4610; x_wconf 83' lang='lat' dir='ltr'><em>fide</em></span> <span class='ocrx_word' id='word_1_879' title='bbox 1800 4538 2025 4610; x_wconf 86' lang='lat' dir='ltr'><em>virtutis.</em></span> 
     </span>
    </p>
   </div>
   <div class='ocr_carea' id='block_1_138' title="bbox 1752 4604 3276 4677">
    <p class='ocr_par' dir='ltr' id='par_1_138' title="bbox 1752 4604 3276 4677">
     <span class='ocr_line' id='line_1_142' title="bbox 1752 4604 3276 4677; baseline -0.005 -12"><span class='ocrx_word' id='word_1_880' title='bbox 1752 4609 2021 4677; x_wconf 83' lang='lat' dir='ltr'><em>Quomodo</em></span> <span class='ocrx_word' id='word_1_881' title='bbox 2087 4605 2461 4677; x_wconf 81' lang='lat' dir='ltr'><em>ampliﬁcemus</em></span> <span class='ocrx_word' id='word_1_882' title='bbox 2516 4604 2854 4662; x_wconf 85' lang='lat' dir='ltr'><em>Zorobabel?</em></span> <span class='ocrx_word' id='word_1_883' title='bbox 2898 4619 3019 4657; x_wconf 91' lang='lat' dir='ltr'><em>nam</em></span> <span class='ocrx_word' id='word_1_884' title='bbox 3072 4610 3119 4658; x_wconf 90' lang='lat' dir='ltr'><em>et</em></span> <span class='ocrx_word' id='word_1_885' title='bbox 3162 4605 3276 4674; x_wconf 87' lang='lat' dir='ltr'><em>ipse</em></span> 
     </span>
    </p>
   </div>
   <div class='ocr_carea' id='block_1_139' title="bbox 1680 4678 3247 4756">
    <p class='ocr_par' dir='ltr' id='par_1_139' title="bbox 1680 4678 3247 4756">
     <span class='ocr_line' id='line_1_143' title="bbox 1680 4678 3247 4756; baseline -0.003 -20"><span class='ocrx_word' id='word_1_886' title='bbox 1680 4685 1831 4756; x_wconf 85' lang='lat' dir='ltr'><em>qua_si</em></span> <span class='ocrx_word' id='word_1_887' title='bbox 1861 4682 2066 4756; x_wconf 78' lang='lat' dir='ltr'><em>signum</em></span> <span class='ocrx_word' id='word_1_888' title='bbox 2087 4679 2139 4731; x_wconf 90' lang='lat' dir='ltr'><em>in</em></span> <span class='ocrx_word' id='word_1_889' title='bbox 2170 4678 2381 4756; x_wconf 71' lang='lat' dir='ltr'><em>dextera</em></span> <span class='ocrx_word' id='word_1_890' title='bbox 2408 4695 2607 4756; x_wconf 68' lang='lat' dir='ltr'><em>manu;</em></span> <span class='ocrx_word' id='word_1_891' title='bbox 2691 4749 2704 4756; x_wconf 87' lang='lat'>_</span> <span class='ocrx_word' id='word_1_892' title='bbox 2730 4750 2742 4756; x_wconf 89' lang='lat'><strong>_</strong></span> <span class='ocrx_word' id='word_1_893' title='bbox 2831 4748 2861 4756; x_wconf 52' lang='grc' dir='ltr'>η</span> <span class='ocrx_word' id='word_1_894' title='bbox 2899 4747 2910 4756; x_wconf 83' lang='lat'>_</span> <span class='ocrx_word' id='word_1_895' title='bbox 3082 4747 3093 4756; x_wconf 42' lang='lat'>.</span> <span class='ocrx_word' id='word_1_896' title='bbox 3216 4745 3247 4756; x_wconf 55' lang='grc' dir='ltr'>η</span> 
     </span>
    </p>
   </div>
   <div class='ocr_carea' id='block_1_140' title="bbox 1758 4745 3273 4819">
    <p class='ocr_par' dir='ltr' id='par_1_140' title="bbox 1758 4745 3273 4819">
     <span class='ocr_line' id='line_1_144' title="bbox 1758 4745 3273 4819; baseline -0.008 -10"><span class='ocrx_word' id='word_1_897' title='bbox 1758 4754 1849 4810; x_wconf 87' lang='lat' dir='ltr'><em>Sic</em></span> <span class='ocrx_word' id='word_1_898' title='bbox 1872 4745 1926 4807; x_wconf 70' lang='lat' dir='ltr'><em>ei</em></span> <span class='ocrx_word' id='word_1_899' title='bbox 1941 4751 2121 4805; x_wconf 83' lang='lat' dir='ltr'><em>Jesum</em></span> <span class='ocrx_word' id='word_1_900' title='bbox 2143 4748 2313 4817; x_wconf 81' lang='lat' dir='ltr'><em>[ilium</em></span> <span class='ocrx_word' id='word_1_901' title='bbox 2331 4747 2593 4803; x_wconf 84' lang='lat' dir='ltr'><em>Josedec?</em></span> <span class='ocrx_word' id='word_1_902' title='bbox 2614 4749 2704 4819; x_wconf 88' lang='lat' dir='ltr'><em>qui</em></span> <span class='ocrx_word' id='word_1_903' title='bbox 2725 4750 2779 4801; x_wconf 90' lang='lat' dir='ltr'><em>in</em></span> <span class='ocrx_word' id='word_1_904' title='bbox 2807 4747 2995 4819; x_wconf 10' lang='lat' dir='ltr'><em>diebus,</em></span> <span class='ocrx_word' id='word_1_905' title='bbox 3012 4747 3120 4800; x_wconf 90' lang='lat' dir='ltr'><em>suis</em></span> <span class='ocrx_word' id='word_1_906' title='bbox 3146 4745 3273 4799; x_wconf 73' lang='lat' dir='ltr'><em>aedi-</em></span> 
     </span>
    </p>
   </div>
   <div class='ocr_carea' id='block_1_141' title="bbox 1684 4817 3274 4896">
    <p class='ocr_par' dir='ltr' id='par_1_141' title="bbox 1684 4817 3274 4896">
     <span class='ocr_line' id='line_1_145' title="bbox 1684 4817 3274 4896; baseline -0.006 -17"><span class='ocrx_word' id='word_1_907' title='bbox 1684 4827 1969 4896; x_wconf 84' lang='lat' dir='ltr'><em>ﬁcaverunt</em></span> <span class='ocrx_word' id='word_1_908' title='bbox 1999 4895 2006 4896; x_wconf 14' lang='lat'><em>7</em></span> <span class='ocrx_word' id='word_1_909' title='bbox 2036 4820 2248 4875; x_wconf 88' lang='lat' dir='ltr'><em>domum</em></span> <span class='ocrx_word' id='word_1_910' title='bbox 2272 4865 2286 4888; x_wconf 92' lang='lat'><em>,</em></span> <span class='ocrx_word' id='word_1_911' title='bbox 2337 4830 2384 4874; x_wconf 87' lang='lat' dir='ltr'><em>et</em></span> <span class='ocrx_word' id='word_1_912' title='bbox 2407 4817 2791 4896; x_wconf 65' lang='lat' dir='ltr'><em>exquaverunt</em></span> <span class='ocrx_word' id='word_1_913' title='bbox 2838 4817 3083 4896; x_wconf 77' lang='lat' dir='ltr'><em>templum</em></span> <span class='ocrx_word' id='word_1_914' title='bbox 3152 4832 3274 4870; x_wconf 87' lang='lat' dir='ltr'><em>san-</em></span> 
     </span>
    </p>
   </div>
   <div class='ocr_carea' id='block_1_142' title="bbox 1685 4891 3141 4968">
    <p class='ocr_par' dir='ltr' id='par_1_142' title="bbox 1685 4891 3141 4968">
     <span class='ocr_line' id='line_1_146' title="bbox 1685 4891 3141 4968; baseline -0.008 -18"><span class='ocrx_word' id='word_1_915' title='bbox 1685 4891 1825 4952; x_wconf 82' lang='lat' dir='ltr'><em>ctum</em></span> <span class='ocrx_word' id='word_1_916' title='bbox 1857 4895 2100 4968; x_wconf 84' lang='lat' dir='ltr'><em>Domino,</em></span> <span class='ocrx_word' id='word_1_917' title='bbox 2133 4904 2374 4968; x_wconf 86' lang='lat' dir='ltr'><em>paratum</em></span> <span class='ocrx_word' id='word_1_918' title='bbox 2400 4892 2694 4968; x_wconf 80' lang='lat' dir='ltr'><em>inglorium</em></span> <span class='ocrx_word' id='word_1_919' title='bbox 2723 4891 3104 4968; x_wconf 76' lang='lat' dir='ltr'><em>sempiternam.</em></span> <span class='ocrx_word' id='word_1_920' title='bbox 3128 4956 3141 4968; x_wconf 43' lang='lat'><em>.</em></span> 
     </span>
    </p>
   </div>
   <div class='ocr_carea' id='block_1_143' title="bbox 1755 4958 3275 5028">
    <p class='ocr_par' dir='ltr' id='par_1_143' title="bbox 1755 4958 3275 5028">
     <span class='ocr_line' id='line_1_147' title="bbox 1755 4958 3275 5028; baseline -0.007 -7"><span class='ocrx_word' id='word_1_921' title='bbox 1755 4966 1825 5021; x_wconf 89' lang='lat' dir='ltr'><em>Et</em></span> <span class='ocrx_word' id='word_1_922' title='bbox 1857 4958 2143 5021; x_wconf 79' lang='lat' dir='ltr'><em>Nehemias</em></span> <span class='ocrx_word' id='word_1_923' title='bbox 2171 4965 2224 5016; x_wconf 89' lang='lat' dir='ltr'><em>in</em></span> <span class='ocrx_word' id='word_1_924' title='bbox 2254 4958 2552 5016; x_wconf 80' lang='lat' dir='ltr'><em>memoriam</em></span> <span class='ocrx_word' id='word_1_925' title='bbox 2582 4960 2733 5013; x_wconf 88' lang='lat' dir='ltr'><em>multi</em></span> <span class='ocrx_word' id='word_1_926' title='bbox 2760 4958 3022 5028; x_wconf 83' lang='lat' dir='ltr'><em>temporis,</em></span> <span class='ocrx_word' id='word_1_927' title='bbox 3051 4958 3141 5027; x_wconf 90' lang='lat' dir='ltr'><em>qui</em></span> <span class='ocrx_word' id='word_1_928' title='bbox 3160 4972 3275 5011; x_wconf 87' lang='lat' dir='ltr'><em>ere-</em></span> 
     </span>
    </p>
   </div>
   <div class='ocr_carea' id='block_1_144' title="bbox 1684 5031 3272 5099">
    <p class='ocr_par' dir='ltr' id='par_1_144' title="bbox 1684 5031 3272 5099">
     <span class='ocr_line' id='line_1_148' title="bbox 1684 5031 3272 5099; baseline -0.008 -4"><span class='ocrx_word' id='word_1_929' title='bbox 1684 5043 1761 5096; x_wconf 76' lang='lat' dir='ltr'><em>xit</em></span> <span class='ocrx_word' id='word_1_930' title='bbox 1788 5040 1934 5093; x_wconf 90' lang='lat' dir='ltr'><em>nobis</em></span> <span class='ocrx_word' id='word_1_931' title='bbox 1956 5052 2131 5089; x_wconf 88' lang='lat' dir='ltr'><em>muros</em></span> <span class='ocrx_word' id='word_1_932' title='bbox 2160 5050 2357 5088; x_wconf 86' lang='lat' dir='ltr'><em>eversos</em></span> <span class='ocrx_word' id='word_1_933' title='bbox 2382 5074 2395 5099; x_wconf 95' lang='lat'><em>,</em></span> <span class='ocrx_word' id='word_1_934' title='bbox 2429 5042 2475 5085; x_wconf 80' lang='lat' dir='ltr'><em>et</em></span> <span class='ocrx_word' id='word_1_935' title='bbox 2516 5043 2652 5085; x_wconf 85' lang='lat' dir='ltr'><em>stare</em></span> <span class='ocrx_word' id='word_1_936' title='bbox 2680 5031 2801 5099; x_wconf 88' lang='lat' dir='ltr'><em>fecit</em></span> <span class='ocrx_word' id='word_1_937' title='bbox 2829 5037 3003 5099; x_wconf 89' lang='lat' dir='ltr'><em>portas</em></span> <span class='ocrx_word' id='word_1_938' title='bbox 3037 5038 3083 5083; x_wconf 88' lang='lat' dir='ltr'><em>et</em></span> <span class='ocrx_word' id='word_1_939' title='bbox 3110 5044 3272 5097; x_wconf 85' lang='lat' dir='ltr'><em>seras,</em></span> 
     </span>
    </p>
   </div>
   <div class='ocr_carea' id='block_1_145' title="bbox 1682 5110 3182 5183">
    <p class='ocr_par' dir='ltr' id='par_1_145' title="bbox 1682 5110 3182 5183">
     <span class='ocr_line' id='line_1_149' title="bbox 1682 5110 3182 5183; baseline -0.006 -17"><span class='ocrx_word' id='word_1_940' title='bbox 1682 5114 1771 5183; x_wconf 89' lang='lat' dir='ltr'><em>qui</em></span> <span class='ocrx_word' id='word_1_941' title='bbox 1797 5112 1956 5183; x_wconf 76' lang='lat' dir='ltr'><em>erexit</em></span> <span class='ocrx_word' id='word_1_942' title='bbox 1980 5110 2161 5161; x_wconf 88' lang='lat' dir='ltr'><em>domos</em></span> <span class='ocrx_word' id='word_1_943' title='bbox 2189 5112 2412 5183; x_wconf 82' lang='lat' dir='ltr'><em>nostras.</em></span> <span class='ocrx_word' id='word_1_944' title='bbox 2576 5172 2605 5183; x_wconf 52' lang='grc' dir='ltr'>η</span> <span class='ocrx_word' id='word_1_945' title='bbox 2665 5171 2709 5183; x_wconf 60' lang='grc' dir='ltr'><em>η</em></span> <span class='ocrx_word' id='word_1_946' title='bbox 2848 5170 2859 5183; x_wconf 47' lang='grc'><em>.</em></span> <span class='ocrx_word' id='word_1_947' title='bbox 3128 5178 3137 5183; x_wconf 76' lang='lat'>_</span> <span class='ocrx_word' id='word_1_948' title='bbox 3172 5170 3182 5181; x_wconf 41' lang='grc' dir='ltr'><strong><em>ο</em></strong></span> 
     </span>
    </p>
   </div>
   <div class='ocr_carea' id='block_1_146' title="bbox 1756 5170 3275 5243">
    <p class='ocr_par' dir='ltr' id='par_1_146' title="bbox 1756 5170 3275 5243">
     <span class='ocr_line' id='line_1_150' title="bbox 1756 5170 3275 5243; baseline -0.007 -7"><span class='ocrx_word' id='word_1_949' title='bbox 1756 5182 1925 5236; x_wconf 84' lang='lat' dir='ltr'><em>Nemo</em></span> <span class='ocrx_word' id='word_1_950' title='bbox 1948 5189 2101 5233; x_wconf 87' lang='lat' dir='ltr'><em>natus</em></span> <span class='ocrx_word' id='word_1_951' title='bbox 2128 5185 2200 5228; x_wconf 89' lang='lat' dir='ltr'><em>est</em></span> <span class='ocrx_word' id='word_1_952' title='bbox 2221 5176 2274 5227; x_wconf 88' lang='lat' dir='ltr'><em>in</em></span> <span class='ocrx_word' id='word_1_953' title='bbox 2298 5184 2435 5227; x_wconf 83' lang='lat' dir='ltr'><em>terra</em></span> <span class='ocrx_word' id='word_1_954' title='bbox 2463 5172 2633 5243; x_wconf 88' lang='lat' dir='ltr'><em>qualis</em></span> <span class='ocrx_word' id='word_1_955' title='bbox 2654 5170 2872 5227; x_wconf 84' lang='lat' dir='ltr'><em>Henoch</em></span> <span class='ocrx_word' id='word_1_956' title='bbox 2898 5186 2916 5225; x_wconf 89' lang='lat'><strong><em>:</em></strong></span> <span class='ocrx_word' id='word_1_957' title='bbox 2941 5187 3065 5226; x_wconf 87' lang='lat' dir='ltr'><em>nam</em></span> <span class='ocrx_word' id='word_1_958' title='bbox 3092 5178 3138 5225; x_wconf 92' lang='lat' dir='ltr'><em>et</em></span> <span class='ocrx_word' id='word_1_959' title='bbox 3166 5170 3275 5241; x_wconf 87' lang='lat' dir='ltr'><em>ipse</em></span> 
     </span>
    </p>
   </div>
   <div class='ocr_carea' id='block_1_147' title="bbox 1682 5258 2255 5319">
    <p class='ocr_par' dir='ltr' id='par_1_147' title="bbox 1682 5258 2255 5319">
     <span class='ocr_line' id='line_1_151' title="bbox 1682 5258 2255 5319; baseline -0.016 -12"><span class='ocrx_word' id='word_1_960' title='bbox 1682 5264 1916 5319; x_wconf 83' lang='lat' dir='ltr'><em>receptus</em></span> <span class='ocrx_word' id='word_1_961' title='bbox 1945 5258 2021 5304; x_wconf 84' lang='lat' dir='ltr'><em>est</em></span> <span class='ocrx_word' id='word_1_962' title='bbox 2041 5265 2073 5319; x_wconf 80' lang='lat' dir='ltr'><em>a</em></span> <span class='ocrx_word' id='word_1_963' title='bbox 2100 5258 2255 5319; x_wconf 89' lang='lat' dir='ltr'><em>terra.</em></span> 
     </span>
    </p>
   </div>
   <div class='ocr_carea' id='block_1_148' title="bbox 1756 5314 3277 5439">
    <p class='ocr_par' dir='ltr' id='par_1_148' title="bbox 1756 5314 3277 5439">
     <span class='ocr_line' id='line_1_152' title="bbox 1756 5314 3277 5439; baseline -0.008 -60"><span class='ocrx_word' id='word_1_964' title='bbox 1756 5314 1940 5394; x_wconf 86' lang='lat' dir='ltr'><em>Neque</em></span> <span class='ocrx_word' id='word_1_965' title='bbox 1962 5329 2017 5373; x_wconf 90' lang='lat' dir='ltr'><em>ut</em></span> <span class='ocrx_word' id='word_1_966' title='bbox 2043 5316 2266 5385; x_wconf 71' lang='lat' dir='ltr'><em>Ioseph,</em></span> <span class='ocrx_word' id='word_1_967' title='bbox 2294 5316 2381 5385; x_wconf 87' lang='lat' dir='ltr'><em>qui</em></span> <span class='ocrx_word' id='word_1_968' title='bbox 2410 5325 2564 5370; x_wconf 89' lang='lat' dir='ltr'><em>natus</em></span> <span class='ocrx_word' id='word_1_969' title='bbox 2588 5323 2660 5369; x_wconf 90' lang='lat' dir='ltr'><em>est</em></span> <span class='ocrx_word' id='word_1_970' title='bbox 2691 5315 2864 5381; x_wconf 90' lang='lat' dir='ltr'><em>homo,</em></span> <span class='ocrx_word' id='word_1_971' title='bbox 2896 5314 3135 5385; x_wconf 86' lang='lat' dir='ltr'><em>princeps</em></span> <span class='ocrx_word' id='word_1_972' title='bbox 3156 5315 3277 5439; x_wconf 61' lang='lat' dir='ltr'><em>[ra-</em></span> 
     </span>
     <span class='ocr_line' id='line_1_153' title="bbox 1756 5386 3277 5439; baseline 0 0"><span class='ocrx_word' id='word_1_973' title='bbox 1756 5414 1819 5439; x_wconf 79' lang='lat' dir='ltr'><em>tm</em></span> <span class='ocrx_word' id='word_1_974' title='bbox 1849 5436 1860 5439; x_wconf 84' lang='lat'>_</span> <span class='ocrx_word' id='word_1_975' title='bbox 1900 5394 2277 5439; x_wconf 78' lang='lat' dir='ltr'><em>ﬁrmamentum</em></span> <span class='ocrx_word' id='word_1_976' title='bbox 2309 5389 2473 5439; x_wconf 85' lang='lat' dir='ltr'><em>aeutis</em></span> <span class='ocrx_word' id='word_1_977' title='bbox 2498 5426 2512 5439; x_wconf 94' lang='lat'><em>.</em></span> <span class='ocrx_word' id='word_1_978' title='bbox 2562 5396 2734 5439; x_wconf 88' lang='lat' dir='ltr'><em>rector</em></span> <span class='ocrx_word' id='word_1_979' title='bbox 2774 5390 2997 5439; x_wconf 82' lang='lat' dir='ltr'><em>fratrum</em></span> <span class='ocrx_word' id='word_1_980' title='bbox 3026 5426 3041 5439; x_wconf 93' lang='lat'><em>.</em></span> <span class='ocrx_word' id='word_1_981' title='bbox 3072 5394 3150 5439; x_wconf 88' lang='lat' dir='ltr'><em>sta</em></span> <span class='ocrx_word' id='word_1_982' title='bbox 3187 5386 3277 5439; x_wconf 82' lang='lat' dir='ltr'><em>tlt-</em></span> 
     </span>
    </p>
   </div>
   <div class='ocr_carea' id='block_1_149' title="bbox 1684 5386 3277 5462">
    <p class='ocr_par' dir='ltr' id='par_1_149' title="bbox 1684 5386 3277 5462">
     <span class='ocr_line' id='line_1_154' title="bbox 1684 5386 3277 5462; baseline -0.006 -13"><span class='ocrx_word' id='word_1_983' title='bbox 1684 5404 1819 5449; x_wconf 91' lang='lat' dir='ltr'><em>trum</em></span> <span class='ocrx_word' id='word_1_984' title='bbox 1848 5386 1865 5459; x_wconf 69' lang='lat'><em>,</em></span> <span class='ocrx_word' id='word_1_985' title='bbox 1896 5394 2277 5462; x_wconf 81' lang='lat' dir='ltr'><em>ﬁrmamentum</em></span> <span class='ocrx_word' id='word_1_986' title='bbox 2308 5389 2473 5456; x_wconf 87' lang='lat' dir='ltr'><em>gentis</em></span> <span class='ocrx_word' id='word_1_987' title='bbox 2498 5426 2512 5453; x_wconf 94' lang='lat'><em>,</em></span> <span class='ocrx_word' id='word_1_988' title='bbox 2562 5396 2734 5442; x_wconf 89' lang='lat' dir='ltr'><em>rector</em></span> <span class='ocrx_word' id='word_1_989' title='bbox 2770 5390 2997 5457; x_wconf 88' lang='lat' dir='ltr'><em>fratrum</em></span> <span class='ocrx_word' id='word_1_990' title='bbox 3026 5426 3041 5453; x_wconf 93' lang='lat'><em>,</em></span> <span class='ocrx_word' id='word_1_991' title='bbox 3072 5386 3277 5439; x_wconf 89' lang='lat' dir='ltr'><em>stabili-</em></span> 
     </span>
    </p>
   </div>
   <div class='ocr_carea' id='block_1_150' title="bbox 1682 5460 2136 5534">
    <p class='ocr_par' dir='ltr' id='par_1_150' title="bbox 1682 5460 2136 5534">
     <span class='ocr_line' id='line_1_155' title="bbox 1682 5460 2136 5534; baseline -0.004 -16"><span class='ocrx_word' id='word_1_992' title='bbox 1682 5460 1906 5520; x_wconf 86' lang='lat' dir='ltr'><em>mentum</em></span> <span class='ocrx_word' id='word_1_993' title='bbox 1935 5460 2136 5534; x_wconf 81' lang='lat' dir='ltr'><em>populi.</em></span> 
     </span>
    </p>
   </div>
   <div class='ocr_carea' id='block_1_151' title="bbox 1755 5527 3278 5604">
    <p class='ocr_par' dir='ltr' id='par_1_151' title="bbox 1755 5527 3278 5604">
     <span class='ocr_line' id='line_1_156' title="bbox 1755 5527 3278 5604; baseline -0.007 -13"><span class='ocrx_word' id='word_1_994' title='bbox 1755 5537 1824 5591; x_wconf 88' lang='lat' dir='ltr'><em>Et</em></span> <span class='ocrx_word' id='word_1_995' title='bbox 1853 5527 1968 5591; x_wconf 75' lang='lat' dir='ltr'><em>ossa</em></span> <span class='ocrx_word' id='word_1_996' title='bbox 1996 5527 2162 5604; x_wconf 87' lang='lat' dir='ltr'><em>ipsius</em></span> <span class='ocrx_word' id='word_1_997' title='bbox 2193 5529 2397 5583; x_wconf 86' lang='lat' dir='ltr'><em>visitata</em></span> <span class='ocrx_word' id='word_1_998' title='bbox 2430 5540 2579 5597; x_wconf 88' lang='lat' dir='ltr'><em>sunt,</em></span> <span class='ocrx_word' id='word_1_999' title='bbox 2605 5540 2650 5585; x_wconf 89' lang='lat' dir='ltr'><em>et</em></span> <span class='ocrx_word' id='word_1_1000' title='bbox 2678 5539 2792 5599; x_wconf 89' lang='lat' dir='ltr'><em>post</em></span> <span class='ocrx_word' id='word_1_1001' title='bbox 2822 5536 3033 5583; x_wconf 89' lang='lat' dir='ltr'><em>mortem</em></span> <span class='ocrx_word' id='word_1_1002' title='bbox 3056 5527 3278 5599; x_wconf 83' lang='lat' dir='ltr'><em>pr0phe-</em></span> 
     </span>
    </p>
   </div>
   <div class='ocr_carea' id='block_1_152' title="bbox 1684 5618 3279 5757">
    <p class='ocr_par' dir='ltr' id='par_1_152' title="bbox 1684 5618 3279 5757">
     <span class='ocr_line' id='line_1_157' title="bbox 1684 5618 3279 5757; baseline -0.007 -21"><span class='ocrx_word' id='word_1_1003' title='bbox 1684 5618 1985 5735; x_wconf 35' lang='lat' dir='ltr'><em>(mali/Iret</em></span> <span class='ocrx_word' id='word_1_1004' title='bbox 2037 5676 2160 5733; x_wconf 89' lang='lat' dir='ltr'><em>Sem</em></span> <span class='ocrx_word' id='word_1_1005' title='bbox 2195 5676 2337 5757; x_wconf 82' lang='lat' dir='ltr'><em>apud</em></span> <span class='ocrx_word' id='word_1_1006' title='bbox 2386 5674 2877 5757; x_wconf 32' lang='lat' dir='ltr'><em>hontinesogloriqm</em></span> <span class='ocrx_word' id='word_1_1007' title='bbox 2917 5669 3091 5741; x_wconf 87' lang='lat' dir='ltr'><em>adepti</em></span> <span class='ocrx_word' id='word_1_1008' title='bbox 3117 5680 3279 5727; x_wconf 88' lang='lat' dir='ltr'><em>sunt:</em></span> 
     </span>
    </p>
   </div>
   <div class='ocr_carea' id='block_1_153' title="bbox 1690 5744 2917 5824">
    <p class='ocr_par' dir='ltr' id='par_1_153' title="bbox 1690 5744 2917 5824">
     <span class='ocr_line' id='line_1_158' title="bbox 1690 5744 2917 5824; baseline -0.007 -14"><span class='ocrx_word' id='word_1_1009' title='bbox 1690 5761 1735 5810; x_wconf 91' lang='lat' dir='ltr'><em>et</em></span> <span class='ocrx_word' id='word_1_1010' title='bbox 1760 5767 1914 5824; x_wconf 86' lang='lat' dir='ltr'><em>super</em></span> <span class='ocrx_word' id='word_1_1011' title='bbox 1936 5764 2138 5810; x_wconf 79' lang='lat' dir='ltr'><em>omnem</em></span> <span class='ocrx_word' id='word_1_1012' title='bbox 2167 5744 2393 5804; x_wconf 82' lang='lat' dir='ltr'><em>animam</em></span> <span class='ocrx_word' id='word_1_1013' title='bbox 2420 5747 2475 5801; x_wconf 90' lang='lat' dir='ltr'><em>in</em></span> <span class='ocrx_word' id='word_1_1014' title='bbox 2503 5744 2701 5819; x_wconf 84' lang='lat' dir='ltr'><em>origine</em></span> <span class='ocrx_word' id='word_1_1015' title='bbox 2729 5744 2917 5803; x_wconf 88' lang='lat' dir='ltr'><em>Adam.</em></span> 
     </span>
    </p>
   </div>
  </div>
