3918 6192
589 95 696 156 46⁸1

674 285 860 340 Simon
904 285 1052 340 Onite
1081 282 1223 351 ﬁlius
1247 323 1262 346 ,
1318 282 1569 351 sacerdos
1618 295 1859 351 magnus,
1893 279 1982 349 qui
2006 278 2062 351 in
2091 278 2194 335 vita

601 372 699 411 sua
738 357 967 426 snﬁ'ulsit
1013 350 1255 420 domum,
1291 363 1340 409 et
1374 353 1431 406 in
1470 350 1648 408 diebus
1690 350 1798 406 suis
1847 350 2195 406 corroboravit

602 436 700 482 tem
710 427 761 482 nl
766 446 870 482 um.
1498 449 1513 469 κ

922 498 1078 551 etiam
1115 495 1342 566 altitudo
1380 495 1444 549 ab
1478 449 1593 566 ipso
1621 492 1844 561 fundata
1870 501 1969 561 est,
1998 492 2194 564 duplex

601 571 879 637 adi/iratio
906 586 967 622 ea:
993 565 1181 622 excelsi
1210 568 1434 637 parietes
1473 565 1670 638 templi.

672 636 738 693 In
765 639 943 693 diebus
984 639 1149 709 ipsius
1200 636 1582 693 emanaverunt'
1630 636 1772 709 putei
1811 642 2101 708 aquarum,
2145 644 2194 691 et

598 713 749 783 quasi
773 726 914 765 mare
936 710 1211 779 adimpleti
1236 717 1358 764 sunt
1379 725 1539 780 supra
1562 709 1796 783 modum.

673 782 777 847 Qui
802 783 1001 837 curavit
1029 790 1232 854 gentem
1255 795 1405 837 suam
1427 778 1451 850 ,⁷
1476 788 1526 836 et
1548 780 1783 835 liberavit
1812 793 1926 833 eam
1953 795 1986 833 a
2016 778 2192 850 perdi-

603 855 759 908 tione.

680 925 783 997 Qui
807 924 1074 997 praevaluit
1099 923 1423 996 ammiﬁcare
1441 923 1719 997 civitatem,
1750 922 1843 993 qui
1870 922 2092 997 adeptus
2122 927 2198 975 est

610 991 834 1071 gloriam
864 997 919 1049 in
947 991 1335 1071 cpnversatione
1364 994 1530 1071 gentis
1568 1008 1587 1048 :
1616 1003 1663 1048 et
1691 991 1986 1066 ingressum
2014 991 2198 1047 domus

602 1076 648 1120 et
676 1068 801 1121 atrii
823 1067 1178 1131 ampliﬁcavit.

680 1137 843 1204 Quasi
880 1133 1033 1193 sietla
1081 1139 1343 1192 matutina
1366 1137 1423 1191 in
1460 1136 1633 1191 medio
1668 1133 1871 1190 nebula!
1893 1175 1908 1201 ,
1955 1142 2004 1189 et
2047 1133 2199 1205 quasi

606 1208 733 1262 luna
763 1210 916 1279 plena
942 1210 996 1265 in
1024 1210 1204 1265 diebus
1232 1211 1340 1264 suis
1370 1210 1524 1279 lucet.

673 1280 743 1335 Et
763 1266 922 1351 quasi
941 1280 1021 1335 so‘l
1040 1281 1304 1349 refulgens
1326 1321 1340 1345 ,
1361 1280 1436 1333 sic
1456 1276 1545 1333 ille
1558 1275 1755 1351 effulsit
1773 1276 1830 1351 in
1848 1276 2042 1351 tentplo
2072 1266 2193 1351 Dei.

680 1345 842 1416 Quasi
868 1367 1021 1406 arcus
1050 1345 1314 1421 refulgens
1332 1353 1468 1405 inter
1496 1349 1717 1421 nebulus
1742 1345 2023 1421 gloria—et
2050 1347 2201 1421 quasi

605 1424 705 1493 ﬂos
727 1434 968 1479 rosarum
987 1423 1042 1478 in
1060 1420 1250 1478 diebus
1276 1422 1466 1485 vernis,
1498 1429 1545 1493 e_t
1564 1420 1717 1493 quasi
1731 1420 1840 1493 tilia
1859 1433 1974 1493 quin
2002 1426 2119 1473 sunt
2138 1421 2201 1493 in

602 1489 826 1548 transitu
854 1508 1024 1565 aqute.
1057 1500 1103 1548 et
1128 1494 1277 1561 quasi
1306 1496 1424 1565 titus
1442 1489 1681 1565 redolens
1698 1491 1755 1565 in
1777 1489 1954 1565 diebus
1982 1490 2200 1549 astatis.

675 1565 842 1628 Quasi
866 1560 1003 1637 ignis
1026 1560 1288 1637 effulgens
1315 1571 1361 1619 et
1385 1562 1500 1618 thus
1525 1561 1712 1615 ardens
1736 1560 1792 1613 in
1812 1562 1952 1637 igne.

675 1636 840 1701 Quasi
860 1630 947 1691 vas
976 1630 1094 1691 auri
1124 1630 1350 1690 solidum
1369 1678 1383 1705 ,
1413 1641 1677 1699 ornatum,
1704 1630 1845 1685 omni
1873 1630 2054 1699 lapide
2078 1647 2199 1702 pre-

612 1707 764 1760 tioso.

680 1776 844 1844 Quasi
874 1775 1011 1831 oliva
1034 1774 1339 1847 pullulans,
1379 1782 1425 1847 et
1463 1788 1742 1847 cypressus
1779 1771 2201 1847 inaltitudinem

605 1862 661 1900 se
684 1842 956 1912 extollens,
978 1842 1363 1912 in'accipiendo
1386 1842 1559 1918 ipsum
1586 1842 1775 1918 stolam
1803 1844 2011 1914 gloriae,
2042 1854 2091 1899 et
2118 1861 2202 1901 re-

610 1918 726 1971 stiri
747 1934 864 1973 eum
886 1919 940 1972 in
966 1917 1461 1973 consummationem
1486 1917 1714 1971 virtutis.

682 1985 761 2071 In
780 2005 996 2044 ascensu
1018 1984 1206 2045 altaris
1245 1988 1439 2054 sancti,
1482 1987 1710 2060 gloriam
1737 1983 1880 2041 dedit
1909 1988 2202 2044 sanctitatis

608 2070 871 2116 amictum.

684 2129 753 2204 In
792 2130 1097 2204 accipiendo
1141 2134 1313 2186 autem
1358 2138 1531 2204 partes
1571 2130 1636 2204 de
1660 2144 1819 2204 manu
1847 2129 2199 2204 sacerdotum,

612 2210 661 2256 et
696 2202 813 2268 ipse
851 2200 990 2258 stans
1017 2206 1179 2273 juxta
1210 2200 1383 2273 aram.
1430 2201 1499 2255 Et
1541 2202 1682 2255 circa
1701 2200 1859 2273 illum
1879 2215 2074 2256 corona
2094 2202 2202 2273 fra-

612 2223 661 2256 ιι
696 2223 813 2268 ψδε
851 2223 990 2258 stans
1055 2223 1179 2257 uana
1210 2223 1378 2256 aram.
1430 2223 1499 2255 Di
1541 2223 1682 2255 Circa
1705 2223 1906 2254 tutth

611 2281 773 2343 trum,
796 2274 943 2344 quasi
969 2223 1221 2344 pllzntatio
1243 2271 1385 2327 cedri
1410 2273 1463 2325 in
1484 2282 1657 2327 monte
1687 2270 1907 2344 Libano.

685 2345 775 2400 Sic
795 2342 934 2399 circa
955 2342 1104 2398 illum
1128 2352 1373 2399 steterunt
1392 2343 1540 2414 quasi
1561 2343 1695 2397 rami
1718 2342 1926 2413 palmae,
1952 2350 2001 2397 et
2024 2359 2201 2399 omnes

608 2414 721 2489 ﬁlii
737 2416 911 2489 Aaron
935 2414 988 2470 in
1017 2416 1191 2489 glorig
1219 2431 1335 2489 sua.

678 2485 887 2542 Oblatio
932 2483 1107 2542 autem
1138 2485 1353 2541 Domini
1370 2485 1430 2538 in
1452 2483 1693 2539 munibus
1721 2485 1956 2550 ipsorum
1980 2525 1995 2551 ,
2025 2484 2202 2541 coram

609 2557 753 2613 omni
795 2574 1062 2630 synagoga
1105 2555 1319 2630 Israel:
1349 2565 1398 2611 et
1430 2556 1866 2630 consummatione
1896 2555 2120 2627 fungens
2146 2558 2201 2612 in

606 2644 723 2702 ara_,
755 2628 1077 2702 amplificare
1102 2628 1627 2702 oblationemexcelsi
1655 2628 1815 2702 regis.

656 2696 927 2765 'Porrexit
973 2716 1185 2754 manum
1228 2714 1382 2755 suam
1418 2698 1476 2752 in
1516 2698 1794 2765 libatione,
1842 2703 1891 2751 et
1930 2696 2111 2754 libavit
2138 2698 2203 2754 de

604 2772 853 2836 sanguine
878 2784 1008 2826 uete.

678 2830 882 2911 E/fudit
918 2843 971 2897 in
1004 2842 1342 2914 fundamento
1385 2839 1572 2897 altaris
1609 2839 1819 2895 odorem
1846 2836 2078 2895 divinum
2107 2856 2199 2897 es:-

608 2914 745 2985 cels_o
770 2913 1011 2985 principi.

2227 1601 2277 1661 Β

1591 93 1652 152 S.
1693 90 2074 152 HIERONYMI
2113 89 2349 149 DIVINA
2387 89 2869 149 BIBLIOTHECA.
3365 119 3373 126 -
3773 97 3861 159 453

2221 207 2273 268 Α
2318 280 2324 282 Α
2368 204 2668 282 Confitebor
2691 207 2892 282 nomini
2921 213 3012 262 tuo
3034 220 3054 262 :
3075 206 3320 278 quoniam
3340 208 3557 280 adjutor
3575 217 3619 266 et
3638 219 3866 282 protector

2324 282 2469 332 'actus
2495 295 2548 333 es
2574 277 2724 332 mihi.

2298 280 2469 350 factus
2495 295 2548 333 es
2574 280 2724 332 mihi.
3640 280 3648 282 ‘

2368 348 2439 403 Et
2468 349 2697 423 liberasti
2726 366 2925 423 corpus
2943 365 3113 405 meum
3136 366 3170 403 a
3201 350 3515 418 perditione.
3538 367 3571 405 a
3594 351 3764 423 laqueo
3784 357 3866 413 lin-

2297 422 2642 491 guaziniqnaz,
2665 430 2766 477 eta
2805 421 2955 476 labiis
2994 424 3319 493 cperantium
3354 421 3702 493 mendacium,
3740 438 3784 482 et
3818 431 3863 484 in

2298 502 2570 562 conspectu
2597 495 2882 547 astantium
2914 492 3080 562 factus
3110 508 3161 547 es
3187 492 3317 546 mihi
3336 494 3572 558 adjutor.

2369 562 2438 617 Et
2469 562 2704 617 liberasti
2724 582 2803 619 me
2822 564 3107 619 secundum
3129 564 3513 618 multitudinem
3534 567 3869 626 misericordia

2298 635 2523 706 nominis
2554 637 2630 688 tui
2659 652 2691 688 a
2721 635 3065 706 rugientibus,
3098 638 3411 704 praporatis
3440 637 3512 690 ad
3537 654 3724 703 escam,

2372 704 2456 783 _De_
2474 705 2715 783 manibus
2734 704 3331 783 quamentium_m_iimam
3356 724 3548 777 meam,
3578 719 3627 765 et
3647 712 3709 764 de
3727 714 3871 783 portis

2299 776 2693 832 tribulationum
2718 776 2835 849 qut:
2863 778 3311 834 circumdederunt
3338 794 3421 833 me
3451 794 3471 833 :

2370 849 2686 921 Aipressura
2713 854 2963 920 flammae,
2993 865 3110 921 qua:
3139 850 3475 905 circumdedit
3502 865 3608 919 me,
3636 861 3682 907 et
3707 852 3759 908 in
3780 872 3870 911 nte-

2300 918 2386 973 dio
2411 918 2547 988 ignis
2575 936 2678 973 non
2708 918 2821 976 sum
2847 918 3096 976 testuatus
3128 935 3147 974 :

2312 1032 2321 1039 .
2370 988 2452 1044 De
2478 991 2758 1064 altitudine
2784 993 2973 1064 ventris
2994 992 3244 1064 inferi,et
3284 1008 3317 1046 a
3337 991 3519 1064 lingup
3541 994 3869 1063 coinquinata,

2299 1064 2348 1115 et
2372 1079 2408 1137 ρ
2430 1062 2583 1137 verba
2602 1062 2885 1137 mendacii,
2908 1079 2951 1137 _a
2974 1051 3092 1133 rege
3120 1051 3318 1137 iniquo,
3352 1073 3401 1117 et
3416 1051 3457 1116 ’ἱι
3478 1051 3866 1137 [ξρῃααῖιήιδωί

2370 1131 2636 1187 Laudabit
2662 1150 2825 1200 usque
2851 1131 2921 1189 ad
2943 1131 3157 1188 mortem
3183 1131 3357 1189 anima
3383 1149 3497 1189 mea
3524 1131 3812 1195 Dominum.

2375 1203 2444 1259 Et
2491 1206 2600 1261 vita
2652 1222 2765 1261 mea
2818 1205 3240 1278 appropinquans
3283 1216 3393 1261 erat
3432 1207 3487 1261 in
3521 1209 3720 1278 inferno
3738 1210 3872 1265 deor-

2376 1346 2842 1425 Circumdederunt
2879 1363 2959 1402 me
3000 1348 3248 1425 undique,
3283 1355 3330 1425 et
3358 1362 3465 1425 non
3490 1359 3604 1425 erat
3630 1352 3714 1421 qui
3736 1353 3872 1425 adju-

2302 1426 2461 1473 varet.
2489 1418 2793 1490 Respiciens
2825 1432 2967 1474 erant
2986 1419 3056 1473 ad
3079 1418 3401 1493 adjutotium
3422 1418 3701 1487 hominum,
3724 1434 3769 1478 et
3788 1418 3873 1478 non

2304 1498 2434 1545 erat.

2380 1556 2703 1637 yemoratus
2728 1577 2845 1617 sum
2873 1560 3253 1637 misericordia
3276 1567 3399 1628 tute,
3434 1559 3670 1630 Domine,
3698 1573 3741 1620 et
3765 1581 3873 1637 ope-

2304 1632 2525 1704 rationis
2556 1642 2679 1699 tuae,
2704 1648 2820 1704 qua:
2847 1648 2881 1686 a
2907 1631 3104 1687 saeculo
3134 1640 3273 1704 sunt.

2376 1700 2632 1769 Quoniam
2658 1700 2795 1758 eruis
2821 1704 3130 1759 sustinentes
3161 1714 3231 1771 te,
3257 1701 3503 1773 Domine,
3527 1712 3577 1759 et
3596 1704 3779 1760 liberas
3795 1722 3865 1763 eos

2303 1774 2368 1830 de
2380 1775 2630 1847 inanibus
2649 1775 2901 1847 gentium.

2371 1842 2829 1922 Exaltasti'super
2869 1854 3059 1900 terram
3111 1845 3487 1902 habitationem
3514 1861 3701 1918 meam,
3729 1856 3774 1904 et
3795 1866 3871 1922 pro

2299 1926 2463 1989 morte
2489 1915 2750 1989 deﬂuente
2776 1918 3080 1986 deprecatus
3108 1933 3247 1989 sum.

2373 1985 2619 2043 Invocavi
2659 1985 2941 2043 Dominum
2981 1996 3183 2056 patrem
3210 1987 3422 2043 Domini
3447 1990 3570 2057 mei,
3603 1998 3657 2044 ut
3680 2006 3774 2044 non
3798 1992 3873 2046 de-

2300 2057 2558 2134 relinquat
2584 2076 2663 2134 me
2681 2061 2738 2114 in
2766 2060 2850 2134 die
2871 2058 3220 2134 tribulationis
3243 2075 3391 2129 mete,
3415 2068 3462 2115 et
3490 2062 3547 2116 in
3569 2070 3781 2134 tempore
3799 2078 3869 2118 su-

2305 2130 2581 2203 perborum
2610 2131 2722 2185 sine
2750 2130 3040 2203 adjutorio.

2372 2200 2619 2257 Laudabo
2644 2200 2829 2258 nomen
2857 2210 3003 2256 tuum
3029 2201 3260 2270 assidue,
3292 2209 3338 2258 et
3360 2201 3673 2259 cotlaudabo
3692 2204 3811 2259 illud
3826 2206 3868 2259 in

2301 2274 2647 2339 confessione,
2664 2276 2728 2329 ’et
2756 2273 3001 2329 exaudita
3023 2281 3096 2328 est
3120 2277 3292 2329 oratio
3322 2291 3457 2330 mea.

2425 2345 2697 2428 tliberasti
2718 2352 2799 2399 me
2824 2345 2890 2399 de
2912 2345 3227 2416 perditione,
3253 2355 3302 2402 et
3322 2346 3566 2417 eripuisti
3592 2346 3743 2403 mede
3759 2356 3863 2402 tent-

2339 2432 2426 2471 ονε
2448 2432 2650 2471 smauo.

2301 2433 2426 2487 pore
2448 2433 2650 2488 iniquo.

2329 2557 2357 2560 υ
2381 2485 2663 2559 Propterea
2691 2487 2995 2560 conﬁtebor,
3022 2496 3071 2545 et
3102 2488 3310 2543 laudem
3332 2489 3506 2544 dicam
3534 2486 3647 2558 tibi,
3676 2500 3720 2545 et
3745 2491 3865 2549 bene-

2303 2557 2473 2614 dicam
2487 2557 2695 2616 nomini
2725 2557 2957 2616 Domini.

2373 2627 2503 2705 Cum
2522 2630 2696 2705 adhuc
2707 2635 2896 2705 junior
2910 2647 3090 2705 essem,
3115 2630 3418 2705 priusquam
3432 2631 3733 2700 oberrarent,
3751 2650 3866 2704 qua-

2302 2702 2409 2775 sivi
2427 2702 2736 2773 sapientiam
2768 2703 2942 2775 palam
2973 2704 3028 2775 in
3052 2704 3294 2775 oratione
3319 2719 3451 2758 mea.

2375 2772 2507 2846 Ante
2545 2772 2791 2846 templum
2830 2772 3159 2846 postulabam
3190 2786 3284 2842 pro
3306 2775 3422 2841 illa,
3456 2785 3505 2832 et
3532 2788 3692 2844 usque
3714 2779 3765 2831 in
3787 2794 3862 2832 no-

2304 2842 2525 2900 vissimis
2557 2842 2992 2915 inquirameam.
3028 2845 3099 2900 Et
3134 2846 3367 2917 effloruit
3404 2842 3663 2919 tamquam
3690 2863 3866 2919 prmo:

2304 2930 2424 2969 uva.

680 2978 828 3039 Tunc
856 2978 1267 3041 exclamaverunt
1295 2983 1396 3062 filii
1433 2980 1611 3062 Aaron
1634 3026 1648 3051 ,
1685 2981 1743 3036 in
1771 2980 1906 3037 tubis
1934 2982 2199 3052 producti-
2223 2981 2269 3044 C
2294 3034 2319 3062 ._
2372 2978 2632 3041 Laetatum
2664 2997 2743 3062 est
2778 3003 2869 3043 cor
2896 2998 3067 3043 meum
3103 2988 3165 3062 in
3193 3005 3276 3046 ea.
3316 2989 3612 3062 Ambutavit
3635 3008 3714 3062 pes
3747 3006 3863 3047 meus

609 3053 740 3127 libus
768 3064 1047 3111 sonuerunt
1073 3098 1088 3122 ,
1128 3065 1178 3113 et
1224 3053 1463 3111 auditam
1492 3058 1724 3127 fecerunt
1751 3068 1927 3110 vocem
1955 3062 2198 3127 magnam

608 3125 663 3179 in
690 3128 987 3180 memoriam
1013 3143 1190 3182 coram
1218 3128 1350 3182 Deo.

687 3192 832 3249 Tunc
855 3197 1021 3269 omnis
1046 3197 1270 3269 populus
1299 3195 1456 3251 simul
1496 3205 1954 3269 properaverant1
1972 3204 2023 3250 et
2063 3197 2197 3251 ceci-

615 3266 803 3341 derunt
850 3266 905 3319 in
950 3264 1140 3341 facient
1172 3284 1339 3341 super
1374 3264 1605 3341 terram,
1648 3266 1870 3341 adorare
1916 3264 2196 3341 Dominum

613 3336 780 3410 Deum
806 3335 998 3410 suum,
1029 3346 1078 3390 et
1108 3335 1429 3410 dare'preces
1458 3337 1798 3410 omnipotenti
1821 3335 1934 3391 Deo
1968 3339 2190 3394 excelso.

682 3404 751 3459 Et
795 3404 1268 3478 ampliﬁcaverunt'
1285 3406 1559 3477 psallentes
1587 3404 1640 3459 in
1667 3408 1873 3461 vocibus
1901 3413 2039 3473 suis,
2074 3410 2196 3465 etin

611 3493 804 3545 magna
824 3476 979 3530 domo
1007 3487 1191 3531 auctus
1219 3476 1293 3531 est
1321 3482 1477 3530 son‘us
1508 3478 1779 3530 suavitatis
1804 3478 2006 3545 plenus.

684 3495 698 3531 t
738 3494 804 3531 na
824 3494 979 3530 aomo
1007 3494 1191 3531 auctus
1219 3494 1293 3531 est
1321 3494 1477 3530 sonus
1508 3494 1779 3530 suavitatis
1804 3494 2006 3545 plenus,

684 3494 754 3601 ἐι
801 3548 1007 3622 ἷοθαυίε
1039 3549 1275 3622 Populus
1313 3545 1599 3622 Dominum
1644 3546 1901 3622 eacelsum
1943 3549 1997 3603 in
2023 3550 2191 3622 prece,

684 3565 754 3601 ut
801 3565 1007 3619 rogavit
1081 3565 1270 3619 oputus
1314 3565 1599 3601 "ormntlm
1644 3565 1901 3602 excelsum
1943 3565 1997 3603 tn
2023 3565 2191 3622 prece,

606 3630 765 3690 usque
784 3618 908 3674 dum
929 3565 1186 3692 per/actus
1213 3620 1284 3675 est
1305 3614 1473 3672 honor
1503 3616 1733 3684 Domini,
1760 3627 1809 3673 et
1825 3628 2017 3675 munus
2040 3628 2194 3677 suum

608 3699 951 3761 perfecerunt.

728 3778 826 3816 unc
869 3760 1225 3827 descendens,
1272 3772 1460 3815 manus
1502 3775 1626 3814 suas
1664 3759 1849 3815 extulit
1892 3761 1948 3815 in
1996 3776 2196 3819 omnem

607 3834 1050 3905 congregationem
1097 3832 1324 3903 filiorum
1380 3830 1550 3886 Israel
1578 3831 1723 3905 dare
1748 3832 1991 3905 gloriam
2021 3831 2136 3892 Deo
2164 3852 2197 3892 η

609 3904 761 3985 labiis
778 3903 914 3985 suis,
937 3914 989 3985 et
1016 3905 1068 3957 in
1099 3905 1305 3985 nomine
1331 3905 1506 3973 ipsius
1533 3903 1771 3985 gloriari.

678 3972 972 4097 EtDiteravit
997 3975 1285 4029 orationem
1314 3972 1493 4042 suam,
1533 3972 1717 4032 volens
1745 3974 2016 4032 ostendere
2032 3977 2192 4034 uirtu-

678 4060 709 4097 n
791 4061 858 4097 ei.

606 4054 709 4099 tem
740 4054 858 4099 Dei.

676 4108 747 4195 Et
772 4129 908 4169 nunc
951 4122 1092 4195 orate
1130 4112 1299 4195 Deum
1342 4116 1606 4185 omnium,
1638 4117 1726 4188 qui
1773 4132 1964 4195 magna
1992 4122 2113 4195 fecit
2140 4122 2196 4178 in

603 4185 746 4270 omni
761 4195 922 4270 terra2
935 4187 1023 4270 qui
1037 4186 1187 4240 auxit
1199 4184 1524 4270 dies_nostros
1544 4204 1575 4241 a
1592 4184 1763 4270 ventre
1779 4184 1960 4270 matris
1980 4184 2193 4262 nostrae,

604 4267 653 4313 et
681 4258 805 4316 fecit
832 4254 1099 4312 nobiscum
1126 4254 1412 4311 secundum
1441 4270 1588 4312 suam
1617 4259 2053 4316 misericordiam:

2254 3106 2259 3110 .
2299 3056 2401 3133 iter
2418 3067 2633 3133 rectum,
2661 3074 2694 3111 a
2714 3060 2991 3133 juventute
3014 3075 3126 3113 mea
3148 3060 3524 3133 inuestigabam
3546 3056 3673 3115 eam.

2371 3127 2636 3204 inclinavi
2659 3127 2861 3204 modice
2888 3140 3069 3204 aurem
3095 3146 3281 3196 meam,
3316 3127 3362 3187 e't
3390 3134 3571 3204 excepi
3595 3134 3751 3187 illam.

2371 3199 2431 3284 ξι
2434 3200 2594 3283 ultam
2617 3201 2785 3256 inveni
2814 3202 2869 3256 in
2898 3203 3093 3272 meipso
3113 3204 3443 3275 sapientiam,
3470 3199 3739 3259 etmultasn
3757 3219 3855 3275 pro-

2300 3273 2692 3417 miratam:
2720 3344 3048 3417 sapientiam,
3077 3344 3219 3417 dabo
3242 3344 3482 3417 gloriam.

2372 3410 2691 3488 Consiliatus
2735 3410 2849 3469 sum
2889 3410 3048 3483 enim,
3088 3424 3155 3488 Aut
3196 3410 3417 3488 facerem
3452 3416 3601 3475 illam
3636 3434 3654 3474 :
3692 3418 3856 3473 uelatus

2296 3494 2413 3559 sunt
2433 3484 2643 3559 bonum.
2666 3495 2712 3540 et
2735 3502 2839 3540 non
2865 3484 3180 3559 confundor.

2372 3554 2662 3633 colluctatis
2689 3566 2763 3611 est
2790 3554 2975 3615 anima
2993 3575 3106 3613 mea
3129 3558 3186 3614 in
3215 3556 3333 3627 illa,
3359 3567 3407 3614 et
3432 3558 3486 3615 in
3512 3561 3739 3633 faciendo
3767 3576 3854 3616 eam

2298 3638 2636 3683 confirmatus
2674 3644 2810 3683 sum.

2299 3771 2319 3826 Ι
2370 3699 2567 3783 {ianus
2605 3715 2746 3756 meas
2783 3699 2988 3756 extendi
3015 3699 3072 3755 in
3109 3699 3298 3769 altum,
3324 3709 3374 3756 et
3398 3700 3737 3775 insipientiam
3763 3703 3853 3773 ejus

2322 3786 2430 3825 uxr.

2370 3811 2610 3927 animum
2648 3858 2822 3898 meam
2857 3842 3027 3899 direxi
3061 3844 3131 3899 ad
3160 3842 3331 3909 illam,
3361 3852 3408 3897 et
3436 3845 3490 3900 in
3517 3845 3765 3917 agnitione
3787 3842 3852 3897 in.

2298 3929 2412 3968 vent
2433 3930 2566 3968 eam.

2328 3983 2591 4112 dfassedi
2621 4002 2736 4041 cum
2756 3985 2874 4058 ipsa
2904 4001 2995 4041 cor
3017 3986 3082 4042 ab
3109 3985 3261 4043 initio
3282 4003 3303 4043 :
3323 3994 3538 4059 propter
3556 3987 3654 4043 hoc
3672 4003 3761 4043 non
3781 3987 3852 4040 de-

2298 4071 2326 4109 r
2378 4073 2585 4112 inauar.

2297 4071 2585 4183 Willis?
2604 4144 2745 4184 meus
2773 4128 3107 4201 conturbatus
3132 4139 3208 4184 est
3236 4130 3519 4201 qume
3544 4128 3684 4187 ilium
3709 4147 3727 4186 :
3753 4144 3852 4200 pro-

2299 4200 2681 4272 ptqeabonam
2707 4199 2977 4272 possidebo
3005 4199 3400 4272 possessionem.

2369 4267 2541 4344 Dedit
2566 4267 2984 4344 mihiA'Domiuus
3005 4267 3246 4344 linguam
3284 4274 3568 4329 mercedem
3597 4286 3744 4328 meum
3772 4287 3789 4326 :
3812 4279 3848 4325 et

724 4338 774 4384 et
814 4328 975 4407 nobis
999 4327 1388 4407 jucunditatem
1429 4329 1602 4407 cordis
1627 4373 1642 4399 ,
1686 4339 1732 4407 et
1775 4330 1888 4401 ﬁeri
1927 4349 2109 4403 pacem
2138 4336 2194 4392 in
2219 4380 2273 4407 π
2298 4340 2352 4395 in
2379 4342 2496 4407 ipsa
2525 4342 2747 4397 laudabo
2770 4357 2910 4397 eum.

601 4399 783 4456 diebus
812 4397 1016 4472 nostris
1030 4401 1089 4472 in
1116 4397 1283 4472 lsrael
1309 4414 1400 4472 per
1417 4400 1527 4455 dies
1549 4397 1903 4472 sempiternos.

2217 4380 2274 4443 Β
2299 4380 2791 4488 Ᾰῗξῇῖδὲἲέιῗᾶάι
2944 4412 3161 4481 indocti,
3192 4423 3239 4468 et
3259 4423 3567 4488 congregate
3591 4430 3676 4470 vos
3701 4416 3748 4468 in
3773 4412 3846 4466 do-

669 4472 890 4527 Credere
919 4468 1090 4544 Israel
1100 4468 1383 4544 nobiscum
1408 4486 1518 4526 esse
1549 4468 2105 4544 Dei'miscricordiam,
2130 4480 2188 4532 ω
2294 4468 2438 4538 mum
2454 4468 2766 4544 disciplima.

594 4544 776 4601 liberet
804 4558 898 4600 nos
925 4545 979 4598 in
1007 4542 1187 4598 diebus
1213 4542 1342 4598 suis.

2366 4553 2508 4621 Quid
2530 4542 2701 4631 adhuc
2727 4556 3049 4616 retardatis?
3071 4566 3117 4614 et
3136 4555 3265 4631 quid
3286 4542 3457 4615 dicitis
3474 4556 3529 4614 in
3551 4557 3671 4614 his?
3687 4555 3844 4610 anima

664 4608 815 4670 Duas
856 4622 1027 4688 gentes
1064 4613 1173 4688 odit
1202 4610 1380 4669 animu
1405 4612 1520 4669 mea
1549 4612 1569 4670 ἑ
1597 4613 1751 4670 tertia
1778 4622 1953 4672 autem
1981 4618 2085 4674 non
2110 4628 2191 4675 est
2292 4608 2690 4683 νοεῖταιήῆιῖἇῶ
2714 4608 3055 4688 diﬁcia}.

590 4703 737 4761 om}.
758 4702 927 4761 Λιιιιαηι
952 4685 1171 4761 oderim-

2362 4697 2556 4771 Δρενυὶ
2595 4714 2651 4755 os
2685 4712 2874 4772 meum,
2906 4713 2954 4760 et
2984 4705 3190 4759 locutus
3218 4714 3335 4758 sum
3362 4716 3382 4757 :
3410 4697 3710 4775 Comparate
3730 4695 3843 4753 vobis

664 4754 991 4842 Qui'sedent
1013 4758 1271 4842 iri-monte
1471 4764 1523 4842 et
1545 4754 1890 4827 Philistitiim,
1924 4758 1971 4815 'et
2000 4762 2188 4819 stultus
2289 4754 2657 4842 sine'argento.

586 4829 834 4902 populus,
861 4831 950 4902 qui
970 4828 1173 4884 habitat
1203 4829 1255 4902 in
1283 4829 1550 4885 Sicltimis.

660 4901 962 4992 chtrinfps
998 4901 1347 4992 sqpieutitelet
1372 4902 1660 4992 disciplina,
1687 4901 1893 4992 scripsit
1919 4901 1976 4956 in
2003 4903 2183 4992 codice

580 4975 683 5029 isto
708 4972 839 5030 Iesu
863 4973 1004 5043 filius
1036 4971 1228 5029 Sirach
1255 4971 1652 5043 Jerosolymita,
1684 4976 1773 5045 qui
1791 4971 2063 5030 renovavit
2092 4992 2180 5031 sa-

579 5048 833 5118 pientiam
854 5048 918 5101 de
940 5046 1096 5101 corde
1118 5059 1233 5101 suo.

2290 4921 2458 4968 vestra
2510 4913 2840 4988 disciplinam
2893 4933 2914 4973 :

2281 4999 2417 5038 eam.

2364 4839 2431 4923 Et
2460 4839 2653 4923 collum
2680 4850 2903 4923 vestrum
2929 4846 3163 4923 subjicite
3180 4845 3336 4923 jugo,
3365 4853 3414 4898 et
3435 4844 3677 4923 suscipiat
3695 4839 3841 4923 anima

2967 4919 3021 4973 in
3048 4917 3286 4990 proximo
3329 4924 3407 4970 est
3455 4915 3591 4972 enim
3642 4915 3831 4969 invenire

2363 5054 2547 5132 Videte
2584 5057 2748 5132 oculis
2774 5060 2969 5132 vestris
2987 5060 3109 5132 quia
3134 5058 3398 5114 modicum
3426 5056 3679 5126 laboravi,
3708 5062 3750 5110 et
3771 5053 3834 5106 in-

654 5116 870 5203 ligatus,
899 5119 988 5188 qui
1013 5118 1068 5202 in
1096 5118 1470 5203 istishversatur
1496 5116 1643 5174 bonis
1672 5133 1692 5174 :
1716 5117 1807 5191 qui
1831 5116 1978 5191 ponit
2005 5117 2104 5174 illa
2123 5119 2178 5175 in
2276 5126 2391 5203 veni
2419 5126 2557 5203 mibi
2568 5130 2789 5203 multam
2829 5116 3072 5203 requiem.

579 5188 739 5244 corde
762 5204 882 5256 suo,
912 5189 1117 5261 sapiens
1143 5188 1240 5261 erit
1268 5204 1486 5261 semper.

2353 5198 2609 5254 Assumite
2632 5198 2959 5274 disciplinam
2981 5204 3034 5259 in
3056 5202 3220 5258 multo
3240 5215 3458 5256 numero
3478 5199 3691 5275 argenti,
3713 5203 3832 5252 etco-

747 5261 885 5342 enim
905 5258 1020 5346 liceo
1038 5259 1236 5346 fecerit,
1258 5258 1330 5313 ad
1351 5258 1528 5316 omnia
1547 5258 1734 5318 valebit
1757 5276 1776 5317 :
1796 5261 1921 5334 quia
1942 5260 2034 5316 lux
2057 5260 2174 5331 Dei,
2279 5269 2482 5346 piosum
2511 5287 2699 5346 aurum
2726 5258 2979 5346 possidete
3004 5258 3057 5330 in
3087 5290 3169 5330 ea.

580 5330 852 5403 vestigium
870 5332 985 5403 ejus
1011 5330 1107 5388 est.

1196 5401 1428 5461 CAPUT
1473 5403 1562 5461 LI.

649 5479 831 5554 Oratio
851 5479 1092 5554 lesuﬁlii
1109 5481 1299 5539 Siraeh
1322 5499 1340 5538 :
1361 5482 1659 5553 Conﬁtebor
1679 5483 1791 5552 tibi,
1816 5482 2038 5540 Domine
2060 5499 2173 5552 rex,

575 5559 623 5603 et
649 5551 957 5609 collaudabo
986 5551 1033 5609 te
1058 5552 1225 5610 Deum
1245 5551 1556 5613 salvatorem
1583 5571 1779 5613 meum.

2352 5339 2579 5417 Laetetur
2602 5339 2806 5417 anima
2823 5356 2992 5402 vestra
3024 5346 3080 5400 in
3119 5343 3474 5400 misericordia
3511 5347 3646 5417 ejus,
3681 5347 3724 5396 et
3749 5349 3830 5390 κοκ

2284 5413 2668 5537 coigundemini
2704 5417 2760 5471 in
2787 5414 2943 5472 laude
2969 5418 3154 5491 ipsius.

2405 5501 2654 5537 veranum
2696 5503 2825 5537 onus
2849 5496 3068 5537 uestrum
3096 5505 3154 5537 an

2402 5487 2656 5561 pet‘amini
2696 5503 2825 5556 opus
2839 5476 3068 5561 vestrum
3096 5496 3211 5544 ante
3238 5496 3460 5561 tempus,
3490 5495 3542 5545 et
3564 5482 3696 5543 dabit
3721 5476 3830 5538 vobis

2280 5557 2562 5612 mercedem
2584 5569 2804 5615 vestrum
2830 5560 2886 5616 in
2912 5568 3136 5633 tempore
3159 5574 3274 5615 suo.

1736 5706 1765 5731 ,κ
1813 5644 2045 5719 Explicit
2068 5646 2205 5710 liber
2230 5645 2617 5710 Ecclesiaslici.
3626 5668 3641 5722 ρ

1794 5762 1799 5771 ’
1876 5758 1921 5789 οὔ
