3918 6192
190 157 264 214 469
606 167 616 173 ’
1358 152 1567 210 LIBER
1606 151 1625 208 l
1665 151 2239 214 MACHABEORUM.

3345 167 3454 228 470

193 267 3444 307 ...ᾔ-*Ἥ*

1490 373 2111 462 INCIPIUNT

320 551 885 700 LIBRI
977 545 1417 699 DUO
1514 545 3244 713 MACHABXEORUM.

1192 887 1674 998 LIBER
1728 891 2393 1006 PRIMUS.

657 1051 882 1111 CAPUT
925 1047 1218 1112 PRIMUM.

229 1129 285 1183 Et
323 1131 526 1197 factum
564 1137 662 1184 est.
701 1135 974 1197 postquam
1012 1126 1262 1195 percussit
1279 1125 1587 1197 _Ale.cander
1611 1121 1747 1180 Phi-

170 1201 278 1272 lippi
307 1195 544 1272 ﬂacedo,
579 1200 671 1264 qui
685 1195 896 1272 primus
923 1197 1236 1272 regnavit_in
1263 1195 1490 1265 Gra’cia,
1514 1215 1748 1272 egressus

168 1266 370 1328 de'terra
409 1270 637 1337 Cethim,
680 1266 900 1323 Darium
940 1266 1111 1342 regem
1142 1267 1445 1333 Persarum,
1476 1281 1524 1324 et
1543 1266 1747 1324 Meda-

169 1361 260 1398 τιυιι
287 1359 304 1396 ἔ
1423 1363 1434 1370 ⁸

222 1409 492 1469 Constituit
530 1411 713 1485 praelia
758 1412 948 1477 multa,
986 1419 1037 1466 et
1072 1411 1295 1466 obtinuit
1319 1409 1549 1466 omnium
1579 1412 1748 1467 muni.

165 1487 329 1548 tiones,
361 1495 411 1538 et
439 1485 698 1554 interfecit
717 1499 860 1554 reges
889 1493 1061 1554 terrm,

223 1556 285 1608 Et
313 1557 612 1623 pertransiit
638 1570 798 1621 usque
826 1554 892 1608 ad
922 1553 1049 1618 fines
1082 1562 1236 1608 terra!
1257 1568 1276 1608 :
1297 1560 1342 1606 et
1364 1553 1558 1623 accepit
1581 1553 1752 1624 spolia

162 1626 488 1698 multitudinis
526 1627 772 1698 gentium,
803 1635 851 1680 et
879 1626 1024 1680 siluit
1055 1634 1192 1678 terra
1227 1625 1280 1677 in
1311 1629 1748 1698 conspecturejus.

223 1696 286 1751 Et
313 1695 640 1770 congregavit
667 1697 926 1770 virtutem,
957 1705 1004 1751 et
1034 1699 1318 1752 exercitum
1346 1695 1531 1766 fortem
1550 1695 1709 1752 nimis
1729 1713 1750 1753 :

161 1780 201 1824 et
224 1767 514 1840 galtat'uni
533 1779 631 1832 est,
665 1775 714 1823 et
746 1767 995 1840 elevatum
1027 1785 1116 1822 cor
1142 1770 1275 1840 ejus.

224 1838 292 1893 Et
327 1841 543 1894 obtinuit
588 1840 820 1910 regiones
850 1838 1102 1910 gentium,
1133 1837 1182 1894 et
1215 1848 1460 1910 tyrannos
1490 1853 1510 1893 :
1539 1847 1590 1893 et
1625 1837 1752 1909 facti

160 1923 274 1965 sunt
303 1911 378 1965 illi
406 1913 456 1965 in
484 1911 753 1965 tributum.

227 1982 292 2036 Et
323 1993 434 2054 post
459 1982 573 2038 hic;
606 1982 798 2037 decidit
823 1982 877 2038 in
908 1981 1112 2048 lectum,
1146 1991 1196 2037 et
1224 1983 1458 2055 cognovit
1487 1981 1611 2052 quia
1638 1997 1751 2037 mo-

160 2064 372 2109 τιτθίων.

227 2123 292 2178 Et
321 2126 510 2180 vocavit
537 2140 724 2195 pueros
753 2141 872 2180 suos
908 2123 1121 2188 nobiles,
1156 2125 1246 2192 qui
1274 2140 1445 2180 secum
1474 2131 1620 2180 erant
1650 2140 1748 2178 nu-

161 2197 263 2318 giti
293 2213 321 2278 a
336 2200 609 2269 juventute
635 2211 654 2250 :
681 2206 728 2249 et
757 2196 928 2251 divisit
957 2196 1061 2250 illis
1085 2212 1299 2268 regnum
1319 2213 1493 2263 suum,
1518 2211 1635 2251 cum
1658 2197 1755 2250 ad-

195 2285 256 2318 κε
279 2277 474 2318 ureret.

195 2285 256 2320 uc
279 2268 474 2323 rireret.

228 2337 296 2394 Et
333 2341 563 2411 regnavit
607 2340 906 2396 Alexander
931 2339 1082 2394 annis
1112 2339 1406 2407 duodecim,
1442 2348 1490 2393 et
1521 2346 1754 2394 mortuus

165 2418 230 2463 est
240 2450 254 2462 .

165 2553 180 2604 ι
226 2479 298 2534 Et
329 2484 663 2539 obtinuerunt
701 2482 848 2553 pueri
885 2485 996 2554 ejus
1035 2497 1274 2553 regnum,
1317 2482 1670 2553 unusquisque
1699 2483 1753 2536 in

182 2567 272 2604 oco
298 2570 391 2604 suo
417 2572 436 2604 .-

182 2567 272 2605 σεο
298 2570 391 2608 suo
417 2572 436 2614 ξ

227 2622 296 2677 Et
336 2626 692 2694 imposuerunt
731 2641 908 2680 omnes
944 2624 1042 2680 sibi
1072 2623 1370 2695 diademata
1397 2632 1513 2695 post
1542 2633 1755 2678 mortem

160 2695 289 2763 ejus,
330 2707 379 2750 et
411 2699 511 2768 ﬁlii
555 2714 732 2752 eorum
759 2706 870 2765 post
901 2712 986 2751 eos
1015 2696 1165 2750 annis
1191 2694 1404 2762 multis,
1425 2705 1472 2750 et
1496 2695 1755 2764 multipli-

162 2777 273 2819 cata
297 2781 412 2821 sunt
437 2769 579 2823 mala
604 2771 656 2822 in
685 2778 837 2822 terra.

234 2836 301 2890 Et
336 2840 460 2894 exiit
496 2857 561 2894 ex
599 2841 672 2894 eis
700 2840 855 2893 radix
889 2838 1171 2908 peccatrix,
1201 2838 1486 2892 Antiochus
1514 2837 1753 2904 illustris,

165 2906 304 2981 ﬁlius
333 2911 574 2965 Antiochi
600 2910 753 2980 regis,
782 2911 871 2981 qui
891 2906 1066 2979 fuerat
1093 2909 1274 2964 Roma:
1292 2909 1435 2963 obses
1460 2925 1476 2961 :
1499 2918 1545 2963 et
1563 2926 1758 2981 regna-

166 2979 230 3032 vit
265 2981 318 3036 in
356 2999 491 3038 anno
517 2979 802 3037 centesimo
836 2981 1097 3053 trigesimo
1125 2981 1342 3052 septimo
1369 2982 1513 3051 regni
1544 2979 1756 3035 Graeco-

167 3065 300 3102 rum.

237 3119 303 3176 In
332 3123 504 3178 diebus
531 3123 640 3178 illis
670 3123 899 3179 exierunt
927 3139 993 3178 ea:
1021 3122 1188 3179 Israel
1217 3121 1318 3189 filii
1345 3122 1530 3193 iniqui.
1560 3130 1608 3176 et
1632 3138 1761 3176 sua-

165 3203 340 3246 serunt
382 3195 572 3263 multis,
606 3195 831 3250 dicentes
863 3211 882 3249 :
909 3193 1130 3259 Eamus,
1160 3204 1210 3250 et
1237 3193 1576 3264 disponamus
1601 3204 1756 3248 testa-

167 3275 388 3339 mentum
415 3283 529 3320 cum
556 3267 813 3339 gentibus,
839 3282 954 3336 qua:
979 3268 1115 3320 circa
1134 3274 1368 3339 nos_sunt
1393 3266 1556 3339 :_quia
1578 3281 1642 3319 ex
1660 3281 1761 3336 quo

172 3338 460 3392 recessimus
487 3335 676 3402 ab'eis,
693 3335 991 3392 invenerunt
1015 3353 1109 3392 nos
1135 3335 1298 3390 multa
1316 3335 1477 3390 mala.

242 3405 309 3460 Et
336 3410 493 3463 bonus
529 3410 672 3463 uisus
701 3420 773 3462 est
802 3425 967 3464 sermo
994 3409 1048 3462 in
1085 3409 1248 3462 oculis
1276 3423 1469 3461 eorum.

249 3476 310 3531 Et
337 3479 717 3533 destinaverunt
747 3479 909 3550 aliqui
934 3480 999 3533 de
1027 3479 1243 3547 populo,
1267 3488 1313 3532 et
1335 3478 1571 3533 abierunt
1592 3479 1660 3532 ad
1682 3495 1765 3535 re-

190 3562 339 3624 gem;
373 3559 417 3605 et
453 3552 596 3605 dedit
634 3550 740 3605 illis
781 3561 1115 3624 potestatem,
1155 3558 1213 3603 ut
1249 3550 1475 3618 facerent
1501 3551 1766 3623 justitiam

191 3621 411 3684 gentium.

247 3688 312 3743 Et
342 3693 727 3763 adiﬁcaverunt
768 3693 1095 3764 gymnasium
1135 3692 1186 3746 in
1213 3687 1554 3762 Jerosolymis
1579 3708 1764 3748 secun-

195 3757 298 3833 dum
330 3757 461 3833 leges
492 3757 778 3818 nationum:

1785 2448 1832 2508 B

1768 1058 1819 1117 Α
1921 1056 1994 1112 Et
2021 1059 2143 1128 fecit
2181 1062 2374 1118 caedem
2417 1061 2703 1130 hominum,
2729 1073 2779 1120 et
2801 1064 3006 1122 locutus
3033 1076 3105 1123 est
3129 1069 3184 1123 in
3214 1070 3459 1140 superbia

1855 1145 2067 1185 maana.

1851 1205 2015 1326 logie
2031 1205 2201 1272 factus
2230 1213 2306 1258 est
2335 1205 2576 1277 planctus
2605 1223 2823 1280 magnus
2848 1209 2902 1264 in
2930 1207 3122 1278 Israel,
3155 1220 3201 1266 et
3229 1213 3286 1267 in
3316 1215 3458 1269 omni

2017 1290 2165 1326 orum
2192 1291 2212 1326 .'

1935 1288 1965 1324 ο
1990 1289 2165 1327 eorum
2192 1291 2212 1329 .°

2021 1345 2392 1433 ingemuerunt
2437 1350 2718 1433 principes,
2747 1358 2798 1433 et
2838 1351 3110 1433 seniores;
3136 1354 3382 1433 virgines,
3409 1363 3459 1410 et

1841 1416 2068 1540 ju‘venes‘
2097 1416 2354 1486 infirmati
2391 1416 2530 1488 sunt,
2565 1416 2619 1476 ei
2643 1422 2948 1493 speciositas
2974 1416 3249 1480 mulierum
3275 1416 3463 1482 immuc

1873 1501 1908 1538 a
1930 1502 1962 1537 a
1992 1502 2048 1540 es
2071 1523 2084 1542 ι

1927 1555 2112 1638 anis
2138 1561 2357 1638 maritus
2393 1563 2619 1638 sumpsit
2647 1563 2929 1620 lamentum
2956 1581 2976 1621 :
2999 1575 3050 1620 et
3071 1583 3191 1638 qua:
3215 1568 3459 1625 sedebant

1853 1627 1906 1680 in
1929 1626 2077 1706 thoro
2106 1632 2356 1698 maritali,
2387 1626 2670 1706 lugebant:

1928 1696 1995 1752 Et
2022 1712 2281 1776 commota
2311 1696 2386 1757 est
2418 1696 2555 1776 terra
2576 1721 2732 1776 super
2757 1705 3050 1762 habitantes
3079 1709 3133 1764 in
3159 1725 3243 1776 ea,
3272 1718 3318 1764 et
3340 1712 3461 1766 uni-

1854 1785 2000 1847 versa
2029 1771 2214 1827 domus
2240 1773 2405 1829 Iacob
2427 1775 2599 1829 induit
2627 1771 3008 1847 confusionem.

1926 1839 1996 1894 Et
2020 1853 2136 1921 post
2165 1847 2296 1921 duos
2326 1861 2488 1921 annos
2519 1839 2895 1921 dierum'misit
2931 1867 3023 1906 res:
3049 1851 3336 1921 principem
3362 1853 3460 1906 tri-

1856 1911 2096 1967 butorum
2117 1916 2170 1970 in
2193 1916 2426 1973 civitates
2450 1915 2617 1984 Iuda,
2632 1929 2680 1973 et
2704 1919 2839 1974 venit
2857 1911 3158 1976 Jerusalem
3177 1911 3294 1977 cum
3313 1923 3464 1978 turba

1855 1999 2064 2052 magna.

1929 2055 1996 2110 Et
2021 2057 2222 2113 locutus
2242 2067 2316 2115 est
2345 2060 2417 2114 ad
2437 2076 2526 2116 eos
2555 2061 2708 2115 verba
2735 2063 2954 2133 paciﬁca
3001 2065 3056 2118 in
3083 2064 3204 2120 dolo
3227 2081 3246 2120 :
3271 2075 3318 2119 et
3349 2080 3464 2120 cre-

1858 2127 2102 2180 diderunt
2134 2130 2184 2180 ei
2215 2146 2233 2180 :

1897 2139 2102 2182 ttterunt
2134 2139 2184 2184 ei
2215 2146 2233 2184 ἔ

1929 2197 1998 2253 Et
2027 2201 2175 2254 irruit
2201 2217 2358 2274 super
2408 2204 2664 2277 civitatem
2713 2213 2942 2277 repente,
2975 2215 3024 2259 et
3068 2208 3319 2277 percussit
3346 2221 3461 2262 eam

1856 2269 2011 2394 plaga
2031 2287 2243 2354 magna,
2267 2269 2318 2326 'et
2340 2274 2565 2357 perdidit
2594 2269 2842 2357 populum
2872 2269 3092 2330 multum
3121 2294 3184 2332 ex
3212 2276 3403 2332 Israel.

1982 2351 2208 2394 taccemt
2235 2347 2402 2394 spolia
2428 2354 2646 2394 anulatis
2677 2361 2696 2394 :
2724 2353 2772 2394 et
2800 2349 3064 2394 succendit
3087 2365 3200 2394 eam
3228 2349 3358 2394 iani-

1982 2343 2208 2419 tuccepit
2235 2343 2402 2419 spolia
2428 2343 2696 2399 civitatis:
2724 2353 2772 2400 et
2800 2349 3064 2419 succendit
3087 2365 3200 2401 eam
3228 2349 3359 2419 igni,
3408 2357 3458 2404 et

1859 2411 2113 2486 destruxit
2137 2411 2323 2486 domos
2341 2416 2475 2485 ejus,
2504 2425 2553 2469 et
2581 2429 2756 2469 mutos
2779 2417 2888 2486 ejus
2917 2417 2972 2470 in
3001 2419 3243 2472 circuitu.

1934 2482 2262 2606 Etdcaptivas
2291 2482 2554 2540 dulcerunt
2582 2482 2824 2541 mulieres
2857 2501 2875 2539 :
2921 2495 2969 2541 et
3003 2498 3175 2556 natos,
3206 2497 3256 2544 et
3278 2503 3468 2558 pecori

1934 2570 2012 2606 sse
2048 2564 2216 2606 erunt.

1897 2564 2216 2609 assederunt.

1897 2572 2216 2609 osseacrunt.

1860 2572 1898 2703 Ἴ
1933 2623 1999 2680 Et
2025 2627 2421 2703 avdiﬁcaijerunt
2461 2628 2720 2703 civitatem
2775 2625 3139 2703 Davidurnuro
3173 2645 3384 2703 magno,
3413 2639 3464 2686 et

1861 2695 2033 2769 firmo,
2061 2708 2105 2751 et
2131 2698 2358 2751 turribus
2387 2700 2571 2765 ﬁrmis,
2607 2709 2655 2754 et
2680 2702 2819 2769 facta
2844 2709 2919 2753 est
2941 2700 3050 2754 illis
3075 2703 3133 2755 in
3160 2695 3352 2756 arcim.

1934 2765 2002 2819 Et
2031 2777 2308 2842 posuerunt
2336 2770 2445 2824 illic
2470 2765 3061 2841 gentem‘peccatricem,
3083 2774 3219 2826 viros
3237 2774 3463 2842 iniquos,

1861 2845 1910 2891 et
1939 2839 2310 2892 convaluerunt
2339 2841 2392 2894 in
2415 2839 2493 2908 ea,
2519 2851 2576 2908 _et
2607 2839 2891 2908 posuerunt
2920 2859 3090 2909 arma,
3124 2854 3169 2898 et
3197 2839 3338 2898 escas
3371 2859 3388 2896 :
3419 2853 3470 2898 et

1861 2921 2298 2981 congregaverant
2319 2914 2488 2981 spolia
2509 2910 2802 2966 Ierusalem
2827 2929 2846 2966 :

1936 2978 2006 3034 Et
2032 2978 2378 3053 reposuerunt
2412 2982 2524 3037 illic
2551 2999 2571 3038 :
2599 2992 2650 3037 et
2679 2983 2804 3052 facti
2855 2991 2977 3038 sunt
3012 2984 3064 3037 in
3090 2982 3330 3054 laqueum
3353 2997 3468 3038 ma-

1898 3066 2043 3104 num.

1863 3067 2229 3196 Ὗιὲῗῖίαειαηι
2249 3132 2330 3196 est
2362 3125 2480 3196 hoc_
2508 3124 2577 3177 ad
2617 3123 2840 3178 insidias
2878 3125 3302 3196 sanctificationi,
3335 3135 3383 3183 et
3414 3125 3468 3181 in

1863 3193 2130 3249 diabolum
2151 3194 2346 3248 malum
2375 3196 2428 3248 in
2453 3193 2624 3249 Israel
2651 3211 2671 3249 :

1941 3265 2008 3318 Et
2026 3337 2035 3339 _
2055 3265 2346 3339 effuderunt
2398 3267 2700 3339 sanguinem
2730 3266 3052 3322 innocentem
3079 3285 3169 3338 per
3192 3267 3471 3323 circuitum

1865 3337 2321 3410 sanctificationis,
2346 3347 2420 3410 et
2447 3337 2926 3410 contaminaverunt
2979 3337 3466 3410 sanctiﬁcationem.

1939 3405 2006 3459 Et
2040 3405 2644 3481 fugerunt'habitatores
2677 3406 2971 3464 Jerusalem
3019 3405 3228 3481 propter
3267 3427 3382 3472 eos,
3420 3418 3472 3464 et

1868 3481 2011 3548 facta
2030 3489 2100 3534 est
2128 3479 2378 3534 habitatio
2403 3490 2716 3546 exterorum,
2746 3487 2795 3534 et
2822 3485 2963 3550 facta
2990 3479 3062 3536 est
3092 3491 3265 3537 cratera
3290 3481 3472 3537 semini

1867 3567 1985 3614 suo,
2015 3561 2061 3604 et
2091 3553 2198 3603 nati
2224 3552 2335 3622 ejus
2364 3553 2682 3620 reliquerunt
2711 3567 2845 3607 eam.

1942 3621 2306 3696 §anctiﬁcatio
2335 3626 2450 3696 ejus
2479 3623 2714 3696 desolata
2741 3633 2817 3696 est
2845 3624 2978 3676 sicut
3006 3623 3269 3696 solitudo,

1946 3692 2068 3747 Dies
2100 3694 2215 3766 festi
2237 3692 2611 3766 ejus'conversi
2640 3704 2756 3748 sunt
2783 3694 2834 3766 in
2854 3695 3046 3766 luctum
3073 3710 3093 3748 :
3124 3693 3338 3747 sabbata
3358 3696 3470 3766 ejus

1871 3765 1926 3817 in
1955 3763 2311 3833 opprobrium.
2337 3765 2557 3818 honores
2583 3767 2694 3835 ejus
2724 3765 2793 3816 ad
2829 3763 3068 3817 nihilum.

245 3831 312 3886 Et
333 3831 563 3906 fecerunt
584 3836 683 3890 sibi
706 3837 984 3906 prceputia,
1009 3844 1057 3889 et
1077 3841 1764 3889 recesseruntatestamento
1793 3834 1838 3899 C
1942 3831 2240 3906 Secundum
2289 3836 2513 3904 gloriam
2542 3831 2652 3906 ejus
2693 3835 3045 3906 multiplicata
3065 3843 3136 3888 est
3182 3833 3473 3905 ignominia

188 3905 370 3980 sancto,
398 3917 445 3961 et
463 3907 646 3980 juncti
674 3916 794 3961 sunt
820 3906 1138 3971 nationibus,
1164 3915 1210 3960 et
1231 3905 1525 3960 venumdati
1546 3915 1687 3972 sunt,
1712 3915 1766 3960 ut

189 3972 396 4036 facerent
423 3972 643 4033 malum.

246 4045 310 4100 Et
339 4062 577 4120 paratum
601 4057 674 4103 est
703 4065 914 4120 regnum
941 4049 992 4102 in
1018 4057 1290 4117 conspectu
1313 4046 1571 4113 Antiochi,
1599 4056 1646 4100 et
1667 4063 1770 4120 cat-

188 4116 246 4180 pit
284 4116 492 4192 regnare
529 4121 582 4176 in
623 4116 778 4176 terra'
807 4119 1064 4193 ίΕρῃριὶ,
1098 4116 1152 4173 ut
1191 4127 1428 4191 regnaret
1473 4134 1625 4188 super
1663 4118 1770 4174 duo

188 4200 348 4246 reuna.

231 4208 566 4318 ggintravit
604 4262 665 4336 in
701 4255 992 4336 Egyptum
1031 4263 1084 4316 in
1107 4258 1458 4336 multitudine
1497 4259 1680 4336 gravi,
1717 4262 1772 4317 in

185 4335 430 4457 ξιτ-ἴφιιέ
452 4344 501 4390 et
524 4333 839 4404 elephantis,
863 4344 912 4390 et
934 4333 1212 4407 equitibus,
1244 4341 1292 4386 et
1320 4333 1539 4402 copiosa
1565 4333 1773 4387 navium

201 4417 264 4456 nu
287 4416 374 4457 lilu
415 4422 500 4457 me
541 4423 560 4457 :

185 4407 500 4460 multitudine
541 4423 560 4462 :

252 4475 314 4529 Et
359 4478 626 4532 constituit
677 4477 869 4532 bellum
920 4479 1169 4534 adversus
1214 4473 1558 4530 Ptolemceum
1604 4490 1774 4543 regem

178 4543 415 4618 «Egypti.
447 4559 496 4603 et
521 4549 716 4620 veritus
746 4559 817 4604 est
839 4547 1153 4606 Ptolemazus
1181 4564 1213 4601 a
1235 4547 1369 4619 facie
1387 4549 1522 4619 ejus,
1547 4554 1594 4600 et
1615 4547 1771 4618 fugit,

176 4629 232 4670 et
268 4621 550 4674 ceciderunt
583 4621 835 4674 vulnerati
867 4622 1035 4677 multi.

253 4687 317 4744 Et
342 4689 727 4762 comprehendit
752 4692 981 4748 civitates
1007 4691 1234 4746 munitas
1258 4690 1312 4744 in
1336 4697 1474 4743 terra
1501 4686 1724 4760 Λῖθυριί
1753 4703 1773 4743 .'

165 4768 231 4811 et
255 4763 438 4836 accepit
457 4761 643 4830 spolia
669 4772 820 4836 teme
841 4763 1089 4836 ﬂigypti.
1453 4805 1456 4808 λ

256 4832 321 4886 Et
355 4829 603 4888 convertit
643 4829 1264 4905 AntiochusTpostquam
1302 4831 1552 4898 percussit
1596 4829 1773 4903 Αἰπ-

153 4907 400 5031 ἕζιιηι
412 4906 689 5029 εεηιῗεὶηιο
711 4915 757 4960 et
777 4906 1164 4977 quadragesimo
1183 4905 1330 4959 tertio
1346 4917 1515 4958 anno:
1533 4912 1579 4958 et
1595 4919 1775 4960 ascen-

224 4985 260 5028 ιι
283 4995 310 5028 a
405 4994 520 5031 srae
550 5017 564 5029 .

224 4985 260 5028 tt
283 4985 346 5030 ad
371 4985 564 5032 Israel.

258 5045 319 5119 {Et
348 5048 575 5103 ascendit
599 5045 981 5119 Jerosolgmam
1003 5047 1056 5102 in
1077 5045 1411 5101 multitudine
1431 5046 1596 5119 gravi.

261 5118 323 5172 Et
361 5119 570 5173 intravit
586 5140 594 5142 "
613 5119 663 5172 in
695 5117 1154 5188 sanctificationem
1183 5124 1299 5171 cum
1327 5117 1589 5187 superbia,
1622 5126 1668 5171 et
1692 5133 1778 5174 ac-

137 5191 312 5260 cepit
345 5191 512 5245 altare
550 5205 789 5254 aureum,
827 5198 877 5244 et
909 5190 1276 5244 candelabrum
1317 5188 1548 5260 luminis,
1581 5197 1626 5241 et
1654 5190 1775 5243 uni-

151 5259 326 5315 nam
363 5279 484 5316 vasa
518 5261 649 5329 ejus,
686 5269 731 5314 et
764 5277 992 5333 mensam
1019 5259 1405 5333 prepositionis,
1431 5268 1478 5314 et
1506 5259 1773 5326 libatoria,

157 5339 246 5377 Vt!
277 5335 487 5399 phialas,
529 5341 578 5386 et
615 5332 917 5385 mortariola
953 5331 1132 5400 aurea,
1162 5341 1211 5385 et
1240 5331 1426 5397 velum,
1460 5339 1505 5383 et
1533 5347 1768 5394 coronas,

189 5402 252 5446 ἐι
281 5415 624 5458 ornamentum
666 5419 896 5468 aureum,
931 5402 1068 5472 quod
1106 5406 1161 5457 in
1189 5403 1322 5474 facie
1345 5401 1521 5474 templi
1547 5411 1658 5457 erat
1684 5418 1702 5456 :
1729 5412 1775 5456 et

216 5477 480 5530 comminuit
511 5475 706 5528 omnia.

364 5547 555 5618 accepit
595 5554 890 5618 argentum,
920 5555 965 5600 et
992 5559 1198 5618 aurum,
1233 5554 1280 5600 et
1309 5559 1431 5599 vasa
1459 5543 1778 5618 concupisci-

217 5600 314 5687 bl’la
347 5600 443 5672 .‘t‘l
480 5600 684 5684 ξιεεερὶῖ
712 5600 975 5671 thesauros
1012 5600 1237 5670 occultos
1257 5655 1272 5678 ,
1307 5633 1437 5687 quos
1471 5600 1660 5671 invenit
1685 5629 1704 5668 ε
1729 5623 1776 5672 ει

207 5684 402 5746 “luetis
427 5687 685 5756 omnibus,
711 5688 838 5744 abiit
866 5688 919 5744 in
943 5698 1133 5743 terram
1153 5684 1323 5744 suam.

1872 3907 1988 3977 ejus
2009 3923 2027 3959 :
2055 3915 2105 3959 et
2134 3905 2416 3958 sublimitas
2435 3905 2572 3977 ejus
2585 3920 2826 3977 conversa
2857 3915 2930 3977 est
2955 3906 3008 3958 in
3028 3905 3243 3960 luctum.

1948 3976 2011 4029 Et
2053 3977 2258 4046 scripsit
2288 3992 2381 4030 rea:
2408 3974 2696 4030 Antiochus
2726 3976 2864 4029 omni
2907 3992 3067 4046 regno
3105 3993 3222 4045 suo,
3255 3986 3311 4030 ut
3341 3987 3472 4034 esset

1874 4048 2040 4102 omnis
2071 4044 2297 4116 populus
2324 4063 2484 4114 unus,
2511 4056 2558 4101 et
2584 4047 2896 4114 relinqueret
2921 4044 3277 4120 unusquisque
3309 4049 3474 4120 legem

1872 4135 2042 4171 suam.

1975 4136 2042 4171 m.

2043 4197 2405 4314 cpnsinserunt
2431 4203 2605 4244 omnes
2631 4175 2810 4263 gentes
2836 4191 3120 4247 secundum
3147 4192 3356 4247 verbum
3391 4207 3475 4248 re-

1902 4277 1952 4314 ns
2033 4278 2064 4314 η
2093 4278 2170 4314 ioc
2210 4278 2248 4314 ι.

1873 4269 2298 4386 φῖῗῗτῗῧῗέηξπ
2340 4329 2508 4388 Israel
2543 4343 2906 4388 consenserunt
2953 4332 3188 4387 servituti
3228 4333 3363 4400 ejus,
3421 4344 3475 4387 et

1832 4421 1843 4430 °
1873 4403 2290 4475 sacriﬁcaverunt
2318 4405 2504 4471 idolis,
2537 4413 2586 4458 et
2612 4405 3072 4475 coinquinavernnt
3109 4402 3398 4475 sabbatum.

1947 4470 2019 4528 Et
2047 4476 2183 4528 misit
2212 4492 2303 4529 rex
2324 4475 2481 4529 libros
2513 4490 2602 4540 per
2625 4470 2810 4529 manus
2837 4474 3134 4527 nuntiorum
3160 4473 3212 4525 in
3249 4470 3469 4526 Jerusa-

1876 4546 1997 4611 lem,
2026 4554 2074 4601 et
2099 4547 2153 4600 in
2184 4563 2357 4602 omnes
2398 4547 2627 4601 civitates
2655 4544 2801 4600 Iuda
2829 4561 2850 4599 :
2877 4553 2935 4598 ut
2959 4552 3294 4614 sequerentur
3336 4543 3473 4614 leges

1874 4620 2099 4690 gen_tium
2129 4625 2282 4690 terra:
2312 4632 2331 4671 :

1947 4687 2019 4742 Et
2045 4687 2370 4758 prohiberent
2389 4687 2721 4755 holocausta,
2761 4695 2811 4742 et
2836 4684 3116 4756 sacrificia,
3142 4691 3192 4738 et
3219 4683 3474 4755 placatio-

1878 4777 1968 4816 nes
1995 4759 2110 4829 fieri
2135 4761 2187 4812 in
2222 4760 2412 4829 templo
2442 4759 2541 4813 Dei
2571 4774 2592 4812 :

1954 4825 2016 4884 Et
2045 4825 2375 4902 prohiberent
2415 4829 2665 4884 celebrari
2719 4827 3016 4894 sabbatum,
3055 4836 3104 4882 et
3134 4825 3245 4881 dies
3275 4825 3468 4880 solem-

1877 4918 2020 5045 trait
2033 4973 2191 5045 jussit
2233 4971 2555 5045 coinquinari
2583 4979 2788 5038 sancta,
2838 4978 2887 5024 et
2942 4978 3174 5024 sanctum
3222 4967 3474 5038 papulnm

1880 5043 2201 5188 InEatdjussit
2232 5112 2484 5188 aediﬁcari
2507 5127 2650 5178 aras,
2674 5119 2722 5166 et
2752 5111 2967 5181 templa,
3000 5119 3047 5165 et
3069 5110 3250 5188 idola,
3281 5118 3329 5165 st
3373 5111 3475 5164 imo

1882 5183 2070 5242 molari
2100 5202 2279 5240 carnes
2303 5183 2506 5250 suillae,
2539 5190 2585 5236 et
2610 5197 2799 5253 pecora
2819 5183 3135 5236 communia.

1801 5232 1856 5292 D
1885 5232 2338 5321 "Wl's‘t're'linquere
2361 5232 2641 5323 ﬁlioisuo's
2686 5253 3038 5320 circumcisos,
3079 5261 3126 5323 et
3152 5251 3476 5322 coinquinari

1883 5330 2079 5383 animas
2108 5341 2287 5380 eorum
2315 5322 2368 5377 in
2397 5323 2632 5377 omnibus
2660 5324 2962 5387 immundis,
2993 5331 3040 5376 et
3069 5322 3472 5377 abominationi-

1885 5400 1997 5460 bus,
2017 5399 2093 5450 ita
2114 5405 2170 5449 ut
2199 5395 2617 5467 obliviscerentur
2641 5396 2826 5467 legem,
2850 5403 2898 5448 et
2942 5397 3272 5449 immutarent
3300 5403 3476 5448 omnes

1873 5467 2271 5544 justjﬁcationes
2302 5463 2418 5519 Dei.

1957 5533 2025 5592 Et
2047 5537 2352 5605 quicumque
2379 5549 2483 5588 non
2502 5535 2742 5604 fecissent
2770 5537 3051 5592 secundum
3090 5534 3300 5591 verbum
3337 5533 3471 5605 regis

1885 5608 2147 5673 Antiochi,
2181 5613 2524 5661 morerentur.

1959 5679 2255 5740 Secundum
2283 5679 2458 5734 omnia
2475 5677 2628 5736 verba
2648 5679 2755 5737 hcec
2779 5680 2986 5752 scripsit
3013 5681 3156 5741 omni
3175 5695 3332 5752 regno
3355 5691 3475 5745 suo,
