3918 6192
489 205 594 266 471

1519 190 1580 249 S.
1624 179 2006 245 HIERONYMI
2043 179 2279 241 DIVINA
2317 175 2791 238 BIBLIOTHECA.

3710 175 3824 233 479.

494 333 558 381 er
574 324 858 396 prwposuit
885 317 1149 396 principes
1163 314 1383 396 populo,
1417 312 1505 382 qui
1532 310 1642 396 huic
1670 308 1788 378 ﬁeri
1827 311 2083 378 cogerent.
2112 317 2168 378 Α
2191 298 2598 385 ηιαῃδεηιηιᾘη
2633 297 2980 396 ίεηιιςζξφί
3021 302 3069 351 et
3099 295 3202 351 eris
3228 303 3305 396 tu,
3333 293 3382 352 et
3415 296 3520 396 ﬁlii
3567 296 3662 396 tui.
3682 297 3823 352 inter

571 383 643 451 Et
665 383 930 465 jusserunt
949 383 1307 465 ‘civi’tatibusJ
1310 385 1413 465 uda
1442 383 1578 465 sacri
1583 383 1759 465 ﬁcare.

571 445 640 521 Et
665 445 960 534 congregati
1007 466 1128 534 sun_t
1159 457 1307 534 multi
1330 457 1393 510 de
1417 445 1609 534 papqu
1635 452 1704 534 ad
1731 465 1856 534 θοι..
1885 446 1974 518 qui
2005 445 2093 534 de-

571 473 640 521 Et
667 473 959 534 congregati
1007 473 1128 512 sunt
1159 473 1393 510 mutuae
1417 473 1482 526 po
1523 473 1609 506 uto
1635 473 1702 506 aa
1731 473 1838 514 eos,
1885 473 1972 518 qui
2005 473 2093 500 ue-

499 539 817 606 reliquerant
861 534 1021 603 legem
1074 528 1337 584 Domini:
1368 535 1414 582 et
1472 473 1704 597 {iecerunt
1748 518 1892 574 mala
1940 533 2096 590 super

503 620 693 665 terram
726 623 746 661 :

572 658 1022 749 Dte/fugaverunt
1060 673 1308 749 populum
1355 667 1527 724 Israel
1578 667 1636 722 in
1681 663 1891 732 abditis,
1949 668 1997 715 et
2039 658 2097 712 in

501 742 816 807 absconditis
839 742 1170 816 fugitivorum
1201 742 1352 816 locis.

572 801 1080 888 Diequint'ad'ecimu
1107 815 1295 869 mensis
1327 809 1536 888 gasleu,
1563 809 1744 888 quinto
1767 815 1829 888 et
1869 801 2095 888 guudra-

504 872 765 966 gesimofet
787 889 1063 966 centesimo
1083 901 1241 966 anno,
1265 872 1537 966 tpdiﬁcavit
1558 872 1652 935 rex
1671 872 2102 966 Anntioch'us'abo:

503 945 806 1019 minantium
833 959 1031 1013 idolum
1073 945 1410 1010 desolationis
1459 965 1615 1022 super
1668 949 1853 1022 altare;
1881 945 2001 1011 Dei,
2051 949 2101 997 et

504 1018 596 1107 per
621 1033 889 1088 universas
938 1029 1166 1083 civitates
1191 1024 1334 1082 Juda
1363 1025 1419 1079 in
1449 1018 1668 1078 circuitu
1713 1018 2102 1089 azdiﬁcaverunt

503 1123 646 1160 aras.

577 1177 648 1232 Et
675 1186 796 1230 ante
812 1178 1010 1246 januas
1032 1171 1327 1246 domorum,
1373 1175 1423 1222 et
1466 1165 1520 1220 in
1550 1163 1736 1236 plateis
1762 1160 2101 1216 incendebant

505 1248 690 1313 thura,
731 1255 778 1300 et
804 1243 1167 1313 sacrificabant
1194 1255 1213 1294 :

577 1300 850 1374 Etrlibros
888 1300 1018 1386 legis
1070 1311 1171 1368 Dei
1217 1309 1607 1366 combusseruut
1656 1305 1796 1378 igni,
1860 1300 2103 1359 scinden-

509 1400 583 1447 tes
603 1407 710 1446 eos.

582 1444 663 1543 Et
680 1459 821 1545 apud
843 1471 1216 1540 quemcumque
1242 1451 1631 1545 i'nvenieLba‘nt'ur
1653 1448 1788 1545 libr'i‘
1813 1444 2104 1530 testamenti

506 1518 740 1594 Domini,
769 1541 817 1586 et
855 1518 1166 1601 quicumque
1216 1525 1512 1601 observabat
1548 1521 1717 1594 legem
1739 1518 1975 1585 Domini,
2024 1532 2106 1570 se-

510 1605 738 1658 cundum
759 1596 983 1656 edictum
1008 1596 1140 1669 regis
1173 1596 1502 1669 trucidabant
1531 1609 1668 1648 eum.

584 1675 653 1730 In
692 1675 879 1728 virtute
929 1687 1025 1724 sua
1064 1658 1324 1739 faciebant
1375 1671 1484 1720 hare
1531 1662 1742 1739 papula
1775 1659 1968 1739 Jsrael,
2014 1658 2104 1728 qui

510 1745 862 1799 inveniebatur
889 1744 943 1795 in
975 1731 1114 1794 omni
1142 1755 1310 1793 mense
1350 1747 1397 1791 et
1425 1731 1669 1789 mensein
1695 1731 2007 1786 civitatibus.

588 1817 656 1870 Et
685 1815 866 1885 quinta
887 1821 934 1865 et
961 1811 1209 1881 vigesima
1233 1809 1316 1885 die
1342 1807 1529 1862 mensis
1558 1803 1926 1873 sacriﬁcabant
1951 1815 2106 1872 super

516 1903 686 1952 aram,
699 1879 828 1955 'qute
854 1891 961 1937 erat
992 1879 1185 1955 contra,
1198 1879 1386 1955 altare.

592 1942 965 2021 Et'mulieres,
997 1966 1113 2023 qute
1140 1947 1575 2023 circumcidebant
1598 1946 1743 2023 ﬁlios
1779 1961 1901 2000 suos
1948 1942 2111 1997 truci-

517 2029 779 2082 dabantur
805 2016 1088 2080 secundum
1101 2025 1310 2093 jussum
1329 2021 1466 2090 regis
1486 2016 1727 2093 Antiochi
1749 2033 1768 2070 :

592 2097 661 2152 Et
691 2095 1075 2169 suspendebant
1101 2084 1300 2169 'pueros
1325 2109 1362 2169 a_
1388 2084 1678 2169 cervicibus
1706 2084 2112 2169 perhuniversas

519 2171 700 2225 domos
737 2156 913 2223 eorum
941 2182 960 2221 .'
988 2175 1034 2221 et
1064 2156 1171 2233 eos,
1193 2163 1283 2235 qui
1315 2156 1746 2216 circumciderant
1771 2157 1912 2224 illos,
1944 2156 2110 2209 truci-

519 2242 736 2296 dabant.

595 2311 665 2365 Et
691 2310 839 2364 multi
867 2309 932 2362 de
960 2307 1152 2379 papula
1194 2303 1363 2379 Israel
1398 2302 1712 2379 definierunt
1751 2299 1901 2379 apud
1932 2313 2010 2363 se,
2057 2303 2115 2378 ut

518 2398 624 2437 non
653 2369 1307 2434 manducare'nt'immunda
1332 2392 1351 2432 :
1374 2383 1422 2429 et
1461 2369 1719 2444 elegerunt
1763 2370 1927 2442 magis
1961 2369 2114 2436 mori,

521 2469 681 2525 quam
711 2450 836 2525 cibis
867 2449 1193 2525 coinquinari
1221 2445 1521 2525 immundis.

577 2521 974 2648 dEtmolu‘erunt
997 2514 1287 2593 infringere
1319 2517 1481 2588 legem
1505 2514 1604 2570 Dei
1642 2522 1902 2581 sanctam,
1932 2520 1982 2568 et
2009 2520 2119 2566 tru-

613 2606 688 2648 ats
714 2610 808 2648 sun
856 2609 876 2648 :

523 2595 688 2652 cidati
714 2600 832 2648 sunt
856 2609 876 2648 :

598 2665 667 2720 Et
689 2666 830 2735 facta
849 2672 923 2720 est
946 2664 1027 2718 ira
1051 2677 1241 2734 magna
1263 2675 1418 2732 super
1441 2658 1693 2732 populum
1721 2656 1903 2712 valde.

1137 2817 1364 2876 CAPUT
1410 2816 1478 2872 ll.

599 2939 669 2994 In
703 2939 883 2994 diebus
918 2936 1026 2992 illis
1060 2934 1287 2990 surrexit
1331 2930 1654 2987 Mathathias
1685 2928 1829 3000 ﬁlius
1880 2926 2123 2994 Joannis,

529 3012 629 3082 ﬁlii
661 3010 940 3082 Simeonis,
970 3006 1211 3082 sacerdos
1239 3021 1302 3082 ex
1339 3003 1464 3074 ﬁliis
1493 3001 1676 3057 Joarib
1702 3002 1766 3055 ab
1812 2999 2124 3069 Jerusalem,

530 3075 580 3136 et
611 3080 839 3133 consedit
865 3075 1106 3133 in'monte
1128 3075 1180 3130 Μ
1189 3077 1330 3131 odin.

607 3151 675 3204 Et
704 3149 921 3219 habebat
965 3149 1103 3217 ﬁlios
1130 3148 1372 3219 quinque,
1415 3144 1693 3214 Joannem,
1733 3145 1820 3216 qui
1868 3142 2130 3218 cognomi-

533 3222 760 3278 nubatur
785 3218 984 3274 Gaddis
1012 3234 1030 3272 :

613 3291 682 3346 Et
713 3290 1002 3355 Simonem,
1033 3291 1120 3357 qui
1149 3289 1614 3359 cognominabatur
1647 3285 1804 3341 Thasi
1834 3302 1855 3341 :

610 3363 679 3416 Et
706 3361 737 3413 J
748 3361 929 3424 udam,
956 3361 1046 3426 qui
1072 3358 1348 3412 vocabatur
1377 3358 1708 3413 Machabazus
1731 3374 1750 3410 :

611 3433 679 3486 Et
703 3430 1039 3494 Eleazarum,
1065 3431 1155 3500 qui
1192 3429 1653 3500 cognominabatur
1681 3427 1890 3482 Abaron
1913 3445 1931 3482 :
1960 3435 2006 3482 et
2037 3426 2134 3483 Jo-

542 3505 760 3574 nathan,
790 3503 876 3567 qui
906 3498 1366 3574 cognominabatur
1409 3500 1647 3574 App/tus.

616 3575 689 3628 lli
716 3567 1119 3629 viderunt—mala
1142 3586 1259 3641 qua:
1279 3567 1466 3638 ﬁebant
1495 3567 1549 3625 in
1576 3570 1772 3641 papula
1791 3567 1826 3624 J
1832 3569 1957 3638 uda,
2006 3578 2055 3623 et
2080 3568 2134 3623 in

543 3647 852 3705 Jerusalem.

581 3662 852 3705 erusatem.

616 3717 685 3772 Et
708 3717 840 3773 dixit
869 3713 1186 3769 Matltathias
1215 3729 1234 3766 :
1268 3712 1360 3768 Vw
1387 3711 1537 3780 mihi,
1580 3723 1636 3767 ut
1677 3714 1803 3782 quid
1847 3722 1997 3766 natus
2021 3728 2136 3765 sum

540 3792 713 3845 ridere
732 3787 1088 3844 contritionem
1114 3787 1298 3856 populi
1318 3785 1437 3848 mei,
1465 3799 1512 3838 ct
1533 3787 1892 3839 contritionem
1917 3784 2135 3856 civitatis

541 3873 756 3929 sanctis,
785 3871 829 3916 et
855 3861 1031 3915 seJere
1068 3853 1199 3924 illic,
1246 3873 1364 3910 cum
1399 3856 1556 3912 datur
1595 3858 1651 3911 in
1691 3856 1928 3910 manibus
1964 3853 2138 3910 inimi-

543 3950 722 3989 corum
754 3947 774 3985 ἔ

619 4005 818 4059 Sancta
847 4003 903 4054 in
927 4017 1082 4054 manu
1112 4010 1474 4056 extraneorum
1503 3999 1646 4069 facta
1684 4009 1803 4054 sunt
1827 4015 1846 4054 :
1888 3999 2136 4070 templum

549 4077 670 4146 ejus
688 4075 821 4127 sicut
851 4071 1004 4146 homo
1031 4070 1294 4146 ignobilis.

630 4145 771 4199 Vasa
809 4142 993 4216 gloria:
1018 4142 1396 4216 Aejus_captiva
1432 4141 1654 4216 abducta
1692 4150 1853 4197 sunt:
1896 4144 2139 4216 trucidati

549 4225 669 4271 sunt
699 4212 842 4270 senes
870 4215 984 4286 ejus
1012 4212 1068 4266 in
1119 4212 1328 4283 plateis,
1359 4222 1406 4268 et
1427 4215 1647 4286 juvenes
1688 4216 1798 4285 ejus
1841 4214 2140 4271 ceciderunt

545 4289 602 4343 in
622 4287 798 4358 gladio
825 4284 1172 4358 inimicorum.
1231 4355 1257 4358 __
1356 4355 1366 4358 Α
1429 4284 1440 4286 ⁷
1512 4289 1524 4306 ¹

627 4355 756 4423 Qua:
779 4373 905 4429 gens
931 4371 1044 4429 non
1065 4355 1387 4412 htereditavit
1417 4370 1634 4427 regnum
1659 4357 1794 4428 ejus,
1819 4364 1867 4411 et
1885 4373 1988 4412 non
2009 4356 2138 4413 obti-

553 4435 667 4484 nuit
690 4428 860 4498 spolia
890 4428 1002 4498 ejus
1025 4428 1050 4480 ?

631 4474 1150 4572 biﬁhIEiﬁouno
1179 4501 1292 4570 ejus
1316 4498 1496 4554 ablata
1525 4505 1622 4554 est.
1658 4497 1787 4566 Quae
1809 4508 1921 4554 erat
1955 4499 2136 4572 libera,
2161 4474 2217 4537 Ῑ)

551 4574 693 4642 facta
719 4580 792 4624 est
823 4568 1041 4624 ancilla.

626 4641 694 4696 Et
719 4657 835 4695 ecce
863 4649 1053 4713 sancta
1073 4649 1278 4706 nostra,
1307 4650 1354 4696 et
1379 4640 1716 4713 pulchritudo
1741 4651 1938 4709 nostra,
1964 4650 2011 4698 et
2032 4643 2146 4698 cla-

553 4713 682 4767 ritas
705 4721 882 4767 nostra
911 4711 1153 4787 desolata
1170 4723 1272 4787 est,
1298 4723 1345 4787 e_t
1371 4711 1830 4784 coinquinaverunt
1857 4730 1919 4769 ea
1949 4725 2142 4787 gentes.

552 4831 557 4836 .
627 4786 744 4856 Quo
763 4799 886 4856 ergo
913 4785 1060 4838 nobis
1086 4784 1258 4838 adhuc
1285 4785 1484 4856 vivere?

625 4855 694 4908 Et
726 4854 881 4908 scidit
906 4857 1208 4910 vestimenta
1235 4872 1333 4928 sua
1355 4854 1700 4923 Mathathias,
1731 4867 1778 4913 et
1800 4857 1901 4927 ﬁlii
1926 4858 2074 4928 ejus:
2097 4865 2144 4913 et

550 4935 860 4999 aperuerunt
883 4944 937 4982 se
959 4927 1165 4995 ciliciis,
1197 4935 1245 4999 et
1273 4927 1583 4995 planxerunt
1612 4929 1781 4983 valde.

623 4997 692 5051 Et
713 5008 961 5052 venerunt
982 4999 1109 5072 illuc
1129 4998 1215 5072 qui
1244 4999 1389 5052 missi
1410 5009 1563 5072 erant
1587 5015 1616 5051 a
1644 5015 1764 5072 rege
1787 4998 2063 5072 Antiocho,
2087 5007 2145 5053 ut

551 5079 792 5140 sagerent
819 5085 924 5134 eos,
957 5070 1045 5140 qui
1073 5069 1407 5140 confugerant
1442 5072 1496 5124 in
1520 5069 1776 5124 civitatem
1806 5069 2010 5137 Modin,
2041 5072 2146 5125 im-

554 5139 770 5207 mOlare,
799 5149 847 5211 et
877 5139 1155 5196 accendere
1183 5139 1358 5210 thura,
1393 5151 1439 5195 et
1466 5159 1497 5195 a
1519 5142 1626 5211 lege
1656 5140 1749 5194 Dei
1791 5143 2069 5198 discedere.

625 5212 697 5266 Et
722 5210 874 5266 multi
903 5213 966 5266 de
993 5212 1186 5278 populo
1211 5211 1380 5266 Israel
1408 5210 1779 5267 consentientes
1825 5224 2148 5270 accesserunt

553 5287 624 5340 ad
653 5301 738 5340 eos
767 5300 786 5339 :
813 5284 903 5338 sed

550 5369 693 5413 runt.

621 5427 694 5482 Et
725 5427 1092 5495 respondentes
1122 5426 1212 5495 qui
1240 5426 1381 5481 missi
1418 5434 1563 5481 erant
1591 5428 1654 5482 ab
1684 5427 1962 5494 Antiocho,
1995 5429 2146 5484 dixe-

551 5511 672 5554 runt
719 5498 1030 5573 Mathathiae
1058 5513 1076 5551 :
1106 5497 1357 5566 Princeps
1394 5499 1827 5573 et__clarissimus,_
1853 5509 1901 5553 et
1928 5516 2148 5573 magnus

555 5587 610 5624 es
633 5573 687 5623 in
712 5571 809 5622 hac
838 5569 1127 5639 civitate,et
1151 5579 1362 5623 ornatus
1390 5569 1536 5638 ﬁliis,
1571 5581 1617 5624 et
1653 5571 1924 5639 fratribus.

627 5639 770 5711 Ergo
791 5638 976 5692 accede
1002 5639 1253 5712 prior,_et_
1269 5640 1352 5712 fac
1363 5643 1570 5709 jussum
1593 5643 1730 5712 regis
1759 5642 1890 5695 sicut
1911 5643 2146 5711 fecerunt

554 5705 728 5765 omnei
775 5715 970 5780 gentes,
1005 5705 1068 5760 et
1095 5707 1192 5761 viri
1219 5705 1385 5780 Juda',
1429 5719 1477 5765 et
1514 5711 1602 5782 qui
1637 5705 1994 5769 remanserunt
2031 5715 2143 5788 [ΑΙ.

1010 5283 1294 5351 athathias,
1335 5293 1382 5337 et
1413 5284 1516 5354 ﬁlii
1542 5287 1653 5355 ejus
1673 5293 1967 5341 constanter
1989 5294 2146 5341 steteo

2131 1702 2182 1763 Β

2196 375 2389 429 amicos
2419 369 2587 446 regis,
2607 379 2656 426 et
2677 369 3030 442 ampliﬁcatus
3054 383 3208 437 auro,
3241 379 3289 424 et
3330 379 3577 441 argento,
3607 378 3662 425 et
3705 387 3822 424 mu-

2198 446 2409 500 neribus
2440 443 2637 497 multis.

2271 517 2339 570 Et
2367 514 2635 585 respondit
2665 511 3008 585 Mathathias,
3040 521 3090 585 _et
3117 511 3484 585 dixithmagna
3512 529 3644 585 voce
3679 528 3701 566 :
3751 511 3819 566 Et

2197 589 2242 642 si
2263 581 2658 656 omnes'gentes
2703 585 2816 653 regi
2845 581 3098 656 Antiocho
3140 581 3412 648 obediunt,
3462 594 3522 638 ut
3571 583 3816 638 discedat

2198 653 2614 737 unusquisquea
2643 656 2895 737 servitute
2929 653 3057 728 legis
3094 661 3300 724 patrum
3328 671 3568 723 suorum,
3603 666 3655 710 et
3685 672 3813 710 con-

2197 729 2392 786 sen'tiat
2417 729 2680 783 mandatis
2709 730 2821 798 ejus
2851 742 2870 780 :

2272 799 2388 872 Ego
2432 810 2479 854 et
2505 800 2605 864 ﬁlii
2628 797 2748 866 mei,
2779 806 2826 853 et
2875 801 3065 870 fratres
3112 797 3213 851 mei
3257 797 3556 854 obediemus
3586 797 3698 870 legi
3724 815 3822 870 pa-

2201 881 2338 928 trum
2354 880 2674 926 nostrorum.

2272 943 2548 1010 PrOpitius
2577 943 2644 996 sit
2673 940 2819 995 nobis
2870 938 3035 1008 Deus,
3064 955 3168 994 non
3197 948 3276 996 est
3308 939 3457 996 nobis
3495 941 3627 997 utile
3652 941 3818 998 relin-

2199 1031 2357 1086 quere
2369 1015 2551 1086 legem,
2575 1023 2622 1067 ct
2647 1011 2877 1082 iustitias
2898 1010 3018 1086 Dei.

2275 1086 2399 1140 Non
2418 1081 2702 1138 audiemus
2730 1086 2880 1154 verba
2903 1083 3040 1154 regis
3060 1081 3324 1147 Antiochi,
3355 1098 3447 1154 nec
3486 1084 3814 1152 sacriﬁcabi-

2205 1173 2322 1280 πῖνε
2354 1153 2789 1238 transgredientes
2839 1153 2973 1228 legis
3009 1164 3200 1210 nostra:
3228 1153 3503 1222 mandata,
3536 1163 3592 1209 ut
3637 1172 3812 1211 eamus

2205 1243 2234 1280 a
2260 1237 2368 1280 tera
2393 1244 2493 1280 vta.

2202 1229 2368 1282 altera
2393 1228 2493 1282 via.

2275 1298 2345 1354 Et
2375 1307 2430 1354 ut
2453 1298 2670 1353 cessavit
2696 1296 2842 1369 loqui
2870 1297 3023 1352 verba
3047 1297 3181 1362 hcec,
3211 1297 3430 1352 accessit
3456 1297 3668 1367 quidam
3705 1297 3807 1352 Ju-

2203 1369 2349 1425 dteus
2371 1371 2422 1424 in
2450 1370 2680 1424 omnium
2709 1369 2874 1423 oculis
2891 1369 3188 1438 sacriﬁcare
3212 1369 3372 1441 idolis
3401 1385 3557 1441 super
3583 1384 3731 1423 aram
3754 1371 3810 1424 in

2205 1442 2412 1512 civitate
2440 1441 2648 1512 Modiu,
2681 1441 2967 1495 secundum
2980 1442 3190 1511 jussum
3213 1440 3351 1512 regis
3375 1454 3395 1494 :

2277 1511 2347 1566 Et
2375 1513 2503 1566 vidit
2555 1511 2902 1576 Mathothias,
2948 1521 2997 1566 et
3044 1512 3247 1572 doluit,
3292 1521 3340 1564 et
3382 1519 3807 1566 contremuerunt

2203 1599 2350 1656 renes
2379 1587 2521 1656 ejus,
2552 1590 2599 1637 et
2629 1599 2874 1656 accensus
2903 1591 2978 1637 est
3019 1582 3166 1656 furor
3187 1583 3301 1652 ejus
3339 1584 3619 1636 secundum
3664 1584 3812 1647 iudi-

2206 1655 2343 1709 cium
2369 1653 2516 1726 legis,
2550 1663 2598 1707 et
2623 1654 2854 1708 insiliens
2897 1653 3172 1726 trucidavit
3200 1669 3316 1726 eum
3343 1669 3499 1726 super
3527 1669 3698 1726 aram.

2282 1726 2388 1781 Sed
2418 1723 2474 1780 et
2492 1726 2682 1796 virum,
2711 1740 2861 1796 quem
2890 1740 2983 1778 rex
3009 1723 3297 1778 Antiochus
3342 1723 3572 1788 miserat,
3599 1725 3686 1794 qui
3713 1741 3808 1778 co-

2211 1796 2359 1880 gebat
2375 1795 2673 1880 immolare,
2705 1795 2894 1852 occidit
2925 1796 2977 1849 in
3006 1796 3122 1866 ipso
3169 1803 3416 1867 temmre,
3467 1805 3518 1849 et
3546 1811 3693 1849 aram
3721 1796 3814 1850 de-

2211 1878 2429 1923 struxit.

2218 1939 2584 2066 Βαιὲῃῗριαιιιε
2606 1947 2684 1994 est
2711 1940 2894 2013 legem,
2915 1937 3046 1993 sicut
3075 1937 3196 2009 fecit
3241 1935 3466 1992 Phinees
3500 1935 3679 1992 Zamri
3699 1938 3811 2008 ﬁlio

2409 2030 2444 2066 l.

2264 2027 2444 2066 αιοηιι.

2288 2080 2356 2134 Et
2393 2081 2699 2137 exclamavit
2744 2080 3071 2137 Mathathias
3097 2097 3217 2136 voce
3261 2097 3450 2151 magna
3491 2079 3550 2133 in
3590 2081 3807 2147 civitate,

2217 2152 2391 2207 dicens
2417 2170 2435 2208 :
2465 2153 2644 2208 Omnis
2666 2155 2755 2226 qui
2778 2153 2945 2209 zelum
2970 2152 3120 2208 habet
3143 2153 3271 2224 legis
3293 2161 3524 2206 statuens
3547 2161 3814 2207 testamen-

2218 2233 2348 2290 tum,
2373 2235 2519 2279 exeat
2545 2235 2656 2293 post
2683 2242 2784 2280 me.

2293 2293 2360 2348 Et
2387 2297 2519 2366 fugit
2544 2291 2671 2367 ipse,
2723 2305 2770 2349 et
2811 2295 2910 2365 ﬁlii
2938 2296 3050 2366 ejus
3089 2295 3143 2350 in
3167 2302 3386 2362 montes,
3415 2302 3468 2350 et
3495 2291 3813 2364 reliquerunt

2220 2381 2553 2438 quaecumque
2576 2367 2827 2423 habebant
2854 2368 2907 2420 in
2933 2367 3156 2421 civitate.

2297 2436 2861 2519 Tuuc'descenderunt
2914 2438 3065 2493 multi
3122 2444 3408 2509 quazrentes
3438 2436 3722 2511 judicium,
3760 2445 3806 2491 et

2215 2509 2499 2579 justitiam,
2524 2511 2576 2562 in
2607 2509 2884 2564 desertum.

2295 2577 2366 2632 Et
2387 2580 2629 2634 sederunt
2685 2581 2755 2635 ibi
2802 2581 2942 2649 ipsi,
2998 2587 3046 2634 et
3105 2579 3204 2647 ﬁlii
3247 2595 3447 2644 eorum,
3495 2587 3542 2634 et
3581 2579 3813 2634 mulieres

2224 2655 2505 2775 eorum,;et
2529 2667 2715 2722 pecora
2737 2668 2933 2720 eorum,
2984 2651 3230 2722 quoniam
3258 2651 3646 2706 inundaverunt
3665 2666 3814 2720 super

2224 2737 2312 2775 eos
2337 2737 2421 2774 ma
2445 2739 2496 2775 α.

2224 2737 2312 2776 808
2337 2737 2496 2776 ηιαια.

2233 2863 2246 2875 .
2301 2791 2369 2875 {It
2395 2795 2745 2875 renuntiatum
2772 2803 2846 2850 est
2865 2794 3176 2875 piris-regis,
3211 2803 3259 2875 et
3280 2793 3561 2875 exercitui,
3585 2793 3675 2864 qui
3711 2801 3814 2873 erat

2227 2863 2283 2918 in
2309 2863 2605 2937 Jerusalem
2626 2867 2826 2921 civitate
2853 2864 3047 2927 David,
3076 2863 3322 2937 quoniam
3350 2863 3702 2937 discessissent
3726 2863 3815 2916 viri

2229 2935 2462 3010 quidam,
2485 2938 2574 3007 qui
2615 2938 2995 3010 dissipaverunt
3025 2935 3329 3010 mandatum
3354 2938 3493 3010 regis
3517 2937 3572 2990 in
3593 2936 3703 2990 loca
3729 2949 3814 2988 oc-

2233 3007 2373 3078 culta
2401 3008 2454 3061 in
2477 3006 2694 3075 deserto,
2723 3006 3025 3063 etabiissent
3055 3018 3165 3078 post
3188 3007 3306 3062 illos
3327 3006 3499 3061 multi.

2296 3075 2364 3131 Et
2392 3080 2568 3134 statim
2597 3078 3028 3151 perrexeruntad
3056 3075 3173 3151 eos,
3225 3087 3273 3133 et
3321 3079 3692 3133 constituerunt
3725 3076 3816 3129 ad-

2235 3157 2411 3204 versus
2441 3167 2526 3205 eos
2560 3149 2799 3218 praelium
2823 3153 2877 3204 in
2909 3149 2995 3205 die
3019 3149 3372 3204 sabbatorum.

2305 3219 2374 3274 Et
2404 3222 2642 3276 dixerunt
2671 3222 2740 3275 ad
2765 3237 2888 3276 eos:
2913 3220 3170 3276 Resistitis
3191 3230 3238 3276 et
3261 3237 3396 3275 nunc
3424 3220 3642 3274 adhuc!
3666 3218 3810 3283 exite,

2237 3299 2285 3346 et
2313 3291 2468 3362 facite
2495 3295 2778 3348 secundum
2807 3293 3015 3347 verbum
3038 3292 3174 3363 regis
3199 3292 3535 3363 Antiochi,“
3561 3291 3746 3363 vivetis.

2306 3363 2377 3417 Et
2405 3363 2648 3419 dixerunt
2673 3381 2691 3418 :
2723 3363 2846 3418 Non
2870 3361 3127 3434 exibimus
3153 3379 3315 3434 neque
3340 3361 3595 3432 faciemus
3625 3361 3817 3415 rerbum

2234 3435 2371 3507 regis
2397 3474 2412 3497 ,
2442 3443 2500 3489 ut
2526 3435 2822 3507 polluamus
2852 3435 2990 3507 diem
3014 3433 3367 3507 sabbatorum.

2307 3504 2376 3559 Et
2407 3504 2787 3562 concitaverunt
2808 3506 3052 3559 adversus
3081 3520 3167 3558 eos
3192 3504 3454 3573 prwlium.

2312 3575 2378 3630 Et
2405 3594 2506 3632 non
2527 3579 2913 3648 responderunt,
2949 3576 3051 3643 eis,
3081 3572 3448 3648 nec_'lapidem
3477 3574 3716 3630 miserunt
3767 3572 3814 3625 in

2235 3661 2484 3721 eos_,_nec
2511 3651 2869 3721 oppilaverunt
2897 3647 3012 3701 loca
3034 3646 3259 3721 occulta,

2307 3716 2553 3774 Dicentes'
2578 3716 2596 3773 ἓ
2646 3719 2940 3775 Moriamur
2966 3734 3140 3771 omnes
3170 3717 3223 3771 in
3247 3716 3582 3788 simplicitate
3609 3722 3810 3788 nostra:

2237 3797 2286 3843 et
2313 3799 2462 3845 testes
2487 3801 2638 3846 erunt
2665 3807 2821 3858 super
2848 3805 2941 3844 nos
2969 3789 3181 3858 caelum,
3237 3799 3285 3843 et
3341 3786 3479 3843 terra
3506 3829 3523 3856 ,
3569 3786 3700 3859 quod
3737 3786 3811 3840 in-

2228 3863 2376 3932 juste
2401 3863 2614 3930 perditis
2645 3878 2760 3918 nos.

2312 3931 2380 3984 Et
2404 3932 2689 3989 intulerunt
2730 3933 2838 3990 illis
2865 3933 3053 3989 bellum
3086 3930 3309 3987 sabbatis
3343 3944 3362 3984 :
3410 3940 3461 3985 et
3484 3929 3674 3985 mortui
3703 3934 3812 3982 sunt

2239 4002 2368 4073 ipsi,
2421 4013 2469 4058 et
2539 4020 2724 4060 uxores
2802 4021 3014 4071 eorum,
3070 4012 3116 4058 et
3165 4003 3261 4073 ﬁlii
3303 4018 3525 4068 eorum,
3569 4011 3617 4056 et
3644 4014 3813 4070 pecora

2240 4089 2420 4128 eorum
2442 4091 2600 4144 usque
2625 4075 2696 4130 ad
2719 4076 2859 4131 mille
2887 4077 3090 4130 animas
3119 4073 3404 4128 hominum.

2313 4144 2385 4219 Et
2421 4142 2656 4218 cognovit
2696 4145 3048 4219 Mathathias,
3081 4156 3127 4203 et
3167 4144 3321 4200 amici
3348 4144 3501 4216 ejus,
3551 4152 3599 4198 et
3638 4142 3811 4208 luctum

2243 4215 2530 4291 habuerunt
2555 4234 2709 4291 super
2731 4235 2816 4274 eos
2842 4218 3014 4274 valde.

2315 4285 2385 4345 Et
2411 4289 2543 4344 dixit
2570 4282 2644 4342 vir
2671 4291 2909 4361 proximo
2937 4306 3032 4346 suo
3058 4305 3077 4344 :
3110 4288 3171 4345 Si
3196 4302 3371 4344 omnes
3401 4285 3670 4361 fecerimus
3696 4282 3811 4338 sicut

2244 4361 2435 4431 fratres
2475 4357 2930 4442 nostrifecerunt,
2961 4372 3007 4417 et
3024 4377 3137 4442 non
3166 4357 3811 4442 pugnaverimusadversus

2243 4428 2420 4502 gentes
2447 4449 2541 4504 pro
2571 4428 2842 4489 animabus
2871 4428 3061 4488 nastris
3081 4472 3097 4498 ,
3139 4428 3187 4485 et
3226 4428 3687 4500 justiﬁcationibus
3733 4439 3813 4476 ηο-

2243 4506 2403 4558 stris:
2434 4503 2573 4558 nunc
2603 4505 2759 4558 sitius
2789 4503 3085 4574 disperdent
3109 4518 3205 4574 nos
3231 4519 3262 4554 a
3289 4509 3427 4554 terra
3457 4514 3478 4574 ί

2317 4575 2385 4648 Et
2406 4577 2759 4648 cogitaverunt
2789 4575 2849 4648 in
2870 4565 2956 4628 die
2981 4575 3104 4648 illa,
3136 4571 3364 4648 dicentes
3394 4586 3423 4648 :_
3443 4567 3624 4648 _0mnis
3647 4565 3809 4626 homo,

2244 4641 2550 4716 quicumque
2572 4647 2760 4700 venerit
2781 4645 2850 4698 ad
2880 4661 2975 4699 nos
2998 4644 3054 4699 in
3077 4643 3212 4699 bello
3234 4643 3320 4716 die
3342 4641 3669 4695 sabbatorum
3688 4681 3700 4704 ,
3728 4652 3812 4716 put

2244 4707 2730 4788 gnemus'adversus
2750 4733 2867 4771 eum
2897 4731 2914 4770 :
2944 4726 2993 4788 et
3020 4732 3125 4788 non
3154 4713 3438 4788 moriemur
3464 4725 3636 4765 omnes
3654 4749 3669 4775 ,
3698 4707 3814 4762 sicut

2244 4785 2436 4840 mortui
2456 4797 2576 4842 sunt
2603 4786 2791 4856 fratres
2819 4787 2983 4842 nostri
3010 4787 3064 4840 in
3087 4785 3322 4840 occultis.

2318 4857 2462 4911 Tunc
2486 4851 2794 4930 congregata
2847 4867 2919 4930 est
2947 4857 3016 4911 ad
3041 4873 3123 4930 cos
3167 4870 3430 4930 synagoga
3488 4851 3812 4930 assidaorum

2244 4929 2393 5002 fort_is
2421 4923 2614 4983 viribus
2643 4923 2707 4984 ex
2730 4927 2936 5002 Israel,
2955 4929 3132 5002 omnis
3159 4923 3485 5002 voluntarius
3509 4923 3706 5002 lege.

2319 4998 2388 5054 Et
2436 5016 2638 5066 omnes,
2671 5001 2758 5070 qui
2789 4987 3063 5127 [vgiebant
3092 5015 3124 5052 a
3173 4995 3358 5064 malis,
3416 4995 3584 5050 additi
3621 4987 3732 5048 sunt
3756 4987 3812 5042 ad

2319 5088 2371 5127 s.
2399 5081 2448 5126 et
2469 5073 2589 5127 facti
2617 5073 2783 5126 sunti
2811 5073 2873 5126 lis
2897 5072 2964 5124 ad
2991 5071 3396 5127 ﬁrmamentum.

2251 5087 2371 5142 eosJ
2399 5081 2448 5126 et
2467 5073 2589 5142 facti
2617 5071 2873 5127 suntillis
2897 5072 2964 5124 ad
2989 5071 3396 5141 ﬁrmamentum.

2320 5140 2389 5196 Et
2435 5140 2752 5215 collegerunt
2794 5140 3074 5198 exercitum
3103 5181 3150 5215 ,_
3187 5146 3234 5215 et
3307 5141 3664 5215 percusserunt
3706 5145 3810 5215 pec-7

2249 5221 2446 5267 catores
2473 5216 2526 5268 in
2569 5208 2653 5268 ira
2705 5229 2798 5266 sua
2826 5253 2841 5279 ,
2870 5224 2916 5268 et
2946 5216 3080 5266 viros
3132 5208 3335 5280 iniquos
3385 5210 3440 5262 in
3489 5208 3808 5280 indignatione

2249 5301 2344 5338 sua
2367 5299 2386 5338 :
2415 5293 2462 5339 et
2493 5285 2664 5340 cwteri
2689 5285 2925 5353 fugerunt
2952 5284 3021 5336 ad
3041 5278 3306 5353 nationes,
3332 5290 3386 5353 ut
3415 5278 3700 5353 evaderent.

2327 5354 2395 5408 Et
2426 5357 2657 5410 circuiuit
2687 5347 3009 5412 Miit/tttthitts
3033 5395 3048 5424 ,
3080 5363 3128 5408 et
3155 5351 3310 5406 amici
3325 5352 3468 5424 ejus,
3500 5358 3549 5406 et
3578 5347 3808 5402 destruxe-

2250 5437 2371 5482 runt
2394 5443 2513 5483 aras
2537 5445 2556 5482 .'

2325 5498 2394 5553 Et
2447 5499 2876 5554 circumciderunt
2925 5513 3108 5568 pueros
3161 5493 3549 5568 incircumcist
3595 5489 3806 5560 quotquot

2253 5571 2551 5626 invenerunt
2590 5572 2642 5624 in
2675 5568 2861 5636 ﬁnibus
2892 5563 3060 5624 Israel
3085 5583 3104 5620 :
3133 5576 3181 5619 et
3208 5567 3262 5619 in
3293 5563 3621 5636 fortitudine.

2324 5641 2394 5695 Et
2423 5634 2815 5710 persecutisunt
2854 5641 2992 5709 ﬁlios
3043 5634 3324 5710 superbiai,
3383 5645 3434 5691 et
3478 5634 3802 5708 prosperatum

2251 5723 2327 5770 est
2347 5730 2475 5786 opus
2497 5715 2550 5770 in
2571 5715 2806 5769 manibus
2832 5725 3029 5768 eorum.
