3918 6192
131 269 223 326 475

1356 266 1562 325 LIBER
1598 265 1619 325 1
1658 263 2232 325 MACIIABA‘JORUM.

3302 268 3411 327 ιη

199 388 256 442 Et
291 388 628 443 obtinuerunt
671 387 833 457 legem
873 384 933 439 de
978 384 1215 439 manibus
1252 385 1517 457 gentium,
1547 393 1594 438 et
1637 387 1699 441 de
1726 383 1781 446 Α
1803 385 1911 457 sit,
1936 392 1989 457 et
2015 385 2202 437 occidit
2228 384 2376 438 illum
2400 398 2419 439 :
2442 393 2488 439 et
2509 381 2803 439 ceciderunt
2843 381 3098 440 vulnerati
3140 383 3289 450 multi
3310 427 3325 452 ,
3359 395 3409 440 et

138 462 351 533 manibus
373 477 559 533 regum
578 476 597 512 :
626 469 674 513 et
726 475 824 511 non
853 457 1099 533 dederunt
1124 473 1286 533 cornu
1316 458 1593 533 peccatori.

203 532 260 584 Et
280 527 823 602 appropinquaverunt
862 528 969 581 dies
1000 527 1307 581 Mat/zamia:
1338 528 1591 602 moriendi
1612 570 1628 595 ,
1658 540 1706 584 et

136 603 253 656 dixit
277 599 396 669 ﬁliis
422 599 581 655 suis
612 601 771 655 Nunc
804 602 1092 670 confortata
1122 609 1192 652 est
1220 599 1488 670 superbia,
1523 608 1568 650 et
1616 617 1703 653 ca-

132 677 335 743 stigatio,
369 684 418 727 et
440 686 645 743 tempus
667 672 969 743 eversionis,
1002 679 1047 723 et
1070 671 1147 722 ira
1179 671 1573 743 indignationis.

194 741 335 798 Nunc
384 761 509 815 ergo
529 741 555 809 ,_
574 760 605 797 ο
628 742 727 810 ﬁlii
748 784 761 805 ,
791 744 1113 795 armulatores
1138 750 1294 794 estote
1320 742 1476 811 legis,
1519 751 1567 795 et
1588 741 1706 797 date

132 819 305 869 animos
336 826 534 869 vestras
558 831 654 883 pro
684 821 974 869 testamento
998 824 1203 879 patrum
1225 822 1531 866 vestrorum.

195 886 251 939 Et
278 896 585 940 mementote
624 900 831 956 operum
857 895 1089 955 patrum,
1141 900 1255 950 qua:
1277 888 1506 954 fecerunt
1535 884 1588 938 in
1615 901 1705 955 ge-

133 958 461 1011 nt‘rationibus
503 957 614 1011 suis
649 955 667 1010 ἐ
722 965 768 1010 ει
808 956 1073 1024 accipietis
1119 955 1341 1025 gloriam
1371 969 1611 1025 magnam
1653 965 1704 1010 et

132 1045 287 1083 nomen
312 1041 590 1083 teternum.

187 1099 429 1153 Abraham
460 1116 633 1154 nonne
662 1099 715 1151 in
755 1099 1036 1153 tentatione
1081 1098 1316 1151 inventus
1362 1106 1437 1151 est
1490 1097 1700 1167 ﬁdelis,

129 1182 165 1224 ct
185 1181 463 1241 reputatum
491 1182 569 1225 est
592 1172 637 1223 ei
661 1170 729 1222 ad
745 1171 1007 1242 justitiam
1035 1170 1061 1223 Ζ)

185 1240 365 1311 Ioseph
396 1243 452 1296 in
484 1252 713 1312 tempore
738 1240 995 1313 angustia:
1032 1256 1140 1313 sua;
1184 1240 1459 1294 custodivit
1481 1241 1701 1296 ntanda-

126 1322 252 1375 tunz,
281 1324 325 1367 et
348 1314 520 1384 factus
542 1322 617 1367 est
647 1312 888 1368 dominus
918 1312 1162 1382 Ai'ggpti.

189 1381 401 1439 Phinees
434 1394 582 1456 pater
636 1394 833 1449 noster,
888 1381 1107 1438 zelando
1154 1381 1325 1437 zelum
1352 1382 1475 1453 Dei,
1508 1385 1703 1456 accepit

124 1466 469 1509 testamentum
495 1456 772 1509 sacerdotii
800 1456 997 1510 atemi.

124 1527 325 1651 Ileslus
375 1527 502 1581 dum
559 1528 790 1597 implevit
842 1528 1076 1595 verbum,
1133 1525 1303 1595 factus
1358 1535 1430 1580 est
1485 1527 1592 1582 dna:
1647 1528 1700 1582 in

152 1616 293 1651 :rae.

152 1601 293 1653 :rael.

183 1669 327 1725 Caleb
349 1712 365 1738 ,
396 1671 526 1725 dum
554 1670 861 1741 testificatur
885 1670 937 1724 in
968 1668 1209 1739 ecclesia,
1232 1668 1427 1739 accepit
1480 1668 1701 1726 haredi~

128 1750 284 1795 tatem.

186 1813 343 1867 David
402 1814 457 1868 in
507 1831 605 1869 sua
649 1812 1005 1868 misericordia
1057 1825 1361 1868 consecutus
1401 1821 1475 1869 est
1523 1815 1698 1871 sedem

123 1887 252 1953 regni
278 1887 330 1939 in
358 1887 573 1941 stecula.

185 1956 357 2024 tilias,
418 1958 545 2010 dum
593 1958 727 2010 zelat
770 1957 939 2011 zelum
995 1956 1123 2027 legis
1154 1995 1171 2023 ,
1234 1965 1468 2027 receptus
1522 1966 1598 2013 est
1645 1958 1701 2013 in

124 2031 306 2081 catum.

184 2101 403 2154 Ananias
425 2144 439 2169 ,
474 2110 525 2156 et
552 2100 798 2167 Azarias,
834 2106 885 2154 et
930 2098 1118 2154 Misael
1141 2099 1404 2154 credentes
1430 2140 1444 2165 ,
1500 2099 1703 2155 liberati

124 2180 227 2241 sunt
254 2172 315 2224 de
344 2175 586 2241 flamma.

183 2239 359 2312 Daniel
380 2246 435 2298 in
453 2261 552 2298 sua
575 2239 906 2312 simplicitate
917 2242 1159 2296 liberatus
1181 2250 1253 2296 est
1279 2241 1342 2294 de
1364 2257 1450 2296 ore
1471 2240 1700 2296 leonum.

185 2310 244 2385 Et
270 2317 338 2367 ita
356 2317 581 2385 cogitate
606 2310 696 2385 per
724 2315 1101 2384 generationem
1127 2356 1141 2377 ,
1196 2323 1244 2367 et
1270 2314 1651 2382 generationem
1681 2330 1699 2367 :

124 2396 161 2457 et
184 2384 204 2457 ἶ.
227 2386 306 2441 Al.
342 2384 443 2443 lac.
482 2384 572 2457 et]
601 2384 723 2456 quia
750 2400 924 2439 omnes
949 2386 1038 2457 qui
1067 2392 1275 2455 sperant
1326 2384 1380 2437 in
1424 2399 1570 2451 eum,
1601 2402 1704 2439 non

126 2455 465 2521 inﬁrmatur.

159 2524 247 2605 .Et
276 2545 308 2581 a
326 2530 487 2584 verbis
514 2528 613 2583 viri
639 2527 920 2605 peccatoris
952 2542 1012 2581 ne
1040 2525 1347 2593 timueritis,
1385 2527 1509 2597 quia
1532 2527 1707 2599 gloria

128 2600 223 2665 ejus
247 2610 437 2655 stercus
462 2643 476 2666 ,
508 2611 557 2654 et
580 2600 763 2654 vermis
793 2610 885 2653 est.

192 2666 352 2724 IIodie
374 2674 663 2735 extollitur,
699 2680 745 2724 et
772 2686 885 2723 cras
922 2686 1027 2723 non
1057 2670 1340 2723 invenietur
1362 2684 1380 2721 :
1430 2670 1553 2738 quia
1582 2686 1705 2725 con-

127 2754 282 2810 versus
311 2751 382 2797 est
410 2744 464 2796 in
495 2754 682 2796 terram
707 2756 855 2794 suam
878 2784 892 2807 ,
926 2752 974 2795 et
1003 2741 1249 2810 cogitatio
1280 2741 1390 2808 eius
1423 2742 1594 2807 periit.

200 2809 297 2867 Vos
324 2829 471 2885 ergo,
512 2814 643 2883 ﬁlii,
694 2809 1089 2885 confortamini,
1120 2822 1170 2866 et
1216 2812 1430 2866 viriliter
1469 2814 1606 2884 agite
1652 2814 1707 2867 in

128 2878 224 2950 tege
248 2899 263 2933 :
294 2878 413 2947 quia
442 2885 495 2938 in
512 2878 639 2953 ipsa
667 2878 880 2949 gloriosi
906 2883 1070 2937 eritis.

190 2953 252 3005 Et
277 2971 386 3010 ecce
429 2952 614 3011 Simon
640 2960 798 3025 frater
845 2964 1034 3018 vester,
1068 2952 1175 3008 scio
1199 2954 1342 3024 quod
1384 2954 1459 3007 vir
1502 2954 1708 3009 consilii

126 3034 189 3075 est
203 3066 231 3096 ,ί
249 3028 413 3093 ipsum
446 3028 623 3080 audite
652 3041 848 3096 semper
868 3066 881 3087 ,
914 3033 959 3078 et
991 3026 1098 3095 ipse
1117 3026 1221 3096 erit
1251 3025 1389 3078 vobis
1419 3034 1582 3091 pater.

189 3095 251 3147 Et
282 3096 448 3152 Iudas
474 3095 802 3152 Machabwus
834 3097 982 3167 fortis
1008 3095 1199 3149 viribus
1219 3112 1251 3148 a
1271 3099 1543 3167 juventute
1563 3113 1657 3150 sua
1688 3138 1703 3164 ,

1730 1776 1777 1837 Β

1808 456 1993 529 reli_aui
2024 457 2286 529 fugerunt.

1880 526 1946 598 Et
1966 524 2173 598 accepit
2201 527 2368 598 spolia
2395 542 2572 581 eorum
2599 542 2617 579 :
2644 533 2693 580 et
2720 524 2952 596 gladium
2989 526 3251 597 Apollonii
3284 528 3405 583 abs-

1808 596 1925 651 tulit
1950 596 2152 661 Iudas,
2183 596 2236 652 et
2261 609 2370 652 erat
2403 614 2639 668 pugnans
2678 598 2732 650 in
2756 614 2815 651 eo
2846 596 3079 651 omnibus
3101 599 3296 653 diebus.

1883 668 1948 722 Et
1976 670 2384 740 audit'ilSermi
2438 670 2680 738 princeps
2730 670 2985 723 exercitus
3029 668 3230 739 Syriae,
3271 672 3408 740 quod

1807 746 2133 813 congregavit
2162 739 2332 795 Iudas
2363 741 2813 812 congregationem
2843 741 3078 809 fidelium
3104 780 3119 806 ,
3147 750 3199 795 et
3244 739 3408 798 eccle-

1805 812 1938 864 siam
1962 830 2133 865 secum
2158 857 2172 878 ,

1878 880 1947 936 Et
1973 884 2088 937 ait:
2118 882 2334 937 Faciam
2366 882 2492 936 mihi
2534 898 2716 937 nomen
2744 923 2759 947 ,
2807 891 2853 937 et
2882 883 3210 952 gloriﬁcabor
3236 885 3291 939 in
3318 902 3402 939 re-

1805 969 1908 1026 gno
1934 996 1949 1019 ,
1981 965 2028 1009 et
2060 955 2324 1010 debellabo
2352 954 2549 1008 Iudam
2575 994 2589 1017 ,
2641 963 2688 1007 et
2730 969 2815 1007 eos
2837 954 2923 1024 qui
2964 971 3080 1009 cum
3102 956 3213 1026 ipso
3244 966 3363 1011 sunt
3386 996 3402 1024 ,

1805 1025 1891 1092 qui
1916 1027 2221 1094 spernebant
2245 1026 2453 1080 verbum
2483 1026 2637 1095 regis.

1877 1095 1947 1150 Et
1998 1099 2309 1165 praeparavit
2360 1112 2456 1152 se:
2488 1105 2534 1151 et
2584 1096 2922 1153 ascenderunt
2970 1113 3087 1152 cum
3136 1114 3193 1151 eo
3238 1107 3408 1154 castra

1804 1166 2083 1306 mipiorlum
2132 1173 2294 1293 fortes
2340 1168 2645 1238 auxiliarii,
2692 1176 2749 1222 ut
2773 1168 3000 1237 facerent
3047 1170 3328 1224 vindictam
3349 1170 3404 1225 in

1872 1255 1947 1293 tes
2011 1257 2126 1295 srae
2156 1281 2170 1295 .

1872 1241 1947 1293 ias
1979 1241 2170 1295 Israel.

1878 1310 1945 1383 Et
1970 1312 2510 1383 appropinquarerunt
2553 1327 2714 1383 usque
2746 1310 2815 1365 ad
2838 1310 3103 1368 Bethoron
3135 1328 3155 1367 :
3178 1321 3225 1367 et
3249 1313 3406 1368 exivit

1804 1377 1969 1437 Iudas
1992 1377 2192 1437 Obviam
2221 1377 2301 1437 illi
2330 1399 2445 1436 cum
2466 1377 2667 1453 paucis.

1883 1453 1950 1507 Ut
1973 1466 2143 1508 autem
2171 1456 2407 1509 viderunt
2437 1456 2715 1509 exercitum
2736 1455 3016 1509 venientem
3040 1454 3137 1510 sibi
3164 1454 3359 1509 obviam
3384 1500 3399 1523 ,

1804 1526 2045 1580 dixerunt
2084 1524 2239 1580 Iuda:
2269 1541 2287 1580 :
2318 1526 2588 1592 Quomodo
2635 1528 2914 1594 poterimus
2970 1528 3120 1591 pauci
3178 1544 3411 1597 pugnare

1804 1607 1984 1650 contra
2013 1597 2397 1651 multitudinem
2437 1607 2631 1668 tantam
2657 1638 2671 1659 ,
2697 1606 2742 1651 et
2797 1608 2901 1651 tam
2952 1599 3139 1668 fortem
3166 1639 3203 1664 ,.
3234 1606 3281 1651 et
3311 1614 3401 1652 nos

1804 1668 2010 1739 fatigati
2036 1686 2211 1723 sumus
2231 1668 2441 1739 jejunio
2469 1666 2625 1721 hodie
2647 1669 2671 1722 ?

1928 1740 2039 1793 tait
2071 1736 2496 1793 JudasfFacite
2526 1750 2599 1791 est
2627 1738 2871 1793 concludi
2899 1740 3088 1793 multos
3126 1740 3180 1792 in
3224 1756 3406 1793 manus

1807 1827 2093 1878 paucorum
2114 1828 2133 1864 :
2160 1820 2207 1864 et
2236 1826 2341 1864 non
2363 1819 2438 1863 est
2466 1808 2760 1877 di/ferentia
2780 1809 2835 1863 in
2857 1820 3131 1882 conspectu
3164 1808 3265 1864 Dei
3293 1810 3407 1865 ctuti

1808 1882 2027 1936 liberare
2047 1882 2099 1935 in
2118 1882 2291 1935 multis
2313 1923 2326 1946 ,
2360 1890 2405 1935 et
2432 1882 2485 1934 in
2512 1882 2711 1952 paucis.

1881 1953 2139 2021 Quoniam
2166 1969 2271 2006 non
2294 1954 2346 2005 in
2378 1952 2712 2006 multitudine
2736 1951 2990 2007 exercitus
3011 1952 3225 2007 victoria
3248 1951 3401 2019 belli,

1805 2026 1895 2079 sed
1920 2025 1985 2078 de
2006 2024 2131 2078 caelo
2160 2021 2417 2092 fortitudo
2438 2032 2535 2079 est.

1876 2094 1991 2163 Ipsi
2020 2097 2229 2149 veniunt
2276 2096 2346 2147 ad
2394 2111 2486 2149 nos
2518 2095 2573 2149 in
2622 2093 2953 2149 multitudine
2999 2094 3327 2163 contumaci,
3356 2103 3404 2149 et

1805 2167 2080 2237 superbia,
2130 2176 2184 2220 ut
2240 2166 2544 2236 disperdant
2599 2183 2729 2233 nos,
2778 2176 2825 2220 et
2863 2182 3049 2220 uxores
3076 2176 3311 2233 nostras,
3360 2174 3409 2236 et

1806 2239 1946 2307 ﬁlios
1978 2250 2181 2292 nostros
2202 2278 2215 2300 ,
2238 2248 2285 2291 et
2310 2246 2362 2289 ut
2388 2237 2611 2303 spolient
2644 2253 2737 2291 nos
2770 2252 2789 2290 :

1882 2308 1994 2363 Nos
2021 2325 2139 2363 vero
2162 2309 2504 2381 pugnabimus
2530 2324 2624 2379 pro
2664 2308 2936 2361 animabus
2976 2307 3166 2362 nostris
3193 2348 3208 2373 ,
3254 2316 3302 2362 et
3331 2307 3406 2362 lc-

1806 2380 1953 2453 gibus
1980 2381 2188 2453 nostris.
2240 2380 2269 2453 λ
2914 2451 2925 2453 ᾼ
2992 2448 3003 2453 Α
3292 2428 3306 2435 -

1808 2448 1839 2507 ῐτ.
1884 2451 1947 2503 Et
1977 2452 2086 2518 ipse
2116 2450 2369 2503 Dominus
2394 2458 2621 2503 conteret
2645 2465 2731 2504 eos
2756 2458 2874 2502 ante
2899 2448 3087 2518 faciem
3128 2458 3358 2503 nostram
3388 2466 3407 2504 :

1809 2539 1895 2577 vos
1924 2533 2099 2575 autem
2127 2537 2191 2575 ne
2214 2521 2489 2574 timueritis
2514 2536 2619 2575 eos.

1884 2592 1953 2647 Ut
1979 2592 2190 2647 cessavit
2228 2600 2399 2644 autem
2425 2592 2599 2661 loqui,
2649 2589 2846 2643 insiluit
2878 2590 2931 2645 in
2972 2606 3057 2644 eos
3096 2590 3267 2645 subito
3294 2606 3315 2644 :
3364 2600 3412 2645 et

1809 2666 2054 2719 contritus
2105 2672 2180 2719 est
2212 2662 2416 2730 Seron,
2466 2672 2513 2718 et
2565 2662 2819 2717 exercitus
2870 2666 2981 2735 ejus
3029 2663 3083 2716 in
3129 2671 3410 2732 conspectu

1808 2753 1996 2789 ιυεηιε.

1883 2756 1910 2788 Ἰ
1981 2775 1996 2789 ο

1830 2756 2263 2875 ΡδΕῗδρεγεεειιιιιε
2293 2814 2367 2859 est
2384 2822 2497 2860 eum
2521 2805 2577 2860 in
2606 2804 2855 2859 descensu
2884 2802 3146 2858 Bethoron
3174 2819 3329 2873 usque
3358 2803 3413 2856 in

1810 2894 2050 2947 campum
2074 2919 2089 2942 ,
2122 2888 2169 2931 et
2217 2878 2513 2931 ceciderunt
2551 2894 2615 2947 ea}
2645 2876 2716 2947 eis
2748 2875 3024 2947 octingenti
3052 2875 3191 2928 viri:
3229 2875 3413 2943 reliqui

1810 2946 1983 3003 autem
2013 2950 2258 3020 fugerunt
2279 2948 2331 3001 in
2366 2959 2554 3020 terram
2582 2946 2937 3020 Philisthiim,

1885 3019 1951 3073 Et
1978 3016 2159 3074 cecidit
2189 3020 2341 3072 timor
2366 3016 2523 3072 Judw
2543 3060 2557 3084 ,
2587 3034 2648 3070 ac
2679 3018 2901 3087 fratrum
2932 3019 3045 3089 ejus
3069 3058 3085 3083 ,
3108 3025 3155 3073 et
3184 3016 3412 3087 formido

1812 3108 1965 3163 super
1988 3108 2159 3144 omnes
2183 3102 2355 3163 gentes
2380 3091 2434 3143 in
2463 3089 2686 3143 circuitu
2711 3103 2907 3163 eorum.

126 3166 183 3218 sit
209 3170 343 3238 vobis
375 3171 612 3238 princeps
642 3158 844 3221 militiai
863 3208 877 3231 ,
906 3176 954 3221 et
976 3167 1084 3235 ipse
1108 3175 1221 3238 aget
1253 3158 1440 3221 bellum
1467 3168 1666 3237 populi.
1688 3158 1700 3164 ⁷
1735 3166 1783 3230 C
1875 3158 1951 3215 Et
1977 3158 2202 3238 pervenii
2226 3161 2295 3213 ad
2316 3176 2485 3233 regem
2512 3176 2696 3216 nomen
2716 3161 2862 3231 ejus,
2885 3170 2929 3215 et
2951 3160 3016 3215 de
3036 3158 3230 3231 proeliis
3258 3158 3414 3215 Iuda:

196 3237 259 3309 Et
278 3240 543 3295 adducetis
566 3240 635 3293 ad
658 3254 744 3293 vos
762 3254 938 3293 omnes
959 3237 1181 3308 factores
1204 3239 1353 3309 legis,
1380 3248 1427 3293 et
1451 3240 1710 3293 vindicate

129 3307 391 3383 vindictam
418 3312 597 3383 papuli
626 3311 799 3383 vestri.

192 3379 901 3437 Retribui'te'retributionem
955 3379 1191 3450 gentibus
1217 3418 1233 3446 ,
1280 3388 1329 3433 et
1371 3380 1618 3437 intendite
1660 3381 1715 3436 in

124 3465 430 3523 praeceptum
466 3453 613 3523 legis.

191 3523 255 3594 [ξι
287 3522 545 3579 benedixit
577 3541 693 3589 eos,
723 3530 769 3577 et
797 3522 1059 3594 appositus
1089 3532 1165 3577 est
1191 3522 1261 3575 ad
1294 3531 1465 3593 patres
1496 3538 1639 3576 suos.

193 3591 257 3645 Et
307 3597 578 3667 defunctus
619 3608 691 3649 est
730 3591 1192 3667 annoihcentesimo
1222 3605 1270 3647 et
1295 3591 1715 3667 quadragesimo

129 3675 267 3718 sexto
302 3663 387 3725 :et
418 3668 650 3736 sepultus
692 3676 765 3720 est
788 3682 819 3718 a
846 3663 973 3731 ﬁliis
997 3665 1105 3718 suis
1136 3667 1189 3717 in
1217 3663 1468 3735 sepulcris
1511 3663 1717 3736 patrum

126 3752 328 3790 suorum
377 3739 431 3792 in
475 3735 696 3807 Media,
748 3747 795 3792 et
840 3736 1152 3806 planxerunt
1198 3752 1316 3791 eum
1341 3736 1506 3791 omnis
1544 3735 1717 3792 Israel

128 3806 329 3872 planctu
353 3826 562 3883 magno.

745 3921 971 3980 CAPUT
1010 3920 1098 3977 Ill.

194 4088 259 4142 Et
288 4090 510 4144 surrexit
533 4087 706 4143 ludas
730 4131 746 4158 ,
772 4086 865 4158 qui
889 4082 1169 4139 vocabatur
1197 4080 1552 4153 Macltabteus,
1581 4086 1721 4156 ﬁlius

132 4164 233 4231 ejus
262 4178 353 4230 pro
382 4178 463 4215 eo.

191 4228 596 4303 Etiadjuvabant
625 4248 743 4285 eum
780 4246 951 4303 omnes
984 4232 1168 4298 fratres
1196 4229 1339 4303 ejus,
1371 4236 1418 4303 et
1464 4228 1721 4293 universi,

130 4296 849 4375 quiseicbnjunxerantpatri
875 4296 1031 4374 ejus,
1081 4308 1131 4355 et
1181 4296 1557 4369 prceliabantur
1588 4316 1722 4372 pra:-

125 4372 244 4427 lium
267 4372 439 4430 Israel
462 4392 580 4428 cum
608 4372 809 4429 lwtt'tia.

190 4444 259 4500 Et
287 4446 528 4501 dilatavit
558 4446 781 4517 gloriam
805 4444 999 4514 papula
1020 4456 1134 4517 suo,
1161 4452 1209 4517 et
1234 4442 1399 4499 induit
1421 4458 1475 4517 se
1506 4441 1723 4517 loricam

110 4516 247 4570 sicut
268 4519 416 4592 gigas
442 4561 459 4585 ,
487 4526 537 4573 et
560 4514 821 4592 succingit
843 4531 896 4592 se
925 4532 1074 4569 arma
1094 4514 1279 4570 bellica
1300 4529 1396 4570 sua
1425 4514 1477 4568 in
1500 4515 1716 4585 prtuliis,

99 4597 167 4638 ct
196 4588 498 4663 protegebat
528 4597 702 4643 castra
724 4588 906 4663 gladio
928 4603 1046 4641 suo.

196 4608 498 4663 prategeoat
528 4608 702 4643 castra
714 4608 906 4714 [gutum
928 4608 1046 4641 sua.

192 4660 392 4732 Similis
422 4664 593 4732 factus
616 4669 687 4714 est
764 4660 847 4714 oni
887 4660 1205 4732 inoperibus
1227 4660 1365 4726 suis,
1396 4668 1444 4713 et
1471 4656 1604 4712 sicut
1633 4674 1725 4711 ca-

97 4729 257 4803 !‘ulus
278 4729 439 4787 leonis
476 4733 694 4803 rugiens
721 4732 775 4784 in
788 4730 1081 4803 venatione.

203 4800 259 4855 Et
312 4800 617 4876 persecutus
667 4812 743 4876 est
778 4802 981 4871 iniquos
1025 4810 1523 4876 perscrutansueos:
1567 4809 1615 4854 et
1639 4801 1725 4876 qui

142 4872 495 4945 conturbabant
526 4874 779 4945 papulum
800 4888 950 4945 suum
970 4913 986 4945 ,
1022 4888 1109 4927 eos
1137 4873 1402 4926 succendit
1453 4872 1678 4942 [laniatis
1706 4888 1725 4926 :

201 4941 257 4999 Et
282 4948 479 5015 repulsi
524 4941 646 5000 sunt
692 4944 890 4998 inimici
936 4944 1048 5009 ejus
1078 4959 1188 5015 pra:
1232 4945 1414 4996 timore
1454 4941 1623 5015 ejus,
1677 4952 1726 4997 et

142 5024 292 5072 omnes
322 5013 551 5090 operarii
588 5016 872 5087 iniquitatis
902 5014 1195 5070 conturbati
1240 5022 1404 5069 sunt:
1446 5013 1495 5070 et
1531 5013 1726 5068 directa

138 5090 355 5159 “(salus
385 5092 439 5144 in
464 5106 623 5143 manu
650 5090 784 5159 ejus.

193 5155 257 5213 Et
288 5162 631 5217 exacerbabat
658 5154 801 5232 reges
823 5158 1010 5232 multos
1031 5202 1044 5225 ,
1088 5165 1137 5212 et
1159 5156 1454 5232 uelificabat
1483 5154 1643 5232 Iacob

128 5234 363 5341 alacribus
389 5235 499 5288 suis
522 5273 538 5300 ,
570 5240 618 5287 et
639 5233 696 5287 in
717 5228 978 5284 'sa’culum
1004 5230 1253 5283 memoria
1293 5231 1407 5301 ejus
1437 5228 1490 5283 in
1515 5228 1727 5283 benedi-

128 5306 147 5341 E'
169 5311 289 5341 ιηηο

120 5306 312 5359 ίἸιοηε⁸

142 5434 150 5442 ,
180 5371 263 5429 Et
286 5376 666 5447 perambulavit
689 5374 915 5447 civitates
942 5371 1106 5447 Iuda,
1138 5382 1185 5427 et
1207 5371 1436 5444 perdidit
1466 5371 1650 5443 impios
1667 5386 1731 5426 ex

105 5448 182 5490 "8
210 5491 225 5511 ,
260 5443 311 5503 et
343 5450 524 5502 avertit
554 5449 691 5501 iram
720 5445 782 5500 ab
817 5443 1004 5500 Israel.

174 5515 263 5573 Et
295 5520 595 5573 nominatus
619 5527 694 5573 est
726 5534 885 5588 usque
928 5518 995 5569 ad
1048 5516 1381 5571 novissimum
1431 5524 1582 5570 terra:
1607 5554 1623 5582 ,
1682 5522 1732 5570 et

85 5589 453 5662 congregavit
479 5597 770 5659 pereuntes.

172 5654 265 5717 Et
299 5654 635 5733 cvangregavit
657 5660 965 5733 Apollonius
988 5671 1163 5733 gentes
1189 5705 1202 5733 ,
1236 5668 1283 5714 et
1306 5676 1337 5712 a
1361 5657 1605 5733 Samaria
1630 5656 1733 5733 vir-

68 5724 189 5777 ιιι(
205 5751 286 5786 em
311 5724 529 5787 multam
550 5743 599 5803 et
628 5724 868 5803 magnam
893 5731 962 5786 ad
988 5724 1287 5785 bellandum
1310 5738 1510 5803 contra
1534 5726 1729 5781 Israel.

200 5803 275 5861 Et
304 5800 779 5877 vagnovitludas,
812 5812 862 5861 et
906 5802 1030 5861 exiit
1055 5803 1253 5861 obviam
1280 5800 1403 5859 illi:
1449 5810 1497 5860 et
1520 5814 1727 5872 percus-

1748 4550 1801 4613 D

1817 3233 2094 3287 narrabant
2124 3249 2296 3287 omnes
2326 3240 2518 3302 gentes.

1891 3302 1959 3358 Ut
2009 3305 2205 3357 audivit
2248 3314 2421 3356 autem
2463 3319 2557 3357 res:
2598 3303 2883 3356 Antiochus
2934 3318 3194 3357 sermones
3250 3303 3413 3367 istos,

1815 3375 1984 3428 iratus
2013 3385 2083 3429 est
2110 3375 2283 3428 animo
2315 3390 2333 3428 :
2360 3382 2409 3428 et
2441 3374 2607 3441 misit,
2656 3383 2704 3427 et
2757 3376 3083 3445 congregavit
3131 3375 3418 3429 exercitum

1816 3447 2035 3500 universi
2053 3446 2196 3516 regni
2225 3446 2339 3509 sui,
2367 3454 2539 3499 castra
2560 3445 2718 3514 fortia
2756 3446 2905 3499 valde
2934 3461 2954 3500 :

1890 3517 1956 3571 Et
1984 3515 2187 3584 aperuit
2214 3517 2458 3571 aerarium
2478 3532 2629 3570 suum
2660 3560 2674 3583 ,
2700 3524 2747 3569 et
2792 3516 2934 3571 dedit
2964 3515 3226 3584 stipendia
3271 3531 3419 3569 exer-

1817 3589 1939 3643 citui
1962 3588 2016 3643 in
2044 3605 2237 3644 annum
2266 3604 2285 3643 :
2315 3596 2362 3644 et
2390 3588 2651 3643 mandavit
2682 3585 2809 3658 illis,
2842 3597 2897 3641 ut
2940 3596 3108 3643 essent
3141 3588 3311 3658 parati
3346 3586 3417 3640 ad

1819 3678 1899 3715 om
1907 3677 1989 3713 ηια
2001 3701 2013 3715 .

1891 3730 1959 3785 Et
1988 3732 2112 3787 vidit
2130 3733 2270 3803 quod
2309 3732 2496 3802 defecit
2535 3731 2755 3802 pecunia
2784 3729 2847 3803 de
2888 3730 3141 3803 thesauris
3182 3728 3320 3795 suis,
3349 3736 3418 3803 _et

1822 3804 2011 3857 tributa
2041 3799 2277 3875 regionis
2313 3799 2516 3875 modica
2535 3799 2753 3872 propter
2783 3801 3185 3875 dissensionem,
3213 3809 3262 3853 et
3303 3799 3419 3869 pla-

1820 3890 1971 3946 gam,
2005 3869 2159 3944 quam
2181 3874 2302 3946 fecit
2328 3873 2385 3946 in
2429 3869 2597 3937 terra,
2643 3869 2707 3925 ut
2762 3872 2963 3927 tolleret
3002 3869 3270 3942 legitima,
3302 3887 3419 3939 qua:

1820 3944 1967 4000 erant
1990 3962 2021 3997 a
2043 3946 2223 4011 primis
2249 3944 2428 3997 diebus
2452 3960 2472 3997 :

1894 4013 1961 4067 Et
1985 4016 2188 4080 timuit,
2220 4030 2282 4069 ne
2311 4032 2414 4068 non
2445 4013 2652 4068 haberet
2682 4022 2736 4068 ut
2766 4012 2928 4070 semel
2951 4022 3001 4068 et
3039 4012 3114 4067 bis
3136 4054 3150 4079 ,
3181 4013 3236 4068 in
3277 4029 3423 4068 sum-

1822 4095 1942 4157 ptus
1970 4127 1985 4152 ,
2008 4095 2054 4140 et
2075 4086 2297 4139 donaria
2318 4126 2334 4152 ,
2368 4101 2484 4157 qua:
2521 4086 2734 4139 dederat
2781 4093 2901 4140 ante
2947 4084 3097 4157 larga
3126 4101 3284 4139 manu
3308 4129 3323 4155 ,
3368 4093 3419 4139 et

1822 4156 2174 4229 abundaverat
2200 4173 2356 4225 super
2381 4156 2530 4229 reges
2568 4156 2658 4226 qui
2680 4166 2797 4229 ante
2826 4173 2941 4212 eum
2962 4156 3194 4227 fuerant.

1894 4228 1964 4300 Et
1992 4238 2342 4284 consternatus
2372 4225 2482 4283 erat
2511 4229 2686 4282 animo
2714 4228 2891 4297 valde,
2942 4225 2989 4283 et
3046 4227 3287 4300 cogitavit
3342 4225 3419 4282 ire

1822 4302 1880 4356 in
1918 4298 2182 4356 Persidem
2208 4341 2223 4367 ,
2255 4309 2305 4356 et
2328 4302 2559 4370 accipere
2588 4300 2779 4355 tributa
2800 4301 3063 4369 regionum
3081 4298 3173 4367 [ει
3203 4312 3422 4368 congre-

1824 4387 1948 4446 gare
1976 4382 2248 4446 argentum
2268 4373 2508 4446 multum.

1899 4441 1967 4497 Et
2019 4436 2226 4515 r'eliquit
2283 4442 2494 4515 Lysiam
2551 4441 2807 4515 hominem
2857 4436 3191 4515 nobi_lcm_de
3236 4451 3423 4508 genere

1823 4516 2020 4587 regali,
2043 4508 2432 4587 supeLnegotia
2462 4513 2632 4585 regia,
2663 4531 2695 4567 a
2721 4511 2938 4583 [tantine
2962 4508 3231 4581 Euphrate
3260 4524 3423 4578 usque

1827 4584 1896 4642 ad
1922 4584 2116 4655 ﬂumen
2146 4584 2369 4657 Egypti
2387 4602 2406 4639 :

1900 4649 1967 4712 Et
2004 4666 2061 4712 ut
2099 4649 2319 4712 nutriret
2364 4657 2676 4712 Antiochum
2718 4654 2885 4725 ﬁlium
2937 4666 3089 4706 suum
3122 4649 3288 4705 donec
3331 4666 3418 4705 re-

1828 4730 1984 4784 diret.

1900 4799 2221 4875 Et_tradidit_
2240 4802 2286 4855 ei
2326 4801 2550 4875 medium
2579 4797 2958 4875 exercitum,“
3002 4793 3343 4875 elephantes:
3372 4802 3421 4846 et

1830 4872 2095 4945 mandavit
2122 4874 2167 4927 ei
2188 4873 2253 4927 de
2281 4874 2546 4945 omnibus,
2572 4884 2684 4941 qute
2707 4868 2927 4934 volebat,
2959 4875 3006 4921 et
3033 4865 3097 4919 de
3124 4863 3420 4945 inhabitan-

1828 4944 1962 4998 tibus
1990 4944 2231 4999 Judteam
2262 4954 2308 4997 et
2334 4940 2627 4997 Jerusalem
2651 4956 2669 4993 :

1904 5015 1971 5069 Et
2001 5025 2055 5069 ut
2080 5017 2302 5069 mitteret
2322 5015 2389 5067 ad
2419 5030 2499 5067 eos
2539 5011 2818 5066 exercitum
2845 5008 2916 5062 ad
2946 5004 3311 5062 conterendam
3370 5012 3419 5058 et

1830 5088 2218 5157 exstirpandam
2247 5080 2706 5157 virtuteml'sracl,
2736 5090 2782 5134 et
2805 5081 3051 5157 reliquias
3080 5074 3374 5132 Jerusalem
3402 5116 3416 5143 ,

1833 5166 1880 5211 et
1910 5151 2261 5227 auferendum
2280 5155 2581 5227 memoriam
2611 5166 2789 5204 eorum
2824 5151 2895 5227 de
2918 5156 3028 5206 loco
3044 5166 3069 5227 ,j

1910 5219 2061 5283 Et'ut
2100 5226 2430 5279 constitueret
2460 5222 2774 5277 habitatores
2820 5222 2955 5289 filios
3004 5219 3320 5291 alienigenas
3364 5234 3419 5271 tn

1831 5298 2069 5353 omnibus
2098 5294 2289 5366 ﬁnibus
2336 5310 2534 5361 eorum,
2585 5303 2631 5349 et
2670 5301 2806 5347 sorte
2851 5293 3178 5347 distribueret
3229 5299 3419 5343 terram

1833 5385 2033 5425 eorum.

1908 5439 1977 5493 Et
2006 5455 2097 5494 rex
2125 5436 2403 5503 assumpsit
2431 5441 2629 5506 partem
2652 5438 2905 5491 exercitus
2932 5434 3163 5506 residui,
3194 5440 3242 5487 et
3272 5430 3426 5485 exivit

1836 5512 1899 5564 ab
1926 5510 2201 5565 Antiochia
2228 5505 2438 5560 civitate
2460 5508 2605 5577 regni
2635 5509 2716 5561 sui
2742 5524 2883 5562 anno
2906 5505 3191 5577 centesimo
3218 5510 3265 5577 et
3300 5518 3425 5571 qua-

1836 5582 2127 5652 dragesimo
2148 5578 2365 5652 septimo
2390 5591 2407 5631 :
2427 5586 2474 5630 et
2491 5575 2843 5652 transfretavit
2868 5576 3187 5647 Euphratem
3209 5575 3403 5645 flumen
3417 5612 3431 5638 ,

1834 5664 1883 5709 et
1910 5649 2301 5723 perambulabat
2333 5649 2629 5723 superiores
2657 5651 2915 5723 regiones.

1912 5713 1976 5779 Et
2022 5725 2172 5795 elegit
2218 5713 2776 5796 Ly‘sias'_Ptoleutteuvnt
2815 5722 2985 5791 ﬁlium
3019 5713 3289 5796 Dorgmini
3312 5754 3329 5781 ,
3364 5724 3433 5796 ,ει

1838 5790 2179 5865 Nicanorem,
2202 5800 2252 5849 et
2272 5790 2547 5865 Gorgiam,
2574 5794 2707 5851 viros
2735 5790 2962 5866 potentes
2982 5808 3045 5849 ex
3061 5791 3240 5848 amicis
3268 5790 3439 5857 regis:
