3918 6192
531 134 639 194 875

1531 128 1588 185 8.
1634 123 2020 185 lIlERONYMl
2059 120 2290 181 DIVINA
2328 120 2806 181 BIBLIOTIIECA.

3693 129 3777 190 ιτθ

603 245 675 300 Et
710 246 847 302 misit
865 261 982 301 cum
1003 244 1075 301 eis
1093 241 1442 314 quadraginta
1463 240 1630 314 millia
1655 240 1919 314 virorum_,
1942 238 1992 314 e_t
2016 251 2128 308 sep-
2155 235 2209 296 Α
2305 233 2375 314 Et
2400 236 2645 314 viderunt
2670 248 2843 314 castra
2883 237 3113 308 gentium
3141 239 3355 314 valida,
3382 241 3680 314 etloricotos
3699 286 3714 313 ,
3736 253 3777 302 et

536 325 640 390 tem
669 318 842 390 millia
870 306 1137 390 equitum',
1184 306 1493 390 ut‘vEnirent
1524 312 1577 364 in
1622 318 1815 390 terram
1864 306 2033 377 Iuda,
2074 306 2128 362 et

538 387 897 454 disperderent
912 380 1037 443 'eam
1066 384 1346 438 secundum
1372 381 1580 454 verbum
1600 380 1760 453 regis.

610 453 677 514 Et
701 465 1055 532 processerunt
1097 453 1692 532 cum_uuirersa_virlute
1738 466 1855 516 sua,
1903 456 1950 503 et
1974 464 2127 532 vene-

537 539 683 595 runt,
701 518 764 585 'et
802 528 1163 598 applicuerunt
1190 521 1548 598 Emmaumiu
1590 533 1728 578 terra
1755 518 2053 590 campestri.

611 602 682 655 Et
707 596 988 654 audierunt
1027 605 1336 649 mercatores
1365 596 1635 667 regionum
1675 609 1861 667 nomen
1906 605 2124 667 eorum:

533 681 581 727 et
607 677 914 739 acceperunt
942 678 1210 740 argentum
1270 675 1317 721 et
1361 661 1548 721 aurum
1588 665 1807 740 multum
1846 661 2019 740 valde,
2044 671 2125 740 _et

540 732 772 812 pueros:
804 748 852 794 et
881 732 1123 794 venerunt
1142 737 1412 812 in__c_astra,
1445 738 1825 812 ut_accipereu_t
1853 735 1993 812 ﬁlios
2036 732 2122 812 Is-

538 804 645 868 rael
674 813 727 866 in
754 827 926 866 servos
948 826 968 865 :
1012 819 1061 863 et
1090 808 1262 864 additi
1289 817 1411 864 sunt
1449 808 1518 863 ad
1541 824 1625 865 eos
1645 804 1901 863 exercitus
1928 804 2121 878 Syriae,

534 893 581 937 et
610 892 761 938 terree
780 881 1213 952 alienigenarum.

606 952 674 1008 Et
702 951 832 1007 vidit
876 947 1073 1021 Iudas,
1114 958 1163 1006 et
1194 952 1385 1025 fratres
1411 953 1550 1025 ejus,
1598 950 1723 1025 quia
1771 947 2126 1022 multiplicata

531 1033 650 1079 sunt
679 1025 840 1090 mala,
873 1032 920 1077 et
950 1020 1204 1096 exercitus
1229 1020 1665 1096 applica'bantad
1680 1020 1809 1092 fines
1833 1020 2010 1096 eorum
2034 1034 2055 1075 :
2076 1028 2126 1074 et

532 1104 873 1168 cognoverunt
903 1097 1055 1149 verba
1082 1095 1239 1167 regis,
1264 1090 1386 1168 'q'ute
1424 1090 1691 1148 mandavit
1736 1090 1932 1163 populo
1955 1092 2127 1164 facere

532 1166 895 1231 in'iuteritum,
924 1173 972 1220 et
995 1166 1494 1221 consummationem
1523 1179 1543 1218 :

608 1238 674 1291 Et
701 1228 946 1292 dixerunt
976 1238 1327 1308 unusquisque
1359 1236 1427 1290 ad
1452 1236 1747 1308 proximum
1776 1248 1931 1287 suum
1958 1248 1978 1291 :
2001 1228 2128 1287 Eri-

534 1323 714 1380 gamus
743 1307 1079 1380 dejectionem
1101 1307 1284 1380 populi
1313 1308 1498 1380 nostri,
1525 1314 1574 1361 et
1595 1312 1885 1378 pugnemus
1906 1319 2003 1375 pro
2032 1319 2128 1376 po-

535 1382 659 1448 pqu
687 1379 878 1443 nostro,
909 1388 956 1435 et
973 1379 1164 1434 sanctis
1196 1379 1403 1433 nostris.

609 1448 675 1507 Et
692 1458 1029 1524 congregatus
1050 1456 1123 1504 est
1145 1458 1429 1505 conventus
1455 1456 1512 1503 ut
1535 1455 1701 1524 essent
1725 1446 1899 1524 parati
1920 1445 1973 1500 in
1996 1461 2126 1524 prte-

542 1519 669 1576 lium
696 1538 716 1577 :
739 1518 1124 1590 eiut—orarent,
1156 1529 1203 1575 et
1225 1530 1456 1594 peterent
1484 1518 1915 1585 misericordiam,
1944 1518 2003 1573 et
2025 1518 2122 1572 mi-

535 1596 836 1649 serationes.

607 1664 675 1718 Et
701 1664 994 1720 Jerusalem
1018 1680 1121 1718 non
1148 1662 1497 1729 habitabatur,
1526 1660 1617 1716 sed
1644 1670 1755 1715 erat
1782 1660 1916 1715 sicut
1941 1659 2116 1714 deser—

539 1744 648 1789 tum
674 1752 692 1791 :
722 1751 828 1790 non
850 1745 959 1789 erat
986 1735 1074 1806 qui
1100 1735 1451 1806 ingrederetur
1470 1743 1518 1789 et
1547 1735 1878 1806 egrederetur
1898 1730 1962 1784 de
1984 1731 2121 1785 natis

538 1808 651 1877 ejus
684 1823 700 1859 :
724 1815 771 1860 et
792 1802 1026 1877 sanctum
1046 1802 1449 1877 conculcabatur
1471 1820 1490 1860 :
1519 1802 1689 1877 et'filii
1710 1802 2121 1877 alienigenarum

539 1873 687 1931 erant
718 1878 773 1931 in
803 1894 941 1947 arce,
971 1875 1040 1947 ibi
1057 1886 1165 1931 erat
1194 1875 1445 1947 habitatio
1480 1873 1709 1947 gentium
1727 1889 1747 1928 :
1776 1883 1823 1947 et
1847 1873 2025 1929 ablata
2046 1880 2123 1929 est

536 1949 773 2019 voluptas
803 1964 834 2001 a
858 1945 1042 2011 Iacob,
1071 1956 1120 2002 et
1149 1948 1335 2019 defecit
1362 1946 1433 2001 ibi
1464 1945 1619 2019 tibia,
1650 1945 1939 2019 eicit/tura.

610 2017 679 2073 Et
710 2020 1005 2090 congregati
1034 2029 1177 2090 sunt,
1215 2014 1268 2074 et
1298 2025 1545 2072 venerunt
1585 2017 1641 2071 in
1674 2014 2123 2090 Masphacoutra

536 2087 827 2215 {ariusalelni
863 2107 876 2144 :
901 2087 1035 2162 'quia
1065 2089 1208 2180 licus
1246 2090 1495 2145 orationis
1521 2097 1630 2144 erat
1664 2089 1718 2143 in
1747 2087 1978 2159 M'asplta
2003 2097 2125 2143 ante

536 2175 589 2214 m
654 2177 809 2215 srae.

535 2175 589 2214 in
620 2175 809 2217 Israel.

613 2232 676 2286 Et
697 2236 1066 2306 jejunaverunt
1105 2232 1201 2287 illa
1229 2231 1312 2287 die
1336 2274 1351 2306 ,
1384 2238 1432 2286 et
1462 2229 1815 2306 indueruntse
1837 2230 2045 2299 ciliciis,
2075 2237 2125 2306 et

536 2302 762 2358 ciueréni
789 2305 1142 2377 imposuerunt
1188 2304 1347 2376 capiti
1373 2314 1465 2358 suo
1496 2316 1514 2357 :
1541 2312 1588 2357 et
1626 2302 1946 2358 discideruut
1968 2303 2121 2357 vesti-

536 2386 706 2427 menta
732 2392 824 2429 sua
849 2391 869 2430 .'

608 2441 674 2498 Et
701 2445 1057 2517 expanderunt
1077 2445 1235 2501 libros
1273 2444 1422 2516 legis,
1462 2445 1526 2501 de
1555 2443 1740 2516 quibus
1761 2444 2128 2500 scrutabantur

535 2525 711 2587 gentes
738 2517 1133 2572 similitudinem
1159 2519 1559 2572 simulacrorum
1584 2532 1795 2571 suorum
1819 2532 1838 2570 :

614 2586 680 2641 Et
705 2590 993 2643 attulerunt
1022 2599 1329 2642 ornamenta
1353 2587 1724 2653 sacerdotalia,
1770 2596 1817 2641 et
1847 2587 2125 2656 primitias,

532 2666 578 2711 et
606 2658 827 2783 definias
859 2675 879 2715 :
906 2669 954 2715 et
986 2660 1361 2715 suscitaverunt
1389 2658 1709 2727 Nazaratos,
1744 2658 1833 2727 qui
1879 2660 2127 2731 implere-

535 2738 651 2783 rant
710 2748 819 2783 ses:

535 2738 651 2783 rant
676 2730 781 2785 dies
800 2748 819 2784 :

609 2799 675 2853 Et
700 2802 1051 2857 clamauerunt
1099 2815 1218 2856 voce
1270 2816 1460 2869 magna
1507 2802 1561 2855 in
1601 2800 1807 2866 uelum,
1857 2799 2128 2856 dicentes:

538 2872 678 2943 Quid
705 2876 955 2943 faciemus
984 2874 1122 2935 istis,
1152 2883 1200 2928 et
1227 2889 1328 2942 quo
1354 2889 1440 2929 eos
1465 2873 1711 2927 ducemus
1743 2873 1769 2926 .’

608 2941 676 2996 Et
702 2941 882 3000 sancta
908 2953 1000 2999 tua
1021 2941 1323 3000 conculcata
1350 2952 1491 3012 sunt,
1519 2955 1568 2997 et
1594 2944 1947 2998 contaminata
1982 2953 2125 3008 sunt,

2234 309 2490 385 equitatus
2518 309 2573 385 i_n
2598 308 2818 385 circuitu
2840 325 3038 385 eorum,
3066 319 3116 364 et
3132 310 3187 365 hi
3216 308 3357 367 docti
3383 308 3718 385 ad_prtelium'.

2303 378 2369 433 Et
2399 379 2474 432 ait
2516 375 2688 434 Iudas
2714 378 2835 435 viris
2871 379 2962 450 qui
3002 394 3174 436 secum
3193 392 3338 437 erant
3384 396 3401 436 :
3430 375 3509 437 Ne
3546 386 3777 445 timueritis

2226 449 2616 524 multitudinem
2646 466 2845 524 eorum.
2875 449 2920 507 ct
2942 451 3188 524 impetum
3213 469 3390 507 eorum
3413 468 3475 508 ne
3504 456 3773 524 formidetis.

2308 520 2621 594 Mementote
2646 522 2872 593 qualiter
2899 522 3031 577 salvi
3057 524 3186 594 facti
3221 533 3341 594 sunt
3380 520 3544 594 patres
3569 529 3710 583 nostri
3733 531 3778 586 in

2234 593 2369 715 magi
2397 591 2608 660 Rubro,
2637 591 2755 647 cum
2782 591 3080 664 sequeretur
3103 610 3190 650 eos
3220 591 3426 652 Pharao
3451 612 3563 652 cum
3588 601 3776 655 exercitu

2234 677 2319 715 mu
2348 674 2418 715 to.

2232 674 2418 718 multo.

2302 732 2368 787 Et
2400 751 2539 791 nunc
2566 736 2850 791 clamemus
2885 736 2940 790 in
2970 736 3154 791 caelum
3180 781 3194 806 ,
3241 745 3289 792 et
3317 735 3624 794 miserebitur
3643 746 3776 800 nostri

2231 801 2508 874 Dominus,
2541 815 2590 861 et
2616 823 2809 881 memor
2832 807 2927 881 erit
2958 801 3254 881 testamenti
3275 819 3477 881 patrum
3503 824 3771 881 nostrorum,

2227 884 2274 929 et
2297 886 2524 951 c_onteret
2549 879 2829 933 exercitum
2856 880 3012 933 istum
3031 888 3151 934 ante
3172 879 3352 951 faciem
3379 891 3594 936 nostram
3614 879 3773 941 bodiei

2227 1015 2255 1071 1
2299 946 2368 1001 Et
2384 951 2555 1074 [scient
2580 966 2755 1006 omnes
2777 959 2971 1023 gentes,
2992 951 3113 1022 quia
3133 946 3208 1007 est
3229 951 3317 1023 qui
3337 951 3545 1007 redimat
3566 962 3609 1008 et
3628 955 3774 1011 liberet

2261 1034 2379 1074 srae
2410 1060 2421 1071 .

2261 1034 2421 1074 sraet.

2301 1087 2369 1143 Et
2396 1089 2725 1167 elevaverunt
2753 1091 3061 1167 alienigena
3085 1094 3265 1151 oculos
3294 1107 3416 1149 suos
3441 1135 3457 1164 ,
3495 1101 3540 1151 et
3576 1095 3773 1152 viderunt

2229 1173 2314 1214 eos
2342 1164 2595 1219 venientes
2626 1181 2690 1219 ea:
2723 1164 2961 1220 adverso.

2300 1229 2369 1284 Et
2399 1236 2630 1307 exierunt
2652 1236 2717 1290 de
2737 1237 2918 1307 castris
2940 1236 2994 1290 iu
3017 1236 3280 1307 praelium,
3312 1243 3361 1292 et
3388 1237 3503 1292 tuba
3521 1238 3768 1295 cecinerunt

2233 1301 2288 1357 Iti
2306 1347 2347 1374 ,_
2350 1306 2439 1374 qui
2464 1318 2610 1363 erant
2640 1324 2756 1363 cum
2784 1305 2930 1363 Iuda
2954 1324 2976 1362 :

2300 1372 2369 1428 Et
2385 1378 2662 1454 congressi
2691 1388 2809 1434 sunt
2834 1394 2853 1435 :
2880 1387 2927 1434 et
2956 1379 3193 1435 contritis
3218 1389 3341 1437 sunt
3364 1389 3527 1452 genm
3545 1420 3559 1447 ο
3587 1386 3629 1434 ετ
3650 1380 3776 1454 Μι-

2230 1455 2357 1534 τιυξε
2378 1446 2438 1530 in
2463 1446 2720 1534 campum.

2300 1516 2590 1595 Novissimi
2631 1530 2804 1577 autem
2848 1538 3023 1595 omnes
3062 1520 3364 1577 ceciderunt
3413 1522 3462 1577 in
3500 1520 3686 1595 gladio,
3730 1529 3773 1577 et

2154 1618 2202 1680 Β
2229 1591 2483 1680 persecuti
2512 1601 2741 1680 suut‘eos
2760 1611 2927 1678 usque
2945 1592 3190 1680 ﬁezeron
3216 1638 3231 1664 ,
3277 1602 3327 1648 et
3355 1591 3566 1680 usque-in
3590 1608 3771 1680 campos

2227 1656 2481 1716 ldunuete
2504 1703 2519 1728 ,
2551 1672 2598 1718 et
2623 1663 2771 1719 Ατοιὶ
2796 1707 2811 1731 ,
2841 1656 2903 1719 ἐι
2930 1658 3158 1719 Jamnia:
3182 1656 3274 1720 :ct
3302 1656 3575 1719 ceciderunt
3598 1679 3655 1718 ex
3677 1656 3771 1719 illis

2236 1746 2395 1798 usque
2419 1734 2489 1786 ad
2516 1735 2615 1788 tria
2641 1735 2805 1790 millia
2830 1738 3076 1792 virorum.

2302 1801 2372 1879 ξς
2391 1819 2618 1879 reversus
2640 1817 2713 1879 est
2736 1806 2767 1861 .l
2776 1812 2925 1879 udas,
2950 1816 2996 1863 et
3013 1806 3265 1863 exercitus
3287 1808 3424 1877 eius,
3450 1820 3642 1879 sequens
3660 1820 3772 1879 eum.

2303 1871 2547 1951 _Di:citque
2584 1878 2651 1931 ad
2692 1871 2943 1951 populum
2970 1895 2990 1935 :
3024 1878 3146 1934 Non
3189 1871 3557 1950 concupiscatis
3597 1875 3775 1947 spolia:

2225 1945 2349 2013 quia
2375 1944 2561 2000 bellum
2592 1944 2773 2003 contra
2800 1966 2893 2004 nos
2914 1960 3009 2005 est.

2298 2013 2615 2104 IEt‘G‘orgias
2647 2029 2696 2074 et
2722 2023 2973 2104 exercitus
3016 2024 3128 2104 ejus
3171 2037 3329 2093 prape
3379 2036 3467 2075 nos
3506 2018 3553 2072 in
3591 2026 3777 2104 montel:

2227 2086 2319 2139 sed
2341 2095 2473 2143 state
2501 2086 2637 2163 nunc
2678 2101 2859 2146 contra
2890 2086 3132 2149 inimicos
3162 2086 3375 2147 nostros
3400 2132 3415 2157 ,
3464 2100 3509 2146 et
3535 2098 3779 2163 expugnate

2227 2173 2348 2231 eos,
2365 2167 2409 2212 et
2440 2162 2649 2231 sumetis
2674 2176 2847 2231 postea
2876 2165 3045 2229 spolia
3072 2166 3257 2218 securi.

2303 2226 2381 2307 Et.
2401 2229 2575 2285 adhuc
2617 2226 3025 2307 loquenteluda
3064 2234 3175 2289 hinc
3200 2277 3215 2304 ,
3264 2249 3387 2290 ecce
3420 2231 3643 2307 apparuit
3675 2246 3773 2305 pars

2229 2301 2811 2374 quegdarnprospicirns
2841 2305 2905 2360 de
2931 2316 3126 2360 monte.

2302 2370 2368 2425 Et
2393 2370 2521 2448 vidit
2549 2370 2766 2446 Gorgias
2790 2376 2927 2447 quod
2947 2378 2999 2431 in
3032 2378 3210 2448 fugam
3232 2375 3465 2431 conversi
3490 2383 3599 2448 sunt
3632 2373 3780 2448 sui,et

2229 2444 2810 2520 succenderuntcastra
2831 2465 2851 2506 :
2878 2444 3053 2520 fumus
3080 2444 3218 2503 enim
3242 2488 3259 2515 ,
3302 2449 3402 2519 qui
3428 2446 3687 2511 ridebatur,
3711 2444 3781 2498 de-

2228 2514 2459 2588 clarabat
2486 2518 2625 2588 quod
2648 2518 2840 2588 factum
2869 2514 2965 2573 est.

2306 2586 2612 2663 Quibttsjlli
2635 2586 2921 2663 conspec!is
2948 2632 2962 2656 ,
2991 2590 3278 2663 timuerunt
3299 2588 3452 2643 ualde
3473 2629 3487 2652 ,
3521 2587 3780 2663 aspicientes

2231 2656 2388 2780 simili!
2422 2666 2468 2711 et
2495 2656 2695 2713 Iudam
2721 2704 2735 2730 ,
2760 2656 2835 2717 ἐι
2874 2661 3154 2717 exercitum
3193 2660 3248 2715 in
3279 2677 3462 2733 campo
3488 2668 3704 2732 paratum
3728 2657 3781 2709 ad

2232 2743 2340 2780 pra:
2365 2744 2491 2780 tum.

2271 2743 2357 2781 τίει
2365 2744 2469 2781 tum
2478 2770 2491 2783 .

2271 2744 2294 2777 r
2478 2770 2491 2783 .

2232 2744 2266 2797 Ρ
2296 2744 2642 2875 (ἕέιέΐσςνηηι
2667 2817 2843 2857 omnes
2864 2801 2920 2855 in
2941 2816 3179 2875 campum
3205 2801 3608 2875 alienigenarum
3629 2816 3648 2855 :

2310 2869 2375 2923 Et
2395 2869 2565 2925 Iudas
2584 2888 2813 2927 reversus
2832 2881 2908 2929 est
2930 2873 3001 2927 ad
3027 2869 3197 2943 spolia
3221 2869 3511 2929 castrorum
3533 2913 3547 2936 ,
3583 2878 3627 2943 et
3660 2883 3783 2924 acce-

2236 2950 2421 3011 perunt
2441 2958 2631 2997 aurum
2657 2945 2896 3007 multum.
2928 2952 2977 2998 et
3000 2955 3293 3016 argentum,
3318 2953 3367 3001 et
3394 2942 3715 3017 hyacinthum,
3744 2948 3783 2995 οε

534 3023 583 3067 et
610 3017 901 3070 sacerdotes
934 3016 1011 3070 tui
1038 3017 1163 3087 facti
1189 3026 1309 3070 sunt
1351 3017 1405 3070 in
1438 3005 1658 3087 luctum,
1686 3024 1735 3069 et
1774 3014 1829 3070 in
1856 3005 2125 3070 humiliter;
2155 3005 2201 3070 C
2231 3005 2515 3087 purpuram
2544 3017 2823 3081 marinam,
2858 3005 2905 3070 et
2934 3005 3323 3087 opes'maguas.

533 3093 655 3139 tem.

609 3153 678 3209 Et
704 3173 819 3212 ecce
842 3157 1073 3213 nationes
1101 3166 1442 3214 convenerunt
1482 3159 1754 3214 adversum
1800 3173 1919 3229 nos,
1948 3167 2006 3213 ut
2035 3173 2131 3213 nos

536 3225 849 3301 disperdant
866 3246 884 3282 :
909 3239 965 3282 tu
990 3230 1092 3283 scis
1116 3245 1233 3301 qua:
1262 3230 1493 3301 cogitant
1521 3232 1574 3284 in
1596 3247 1709 3284 nos.

612 3298 885 3375 Quomodo
915 3298 1199 3375 poterimus
1245 3299 1521 3375 subsistere
1549 3310 1670 3356 ante
1694 3301 1885 3375 faciem
1920 3315 2129 3367 eorum,

538 3368 641 3421 nisi
669 3377 748 3435 tu,
783 3371 951 3429 Deus.
983 3370 1195 3435 adiuves
1225 3387 1316 3424 nos
1346 3371 1371 3423 ?

612 3438 676 3510 ζεζι
702 3442 837 3495 tubis
858 3440 1287 3510 ecclamaverunt,
1304 3456 1422 3495 voce
1452 3455 1662 3510 magna.

610 3508 682 3563 Et
704 3523 819 3585 post
841 3514 950 3566 hinc
981 3511 1244 3565 constituit
1264 3509 1301 3565 J
1307 3510 1437 3566 udas
1458 3508 1615 3585 duces
1635 3513 1837 3584 papnli,
1863 3513 2129 3584 tribunos,

540 3591 590 3636 et
622 3580 967 3645 centuriones,
999 3592 1047 3637 et
1084 3580 1581 3650 pcnlaconlat‘chos,
1614 3580 1660 3637 et
1694 3580 2020 3639 decuriones.

611 3652 679 3719 Et
710 3655 840 3710 dixit
880 3654 957 3726 bis
986 3653 1076 3726 qui
1119 3653 1452 3718 mdiﬁcabant
1490 3654 1701 3726 domos,
1735 3666 1782 3710 et
1813 3656 2133 3726 sponsabant

540 3740 745 3790 uxores,
775 3736 825 3781 et
858 3724 1168 3795 plantabant
1194 3726 1367 3780 vineas
1394 3766 1409 3792 ,
1438 3734 1485 3779 et
1517 3724 1891 3795 formidolosis,
1922 3736 1978 3781 ut
2008 3728 2130 3781 red-

535 3796 667 3871 irent
688 3794 1037 3868 unusquisque
1066 3796 1119 3849 in
1142 3794 1351 3851 domum
1378 3794 1527 3871 suam
1554 3796 1847 3871 secundum
1878 3798 2061 3871 legem.

613 3865 678 3920 Et
708 3865 971 3922 moverunt
1024 3876 1192 3923 castra
1214 3908 1228 3935 ,
1262 3877 1310 3922 et
1352 3866 1732 3924 collocaverunt
1778 3868 1848 3923 ad
1894 3865 2132 3924 austrum

540 3935 835 4008 Enimaum.
1120 4004 1141 4008 _

612 4002 679 4063 Et
701 4009 773 4062 ait
800 4008 969 4085 ludas
996 4025 1016 4085 ς
1049 4004 1413 4081 Αεὶὶηρίηιὶηἱ,
1461 4020 1509 4066 et
1551 4019 1713 4085 estote
1746 4011 1847 4085 filii
1877 4020 2127 4085 potentes,

539 4087 585 4154 et
609 4089 767 4134 estote
796 4082 967 4149 parati
992 4081 1043 4133 in
1073 4091 1331 4154 mane,_ut
1352 4083 1588 4154 pugnetis
1617 4081 1864 4138 adversus
1878 4081 2128 4139 nationes

538 4149 657 4215 has,
677 4166 795 4223 qua:
824 4160 1171 4206 convenerunt
1193 4149 1441 4208 adversui
1477 4167 1569 4208 nos
1604 4154 1902 4226 disperdere
1928 4170 2047 4225 nos,
2077 4163 2127 4210 et

539 4232 719 4276 sancta
750 4232 927 4277 nostra
956 4237 976 4275 .'

614 4290 876 4369 Quoniam
898 4292 1083 4349 melius
1108 4302 1185 4349 est
1211 4310 1305 4349 nos
1330 4296 1464 4350 mori
1507 4297 1563 4350 in
1590 4292 1741 4368 bello,
1770 4312 1925 4369 quam
1955 4298 2128 4354 videre

540 4367 683 4435 mala
711 4364 877 4435 gentis
908 4373 1119 4428 nostrae,
1152 4375 1202 4421 et
1227 4376 1543 4423 sanctorum.

611 4434 760 4493 Sicut
785 4446 958 4492 autem
978 4438 1135 4509 fuerit
1164 4437 1400 4493 voluntas
1427 4438 1480 4493 in
1516 4434 1664 4509 caelo,
1696 4439 1770 4496 sic
1794 4439 1910 4511 ﬁat.
1998 4434 2019 4451 ““

1147 4601 1376 4663 CAPUT
1428 4603 1523 4663 IV.

610 4738 682 4817 Et
707 4742 986 4817 assumpsit
1027 4740 1254 4817 Gorgias
1299 4744 1525 4815 quinque
1568 4742 1737 4798 millia
1778 4742 2040 4811 virorum,
2087 4752 2135 4800 et

539 4812 683 4886 mille
708 4812 908 4886 equites
933 4814 1125 4871 electos
1141 4812 1170 4871 ἓ
1209 4824 1258 4870 et
1299 4812 1566 4886 moverunt
1595 4825 1766 4870 castra
1790 4824 1957 4871 nocte.

616 4882 686 4939 Ut
706 4882 1031 4954 applicarent
1060 4887 1128 4940 ad
1155 4894 1328 4941 castra
1355 4882 1704 4952 Iudaeorum,
1729 4897 1777 4941 et
1814 4895 2136 4953 percuterenl

537 4956 824 5027 eos_subito
847 4972 868 5013 :
893 4957 1088 5027 et_ﬁlii,
1118 4957 1210 5027 qui
1233 4966 1382 5011 erant
1404 4973 1467 5011 ex
1487 4973 1628 5026 arce,
1653 4967 1800 5012 eram
1820 4957 1928 5012 illis
1952 4960 2134 5015 duces.

614 5025 680 5110 Iit
702 5028 902 5110 audivit
927 5024 1211 5110 Juda's,’e_t
1238 5024 1625 5110 surrexitjpse,
1668 5037 1717 5110 et
1761 5039 1992 5110 potentes
2013 5046 2137 5110 per-

541 5105 716 5152 cutere
754 5099 995 5155 virtutem
1031 5100 1349 5156 exercituum
1378 5099 1553 5172 regis,
1600 5101 1691 5173 qui
1719 5099 1866 5156 erant
1906 5102 1960 5157 iu
2003 5099 2136 5156 Em-

541 5184 734 5225 maum.

612 5239 799 5312 édhuc
836 5242 973 5312 enim
998 5240 1265 5312 dispersus
1290 5252 1403 5298 erat
1431 5241 1689 5298 exercitus
1714 5260 1746 5298 a
1781 5243 1992 5300 castris.

614 5310 683 5365 Et
712 5314 844 5368 venit
868 5310 1089 5381 Gorgias
1109 5314 1162 5366 in
1182 5323 1355 5367 castra
1383 5312 1541 5368 Iuda:
1580 5323 1759 5378 noctu,
1803 5325 1849 5369 et
1872 5315 2129 5371 neminem

540 5381 755 5458 invenit,
789 5394 837 5439 et
851 5384 1122 5458 quaerebat
1150 5400 1237 5439 eos
1264 5385 1317 5438 in
1347 5386 1607 5441 montibus
1630 5402 1650 5441 :
1678 5386 1927 5458 quoniam
1953 5387 2085 5441 dixit
2108 5401 2127 5441 :

543 5448 778 5510 Fuaiunt
809 5455 861 5507 lii
877 5448 918 5507 va
942 5453 1107 5510 nobis.

652 5525 684 5578 It
706 5541 821 5599 cum
846 5525 1151 5599 diesrfactus
1176 5542 1256 5599 ess
1275 5532 1329 5589 ἰ,
1381 5528 1621 5599 apparuit
1659 5527 1692 5583 J
1701 5527 1833 5583 udas
1862 5529 1916 5583 in
1945 5544 2129 5598 campo

544 5594 853 5673 cumtribus
884 5595 1130 5673 milliqu
1152 5596 1381 5652 virorum
1412 5594 1615 5654 tantum
1665 5617 1685 5658 :
1714 5601 1805 5672 qui
1836 5594 2130 5673 tegumenta

542 5672 589 5717 et
618 5664 822 5735 gladios
851 5681 952 5721 non
980 5664 1235 5722 habebant
1267 5682 1285 5719 .'

2311 3082 2377 3137 Et
2422 3087 2654 3159 conversi
2681 3128 2696 3153 ,
2748 3082 2995 3159 hymnum
3024 3082 3331 3159 canebant,
3374 3095 3422 3143 et
3462 3082 3783 3159 benedicebant

2234 3150 2406 3232 Deum
2432 3150 2718 3232 incretum,
2748 3150 2992 3232 quoniam
3017 3156 3183 3213 bonus
3214 3167 3291 3214 est
3315 3150 3333 3228 ;
3371 3157 3606 3232 quoniam
3633 3157 3679 3208 in
3704 3168 3785 3208 sa-

2236 3226 2798 3302 culgmAmisericordia
2822 3233 2955 3302 ejus.

2306 3295 2376 3351 Et
2403 3299 2543 3368 facta
2570 3308 2642 3354 est
2671 3300 2816 3355 salus
2840 3295 3030 3368 inagna
3057 3300 3109 3354 in
3132 3297 3304 3355 Israel
3343 3301 3397 3354 in
3424 3299 3508 3353 die
3529 3297 3636 3353 illa.

2310 3369 2652 3444 Quicumque,
2673 3383 2844 3426 autem
2890 3369 3304 3444 alienigenarum
3344 3378 3640 3444 evaserunt,
3664 3378 3785 3421 vene-

2234 3449 2357 3515 runt
2385 3450 2483 3515 ,Het
2507 3439 2871 3515 nuntiaverunt
2903 3439 3074 3515 Lysia}
3099 3444 3344 3497 universa
3372 3457 3487 3514 qua:
3507 3439 3783 3515 acciderant.

2309 3512 2505 3578 Quibus
2533 3512 2626 3567 ille
2653 3514 2849 3568 auditis
2868 3556 2884 3580 ,
2925 3511 3281 3569 consternatus
3311 3511 3487 3568 animo
3511 3511 3746 3578 deﬁciebat
3770 3522 3786 3561 :

2234 3584 2372 3657 quod
2400 3598 2509 3657 non
2533 3584 2711 3651 qualia
2729 3585 2920 3657 voluit,
2954 3586 3083 3657 talia
3120 3586 3446 3657 contigerunt
3478 3585 3531 3638 in
3566 3581 3670 3657 [AL
3698 3591 3783 3635 lac.

2232 3651 2531 3726 in]__Israel,
2560 3667 2609 3711 et
2630 3656 2807 3721 qualia
2836 3651 3103 3710 mandavit
3134 3671 3245 3711 rex.

2307 3724 2376 3778 Et
2404 3729 2629 3801 sequenti
2657 3744 2803 3801 anno
2826 3729 3151 3801 congregavit
3180 3726 3368 3801 Lysias
3392 3721 3784 3801 virorum_electo-_

2233 3811 2346 3870 rum
2367 3799 2643 3870 sexaginta
2674 3797 2839 3853 millia
2863 3839 2878 3867 ,
2923 3794 2969 3853 et
3013 3794 3241 3870 Equitum
3265 3798 3491 3869 quinque
3513 3794 3699 3862 millia,
3740 3798 3785 3844 ιιι

2233 3866 2509 3922 debellaret
2535 3886 2642 3924 eos.

2306 3936 2374 3992 Et
2420 3949 2667 3995 venerunt
2710 3939 2766 3994 in
2803 3938 3047 3995 Iudaeam
3074 3980 3088 4004 ,
3136 3948 3184 3994 et
3227 3949 3403 3994 castra
3447 3937 3784 4005 posueruntln

2233 4006 2494 4093 liethoron
2519 4051 2533 4078 ,
2566 4020 2613 4066 et
2655 4012 2879 4066 occurrit
2915 4011 3021 4067 illis
3050 4010 3217 4066 ludas
3244 4027 3366 4065 cum
3396 4010 3566 4065 decem
3593 4004 3783 4063 millibus

2232 4094 2376 4137 virts.

2304 4150 2371 4205 Et
2398 4154 2632 4209 viderunt
2661 4153 2949 4222 exercitum
2969 4151 3191 4222 fortem,
3223 4159 3270 4207 et
3310 4153 3477 4207 oravit
3505 4192 3517 4214 ,
3561 4157 3605 4205 et
3636 4146 3785 4202 dixit:

2230 4220 2537 4280 Benedictus
2565 4242 2636 4284 es.
2667 4223 2894 4279 salvator
2919 4218 3119 4291 Israel,
3153 4223 3241 4291 qui
3272 4222 3559 4278 contrivisti
3580 4223 3787 4291 impetum

2231 4297 2459 4367 potentis
2498 4297 2554 4351 in
2585 4312 2742 4350 manu
2770 4296 2903 4350 servi
2933 4295 3009 4367 tui
3036 4292 3203 4367 David
3230 4293 3623 4367 ,ret_tradidisti
3646 4298 3786 4367 castra

2154 4397 2211 4459 υ
2232 4356 2641 4459 2fgitittigenarum
2669 4368 2724 4422 in
2751 4383 2907 4421 manu
2933 4364 3181 4422 Jonatlue
3207 4356 3307 4437 filii
3330 4364 3486 4435 Saul,
3512 4372 3555 4419 et
3578 4356 3787 4432 armigeri

2236 4452 2371 4494 eius.

2255 4454 2576 4566 υ’,ἐξηιειιιάε
2594 4510 2875 4566 exercitum
2896 4507 3053 4563 istum
3076 4507 3130 4562 in
3151 4522 3311 4563 manu
3342 4506 3523 4580 populi
3541 4506 3613 4560 tui
3626 4497 3787 4567 Israel,

2236 4589 2287 4637 et
2309 4582 2696 4653 confundantur
2721 4581 2777 4635 in
2805 4581 3035 4635 exercitu
3063 4594 3158 4653 suo
3178 4621 3192 4643 ,
3220 4588 3272 4653 et
3302 4578 3575 4653 equitibus.
3652 4645 3664 4653 Δ
3702 4652 3705 4653 ν
3750 4642 3771 4653 ν.

2311 4645 2533 4709 θεῖ’ἰιιὶι
2573 4653 2904 4725 formidinem
2928 4692 2946 4717 ,
2997 4660 3043 4706 et
3086 4649 3289 4725 tabefac
3324 4645 3594 4705 audaciam
3620 4645 3791 4700 virtutis

2239 4740 2437 4791 eorum,
2465 4735 2513 4779 et
2535 4722 2953 4779 commoveantur
2975 4722 3285 4777 contritione
3314 4736 3436 4775 sua.

2315 4787 2495 4870 Dejice
2533 4796 2657 4870 illos
2696 4795 2873 4867 gladio
2911 4791 3358 4870 diligentium_te_:
3383 4804 3432 4846 et
3460 4787 3731 4870 collaudem
3755 4792 3794 4838 te

2241 4861 2437 4931 omnes,
2463 4868 2555 4937 qui
2577 4861 2821 4922 noverunt
2846 4861 3030 4938 nomen
3060 4872 3205 4918 tuum
3232 4863 3287 4938 in
3312 4861 3539 4938 agninis.
3736 4925 3747 4938 ο

2313 4940 2382 4995 Et
2410 4932 2778 4995 commiserunt
2800 4937 3036 5007 pristiam
3069 4949 3087 4988 :
3113 4945 3160 4991 et
3181 4932 3481 4990 ceciderunt
3506 4932 3568 4989 de
3600 4932 3795 4987 exercits

2245 5011 2657 5086 Lysitequinque
2686 5008 2864 5086 millia
2879 5008 3127 5086 virorum.

2323 5074 2516 5139 Videas
2548 5074 2719 5137 autem
2743 5078 2926 5152 Lysias
2955 5082 3132 5149 fugam
3152 5094 3373 5152 suorum,
3391 5118 3407 5145 ,
3446 5086 3495 5133 et
3521 5074 3793 5149 Iudicormu

2242 5155 2520 5212 audaciam
2547 5199 2561 5222 ,
2586 5164 2670 5228 _et_
2697 5149 2835 5228 quod
2864 5152 3036 5220 parati
3062 5162 3179 5228 sunt
3200 5158 3297 5228 aut
3316 5149 3492 5228 virere
3516 5191 3529 5211 ,
3575 5154 3791 5228 nutritor!

2244 5229 2465 5300 fortiter,
2493 5213 2616 5280 ann
2641 5213 3062 5300 silicenium:
3084 5224 3231 5295 elegit
3258 5222 3469 5289 milites,
3500 5229 3553 5275 ut
3576 5213 3791 5285 multipli-

2235 5296 2337 5355 cati
2366 5314 2548 5352 rursus
2570 5299 2797 5353 venirent
2828 5299 2881 5351 in
2901 5296 3162 5352 Judeeam.
3462 5360 3502 5367 _
3714 5366 3721 5367 ί
3750 5354 3792 5367 η

2313 5368 2456 5424 Dixit
2480 5377 2649 5422 autem
2677 5368 2845 5422 Iudas
2869 5408 2886 5433 ,
2930 5376 2977 5422 el
3022 5366 3207 5435 fratres
3232 5367 3350 5437 ejus
3393 5377 3413 5419 :
3453 5360 3584 5437 Ecce
3620 5360 3789 5437 contriti

2235 5452 2356 5497 sunt
2385 5440 2581 5495 inimici
2607 5441 2768 5494 nostri
2791 5455 2809 5493 :
2832 5439 3168 5495 ascendamus
3189 5434 3331 5490 nunc
3355 5434 3606 5489 mundare
3622 5436 3785 5488 sancta,

2235 5522 2285 5567 et
2309 5525 2573 5566 renovare.

2311 5582 2379 5638 Et
2412 5591 2749 5668 congregatus
2772 5590 2846 5638 est
2874 5583 3038 5639 onmis
3073 5579 3328 5640 exercitus
3349 5618 3368 5646 ,
3414 5588 3462 5633 et
3488 5571 3789 5631 ascende

2237 5653 2291 5709 in
2321 5664 2543 5710 montem
2574 5653 2726 5710 Stoa.

3434 5748 3459 5755 ..ι

2220 5821 2259 5832 κ
