3918 6192
212 159 293 218 477
1436 155 1643 213 LIBER
1680 155 1701 212 Ι
1739 153 1787 210 Μ

1937 153 2318 215 ABEORUM.

3388 160 3497 220 478

272 275 336 330 Et
390 273 637 330 viderunt
691 271 1142 341 sanctiﬁcationem
1190 271 1443 326 desertam
1469 313 1484 336 ,
1533 281 1582 327 et
1628 273 1792 327 altare
1821 274 1870 332 Α
1897 287 2017 337 eos,
2049 281 2097 326 et
2126 273 2580 330 anathematizavit
2620 292 2704 331 eos
2734 318 2748 341 ,
2790 284 2836 332 et
2868 277 3092 333 incendit
3124 288 3288 333 turres
3315 295 3493 337 eorum

220 351 540 418 profanatum
571 387 586 408 ,
645 353 694 418 et
726 354 902 418 portas
936 353 1142 398 exustas
1167 352 1270 418 ,Uet
1309 345 1362 415 in
1392 345 1538 398 atriis
1569 343 1792 418 virgulta

222 414 333 472 nata
359 420 492 472 sicut
515 418 569 470 in
595 415 735 470 saltu
757 455 773 481 ,
826 416 902 469 vel
941 418 994 470 in
1037 414 1290 471 montibus
1316 456 1332 483 ,
1378 425 1424 470 et
1455 414 1793 485 pastophoria

224 491 403 543 diruta.

284 559 343 614 Et
373 559 636 615 sciderunt
665 557 959 612 vestimenta
987 573 1083 612 sua
1107 598 1123 623 ,
1163 567 1210 611 et

220 648 388 699 magno
413 672 428 693 ,
471 639 516 684 et
546 632 901 700 imposuerunt
927 630 1150 684 cinerem
1198 629 1326 702 [AL
1360 628 1552 683 cineres

213 713 354 772 caput
395 717 568 754 suum.

275 771 335 825 Et
365 772 662 828 ceciderunt
691 774 744 827 in
773 773 954 841 facient
980 787 1135 840 super
1162 780 1351 825 terram
1375 813 1390 835 ,
1444 780 1491 824 et
1511 770 1793 841 exclama~

211 853 375 917 verunt
406 844 541 917 tubis
571 840 858 917 signorum,
887 852 937 898 et
962 842 1315 917 clamauerunt
1345 844 1398 896 in
1423 840 1628 917 cmlum.

271 913 415 968 Tunc
445 913 703 970 ordinavit
735 913 903 969 Judas
925 915 1060 968 viros
1089 955 1104 978 ,
1150 923 1204 965 ut
1231 927 1516 984 pugnarent
1549 915 1792 968 adversus

211 1002 284 1040 eos
311 988 399 1053 qui
420 998 570 1040 erant
593 989 647 1041 in
671 1004 808 1051 arce,
841 986 1001 1040 donec
1029 984 1362 1038 e'nundarent
1385 995 1585 1039 sancta.

274 1056 336 1110 Et
359 1057 512 1124 elegit
532 1059 826 1114 sacerdotes
847 1058 956 1113 sine
973 1057 1199 1124 macula,
1224 1056 1535 1110 voluntatem
1555 1054 1794 1112 habentes

213 1129 255 1181 in
285 1129 391 1183 leae
417 1129 513 1182 Dei
540 1145 560 1183 .°

274 1147 760 1255 emltjtiidaverunt
804 1207 978 1255 sancta
1003 1241 1018 1263 ,
1049 1208 1099 1252 et
1126 1198 1355 1253 tulerunt
1385 1195 1586 1269 lapides
1613 1205 1794 1252 conto-

214 1271 497 1325 ntinationis
523 1273 576 1324 in
602 1275 772 1326 locum
800 1271 1148 1337 immundum.

277 1341 339 1394 lit
368 1345 608 1413 cOgitavit
639 1347 702 1397 de
725 1343 879 1397 altari
909 1342 1354 1407 holocaustorum,
1380 1341 1517 1409 quod
1543 1340 1794 1412 profana-

216 1425 319 1484 tum,
337 1423 466 1481 erat,
497 1415 624 1483 quid
652 1414 718 1468 de
737 1431 796 1468 eo
827 1415 1039 1484 faceret.

279 1483 341 1535 Et
360 1481 536 1538 incidit
559 1485 665 1539 illis
683 1481 958 1539 consilium
981 1484 1186 1548 bonum,
1218 1492 1272 1535 ut
1293 1481 1612 1536 destruerent
1633 1481 1792 1537 illud:

213 1571 268 1606 ne
289 1555 416 1622 forte
433 1557 539 1609 illis
560 1565 687 1609 esset
711 1558 762 1608 in
790 1555 1145 1625 opprobrium,
1168 1554 1292 1624 quia
1313 1554 1792 1610 contaminaverunt

215 1626 335 1697 illud
358 1635 550 1697 gentes,
581 1637 628 1681 et
657 1627 887 1682 demoliti
914 1637 1030 1680 sunt
1057 1625 1215 1679 illud.

279 1696 341 1749 Et
360 1693 699 1769 reposuerunt
728 1697 928 1769 lapides
952 1700 1005 1751 in
1032 1705 1201 1750 monte
1228 1693 1410 1769 domus
1434 1694 1487 1748 in
1515 1697 1626 1769 loco
1648 1705 1792 1766 apto,

211 1767 533 1840 quoaduique
563 1769 752 1823 veniret
775 1767 1029 1840 prapheta
1049 1809 1064 1832 ,
1097 1779 1144 1821 et
1174 1767 1598 1840 responderetde
1626 1769 1722 1822 eis.

278 1838 342 1891 Et
370 1837 674 1908 acceperunt
702 1837 901 1909 lapides
927 1840 1152 1911 integros
1181 1837 1469 1911 secundum
1505 1837 1667 1911 legem
1687 1879 1720 1911 ,ν
1750 1847 1796 1892 et

211 1907 584 1977 adiﬁcaverunt
614 1907 781 1967 altare
807 1927 995 1966 novum
1023 1907 1303 1965 Secundum
1333 1907 1502 1977 illud,
1533 1910 1669 1978 quod
1697 1910 1797 1981 fuit

211 1998 344 2048 prius
375 2000 390 2036 :

281 2052 343 2104 lit
365 2055 750 2122 wdiﬁcaverunt
776 2063 956 2108 sancta
977 2094 991 2115 ,
1024 2061 1070 2107 et
1099 2068 1213 2121 qua:
1253 2052 1387 2103 intra
1416 2049 1626 2104 domum
1651 2060 1796 2105 erant

210 2121 509 2180 intrinsecus
531 2142 550 2180 :
580 2135 626 2179 et
647 2125 811 2180 aedem
839 2135 887 2180 et
913 2125 1052 2178 atria
1079 2122 1551 2191 sanctiﬁcaverunt.

281 2192 344 2246 Et
373 2200 604 2266 fecerunt
634 2214 756 2250 vasa
785 2208 962 2250 sancta
987 2211 1136 2259 nova,
1170 2206 1216 2249 et
1245 2194 1526 2247 intulerunt
1555 2192 1797 2248 candela-

213 2263 384 2327 brum;
400 2277 445 2322 et
466 2269 635 2322 altare
659 2269 1012 2332 incensorum,
1042 2277 1086 2320 et
1121 2281 1349 2318 mensam
1380 2268 1436 2314 in
1469 2267 1732 2332 templum.

277 2334 345 2388 Et
370 2339 635 2393 incensum
664 2346 948 2408 posuerunt
975 2354 1129 2404 super
1157 2336 1346 2400 altare,
1378 2342 1426 2386 et
1452 2337 1796 2408 accenderunt

212 2405 464 2476 lucernas,
491 2425 610 2480 qua:
631 2405 790 2480 super
816 2408 1182 2463 candelabrum
1211 2416 1383 2472 erant,
1414 2416 1463 2459 et
1487 2405 1720 2461 lucebunt
1741 2407 1794 2462 in

215 2493 303 2531 tm
311 2482 411 2545 plo,

283 2549 345 2603 Et
375 2562 656 2622 posuerunt
680 2569 831 2624 super
859 2567 1086 2624 mensam
1126 2565 1284 2619 panes
1309 2588 1323 2610 ,
1357 2555 1404 2601 et
1438 2548 1796 2617 appenderunt

214 2621 339 2682 vela,
371 2621 415 2675 et
444 2621 921 2677 consummaverunt
949 2621 1121 2676 omnia
1151 2637 1305 2692 opera
1325 2635 1442 2690 quae
1471 2626 1716 2689 fecerant.

285 2692 346 2744 Et
366 2704 482 2749 ante
499 2697 812 2748 matutinum
831 2703 1160 2762 surrexerunt
1180 2691 1360 2762 quinta
1380 2702 1426 2745 et
1453 2692 1692 2761 vigesima
1715 2691 1798 2746 die

215 2767 394 2846 mensis
418 2767 540 2819 noni
608 2765 693 2819 hic
716 2777 788 2846 est
819 2766 1004 2818 mensis
1027 2761 1254 2834 Casleu)
1281 2763 1538 2818 centesimi
1569 2764 1800 2834 quadra-

211 2837 383 2902 gesimi
411 2837 574 2889 octavi
605 2839 748 2891 anni.

285 2904 350 2959 Et
397 2908 690 2961 obtulerunt
739 2907 1051 2976 sacriﬁcium
1106 2905 1386 2960 secundum
1434 2904 1595 2976 legem
1641 2920 1799 2975 super

213 2974 374 3032 altare
397 2979 811 3034 holocaustorum
837 2974 1059 3043 novum,
1092 2977 1231 3047 quod
1259 2974 1509 3045 fecerunt.

1239 556 1548 628 planxerunt
1579 557 1793 628 planctu

1575 575 1795 699 me:

1897 345 2024 418 ign_i_,
2048 361 2165 398 cum
2193 349 2426 401 omnibus
2451 348 2540 418 qui
2562 348 2616 401 in
2639 349 2712 402 eis
2732 359 2898 403 erant.

1968 413 2036 467 Et
2081 419 2314 471 transivit
2355 419 2425 471 ad
2463 413 2601 488 filios
2639 421 2857 473 Ammon
2883 465 2897 487 ,
2951 429 2999 474 et
3043 419 3233 474 invenit
3281 437 3491 478 manuus

1897 488 2085 567 fortem
2111 527 2126 551 ,
2165 498 2218 542 et
2246 489 2796 560 papulum'copiosum
2820 529 2837 558 ,
2886 501 2932 546 et
2963 491 3284 547 Timotheum
3311 493 3492 549 ducem

1896 573 2127 628 ipsorum
2155 577 2173 612 .-

1967 627 2036 681 Et
2067 631 2316 685 commisit
2343 647 2458 685 cum
2480 632 2552 686 eis
2581 633 2762 699 prtelia
2790 633 2954 688 multa
2978 673 2994 697 ,
3047 641 3096 688 et
3137 634 3342 689 contriti
3370 644 3490 691 sunt

1894 699 1949 753 in
1980 711 2266 774 conspectu
2279 719 2480 768 eorum,
2510 713 2559 758 et
2583 705 2832 774 percussit
2857 721 2945 758 eos
2969 721 2988 759 :

1969 771 2036 824 Et
2067 770 2195 844 cepit
2224 770 2390 828 Gazer
2417 770 2669 829 civitatem
2691 817 2707 842 ,
2749 786 2795 830 et
2823 777 2960 844 ﬁlias
2988 776 3100 844 ejus
3121 818 3137 844 ,
3179 783 3226 830 et
3258 792 3488 833 reversus

1895 851 1972 896 est
2005 844 2054 895 in
2083 842 2345 900 Indicam.

1971 913 2038 967 Et
2077 925 2402 989 congregata:
2431 924 2754 989 suntgentes
2777 957 2794 983 ,
2841 933 2960 989 quia
3001 928 3121 972 sunt
3156 917 3213 972 in
3244 916 3450 974 Galaad
3473 961 3489 984 ,

1971 933 2038 967 at
2077 933 2174 970 con
2211 933 2402 986 regaue
2431 933 2548 971 sunt
2578 933 2754 988 gentes
2777 957 2794 983 ,
2841 933 2960 989 quae
3001 933 3121 972 sunt
3156 935 3213 972 in
3244 933 3449 974 uataatt
3473 961 3489 984 ,

1895 983 2138 1056 adversus
2169 933 2453 1051 7sraelitas,
2487 987 2572 1056 qui
2599 999 2745 1042 erant
2777 989 2828 1042 in
2859 990 3049 1056 ﬁnibus
3078 1005 3276 1052 eorum,
3307 998 3364 1044 ut
3391 991 3491 1045 tol-

1896 1055 2065 1128 lerent
2088 1074 2196 1121 eos,
2225 1069 2271 1112 et
2294 1055 2541 1128 fugerunt
2563 1060 2616 1112 in
2641 1055 2932 1114 Datheman
2957 1062 3312 1114 munitionem.

1970 1125 2036 1180 Et
2063 1125 2312 1202 miserunt
2343 1125 2539 1186 litteras
2567 1130 2638 1185 ad
2663 1130 2862 1185 ludam
2887 1173 2901 1194 ,
2933 1141 2979 1186 et
3006 1133 3193 1202 fratres
3224 1133 3336 1197 eius
3360 1171 3378 1197 ,
3409 1132 3491 1186 tli-

1897 1209 2063 1274 centes
2107 1215 2126 1252 :
2166 1199 2501 1271 Congregutte
2547 1211 2669 1256 sunt
2718 1199 3130 1258 advei'sum'nos
3178 1213 3349 1274 gentes
3400 1220 3491 1272 per

1892 1271 2182 1344 circuitum,
2215 1281 2272 1324 ut
2297 1290 2390 1326 nos
2415 1274 2652 1344 auferant
2676 1289 2695 1326 :

1969 1338 2036 1416 Et
2075 1352 2264 1416 parant
2294 1338 2495 1416 venire;
2534 1353 2582 1416 et
2609 1361 2860 1414 occupare
2885 1345 3220 1400 munitionem
3251 1346 3306 1398 in
3337 1361 3494 1416 quam

1897 1411 2225 1478 confugimus
2251 1428 2272 1467 :
2300 1425 2346 1466 et
2373 1413 2672 1470 Timotheus
2699 1411 2772 1470 est
2795 1417 2902 1470 dux
2930 1418 3185 1470 exercitus
3215 1411 3415 1471 eorum.

1972 1481 2287 1558 _Nunc_ergo
2324 1485 2436 1558 veni
2459 1526 2495 1558 ,_
2520 1495 2586 1558 et
2620 1488 2762 1557 eripe
2790 1504 2882 1542 nos
2911 1487 2974 1542 de
3005 1489 3238 1543 manibus
3264 1503 3440 1543 eorum
3470 1532 3485 1558 ,

1894 1554 2016 1622 quia
2049 1555 2228 1608 cecidit
2253 1556 2528 1610 multitudo
2553 1557 2616 1612 de
2645 1554 2811 1612 nobis.

1973 1622 2039 1676 Et
2066 1643 2239 1680 omnes
2269 1629 2455 1695 fratres
2479 1629 2676 1695 nostri,
2716 1630 2804 1694 qui
2831 1639 2976 1682 erant
3014 1632 3069 1683 in
3113 1630 3240 1683 locis
3282 1629 3450 1684 Tubin
3476 1669 3493 1692 ,

1900 1693 2153 1763 interfecti
2183 1693 2300 1750 sunt
2328 1713 2346 1752 :
2375 1707 2424 1751 et
2455 1693 2683 1769 captivas
2709 1693 2970 1753 duxerunt
2994 1707 3178 1755 uxores
3198 1717 3377 1754 eorum
3396 1743 3410 1764 ,
3445 1710 3491 1754 et

1900 1774 2067 1840 natgs.
2102 1769 2361 1840 et_spolia,
2393 1779 2442 1821 et
2471 1780 2792 1840 peremerunt
2816 1771 2923 1824 illic
2953 1773 3058 1840 fere
3089 1773 3230 1825 mille
3259 1774 3414 1825 viros.

1973 1833 2040 1888 Et
2081 1833 2250 1892 adhuc
2286 1833 2514 1907 epistola:
2549 1839 2882 1909 legebantur,
2931 1833 2978 1896 et
3027 1855 3138 1896 ecce
3180 1844 3272 1896 alii
3319 1843 3490 1897 nuntii

1898 1920 2139 1962 venerunt
2168 1911 2232 1963 de
2259 1909 2482 1965 Galilcea
2511 1912 2785 1966 conscissis
2828 1914 3048 1980 tunicis,
3077 1915 3372 1968 nuntiantes
3400 1931 3486 1969 se-

1900 1979 2123 2032 cundum
2150 1984 2299 2034 verba
2327 1980 2436 2036 licet:
2465 1996 2485 2036 :

1975 2051 2209 2106 [licentes
2233 2094 2246 2114 ,
2277 2054 2573 2107 convenisse
2597 2054 2870 2109 adversum
2902 2071 2956 2109 se
2983 2072 3015 2108 a
3045 2053 3374 2109 Ptolemaida
3399 2095 3414 2118 ,
3445 2063 3491 2108 et

1899 2119 2061 2197 Tyro,
2094 2133 2143 2176 et
2176 2122 2372 2177 Sidone
2399 2142 2419 2178 :
2447 2135 2494 2178 et
2524 2125 2722 2197 repleta
2745 2136 2823 2182 est
2848 2129 3013 2181 omnis
3044 2125 3272 2182 Caliltva
3308 2126 3496 2181 alieni-

1899 2195 2063 2261 genis,
2087 2203 2139 2245 ut
2162 2211 2254 2248 nos
2281 2195 2601 2249 consumant.

1976 2262 2042 2318 Ut
2071 2265 2281 2339 audivit
2297 2275 2469 2339 autem
2489 2265 2680 2330 ludas,
2704 2277 2751 2321 et
2779 2269 3024 2339 populus.
3056 2285 3314 2323 sermones
3341 2269 3491 2332 istos,

1901 2335 2137 2410 convenit
2175 2335 2388 2410 ecclesia
2418 2353 2615 2410 magna,
2637 2335 2863 2408 cogitare
2904 2340 3028 2410 quid
3066 2344 3290 2406 facerent
3321 2339 3500 2407 fratri-

1899 2403 1992 2528 btbts
2020 2406 2148 2488 suis,
2179 2407 2267 2476 qui
2305 2408 2358 2460 in
2386 2403 2716 2464 tribulatione
2739 2403 2927 2476 erant,
2973 2417 3018 2463 et
3062 2403 3494 2482 expugnabantur

1899 2491 1930 2527 a
1995 2492 2085 2528 ets.

1899 2491 1963 2528 αυ
1995 2492 2085 2529 ets.

1976 2545 2221 2622 vivitque
2235 2546 2404 2622 Iudas
2435 2548 2639 2604 Simoni
2668 2550 2823 2619 fratri
2847 2567 2942 2622 ευρ
2967 2566 2985 2605 :
3019 2548 3169 2622 Elige
3197 2550 3287 2605 tibi
3317 2551 3452 2606 viros
3473 2593 3488 2617 ,

1901 2627 1948 2670 et
1980 2618 2127 2691 vade,
2173 2631 2219 2673 et
2251 2620 2410 2674 libera
2439 2624 2628 2690 fratres
2659 2618 2772 2674 tuos
2800 2623 2851 2674 in
2891 2618 3153 2675 Galiltea':
3182 2639 3274 2691 ego
3300 2632 3492 2688 autem,

1901 2698 1947 2744 ct
1977 2689 2139 2755 frater
2168 2707 2304 2745 meus
2332 2689 2588 2746 Jonatltas
2613 2692 2798 2747 ibimus
2828 2693 2882 2746 in
2904 2689 3250 2746 Galaaditim.

1975 2761 2041 2814 Et
2085 2763 2290 2830 reliquit
2331 2761 2620 2833 Josepltum
2651 2765 2814 2831 [ilium
2837 2762 3106 2817 Zachariat
3129 2805 3144 2826 ,
3176 2774 3222 2816 et
3249 2765 3493 2818 Asarians

1901 2831 2056 2956 duitas
2084 2835 2260 2905 pepuli
2293 2850 2410 2888 cum
2435 2831 2642 2891 residuo
2669 2835 2893 2890 exercitu
2939 2837 2993 2890 in
3042 2833 3233 2889 Judtea
3278 2836 3346 2890 ad
3397 2851 3490 2889 cu-

1901 2912 1978 2956 sto
2018 2920 2140 2956 tam.

1900 2904 2140 2956 stodiam.

1975 2973 2041 3026 Et
2065 2977 2313 3048 prtecepit
2339 2975 2444 3030 illis
2472 3021 2486 3043 ,
2519 2976 2696 3030 dicens
2725 2993 2743 3031 :
2773 2975 3055 3033 Prteestote
3081 2977 3273 3048 populo
3315 2976 3439 3032 huic
3471 2992 3490 3030 :

285 3047 580 3103 Secundum
607 3059 805 3122 tempus
830 3059 876 3102 et
896 3044 1174 3103 secundum
1203 3044 1368 3111 diem,
1403 3047 1454 3099 in
1482 3055 1793 3122 qua_conta-
1823 3047 1868 3110 C
1902 3054 1950 3098 et
1988 3044 2146 3100 nolite
2179 3044 2370 3103 bellum
2395 3049 2710 3104 committere
2751 3048 3023 3103 adversum
3067 3044 3238 3120 gentes
3262 3085 3278 3116 ,
3330 3049 3494 3104 donec

213 3120 534 3194 minuerunt
556 3121 687 3176 illud
710 3119 904 3194 gentes.
933 3122 984 3194 in
1017 3122 1130 3194 ipsa
1158 3128 1455 3194 renovatum
1489 3119 1641 3173 estin
1673 3135 1796 3172 can-

213 3189 344 3262 ticis,
372 3203 416 3246 et
443 3192 678 3259 citharis,
709 3189 757 3247 Et
781 3193 996 3262 cingris,
1025 3202 1072 3246 et
1099 3192 1150 3243 in
1181 3191 1450 3260 «gmbalis.

286 3261 348 3335 lit
376 3265 554 3317 cecidit
587 3266 753 3318 omnis
779 3261 1004 3335 populus
1029 3267 1081 3316 in
1111 3264 1317 3331 faciem,
1351 3273 1396 3314 et
1424 3261 1793 3335 adoraverunt,

213 3338 260 3383 et
287 3333 649 3390 benedia‘erunt
679 3337 732 3388 in
759 3331 941 3388 ctel'um
965 3352 1078 3388 eum
1105 3335 1194 3402 qui
1225 3331 1539 3402 prosperarit
1567 3331 1655 3386 eis.

282 3403 345 3457 Et
367 3406 603 3473 fecerunt
627 3406 1003 3460 dedicationem
1031 3401 1215 3458 altaris
1228 3401 1416 3457 diebus
1448 3411 1562 3456 octo
1582 3445 1597 3469 ,
1629 3410 1677 3455 et
1707 3401 1798 3455 ob-

209 3477 429 3531 tulerunt
452 3477 756 3532 holocausta
775 3494 888 3531 cum
913 3477 1116 3542 lwtitia,
1135 3485 1181 3530 et
1199 3475 1509 3544 sacrificium
1530 3475 1794 3539 salutaris,

207 3557 252 3598 et
282 3548 470 3602 laudis.

274 3617 340 3672 Et
366 3629 676 3675 ornaverunt
702 3620 886 3690 faciem
917 3619 1091 3690 templi
1121 3619 1322 3672 coronis
1351 3617 1519 3690 aureis
1541 3658 1557 3683 ,
1585 3625 1633 3670 et
1672 3635 1790 3672 scu-

205 3690 324 3743 tulis
349 3707 366 3744 :
392 3701 438 3746 et
460 3689 825 3746 dedicaverunt
859 3689 1057 3758 portas,
1085 3701 1132 3745 et
1157 3689 1490 3761 pastophoria
1511 3729 1527 3756 ,
1555 3699 1600 3744 et
1628 3690 1799 3759 impo-

201 3771 408 3834 suerunt
438 3764 510 3816 eis
532 3767 756 3834 januas.

278 3833 340 3887 Et
362 3835 501 3903 facta
531 3830 605 3887 est
634 3835 819 3888 lcetitia
841 3833 892 3887 in
924 3830 1119 3904 populo
1141 3848 1327 3903 magna
1354 3832 1534 3899 valde,
1578 3841 1627 3885 et
1650 3848 1796 3888 aver—

199 3919 314 3956 sum
333 3917 404 3959 est
435 3905 772 3976 opprobrium
801 3907 1072 3976 gentium:

273 3976 336 4028 Et
358 3979 540 4032 statuit
565 3975 598 4030 J
608 3978 764 4043 udas,
795 3975 841 4031 et
872 3979 1056 4045 fratres
1085 3977 1217 4046 ejus,
1247 3982 1298 4046 et
1327 3975 1561 4028 universa
1583 3977 1797 4032 ecclesia

196 4043 389 4112 Israel,
421 4057 474 4100 ut
503 4059 689 4119 agatur
715 4049 820 4102 dies
843 4043 1182 4101 dedicationis
1203 4044 1384 4099 altaris
1406 4047 1458 4098 in
1482 4050 1795 4119 temporibus

195 4120 303 4172 suis
333 4122 397 4174 ab
418 4118 560 4173 anno
590 4121 641 4172 in
669 4136 858 4190 annum
885 4160 898 4183 ,
927 4135 1018 4190 per
1055 4119 1163 4190 dies
1191 4126 1304 4190 octo
1328 4158 1344 4182 ,
1374 4135 1404 4170 α
1433 4118 1615 4188 quinta
1643 4130 1690 4175 et
1719 4121 1796 4176 vi-

195 4193 387 4259 gesitna
415 4191 502 4243 die
529 4195 716 4244 mensis
739 4187 943 4255 Casleu,
974 4205 1088 4242 cum
1115 4187 1298 4240 lwtitia
1325 4197 1371 4240 et
1399 4187 1608 4259 gaudio.

268 4258 332 4313 Et
372 4261 759 4331 aediﬁcaverunt
785 4263 839 4315 in
866 4274 1090 4331 tempore
1131 4259 1221 4312 illo
1263 4258 1485 4313 montem
1527 4259 1657 4316 Sion
1684 4301 1699 4328 ,
1742 4272 1791 4316 et

195 4348 284 4400 per
313 4334 586 4388 circuitum
613 4349 786 4387 muros
814 4335 970 4394 altos,
1005 4339 1053 4384 et
1078 4341 1244 4384 turres
1269 4331 1466 4399 finitas,
1503 4347 1564 4384 ne
1583 4332 1790 4402 quando

1899 3127 2239 3171 revertantur.

1974 3185 2040 3239 Et
2073 3189 2252 3259 partiti
2293 3200 2410 3244 sunt
2437 3190 2644 3246 Simoni
2674 3191 2768 3243 viri
2810 3191 2908 3245 tria
2948 3191 3150 3254 millia,
3197 3199 3254 3243 ut
3301 3190 3397 3244 iret
3437 3191 3494 3245 in

1901 3257 2174 3313 Galilteam
2205 3275 2222 3314 :
2249 3260 2408 3316 Juda:
2436 3272 2607 3315 autem
2634 3272 2749 3315 octo
2780 3261 2948 3316 millia
2974 3263 3028 3316 in
3050 3261 3390 3316 Galaaditim.

1976 3329 2040 3382 Et
2088 3331 2214 3384 abiit
2256 3331 2437 3387 Simon
2469 3335 2520 3386 in
2551 3331 2862 3396 Galilaeam,
2917 3342 2963 3386 et
3009 3333 3262 3387 commisit
3311 3334 3494 3401 praelia

1900 3401 2066 3454 multa
2105 3419 2222 3456 cum
2261 3405 2494 3474 gentibus
2536 3420 2553 3457 :
2595 3415 2644 3458 et
2672 3407 2908 3459 contrita?
2945 3414 3063 3458 sunt
3103 3414 3276 3474 gentes
3305 3421 3335 3458 a
3359 3404 3497 3474 facie

1899 3475 2031 3545 ejus.
2065 3483 2114 3526 et
2140 3485 2431 3543 persecutus
2457 3485 2531 3528 est
2557 3492 2640 3528 eos
2669 3493 2827 3545 usque
2846 3475 2915 3528 ad
2937 3484 3142 3542 portam

1979 3543 2319 3617 l’tolemaidis
2362 3563 2380 3599 .'
2430 3556 2477 3601 et
2525 3543 2817 3602 ceciderunt
2863 3548 2926 3600 de
2970 3547 3201 3617 gentibus
3245 3547 3352 3616 fere
3394 3545 3495 3599 tria

1899 3614 2067 3686 miltia
2095 3617 2341 3681 virorum,
2374 3627 2422 3672 et
2451 3620 2644 3685 accepit
2667 3619 2836 3683 spolia
2863 3614 3062 3686 eorum,

1972 3685 2039 3739 Et
2065 3691 2343 3758 assumpsit
2368 3705 2474 3748 eos,
2505 3690 2590 3758 qui
2617 3698 2766 3742 eram
2793 3693 2845 3742 in
2871 3685 3114 3753 Galilaea,
3145 3693 3191 3740 et
3214 3687 3267 3739 in
3289 3686 3497 3758 Arbatis

1899 3772 2014 3810 cum
2039 3757 2303 3825 uxoribus,
2346 3768 2390 3814 et
2420 3757 2576 3822 natis,
2619 3769 2664 3812 et
2687 3759 2918 3812 omnibus
2946 3773 3060 3823 qua:
3086 3767 3229 3811 erant
3261 3757 3364 3813 illis
3385 3799 3402 3826 ,
3449 3769 3498 3814 et

1899 3829 2115 3900 add_u:t:it
2147 3829 2198 3882 in
2230 3830 2470 3900 Juda'mn
2499 3845 2616 3882 cum
2642 3830 2826 3900 ltetitia
2851 3845 3060 3900 magna.

1971 3896 2037 3951 Et
2066 3897 2234 3970 ludas
2258 3899 2611 3965 Machabceus,
2639 3909 2687 3953 et
2713 3896 2977 3954 Jonathtis
3000 3903 3162 3968 frater
3187 3902 3299 3970 ejus
3326 3909 3496 3956 trans-

1899 3969 2067 4093 gerunt
2109 3969 2394 4024 Iordanem
2419 4012 2434 4040 ,
2476 3979 2521 4025 et
2549 3972 2786 4025 abierunt
2819 3973 2958 4026 viam
2986 3973 3145 4026 trium
3171 3969 3375 4027 dierum
3404 3988 3497 4043 per

1937 4049 2178 4093 esertum.

1937 4049 2178 4094 esertum.

1968 4108 2038 4163 Et
2079 4123 2412 4168 occurrerunt
2453 4113 2525 4168 eis
2567 4111 2848 4168 Nabuthmi
2873 4156 2887 4178 ,
2936 4124 2984 4169 et
3030 4124 3369 4181 susceperunt
3410 4129 3496 4169 eos

1899 4183 2114 4258 paciﬁce
2145 4224 2158 4246 ,
2186 4195 2234 4239 et
2259 4195 2595 4258 narraverunt
2621 4185 2691 4258 eis
2713 4187 2888 4241 omnia
2911 4202 3025 4258 qua:
3052 4188 3349 4242 acciderant
3380 4186 3494 4257 fra-

1898 4255 2058 4308 tribus
2087 4271 2264 4310 eorum
2292 4257 2344 4311 in
2366 4255 2700 4312 Galaaditide
2722 4301 2738 4324 ,

1970 4325 2038 4396 ζει
2071 4328 2194 4396 quia
2220 4329 2370 4383 multi
2397 4345 2459 4382 ex
2487 4329 2559 4382 eis
2588 4328 2941 4395 comprehensi
2985 4337 3106 4381 sunt
3152 4327 3209 4379 in
3243 4324 3449 4396 Barasa
3475 4365 3491 4390 ,

196 4395 418 4460 "venirent
441 4414 641 4477 gentes,
675 4413 723 4460 et
753 4405 1109 4460 conculcarent
1141 4416 1257 4455 eum
1269 4395 1292 4467 ⁷,
1323 4403 1454 4455 sicut
1480 4395 1632 4457 antea
1657 4405 1793 4474 fece~
1819 4429 1869 4490 Β
1897 4405 1946 4490 fl
1971 4395 2138 4480 Bostar
2159 4439 2174 4464 ,
2205 4409 2253 4490 et
2283 4401 2337 4454 in
2361 4400 2572 4484 Alimis,
2602 4409 2649 4490 ει
2675 4400 2731 4490 in
2781 4399 3052 4490 (ἐιιερξοονΖ
3081 4407 3126 4450 et
3157 4395 3369 4490 Mageth
3393 4437 3412 4464 ,
3442 4405 3492 4452 et

196 4485 332 4530 runt.

265 4545 331 4600 Et
361 4548 638 4603 collocavit
667 4546 778 4601 illic
807 4546 1087 4601 exercitum
1111 4587 1126 4608 ,
1160 4552 1217 4597 ut
1245 4553 1504 4600 servarent
1536 4561 1652 4600 eum
1675 4586 1691 4610 ,
1739 4555 1790 4602 et

197 4621 404 4673 munivit
425 4637 543 4675 eum
563 4619 632 4672 ad
658 4618 1048 4672 custodiendam
1077 4613 1412 4689 Bethsuram,
1440 4613 1549 4689 [ΑΙζ
1569 4617 1696 4671 add.
1719 4615 1789 4689 et]

199 4700 246 4743 ut
268 4689 472 4748 haberet
500 4692 725 4762 populus
746 4690 1086 4744 munitionem
1106 4699 1288 4743 contra
1310 4686 1498 4759 faciem
1517 4686 1787 4745 Idumaeas;

823 4801 1052 4860 CAPUT
1092 4802 1159 4859 γ.

264 4896 328 4952 Et
360 4904 557 4970 factum
582 4908 680 4964 est,
714 4907 771 4953 ut
801 4897 1078 4952 audierunt
1105 4905 1281 4968 gentes
1309 4897 1364 4970 in
1395 4899 1792 4970 circuitu,rquia

194 4969 502 5033 adiﬁcatum
528 4982 602 5026 est
629 4973 817 5039 altare,
849 4981 895 5024 et
913 4969 1267 5024 sanctuarium
1289 4969 1420 5024 sicut
1441 4971 1610 5039 prius,
1641 4969 1789 5026 irata:

195 5053 304 5096 sunt
333 5045 479 5099 valde
502 5061 522 5100 .'

262 5113 328 5168 Et
351 5117 648 5187 cogitabant
667 5114 844 5187 tollere
863 5127 1022 5184 genus
1033 5110 1219 5174 Iacob,
1245 5110 1335 5182 qui
1356 5120 1500 5187 erant
1521 5113 1654 5166 inter
1674 5129 1783 5184 eos,

205 5192 239 5234 et
259 5183 516 5257 (inperant
541 5185 774 5257 occidere
801 5183 1097 5257 de’populo,
1133 5191 1181 5235 et
1207 5183 1459 5257 persequi.

262 5253 343 5311 Et
368 5258 656 5313 debellabat
687 5255 723 5310 J
729 5257 857 5310 udas
883 5253 1022 5325 ﬁlios
1048 5253 1190 5307 Esau
1217 5254 1268 5306 in
1302 5253 1538 5308 [damma
1565 5295 1578 5318 ,
1620 5262 1670 5325 et
1699 5264 1784 5311 eas

205 5329 276 5392 qui
301 5338 444 5383 erant
474 5337 528 5384 in
551 5323 914 5383 Acrabathane
945 5341 962 5379 :
993 5326 1115 5396 quia
1145 5326 1581 5381 circumsedebant
1610 5323 1787 5381 Israe-

205 5397 329 5470 litas,
362 5409 408 5454 et
441 5401 694 5470 percussit
719 5415 802 5453 eos
827 5399 983 5470 plaga
1013 5413 1224 5469 magna.

263 5468 329 5524 Et
357 5466 658 5526 recordatus
687 5480 760 5525 est
789 5466 1044 5524 nialiiiam
1075 5466 1301 5537 filiorum
1327 5466 1493 5531 Bean,
1523 5468 1610 5536 qui
1638 5479 1783 5522 erant

206 5542 383 5625 papula
423 5543 476 5598 in
507 5545 749 5616 laqueum
791 5552 840 5596 et
885 5543 940 5597 in
978 5539 1322 5608 scandalum,
1381 5539 1691 5594 insidiantes
1727 5540 1775 5593 ei

205 5625 248 5664 tn
276 5630 372 5667 ισια.

263 5683 330 5742 Et
359 5685 593 5744 conclusi
620 5694 738 5744 sunt
768 5683 831 5741 ab
858 5698 916 5743 eo
945 5683 1001 5741 in
1027 5681 1257 5740 turribus
1281 5723 1297 5756 ,
1338 5690 1386 5740 et
1428 5679 1684 5753 applicuit
1710 5678 1781 5736 ad

1896 4469 2139 4524 Carnaim
2162 4488 2179 4527 :
2210 4469 2292 4526 ha:
2317 4487 2488 4525 omnes
2517 4471 2741 4526 civitates
2768 4470 2978 4523 munitce
3003 4475 3050 4521 et
3076 4482 3299 4537 magnai.

1970 4541 2075 4595 Sed
2120 4553 2167 4595 et
2205 4543 2262 4596 in
2296 4542 2494 4596 caneris
2538 4541 2824 4594 civitatibus
2866 4537 3212 4594 Galaaditidis
3257 4545 3495 4594 tenentur

1897 4612 2290 4681 comprehensi,
2338 4622 2389 4666 et
2428 4615 2482 4668 in
2509 4613 2791 4666 crastinum
2816 4611 3194 4681 constituerunt
3224 4611 3493 4681 admovere

1897 4679 2180 4738 exercitum
2208 4679 2492 4740 civitatibus
2516 4681 2598 4739 his
2621 4721 2639 4751 ,
2679 4691 2728 4738 et
2753 4679 3201 4753 comprehendere,
3232 4689 3280 4736 et
3311 4679 3493 4736 tollere

1897 4770 1981 4810 eos
2009 4756 2064 4808 in
2096 4772 2201 4810 una
2224 4756 2327 4812 die.

1969 4827 2039 4882 Et
2066 4830 2309 4884 convertit
2327 4826 2365 4883 J
2370 4828 2500 4882 udas
2518 4865 2534 4892 ,
2563 4836 2609 4881 et
2631 4823 2884 4879 exercitus
2913 4823 3049 4892 ejus,
3081 4822 3215 4878 viam
3240 4822 3296 4878 in
3317 4821 3494 4878 deser-

1898 4906 2007 4952 tum
2028 4897 2196 4954 Bosor
2219 4909 2426 4966 repente
2447 4939 2462 4962 ,
2493 4905 2540 4950 et
2579 4895 2841 4963 occupavit
2869 4894 3123 4966 civitatem
3161 4910 3178 4947 :
3223 4903 3272 4948 et
3301 4894 3488 4966 occidit

1897 4986 2097 5025 omnem
2119 4964 2402 5026 masculum
2427 4971 2478 5024 in
2504 4983 2592 5021 ore
2615 4966 2799 5036 gladii,
2826 4977 2873 5020 et
2901 4964 3094 5034 accepit
3123 4966 3296 5019 omnia
3319 4965 3490 5036 spolia

1893 5057 2089 5106 eorum,
2124 5053 2170 5096 et
2200 5040 2461 5096 succendit
2491 5055 2602 5092 eam
2632 5037 2762 5106 igni.

1966 5112 2034 5166 Et
2063 5119 2393 5166 surrexerunt
2424 5107 2541 5162 inde
2564 5119 2710 5163 nocte
2733 5148 2748 5173 ,
2780 5116 2827 5161 et
2868 5106 3008 5161 ibant
3035 5123 3196 5178 usque
3222 5106 3290 5161 ad
3319 5106 3492 5160 muni-

1894 5185 2104 5238 tionem.

1964 5253 2031 5308 Et
2058 5254 2252 5324 factum
2282 5250 2612 5324 estdiluculo
2635 5292 2650 5318 ,
2683 5265 2801 5303 cum
2828 5248 3111 5305 elevassent
3141 5249 3315 5305 oculos
3344 5261 3488 5310 suos,

1891 5337 2001 5378 ecce
2025 5321 2244 5390 populus
2268 5321 2484 5394 multus,
2509 5325 2657 5394 cujus
2679 5337 2782 5376 non
2806 5330 3196 5394 eratnumerus.
3223 5327 3487 5394 portantes

1890 5395 2059 5449 scalas
2089 5402 2135 5446 et
2168 5391 2458 5461 machinas,
2489 5403 2544 5446 ut
2563 5391 3075 5464 comprehenderent
3103 5391 3441 5448 munitionem
3469 5427 3485 5454 ,

1888 5477 1935 5520 et
1964 5474 2320 5534 expugnarent
2352 5480 2436 5518 €08
2445 5503 2456 5515 .

1959 5525 2179 5591 Et'viilit
2215 5533 2383 5590 Judas
2413 5536 2534 5603 quia
2573 5537 2721 5603 coepit
2762 5536 2949 5592 bellum
2977 5582 2990 5602 ,
3043 5544 3091 5591 et
3133 5535 3330 5588 clamor
3369 5525 3490 5603 belli

1887 5609 2115 5691 ascendit
2142 5607 2211 5664 ad
2237 5597 2436 5664 calum.
2462 5607 2594 5662 sicut
2635 5597 2759 5665 tuba
2785 5650 2803 5681 ,
2853 5619 2899 5667 et
2945 5597 3142 5666 clamor
3168 5615 3391 5676 magnus
3422 5597 3487 5653 de

1886 5689 2084 5738 civitate
2116 5696 2134 5738 .'
