3918 6192
233 197 336 259 481

1456 189 1664 253 LIBER
1698 192 1721 251 Ι
1756 186 2330 253 ΜΑΟΗΑΒᾹΞΟΒΙΙΜ.

3447 196 3557 262 482

240 332 245 343 '
320 316 385 371 Et
412 316 555 371 dedit
576 314 627 368 ei
647 314 985 388 diadema,_e_t
1011 312 1191 369 stolam
1218 327 1387 380 suam,
1420 322 1465 368 et
1492 314 1764 379 annulum,
1789 320 1846 368 ut
1876 312 1932 376 Α
1988 312 2096 388 AIA-3t
2116 314 2257 369 dedit
2280 329 2361 380 se,
2385 319 2440 367 ut
2461 309 2702 368 liberaret
2721 313 2972 385 populum
2991 327 3161 384 suum,
3194 322 3241 371 et
3266 319 3557 388 acquireret

247 390 526 445 adduceret
554 387 870 442 Antiochum
895 386 1062 456 ﬁlium
1099 402 1268 453 suum,
1294 395 1351 439 et
1383 388 1602 441 nutriret
1632 403 1772 455 eum,
1801 396 1850 440 et

251 471 508 516 reanaret.

310 480 410 587 913i]
414 480 651 586 mutuus
680 541 753 587 est
784 531 891 587 illic
929 529 1210 585 Antiochus
1238 533 1375 597 νεῖτ’,
1408 546 1547 586 anno
1574 530 1849 586 centesimo

249 604 643 676 quadragesimo
676 619 835 676 nono.

316 672 388 728 Et
425 672 664 745 cognovit
708 672 923 744 Lysias,
970 673 1211 738 quonia'm
1241 680 1475 729 mortuus
1525 683 1600 729 est
1647 690 1757 740 rex,
1800 681 1848 727 et

242 747 505 800 constituit
535 762 755 818 regnare
779 745 1089 799 Antiochum
1114 745 1282 814 ﬁlium
1306 748 1440 818 ejus,
1463 760 1609 815 quem
1636 746 1847 818 nutrivit

242 814 624 944 Edolesceattem
647 834 667 872 :
706 827 754 872 et
794 818 992 871 vocavit
1021 832 1207 870 nomen
1244 814 1360 887 ejus
1387 814 1707 887 Eupatorem
1738 816 1844 887 [AL

295 898 481 944 uvator
511 929 526 942 .

295 898 481 956 upator
493 898 526 956 ι.

312 888 616 1028 Ἐῗιιτῖ,]’ᾳκὶ
644 968 793 1015 erant
821 960 874 1014 in
896 976 1036 1024 arce,
1068 960 1425 1014 concluserant
1464 957 1636 1013 Israel
1664 958 1716 1011 in
1746 959 1848 1012 cir-

246 1032 386 1086 cuitu
413 1042 749 1087 sanctorum:
778 1041 823 1086 et
848 1030 1138 1102 quaerebant
1167 1032 1239 1087 eis
1263 1030 1404 1085 mala
1438 1046 1657 1100 semper,
1682 1038 1730 1083 et
1754 1030 1849 1099 ﬁr-

248 1114 562 1175 mamentum
591 1106 842 1175 gentium.

314 1173 384 1229 Et
424 1172 667 1248 cogitavit
712 1175 883 1248 .ludas
930 1173 1229 1248 disperdere
1272 1191 1360 1229 eos
1395 1189 1415 1230 :
1456 1181 1505 1228 et
1550 1172 1846 1228 convocavit

246 1247 541 1318 unigersum
568 1247 839 1318 populum,
870 1258 925 1301 ut
954 1247 1244 1301 obsiderent
1270 1263 1380 1300 eos.

315 1317 385 1371 Et
412 1327 761 1373 convenerunt
787 1318 976 1384 simul,
1005 1327 1053 1371 et
1075 1317 1381 1371 obsederunt
1403 1333 1489 1371 eos
1514 1332 1652 1369 anno
1674 1324 1845 1369 cente-

242 1390 375 1462 sim_o
402 1389 845 1462 quinquagesimo,
874 1401 921 1443 et
944 1388 1430 1462 [feceruntbalistas
1472 1398 1518 1441 et
1553 1386 1842 1462 machinas.

315 1458 387 1513 Et
407 1458 645 1514 exierunt
661 1460 874 1525 quidam
904 1458 967 1515 ei
986 1462 1084 1525 eis,
1116 1460 1205 1529 qui
1233 1458 1641 1529 obsidebantur:
1672 1469 1718 1512 et
1742 1459 1812 1511 ad
1824 1490 1843 1502 ο

238 1531 530 1602 jungerunt
557 1548 609 1586 se
633 1532 739 1585 illis
768 1532 931 1602 aliqui
957 1531 1106 1600 impii
1128 1528 1193 1583 ex
1214 1528 1406 1595 Israel,

314 1601 383 1654 Et
409 1604 645 1657 abierunt
685 1603 753 1655 ad
792 1600 985 1672 regem,
1029 1614 1076 1657 et
1117 1602 1394 1655 dixerunt:
1436 1600 1710 1669 Quousque
1738 1616 1841 1655 non

249 1673 376 1745 facis
393 1675 688 1745 judicium,
721 1682 767 1727 et
794 1675 1028 1727 vindicas
1054 1672 1239 1745 fratres
1270 1682 1471 1745 nostros
1498 1673 1521 1745 2

319 1743 429 1798 Nos
442 1745 761 1799 decrevimus
786 1747 975 1798 servire
991 1744 1123 1815 patri
1150 1751 1322 1809 tuo,et
1342 1743 1608 1797 ambulare
1635 1743 1688 1796 in
1710 1758 1845 1813 pra:-

246 1817 405 1885 ceptis
425 1817 563 1881 eius,
589 1825 637 1869 et
664 1817 871 1885 obsequi
896 1817 1076 1869 edictis
1097 1816 1206 1883 ejus
1220 1830 1240 1869 :

315 1884 385 1939 Et
403 1887 500 1956 ﬁlii
522 1888 704 1958 populi
726 1884 887 1940 nostri
911 1896 1117 1956 propter
1136 1886 1233 1939 hoc
1247 1886 1609 1940 alienabantse
1623 1901 1655 1958 a
1677 1885 1843 1939 nobis:

242 1966 289 2011 et
331 1956 643 2026 quicumque
673 1958 1057 2011 inveniebantur
1096 1974 1159 2011 ea:
1188 1958 1354 2023 nobis,
1380 1956 1841 2027 interﬁciebantur,

242 2040 290 2081 et
326 2030 656 2083 htereditates
679 2038 869 2083 nostrte
898 2029 1295 2097 diripiebantur.

317 2098 385 2152 Et
411 2117 515 2153 non
551 2099 621 2153 ad
644 2117 738 2154 nos
768 2110 965 2153 tantum
994 2100 1330 2154 extenderunt
1356 2114 1586 2164 manum,
1609 2098 1698 2153 sed
1723 2107 1769 2152 et
1791 2098 1845 2153 in

242 2187 421 2241 omnes
444 2173 576 2241 ﬁnes
607 2182 831 2225 nostros.

314 2240 386 2296 Et
422 2239 538 2297 ecce
571 2244 940 2313 applicuerunt
967 2243 1119 2299 hodie
1142 2242 1211 2296 ad
1238 2258 1410 2297 arcem
1440 2239 1734 2295 Jerusalem
1760 2256 1846 2295 oc-

239 2330 439 2381 cupere
462 2332 599 2379 eam,
630 2324 677 2367 et
706 2317 1041 2368 munitionem
1066 2313 1373 2367 Bethsuram
1416 2313 1734 2365 munierunt:

314 2385 379 2438 Et
416 2388 516 2439 nisi
552 2387 858 2456 prteveneris
885 2402 967 2440 eos
994 2386 1237 2451 velocius,
1268 2386 1492 2456 majora,
1524 2400 1681 2453 quam
1709 2382 1840 2451 haec,

236 2456 455 2529 facient,
489 2467 537 2511 et
564 2473 666 2511 non
695 2459 885 2529 poteris
915 2457 1141 2529 obtinere
1168 2472 1271 2510 eos.

316 2527 384 2580 Et
400 2529 564 2582 iratus
581 2537 652 2582 est
676 2525 788 2591 rex,
812 2540 867 2582 ut
894 2530 1001 2582 hcec
1019 2528 1250 2580 audivit:
1280 2534 1330 2581 et
1356 2525 1647 2579 convocavit
1671 2541 1843 2579 omnes

238 2600 433 2653 amicos
453 2616 596 2665 suos,
620 2610 666 2653 et
688 2601 945 2670 principes
965 2600 1219 2654 exercitus
1239 2599 1323 2652 sui
1351 2639 1367 2665 ,
1389 2607 1437 2651 et
1462 2613 1548 2651 eos
1578 2598 1667 2668 qui
1691 2613 1844 2666 super

238 2670 435 2739 equites
462 2680 629 2726 erant.

320 2742 425 2797 Sed
444 2751 491 2796 et
518 2742 583 2795 de
601 2742 769 2812 regnis
795 2742 936 2809 aliis,
955 2751 1003 2796 et
1020 2743 1082 2796 de
1096 2740 1282 2796 insulis
1304 2738 1578 2795 maritimis
1597 2745 1843 2794 venerunt

238 2812 314 2867 ad
336 2830 454 2867 eum
486 2814 737 2867 exercitus
758 2814 1079 2867 conductitii.

316 2883 384 2937 Et
404 2893 513 2938 erat
539 2901 785 2938 numerus
826 2886 1075 2940 exercitus
1107 2884 1241 2954 ejus,
1275 2892 1479 2938 centum
1498 2880 1667 2954 millia
1693 2881 1841 2951 pedi-

240 2966 370 3017 tum,
394 2964 442 3008 et
469 2956 652 3026 viginti
675 2956 839 3009 millia
863 2958 1110 3027 equitum,
1127 2953 1175 3009 et
1200 2954 1461 3026 elephanti
1480 2953 1689 3023 triginta
1715 2955 1841 3023 duo,

240 3027 383 3098 docti
410 3028 479 3080 ad
506 3027 769 3098 prtelmm.

1956 384 2051 440 sibi
2084 402 2267 439 nomen
2293 395 2564 440 internum.

2028 455 2096 509 Et
2124 458 2350 510 cucurrit
2377 458 2444 509 ad
2470 473 2582 511 eam
2611 457 2859 511 audacter
2883 457 2935 510 in
2963 459 3131 513 medio
3154 459 3371 529 legionis
3394 462 3552 517 inter-

1955 528 2135 598 ﬁciens
2164 545 2193 580 a
2224 529 2439 596 dextris,
2476 539 2523 583 et
2556 545 2587 581 a
2614 529 2859 596 sinistris,
2891 538 2941 583 et
2977 528 3223 585 cadebant
3264 532 3327 584 ab
3358 550 3415 587 eo
3456 535 3554 589 huc

1953 610 2105 671 atque
2129 598 2279 653 illuc.

2025 671 2095 724 Et
2134 672 2223 724 ivit
2258 672 2351 726 sub
2387 671 2539 744 pedes
2569 672 2874 744 elephantis,
2918 681 2964 725 et
2998 674 3269 743 supposuit
3306 692 3361 728 se
3397 678 3463 741 ei,
3506 688 3556 731 et

1953 743 2136 797 occidit
2164 760 2302 810 eum,
2334 743 2598 799 etcecidit
2628 746 2682 798 in
2707 754 2898 799 terram
2924 760 3079 814 super
3112 745 3304 813 ipsum,
3334 756 3383 801 et
3412 764 3553 803 mor-

1952 823 2071 870 tuus
2098 824 2171 870 est
2202 814 2332 868 illic.

2027 886 2093 941 Et
2140 888 2373 960 videntes
2423 886 2663 960 virtutem
2709 886 2868 960 regis,
2914 896 2962 942 et
3004 887 3249 960 impetum
3297 891 3551 946 exercitus

1952 961 2086 1032 ejus,
2113 959 2428 1013 diverterunt
2454 975 2507 1013 se
2534 959 2597 1011 ab
2620 959 2712 1012 eis.

2024 1030 2203 1085 Castra
2224 1044 2394 1085 autem
2421 1032 2553 1100 regis
2574 1028 2915 1085 ascenderunt
2943 1040 3121 1085 contra
3150 1048 3235 1085 eos
3264 1032 3314 1085 in
3338 1030 3557 1088 Jerusa-

1951 1101 2070 1177 l_em_,
2108 1112 2158 1154 et
2188 1102 2517 1171 applicerunt
2686 1100 3070 1174 applicuerunt]
3112 1115 3281 1157 castra
3308 1108 3441 1177 regis
3484 1107 3551 1159 ad

1948 1170 2193 1227 Judteam
2221 1182 2267 1227 et
2296 1181 2516 1227 montem
2540 1170 2691 1227 Sion.

2022 1244 2092 1298 Et
2122 1246 2241 1313 fecit
2290 1261 2469 1315 pacem
2504 1261 2620 1298 cum
2652 1244 2732 1298 his
2776 1245 2865 1316 qui
2899 1255 3046 1299 erant
3080 1247 3133 1299 in
3165 1244 3421 1300 Bethsura
3460 1262 3553 1304 :et

1949 1316 2179 1369 exierunt
2225 1318 2289 1369 de
2332 1316 2558 1381 civitate,
2589 1316 2711 1385 quia
2750 1334 2854 1370 non
2901 1328 3045 1370 erant
3075 1319 3146 1372 eis
3186 1316 3256 1371 ibi
3302 1319 3551 1375 alimenta

1948 1386 2224 1450 conclusis,
2244 1388 2367 1457 quia
2388 1387 2596 1441 sabbata
2621 1397 2769 1441 erant
2790 1398 2956 1443 terra.

2025 1458 2087 1512 Et
2129 1460 2512 1530 comprehendit
2549 1476 2639 1514 rex
2676 1458 2981 1514 Bethsuram
3011 1477 3031 1515 :
3066 1469 3116 1515 et
3148 1462 3412 1516 constituit
3442 1464 3556 1520 illic

1947 1531 2231 1583 custodiam
2261 1546 2465 1584 servare
2489 1546 2621 1583 eam.

2018 1599 2086 1653 Et
2130 1602 2372 1655 convertit
2421 1608 2591 1673 castra
2640 1602 2727 1673 ad
2754 1601 2923 1655 locum
2969 1605 3398 1673 sanctiﬁcationis
3438 1608 3548 1660 dies

1873 1685 1923 1746 Β
1949 1674 2136 1747 multos
2169 1689 2185 1724 :
2216 1683 2265 1726 et
2295 1672 2471 1726 statuit
2503 1672 2612 1747 illic
2634 1672 2878 1747 balistas,
2914 1681 2962 1725 et
3012 1678 3298 1747 machinas,
3339 1688 3384 1730 et
3414 1680 3550 1747 ignis

1940 1744 2148 1817 jacula,
2176 1754 2224 1796 et
2250 1751 2509 1817 tormenta
2526 1743 2595 1795 ad
2623 1745 2819 1817 lapides
2839 1745 3136 1813 jactandos.
3168 1757 3215 1799 et
3248 1743 3473 1817 spicula,
3503 1758 3549 1803 et

1946 1814 2175 1885 scorpios
2200 1814 2267 1867 ad
2297 1814 2570 1868 mittendas
2599 1815 2840 1885 sagittas,
2872 1825 2920 1867 et
2940 1817 3235 1883 fundibula.

2019 1883 2277 1940 Fecerunt
2310 1896 2480 1939 autem
2510 1894 2557 1939 et
2582 1883 2680 1957 ipsi
2707 1884 2970 1957 machinas
2999 1887 3241 1942 adversus
3277 1890 3546 1946 machinas

1948 1973 2146 2030 eorum,
2180 1966 2225 2010 et
2248 1956 2609 2030 pugnaverunt
2629 1958 2739 2010 dies
2765 1956 2978 2030 multos.

2018 2026 2169 2083 Escw
2195 2026 2363 2082 autem
2394 2044 2497 2101 non
2524 2037 2669 2082 erant
2697 2030 2751 2081 in
2778 2028 3011 2101 civitate,
3034 2046 3092 2101 eo
3117 2031 3255 2099 quod
3298 2033 3546 2101 septimus

1946 2116 2115 2153 annus
2141 2109 2269 2154 esset
2292 2115 2310 2153 :
2338 2108 2387 2153 et
2407 2100 2493 2173 qui
2525 2107 2877 2173 remanserant
2900 2100 2952 2151 in
2979 2098 3167 2155 Judcca
3198 2101 3261 2154 de
3281 2098 3547 2173 gentibus,

1946 2180 2368 2243 con_sutnpserant
2399 2170 2644 2239 reliquias
2673 2187 2869 2243 eorum,
2896 2186 3019 2243 qua:
3056 2170 3295 2240 reposita?
3320 2174 3545 2243 fuerant.

2020 2240 2087 2295 Et
2116 2240 2471 2296 remanserunt
2500 2244 2553 2294 in
2583 2244 2770 2296 sanctis
2807 2242 2904 2294 viri
2935 2244 3107 2309 pauci,
3143 2240 3389 2312 quoniam
3412 2246 3544 2299 obti-

1946 2324 2127 2367 nuerat
2165 2330 2251 2367 eos
2289 2313 2494 2381 fames:
2520 2321 2571 2366 et
2606 2312 2823 2383 dispersi
2852 2323 2975 2365 sunt
3000 2315 3347 2383 unusquisque
3384 2317 3439 2370 in
3471 2318 3547 2371 lo-

1949 2400 2064 2436 cum
2086 2401 2259 2438 suum.

2017 2453 2084 2507 Et
2111 2456 2308 2509 audivit
2335 2453 2521 2525 Lysias
2543 2455 2678 2525 quod
2709 2452 3012 2523 Philippus,
3041 2471 3192 2525 quem
3217 2458 3546 2513 constituerat

1944 2543 2037 2581 res:
2066 2526 2373 2591 Antiochus,
2404 2543 2522 2579 cum
2556 2526 2730 2578 adhuc:
2755 2526 2977 2592 viveret,
3021 2537 3075 2580 ut
3105 2528 3326 2582 nutriret
3360 2530 3544 2585 Antio-

1946 2598 2100 2651 chum
2122 2598 2290 2667 ﬁlium
2315 2614 2485 2663 suum,
2507 2606 2554 2669 et
2579 2608 2840 2669 regnaret,

2020 2665 2268 2725 Reversus
2292 2677 2421 2723 esset
2452 2686 2484 2721 a
2511 2665 2744 2732 Perside,
2779 2677 2826 2722 et
2855 2665 2912 2720 Μ
2916 2666 3050 2731 edia,
3078 2676 3125 2722 et
3144 2670 3424 2736 exercitus,
3454 2674 3541 2739 qui

1945 2741 2141 2796 abierat
2166 2758 2283 2796 cum
2322 2743 2456 2813 ipso,
2486 2749 2532 2794 et
2555 2742 2676 2811 quia
2714 2741 2969 2809 quaerebat
2995 2742 3251 2811 suscipere
3279 2746 3423 2813 regni
3452 2763 3539 2799 ne.

1983 2814 2088 2867 otia
2117 2828 2136 2867 .'

1983 2830 2088 2867 otia
2117 2830 2136 2867 :

1946 2830 1978 2885 g
2018 2883 2306 2939 Festinavit
2332 2884 2429 2949 ire,
2468 2890 2516 2939 et
2549 2882 2717 2937 dicere
2756 2881 2825 2936 ad
2854 2898 3047 2953 regem,
3078 2890 3127 2937 et
3155 2882 3308 2938 duces
3349 2886 3545 2939 exerci-

1946 2966 2027 3010 tus
2054 2971 2075 3009 :
2112 2955 2394 3024 Deﬁcimus
2419 2955 2667 3026 quotidie,
2710 2962 2758 3008 et
2803 2968 2920 3007 esca
2958 2954 3103 3007 nobis
3135 2955 3345 3026 modica
3373 2966 3465 3022 est,
3494 2966 3543 3010 et

1949 3028 2112 3093 locus,
2137 3044 2292 3097 quem
2314 3024 2619 3092 obsidemus,
2652 3036 2727 3080 est
2755 3026 3005 3093 munitus,
3038 3034 3085 3079 et
3128 3024 3372 3080 incumbit
3401 3029 3547 3083 nobis

319 3074 384 3150 ἐξ
411 3074 833 3170 "nanctis...
889 3097 1223 3170 ιαιιηιωαιη,
1274 3105 1325 3150 ει
1352 3094 1732 3170 Δαιρριίειιρεηιηι
1776 3095 1845 3148 ad
1870 3074 1916 3137 c
1949 3074 2291 3153 sai-sana;
2308 3074 2485 3168 an}:

241 3168 587 3238 Bethsuram,
620 3178 668 3224 et
700 3167 1051 3239 pugnaverunt
1094 3168 1202 3222 dies
1254 3167 1443 3221 multos
1468 3207 1483 3231 ,
1520 3176 1575 3239 et
1610 3168 1845 3239 fecerunt

240 3242 530 3304 machinas,
559 3250 607 3293 et
633 3238 886 3311 exierunt,
915 3251 966 3297 et
996 3240 1368 3295 succenderunt
1398 3255 1484 3293 eas
1509 3238 1641 3308 igni,
1669 3247 1715 3293 et
1744 3255 1845 3310 pu-

239 3322 528 3383 gnaverunt
552 3315 787 3383 viriliter.

319 3383 389 3436 Et
416 3384 624 3438 recessit
649 3381 821 3438 Judas
850 3383 913 3437 ab
945 3399 1085 3447 arce,
1114 3391 1161 3437 et
1198 3382 1352 3436 movit
1379 3388 1550 3434 castra
1587 3380 1658 3433 ad
1686 3379 1846 3436 Beth-

238 3454 524 3527 zacharam
556 3466 733 3508 contra
762 3464 931 3527 castra
957 3456 1115 3527 regis.

316 3525 383 3579 Et
409 3527 633 3580 surrexit
658 3543 749 3580 rex
770 3536 886 3580 ante
910 3522 1094 3591 lucem,
1117 3534 1163 3579 et
1193 3522 1469 3579 concitavit
1498 3524 1751 3577 exercitus
1790 3524 1844 3578 in

241 3599 494 3665 impetum
542 3607 723 3651 contra
751 3598 885 3652 viam
929 3595 1342 3650 Bethzacharam
1370 3611 1389 3649 :
1431 3605 1478 3648 et
1508 3610 1844 3661 comparave-

238 3680 363 3741 runt
390 3685 444 3723 se
467 3670 729 3741 exercitus
752 3670 805 3723 in
833 3669 1094 3741 prwliunt,
1122 3676 1170 3720 et
1198 3667 1333 3741 tubis
1358 3666 1652 3719 cecinerunt
1681 3682 1701 3720 :

312 3738 385 3792 Et
430 3740 721 3809 elephantis
750 3738 1080 3794 ostenderunt
1112 3740 1416 3810 sanguinem
1460 3751 1572 3790 uva:
1599 3745 1648 3790 et
1688 3740 1840 3809 mori,

240 3811 310 3864 ad
326 3812 597 3881 acuendos
624 3827 708 3866 eos
741 3813 794 3865 in
825 3811 1102 3881 prtelium:

312 3880 382 3934 Et
419 3882 699 3936 diviserunt
728 3877 912 3937 bestias
944 3898 1034 3951 per
1055 3880 1277 3951 legiones
1306 3895 1325 3932 :
1354 3885 1401 3932 et
1437 3877 1709 3932 astiterunt
1736 3880 1844 3933 sin-

238 3952 377 4023 gulis
410 3954 704 4021 elephantis
751 3952 892 4008 millc
931 3954 1024 4006 viri
1078 3950 1131 4005 in
1172 3950 1346 4005 loricis
1391 3952 1761 4023 concatenatis,
1796 3960 1843 4006 et

237 4020 401 4094 galeae
426 4020 577 4078 mm
606 4026 660 4078 in
689 4026 942 4094 capitibus
972 4040 1147 4077 eorum
1194 4038 1213 4075 :
1253 4030 1301 4075 et
1339 4020 1604 4090 quingenti
1650 4023 1843 4091 equites

240 4096 471 4149 ordinati
499 4095 778 4166 unicuique
804 4096 973 4149 bestice
998 4094 1143 4149 electi
1170 4100 1340 4147 erant.

314 4166 388 4220 Hi
419 4178 540 4221 ante
570 4159 769 4238 tempus
795 4167 1099 4230 ubicumque
1126 4172 1233 4238 erat
1265 4161 1443 4238 bestia,
1475 4159 1547 4238 ibi
1578 4172 1722 4217 erant
1748 4180 1767 4220 :
1794 4174 1844 4220 et

241 4254 567 4308 quocumque
592 4231 717 4301 iba't,
746 4238 909 4304 ibant,
941 4244 987 4291 et
1014 4251 1113 4289 non
1140 4232 1470 4308 discedebant
1492 4231 1556 4284 ab
1584 4250 1664 4288 ea.

318 4310 427 4365 Sed
474 4303 521 4363 et
562 4320 728 4364 turres
765 4303 948 4380 ugm
991 4323 1143 4377 super
1169 4321 1255 4360 eos
1300 4303 1507 4380 ﬁrmata
1521 4313 1842 4375 protegentes

243 4398 399 4451 super
421 4381 655 4451 singulas
683 4372 869 4434 bestias
895 4396 912 4434 :
947 4388 995 4433 et
1023 4372 1179 4451 super
1208 4372 1307 4451 eas
1337 4372 1592 4451 machina:
1620 4390 1639 4429 ε
1665 4372 1843 4451 etsu-

2023 3170 2178 3224 Nunc
2207 3170 2379 3239 itaque
2410 3170 2585 3223 demus
2612 3168 2822 3225 dextras
2850 3169 3141 3224 hominibus
3172 3169 3283 3223 istis
3308 3210 3323 3234 ,
3374 3178 3423 3224 et
3464 3173 3548 3242 fam

1948 3241 2142 3295 ciamus
2168 3257 2283 3293 cum
2310 3241 2413 3295 illis
2444 3258 2641 3309 pacem,
2667 3252 2714 3296 et
2737 3258 2855 3295 cum
2878 3244 3018 3294 omni
3047 3250 3194 3312 gente
3219 3256 3393 3294 eorum
3416 3258 3437 3297 .'

2018 3312 2085 3366 Et
2123 3313 2492 3367 constituamus
2520 3312 2648 3375 illis,
2690 3322 2746 3365 ut
2785 3314 3047 3367 ambulent
3078 3316 3129 3365 in
3168 3312 3407 3382 legitimis
3435 3314 3544 3367 suis

1945 3384 2078 3439 sicut
2125 3385 2310 3454 prius:
2344 3394 2551 3455 propter
2576 3384 2807 3455 legitima
2848 3385 2981 3437 enim
3011 3384 3243 3455 ipsorum
3266 3426 3281 3451 ,
3312 3400 3426 3454 qua:
3455 3384 3546 3438 de-

1946 3452 2227 3525 speximus,
2260 3452 2383 3509 irati
2408 3452 2548 3519 sunt,
2576 3452 2879 3525 effecerunt
2906 3452 3078 3508 omnia
3104 3452 3234 3509 hcec.

2018 3526 2087 3580 Et
2113 3526 2307 3595 placuit
2337 3542 2504 3580 sermo
2555 3526 2607 3579 in
2650 3534 2925 3594 conspectu
2957 3528 3090 3596 regis
3120 3534 3167 3579 et
3202 3525 3493 3598 principum
3522 3543 3540 3581 :

1944 3607 1993 3652 et
2018 3600 2154 3653 misit
2187 3600 2256 3651 ad
2286 3614 2369 3651 eos
2394 3614 2567 3663 pacem
2590 3601 2761 3667 facere
2782 3613 2802 3651 :
2829 3606 2873 3650 et
2900 3607 3195 3667 receperunt
3226 3596 3394 3651 illam.

2024 3669 2088 3743 Et
2105 3672 2307 3743 juravit
2336 3670 2442 3723 illis
2469 3685 2582 3735 rex,
2611 3679 2657 3723 et
2683 3669 2938 3740 principes
2964 3683 2981 3720 :
3006 3676 3051 3720 et
3080 3670 3311 3720 exierunt
3340 3668 3404 3723 de
3430 3686 3543 3722 mu-

1944 3741 2156 3795 nitione.

2016 3811 2085 3864 Et
2128 3811 2338 3866 intravit
2371 3828 2464 3865 rex
2501 3821 2726 3865 montem
2770 3808 2921 3876 Sion,
2969 3816 3014 3862 et
3043 3809 3167 3863 vidit
3212 3811 3543 3865 munitionem

1946 3881 2047 3935 loci
2068 3899 2085 3934 :
2107 3895 2154 3936 et
2176 3884 2315 3953 rupit
2337 3884 2487 3936 citius
2498 3886 2853 3952 juramentum
2878 3881 3014 3951 quod
3030 3882 3235 3952 juravit
3280 3899 3298 3937 :
3323 3892 3370 3937 ct
3392 3898 3539 3936 man-

1944 3953 2083 4007 davit
2106 3956 2367 4008 destruere
2396 3969 2602 4006 murum
2630 3954 2682 4005 in
2709 3968 2856 4022 gyro.

2016 4024 2084 4077 Et
2115 4026 2348 4078 discessit
2376 4024 2697 4093 festinanter,
2730 4034 2777 4075 et
2818 4037 3050 4079 reversus
3086 4036 3160 4080 est
3192 4024 3540 4089 Antiochiam,

1944 4105 1989 4152 et
2006 4096 2208 4169 invenit
2234 4095 2539 4167 Philippum
2567 4095 2917 4169 dominantem
2944 4097 3140 4152 civitati
3170 4115 3189 4153 :
3216 4107 3262 4153 et
3290 4099 3541 4169 pugnavit

1944 4168 2187 4222 adversus
2217 4183 2354 4235 eum,
2384 4179 2429 4221 et
2456 4167 2721 4237 occupavit
2748 4168 3026 4224 civitatem.

2548 4327 2776 4387 CAPUT
2806 4328 2919 4385 VII.

245 4438 335 4520 pe}
364 4438 728 4525 singulas‘riri
756 4451 956 4505 virtutis
992 4438 1203 4525 triginta
1240 4446 1367 4514 duo,
1414 4444 1502 4514 qui
1540 4448 1840 4518 pugnabant
1865 4455 1922 4518 1)
2004 4445 2474 4525 -Annocentesi‘mo
2514 4444 2940 4525 quinquagesimo
2978 4442 3145 4525 primo
3187 4441 3310 4525 eaiit
3358 4438 3545 4496 Deme-

243 4521 485 4592 desuper,
520 4534 568 4577 et
594 4521 764 4577 Indus
794 4525 1035 4593 magister
1057 4522 1254 4575 bestiae.

315 4588 385 4648 Ei
413 4588 678 4650 residuum
706 4588 988 4665 equitaium
1018 4593 1134 4645 hinc
1162 4600 1209 4644 et
1248 4588 1366 4642 inde
1409 4588 1587 4641 statuit
1621 4589 1675 4644 in
1707 4591 1839 4647 duas

244 4676 437 4738 partes,
471 4666 633 4720 turbis
663 4665 944 4738 exercitum
980 4676 1316 4729 commovere,
1347 4667 1393 4713 et
1419 4674 1691 4733 perurgere
1710 4679 1837 4717 con-

244 4736 462 4809 stipatos
488 4740 543 4792 in
575 4736 864 4809 legionibus
894 4739 1028 4808 ejus.

318 4808 388 4863 Et
432 4819 487 4862 ut
514 4807 721 4879 refulsit
758 4807 837 4862 sol
876 4808 929 4861 in
960 4810 1166 4877 clypeos
1193 4817 1378 4879 aureos
1417 4809 1469 4879 et_
1507 4818 1667 4859 wreos
1696 4846 1711 4872 ,
1760 4822 1842 4861 re-

242 4872 609 4952 splenduerunt
647 4890 842 4934 montes
870 4879 932 4933 ab
981 4872 1077 4944 eis,
1126 4887 1174 4931 et
1225 4872 1657 4944 resplenduerunt
1708 4879 1842 4934 sicut

245 4952 512 5027 lampades
537 4952 693 5027 ignis.
1181 5018 1192 5027 _
1420 5016 1431 5027 ,

355 5018 385 5076 ξι
431 5018 677 5077 distincta
728 5029 800 5077 est
849 5037 973 5087 pars
1025 5018 1278 5075 exercitus
1321 5018 1459 5085 regis
1503 5034 1596 5087 per
1646 5029 1844 5075 montes

245 5095 493 5161 acelsos,
526 5105 574 5149 et
599 5094 709 5148 alia
732 5110 822 5165 per
844 5089 957 5148 loca
980 5092 1199 5146 humilia
1229 5131 1244 5155 ,
1274 5098 1322 5143 et
1348 5089 1487 5141 ibant
1515 5098 1661 5143 caute
1686 5100 1732 5144 et
1759 5107 1844 5146 or-

244 5165 442 5221 dinate.

317 5237 389 5291 Et
411 5236 859 5293 commovebantur
889 5250 1061 5289 omnes
1085 5232 1431 5289 inhabitantes
1457 5236 1644 5286 terram
1669 5250 1702 5287 a
1726 5249 1847 5288 voce

245 5311 621 5375 multitudinis,
650 5319 696 5362 et
717 5310 920 5362 incessu
948 5306 1132 5369 turbw,
1164 5316 1214 5359 et
1244 5303 1510 5375 collisione
1534 5319 1799 5358 armorum
1823 5320 1843 5360 :

246 5392 356 5435 erat
381 5384 518 5436 enim
551 5370 809 5435 exercitus
838 5394 1059 5448 magnus
1081 5376 1250 5441 valde,
1280 5384 1330 5430 et
1360 5370 1527 5448 fortis.

318 5451 388 5506 Et
416 5451 744 5525 apprOpiavit
773 5446 967 5525 ludas,
991 5459 1041 5502 et
1064 5449 1314 5525 exercitus
1341 5449 1451 5525 ejus
1473 5446 1536 5525 in
1564 5446 1845 5515 praelium:

246 5533 295 5579 et
326 5519 619 5579 ceciderunt
646 5523 710 5575 de
729 5521 958 5576 exercitu
986 5522 1119 5590 regis
1141 5521 1367 5573 sexcenti
1388 5519 1505 5574 viri.

322 5596 389 5649 Et
416 5597 540 5648 vidit
572 5593 793 5647 Eleazar
819 5590 963 5661 ﬁlius
986 5586 1160 5647 Stiura
1185 5608 1341 5645 unam
1371 5590 1435 5645 de
1455 5586 1627 5645 bestiis
1645 5587 1845 5661 lorica-

247 5675 350 5721 tam
368 5667 539 5721 loricis
559 5665 697 5736 regis
718 5680 738 5719 :
764 5659 950 5718 eterat
978 5665 1205 5717 eminens
1223 5678 1378 5734 super
1399 5671 1607 5719 cceteras
1635 5659 1845 5733 bestias,

250 5748 299 5795 et
323 5741 484 5794 visum
512 5748 588 5793 est
614 5738 661 5793 ei
684 5736 821 5810 quod
848 5738 901 5792 in
923 5751 982 5794 ea
1009 5743 1139 5793 esset
1165 5748 1279 5791 rex.

1947 4519 2077 4573 trius
2102 4518 2305 4572 Seleuci
2336 4516 2475 4585 ﬁlius
2497 4514 2558 4569 ab
2586 4518 2719 4569 urbe
2738 4518 2921 4578 Roma,
2950 4522 2997 4567 et
3024 4514 3252 4567 ascendit
3275 4529 3389 4565 cum
3413 4530 3545 4582 pau-

1947 4591 2020 4645 cis
2050 4591 2170 4643 virts
2195 4590 2249 4642 in
2275 4589 2525 4641 civitatem
2557 4588 2886 4650 maritimam,
2911 4596 2957 4639 et
2986 4586 3219 4654 regnavit
3242 4585 3369 4637 illic.

2020 4658 2087 4714 Et
2121 4660 2315 4731 factum
2342 4668 2436 4718 est.
2464 4670 2516 4712 ut
2538 4659 2799 4731 ingressus
2824 4667 2917 4731 est
2936 4657 3143 4731 domum
3170 4656 3543 4731 reguipatrum

1947 4725 2178 4795 suorum,
2204 4725 2859 4803 comprehenditexercitus
2884 4726 3215 4793 Antiochum,
3242 4736 3289 4778 et
3310 4725 3541 4795 Lysiam,

1949 4814 2003 4859 ut
2035 4801 2348 4857 adducerent
2370 4818 2455 4855 eos
2477 4801 2545 4853 ad
2572 4817 2708 4854 eum.

2022 4874 2089 4928 Et
2124 4892 2205 4929 res
2250 4876 2295 4927 ei
2327 4874 2584 4940 innotuit,
2631 4881 2677 4924 et
2709 4874 2782 4923 ait
2825 4885 2843 4925 :
2892 4867 3068 4924 Nolite
3112 4866 3240 4921 mihi
3280 4868 3546 4922 ostendere

1951 4948 2134 5019 faciem
2163 4961 2360 5019 eorum.

2023 5017 2091 5071 Et
2130 5017 2314 5071 occidit
2341 5032 2427 5070 eos
2466 5014 2739 5069 exercitus.
2786 5009 2855 5065 Et
2893 5010 3023 5065 sedit
3072 5006 3365 5064 Demetrius
3392 5024 3545 5079 super

1950 5091 2118 5146 sedem
2144 5089 2288 5155 regni
2316 5088 2401 5139 sui
2429 5101 2447 5139 :

2022 5157 2092 5212 Et
2122 5150 2363 5211 venerunt
2402 5156 2469 5209 ad
2492 5170 2611 5210 eum
2645 5154 2740 5208 viri
2768 5153 2931 5221 iniqui
2961 5160 3007 5207 et
3041 5152 3189 5221 impii
3227 5168 3292 5206 ea:
3332 5150 3498 5206 Israel
3526 5164 3545 5203 :

1952 5240 2001 5287 et
2029 5228 2256 5281 Alcimus
2285 5226 2393 5279 dua:
2409 5242 2608 5291 eorum,
2631 5226 2718 5294 qui
2737 5223 2932 5279 volebat
2960 5224 3070 5291 ﬁeri
3090 5223 3350 5277 sacerdos.

2028 5297 2097 5351 Et
2145 5307 2510 5367 accusaverunt
2559 5299 2806 5367 populum
2840 5295 2981 5365 apud
3020 5310 3214 5367 regem,
3273 5294 3494 5347 dicentes
3524 5307 3545 5345 :

1948 5368 2186 5426 Perdidit
2215 5363 2404 5431 ludas,
2442 5376 2488 5420 et
2522 5363 2704 5435 fratres
2734 5368 2848 5437 ejus
2877 5363 3054 5421 omnes
3079 5363 3281 5420 'amicos
3316 5374 3454 5432 tuos,
3496 5372 3544 5416 et

1948 5459 2041 5498 nos
2070 5438 2310 5509 dispersit
2331 5436 2395 5489 de
2420 5445 2556 5509 terra
2585 5436 2782 5494 nostra.

2022 5504 2179 5566 Nunc
2205 5524 2326 5577 ergo
2358 5508 2498 5563 mitte
2521 5509 2710 5573 virum,
2746 5508 2827 5563 cui
2852 5508 3041 5574 credis,
3076 5515 3130 5562 ut
3152 5515 3252 5567 eat.
3286 5504 3548 5577 etrvideat

1948 5576 2307 5640 exterminium
2336 5595 2506 5645 omne,
2546 5580 2685 5650 quod
2709 5581 2831 5651 fecit
2869 5580 3036 5647 nobis,
3062 5588 3109 5634 et
3140 5576 3430 5649 regionibus
3461 5591 3545 5629 re-

1949 5658 2073 5729 gis;
2098 5655 2353 5729 et_pu_niat
2382 5668 2553 5707 omnes
2583 5652 2781 5729 amicos
2804 5656 2939 5729 ej_us,
2973 5652 3541 5729 et‘adjutoreseorum.

2023 5726 2093 5787 Et
2117 5720 2265 5797 elegit
2292 5740 2387 5781 rex
2410 5741 2475 5783 es:
2496 5725 2674 5782 amicis
2699 5725 2808 5782 suis
2824 5720 3167 5794 Bacchidem,
3198 5722 3287 5796 qui
3305 5720 3546 5777 domina-
