3918 6192
402 271 510 335 483

1407 270 1466 329 S.
1505 265 1893 328 BIERONYMI
1930 266 2165 329 DIVINA
2208 266 2684 329 BIBLIOTHECA.

3600 272 3721 333 ιει

403 394 556 469 batur
579 402 725 450 trans
750 395 938 463 ﬂumen
964 401 1207 461 magnum
1237 385 1292 441 in
1318 400 1501 458 regno,
1527 394 1579 442 et
1601 385 1812 458 ﬁdelem
1849 386 1960 459 regi
1984 400 2003 442 :
2028 387 2082 449 Α
2106 401 2192 441 sus
2219 386 2365 469 fuero
2394 384 2450 439 in
2477 401 2604 456 pace
2625 426 2645 455 ,
2682 382 3000 442 succendunt
3043 383 3253 441 domum
3279 384 3455 442 istam.
3485 383 3561 441 Et
3589 386 3727 443 exiit

408 475 457 521 et
482 466 625 521 misit
653 483 790 531 eum,

482 536 553 591 Ut
579 527 1163 597 videret'exterminium,
1191 529 1331 602 quod
1359 531 1479 599 fecit
1500 527 1711 596 Iudas;
1733 530 1823 585 sed
1846 537 1899 602 et_
1916 528 2009 585 Αι-

403 607 597 662 cimum
627 609 837 678 impium
868 602 1129 678 constituit
1159 600 1615 678 in_sacerdotium,
1644 608 1695 655 et
1740 600 2009 657 mandavit

404 681 454 735 ei
486 680 665 744 facere
689 672 931 730 ultionem
961 675 1014 726 in
1043 673 1182 744 ﬁlios
1212 672 1400 729 Israel.

531 754 929 811 tsurrercernnt,
956 753 1004 798 et
1041 743 1286 800 venerunt
1318 761 1435 799 cum
1470 743 1698 799 exercitu
1723 760 1913 817 magno
1952 744 2008 817 in

408 829 600 874 terram
646 818 791 872 .luda
826 834 839 871 :
887 825 933 872 et
977 820 1228 871 miserunt
1257 818 1487 879 nuntios,
1525 826 1572 869 et
1604 817 1763 870 locuti
1795 815 1914 871 sunt
1939 815 2008 869 ad

399 888 594 945 Iudam
625 899 673 943 et
699 889 768 943 ad
796 891 981 958 fratres
1011 888 1124 957 ejus
1153 888 1316 943 verbis
1342 888 1579 959 paciﬁcis
1607 888 1663 941 in
1686 887 1830 942 dolo.

476 959 548 1015 Et
590 977 695 1014 non
740 959 1075 1014 intenderunt
1124 958 1445 1015 sermonibus
1487 973 1718 1014 eorum:
1768 958 2009 1013 viderunt

404 1034 542 1103 enim
568 1032 690 1103 quia
711 1039 957 1085 venerunt
988 1046 1108 1103 cum
1131 1032 1365 1103 exercitu
1393 1046 1605 1103 magno.

476 1101 543 1157 Et
577 1099 927 1157 convenerunt
955 1102 1035 1174 ad,
1075 1100 1332 1155 Alcimum
1363 1111 1410 1155 et
1440 1099 1754 1155 Bacchidem
1784 1116 2006 1174 congre-

407 1176 547 1257 gatio
571 1175 862 1257 scribaram
889 1173 1152 1257 requirere
1176 1188 1294 1244 qua:
1308 1174 1620 1257 justasuat.

481 1244 548 1299 Et
572 1246 726 1316 primi
744 1241 990 1316 Assidtei,
1012 1244 1104 1315 qui
1130 1241 1279 1298 erant
1303 1241 1357 1298 in
1377 1242 1505 1313 ﬁliis
1527 1241 1723 1309 lsrael,
1752 1250 1799 1296 et
1827 1244 2010 1316 exqui-

403 1315 585 1373 rebant
616 1316 677 1372 ab
705 1315 779 1370 eis
810 1330 988 1381 pacem
1015 1330 1033 1368 :

475 1385 737 1443 Dixerunt
781 1387 915 1440 enim
959 1402 977 1440 :
1021 1384 1195 1441 Homo
1222 1386 1465 1441 sacerdos
1491 1385 1555 1440 de
1596 1383 1791 1440 semine
1830 1386 2009 1442 Aaron

404 1459 558 1523 venit,
594 1475 697 1513 non
725 1456 946 1528 decipiet
973 1472 1087 1511 nos.

478 1528 547 1584 Et
565 1531 766 1600 locutus
788 1526 861 1583 est
891 1544 1009 1581 cum
1036 1529 1107 1582 eis
1128 1528 1279 1600 verba
1303 1527 1522 1600 paciﬁca
1551 1542 1569 1582 :
1591 1536 1637 1582 et
1649 1528 1849 1597 jnravit
1873 1526 2002 1597 illis,

405 1602 581 1656 dicens
617 1618 636 1658 :
666 1599 788 1656 Non
832 1600 1117 1672 inferemus
1160 1598 1314 1658 vobis
1342 1600 1564 1667 malum,
1614 1614 1781 1672 neque
1824 1600 2007 1655 amicis

405 1674 607 1728 vestris.

481 1743 550 1799 Et
574 1743 909 1799 crediderunt
935 1742 1002 1796 ei.
1037 1740 1105 1797 Et
1136 1740 1521 1812 comprehendit
1545 1756 1610 1796 ea:
1632 1742 1708 1796 eis
1733 1742 2004 1812 sexaginta

407 1814 567 1880 viros,
589 1825 636 1869 et
665 1813 851 1870 occidit
878 1830 966 1869 eos
985 1814 1041 1868 in
1071 1829 1176 1868 una
1202 1814 1308 1882 die,
1330 1813 1614 1868 secundum
1634 1812 1839 1868 verbum
1867 1815 2005 1885 quod

406 1888 660 1955 scriptum
686 1894 759 1941 est
787 1901 805 1939 :

478 1954 674 2013 Carnes
721 1964 1016 2011 sanctorum
1066 1964 1292 2020 tuorum,
1335 1963 1383 2010 et
1420 1954 1727 2026 sanguinein
1773 1955 2006 2026 ipsorum

405 2028 701 2099 effuderunt
739 2031 797 2085 in
832 2028 1050 2083 circuitu
1082 2027 1395 2095 Jerusalem,
1428 2035 1476 2081 et
1516 2043 1623 2081 non
1667 2036 1774 2082 erat
1810 2028 1897 2098 qui
1926 2045 2008 2084 se-

477 2102 612 2156 liret.

409 2117 812 2226 W'gte'incubuit
853 2171 1026 2238 timor,
1072 2178 1119 2224 et
1158 2176 1351 2224 tremor
1391 2169 1448 2225 in
1490 2184 1692 2241 omnem
1729 2169 2005 2241 populum,

406 2245 531 2316 quia
563 2245 802 2298 dixerunt
843 2257 862 2296 :
893 2240 1018 2316 Non
1046 2252 1123 2296 est
1160 2243 1362 2316 veritas.
1400 2249 1448 2295 et
1478 2240 1746 2316 judicium
1792 2245 1847 2294 in
1882 2243 1957 2316 eis
1988 2258 2007 2297 :

411 2312 718 2388 irunsgressi
764 2323 884 2367 sunt
928 2312 1065 2367 enim
1116 2312 1491 2380 constitutum,
1522 2320 1568 2366 et
1602 2313 2005 2384 jusjurandum,

408 2388 546 2459 quo_d
559 2389 885 2459 jurnveru_nt.

484 2452 575 2512 Et'
596 2458 751 2510 movit
783 2455 1064 2509 Bacchides
1090 2462 1262 2510 castra
1290 2454 1356 2509 ab
1397 2452 1711 2517 Jerusalem.
1746 2464 1794 2508 et
1837 2456 2010 2524 appli-

406 2528 515 2584 cuit
541 2529 596 2583 in
637 2527 929 2582 Bethzecha
958 2542 977 2579 :
1008 2535 1055 2581 et
1094 2527 1256 2589 misit,
1305 2537 1349 2580 et
1388 2524 1777 2596 comprehendit
1806 2529 2008 2596 mullos

406 2617 473 2656 ex
494 2601 565 2654 eis
593 2601 681 2663 qui
706 2616 738 2653 a
777 2614 832 2653 se
855 2596 1164 2670 elfugerant,
1195 2605 1241 2651 et
1270 2598 1523 2670 quosdam
1551 2596 1617 2650 de
1653 2595 1847 2669 populo
1871 2613 2011 2653 mac-

411 2673 557 2738 tavit,
582 2680 633 2727 et
654 2674 706 2724 in
736 2677 944 2736 puteum
968 2668 1218 2739 magnum
1241 2668 1480 2739 projecit.

482 2736 552 2796 Et
598 2742 852 2798 commisit
894 2736 1159 2811 regionem
1206 2736 1429 2811 Alc_imo,
1464 2744 1516 2811 et
1530 2737 1763 2811 _t'eliqui_t
1803 2756 1920 2794 cum
1948 2756 2009 2796 eo

408 2814 663 2869 auxilium
684 2814 737 2869 in
766 2806 1089 2886 adjutorinm
1118 2810 1241 2881 ipsi.
1274 2807 1342 2864 Et
1369 2808 1494 2863 abiit
1522 2806 1808 2866 Bacchides
1831 2810 1901 2865 ad
1928 2828 2009 2868 re-

483 2956 552 3012 Et
596 2956 724 3013 satis
760 2954 946 3029 agebat
993 2953 1223 3009 Alcimus
1251 2967 1347 3027 pro
1390 2953 1688 3025 principatu
1733 2954 2008 3010 sacerdotii

486 3098 555 3153 Et
581 3108 926 3152 convenerunt
967 3097 1035 3150 ad
1058 3113 1175 3151 eum
1191 3113 1363 3151 omnes
1388 3095 1493 3167 qui_
1509 3094 1875 3165 perturbabant
1909 3113 2007 3167 po-

2110 473 2229 512 cum
2251 473 2331 510 ira
2357 472 2566 527 magna.

2183 527 2594 603 Etintraverunt
2623 527 2936 596 sacerdotes,
2960 537 3028 603 “et
3063 536 3311 585 steterunt
3347 536 3473 586 ante
3518 530 3719 603 {aciem

2108 597 2294 672 alta_ris
2322 609 2369 672 et
2401 600 2579 670 templi
2603 617 2622 655 :
2647 609 2694 655 et
2724 603 2903 672 ﬂentes
2934 601 3174 656 dixerunt
3204 617 3224 656 :

2184 669 2283 735 Tu,
2311 668 2557 739 Domine,
2603 668 2802 744 elegisti
2846 671 3056 726 domum
3081 672 3233 726 istam
3262 673 3332 728 ad
3361 673 3721 728 invocandum

2109 757 2295 796 nomen
2323 751 2468 797 tuum
2493 745 2546 798 in
2565 754 2716 807 ea,ut
2740 752 2869 800 esset
2895 744 3078 799 domus
3106 745 3359 801 orationis
3391 752 3439 800 et
3467 745 3720 801 obsecra-

2111 814 2267 883 tionjs
2296 815 2490 883 populo
2518 823 2628 869 tuo.

2181 881 2232 963 Ε
2234 881 2302 938 ac
2317 881 2599 963 vindictam
2626 887 2678 940 in
2708 886 2913 941 homine
2953 887 3076 963 isto,
3105 895 3155 963 et
3203 887 3429 963 exercitu
3473 891 3620 963 ejus,
3667 897 3718 945 et

2109 958 2300 1031 cadant
2332 957 2384 1031 in
2413 958 2594 1030 gladio
2625 973 2644 1010 :
2668 967 2921 1013 memento
2946 956 3297 1029 blasphemias
3322 956 3522 1031 eorum,
3555 970 3609 1014 et
3650 978 3715 1017 ne

2111 1028 2312 1101 ded_eris
2340 1028 2502 1101 eis'ut
2526 1039 2878 1101 permaneant.

2183 1096 2249 1176 E_t
2280 1101 2403 1176 eaiit
2454 1096 2686 1155 Nicanor
2730 1101 2794 1155 ab
2820 1102 3141 1176 Jerusalem,
3180 1111 3230 1157 et
3254 1112 3428 1176 castra
3453 1103 3716 1176 applicuit

2114 1168 2184 1223 ad
2192 1169 2467 1245 _Bet_horon
2510 1188 2530 1225 :
2552 1183 2599 1245 et
2629 1174 2853 1226 occurrit
2874 1173 2954 1227 illi
2980 1168 3233 1231 exercitus
3260 1172 3455 1245 Syriae.

2183 1240 2249 1295 Et
2268 1242 2301 1295 ,Ι
2310 1243 2440 1297 udas
2469 1242 2719 1314 applicuit
2747 1245 2802 1298 in
2818 1245 3023 1299 Adarsa
3047 1261 3164 1300 cum
3188 1240 3353 1299 tribus
3374 1245 3611 1302 millibus
3637 1248 3715 1303 ni-

2107 1312 2181 1367 ris
2208 1327 2231 1384 7:
2257 1323 2306 1368 et
2336 1312 2721 1384 oravit’Judas,
2752 1326 2798 1369 et
2835 1317 2966 1370 dixit
2996 1331 3016 1368 :

2186 1383 2289 1463 Qui
2316 1387 2460 1439 missi
2486 1394 2631 1440 erant
2670 1383 2715 1439 a'
2748 1404 2865 1463 rege
2901 1387 3276 1463 Sennacherib,
3312 1386 3556 1463 Domine,
3583 1391 3713 1463 quia

2109 1453 2583 1526 blasphemaverunt
2612 1465 2680 1522 te,
2713 1458 2836 1512 exiit
2862 1461 3097 1529 angelus,
3139 1467 3189 1514 et
3235 1453 3486 1530 percussit
3528 1453 3612 1517 ea;
3635 1465 3711 1519 eis

2108 1537 2312 1601 cen_tum
2344 1531 2605 1598 octoginta
2633 1529 2860 1601 quinque
2886 1530 3052 1584 millia
3079 1545 3100 1584 :

2182 1596 2276 1653 Sic
2301 1596 2507 1655 contere
2532 1596 2808 1654 exercitui»:
2832 1602 2989 1655 istum
3010 1603 3063 1655 in
3092 1611 3369 1672 conspectu
3398 1611 3574 1658 nostro
3603 1604 3706 1660 ho-

2110 1667 2194 1722 die
2214 1684 2234 1723 :
2254 1679 2299 1722 et
2323 1672 2488 1725 sciant
2515 1674 2683 1725 ceteri
2710 1672 2834 1740 quia
2858 1673 2994 1726 male
3015 1667 3231 1727 locutus
3246 1684 3320 1728 est
3348 1690 3499 1742 super
3517 1684 3704 1731 sancta

2112 1748 2247 1813 tna_:
2276 1749 2323 1795 et
2340 1743 2524 1813 judica
2550 1742 2699 1796 illum
2724 1744 3008 1798 secundum
3042 1744 3294 1807 malitiam
3316 1744 3479 1799 illius.

2182 1809 2254 1865 Et
2286 1809 2645 1885 commiserunt
2680 1817 2935 1870 exercitus
2961 1818 3198 1885 praelium
3227 1818 3376 1870 tertia
3397 1817 3598 1873 decima
3628 1818 3713 1873 die

2111 1885 2298 1936 mensis
2327 1884 2470 1936 Adar
2491 1900 2510 1939 :
2532 1893 2581 1939 et
2604 1887 2823 1939 contrita
2852 1884 2969 1941 sunt
2998 1895 3169 1942 castra
3195 1885 3503 1953 Nicanoris,
3539 1901 3592 1944 et
3620 1906 3707 1945 ce-

2110 1954 2238 2027 cid_i_t
2264 1957 2373 2024 ipse
2402 1956 2600 2025 primus
2630 1958 2683 2009 in
2717 1958 2925 2027 proelio.

2185 2023 2253 2080 Ut
2283 2023 2451 2102 autem
2492 2027 2618 2081 vidit
2660 2023 2912 2083 exercitus
2947 2032 3060 2094 eius
3084 2029 3209 2102 quia
3236 2031 3511 2087 cecidisset
3542 2030 3708 2088 Nica-

2110 2113 2231 2172 nor_,
2257 2099 2585 2172 projecerunt
2603 2115 2750 2153 arma
2769 2116 2862 2153 sua
2889 2110 2935 2153 et
2968 2099 3213 2172 fugerunt
3248 2119 3263 2156 :

2182 2168 2251 2223 Et
2283 2170 2538 2238 persecuti
2565 2178 2684 2225 sunt
2712 2188 2796 2224 eos
2826 2168 3139 2227 viam'unius
3165 2173 3268 2226 diei
3292 2174 3357 2227 ab
3391 2174 3600 2229 Adazer
3625 2191 3712 2229 us-

2108 2256 2309 2316 quequo
2336 2240 2573 2316 veniatur
2594 2244 2645 2316 in
2672 2240 2897 2309 Gazara,
2928 2251 2978 2298 et
3000 2244 3132 2298 tubis
3154 2244 3449 2300 cecinerunt
3478 2258 3602 2316 post
3624 2262 3709 2302 eos

2109 2311 2229 2366 cum
2253 2311 2718 2383 signiﬁcationibus
2759 2327 2780 2367 .°

2182 2383 2252 2437 Et
2288 2384 2521 2456 exierunt
2543 2384 2607 2438 de
2626 2385 2860 2440 omnibus
2886 2387 3111 2443 castellis
3134 2385 3338 2443 Judlete
3360 2388 3419 2443 in
3456 2388 3709 2456 circuitu,

2109 2462 2159 2509 et
2185 2453 2505 2509 uentitabant
2532 2472 2618 2510 eos
2639 2457 2879 2511 cornibus
2901 2467 2948 2511 et
2967 2458 3395 2514 convertebantur
3418 2461 3615 2514 iterum
3644 2453 3711 2514 ad

2109 2541 2219 2610 eos,
2251 2534 2300 2579 et
2329 2526 2625 2582 ceciderunt
2653 2545 2825 2583 omnes
2848 2529 3047 2602 gladio,
3075 2539 3247 2585 etnon
3278 2540 3352 2585 est
3400 2531 3622 2587 relictus
3649 2546 3710 2586 es:

2109 2612 2185 2652 ιη
2210 2614 2301 2652 nec
2328 2614 2484 2651 unus.

2182 2666 2252 2722 Et
2273 2671 2765 2747 acceperuntspolia
2794 2688 2972 2747 eorum
2996 2671 3049 2726 in
3078 2670 3397 2742 prwdam,et
3420 2683 3583 2747 caput
3613 2672 3704 2728 Ni-

2109 2740 2312 2795 canoris
2331 2750 2742 2817 amputaverunt,
2769 2753 2817 2798 et
2832 2744 3099 2799 dexteram
3124 2747 3260 2817 ejus,
3291 2740 3447 2817 quam
3468 2740 3713 2817 extende-

2108 2820 2188 2936 ra;
2211 2812 2447 2884 superbe,
2476 2822 2521 2866 et
2541 2815 2825 2871 attulerunt
2853 2825 2902 2870 et
2927 2812 3314 2887 suspenderunt
3333 2826 3523 2871 contra
3551 2814 3707 2873 Jeru-

2108 2900 2167 2936 sa
2192 2900 2291 2936 em.

2108 2900 2291 2938 salem.

2182 2953 2250 3030 Et
2277 2955 2479 3030 lic-tatus
2517 2965 2591 3011 est
2621 2958 2847 3030 populus
2871 2957 3039 3025 valde,
3075 2968 3123 3015 et
3152 2966 3368 3030 egerunt
3397 2959 3540 3014 diem
3567 2960 3711 3014 illam

2110 3025 2164 3081 in
2187 3025 2369 3081 laetitia
2407 3043 2611 3097 magna.

2188 3097 2249 3151 Et
2274 3098 2544 3174 constituit
2559 3100 2646 3174 agi
2668 3099 2904 3174 omnibus
2925 3102 3077 3156 annis
3097 3100 3236 3157 diem
3261 3101 3413 3157 istam
3437 3104 3597 3159 tertia
3622 3102 3711 3159 de-

410 3172 591 3244 pulum
612 3185 783 3233 suum,
812 3178 858 3223 et
889 3168 1217 3244 obtinuerunt
1245 3164 1439 3222 terram
1459 3164 1676 3233 ludam,
1698 3175 1747 3221 et
1774 3164 2004 3238 fecerunt
2034 3164 2080 3229 C
2110 3169 2244 3244 cim_a
2268 3170 2353 3244 die
2384 3171 2574 3244 mensis
2593 3164 2764 3244 '4dar.

412 3238 625 3364 plagam
652 3255 895 3312 magnam
921 3241 975 3292 in
999 3238 1189 3294 Israel.

520 3311 553 3365 ‘t
584 3311 715 3364 vidit
760 3308 931 3363 ludas
970 3311 1143 3379 omnia
1186 3309 1326 3362 mala
1352 3323 1473 3379 qua;
1504 3309 1628 3379 fecit
1670 3309 1922 3374 Alcimus,
1956 3320 2007 3367 et

410 3385 644 3455 quicum
672 3396 734 3435 eo
758 3387 926 3446 erant,
972 3378 1099 3449 ﬁliis
1140 3380 1249 3452 [AL
1283 3379 1404 3451 ﬁlii]
1448 3377 1639 3445 lsrael,
1688 3381 1848 3435 multo
1885 3382 2005 3453 plus

409 3470 568 3528 quem
594 3461 789 3528 scale!-

485 3523 555 3578 Et
584 3518 706 3577 exiit
735 3524 791 3577 in
837 3537 1011 3575 omnes
1041 3520 1171 3591 ﬁnes
1211 3518 1416 3575 Iudae
1446 3520 1502 3574 in
1531 3519 1774 3592 circuitu,
1807 3529 1854 3575 et
1884 3523 2008 3592 fecit

407 3595 688 3678 vindictam
714 3596 767 3648 in
788 3594 923 3648 viros
952 3564 1265 3659 desertores,
1287 3602 1335 3647 et
1359 3602 1681 3647 cessaverunt
1714 3564 1851 3646 ultra
1871 3564 2011 3649 e'xire

413 3684 469 3723 ιη
487 3681 768 3723 reatonem.

488 3682 843 3792 {agitabam
868 3733 1099 3790 Alcimus
1141 3734 1282 3808 quod
1322 3734 1591 3803 praevaluit
1619 3732 1811 3803 ludas,
1840 3743 1888 3790 et
1917 3736 2009 3806 qui

411 3824 531 3863 cum
559 3823 619 3862 eo
656 3815 800 3862 erant
830 3823 849 3863 :
891 3815 940 3860 et
978 3809 1209 3878 cognovit
1238 3809 1361 3876 quia
1401 3823 1506 3861 non
1549 3814 1719 3876 potest
1760 3808 2010 3862 sustinere

407 3896 515 3948 eos,
542 3886 590 3938 et
617 3895 878 3950 regressus
903 3888 976 3933 est
1007 3882 1074 3932 ad
1102 3895 1292 3951 regem,
1324 3887 1374 3935 et
1412 3879 1670 3934 accusavit
1715 3893 1804 3934 eos
1832 3879 2009 3934 multis

411 3951 736 4006 criminibus.

486 4021 556 4076 Et
594 4021 734 4075 misit
760 4035 853 4075 rex
882 4018 1215 4094 Nicanorem,
1242 4038 1411 4094 unum
1452 4037 1518 4076 ea:
1552 4020 1871 4094 principibus
1899 4021 2009 4076 suis

408 4094 749 4148 nobilioribus
775 4132 791 4156 ,
850 4091 941 4159 qui
994 4099 1105 4144 erat
1177 4092 1476 4146 inimicitias
1521 4091 1763 4149 eaereans
1826 4103 2010 4148 contra

412 4162 583 4227 Israel
607 4179 625 4218 :
653 4172 703 4217 et
730 4162 995 4234 mandavit
1018 4162 1068 4234 ei
1091 4172 1316 4234 evertere
1345 4165 1609 4234 populum.

485 4235 551 4290 Et
580 4234 718 4306 venit
745 4231 985 4306 Nicanor
1011 4232 1064 4288 in
1088 4230 1382 4306 Jerusalem
1408 4230 1525 4287 cum
1545 4234 1773 4306 exercitu
1794 4250 2005 4306 magno,

412 4317 461 4363 et
486 4307 621 4362 misit
642 4304 712 4360 ad
740 4305 962 4370 ludam,
1007 4312 1054 4359 et
1090 4304 1161 4359 ad
1205 4304 1395 4375 fratres
1426 4306 1539 4376 ejus
1578 4304 1743 4360 verbis
1780 4304 2009 4377 paciﬁcis

408 4394 524 4433 cum
546 4379 690 4447 dolo,
714 4377 891 4432 dicens
914 4391 934 4432 :

482 4447 605 4503 Non
644 4450 710 4503 sit
755 4464 931 4522 pugna
960 4446 1110 4522 inter
1137 4463 1218 4502 me
1246 4455 1292 4501 et
1322 4461 1455 4502 vos:
1496 4447 1696 4503 veniam
1734 4463 1851 4503 cum
1887 4450 2009 4505 viris

406 4522 610 4593 paucis,
637 4529 694 4593 ut
716 4519 1105 4593 videamfacies
1133 4527 1324 4593 vestras
1352 4534 1467 4572 cum
1491 4535 1639 4593 pace.

483 4590 550 4647 Et
576 4592 708 4646 venit
731 4592 800 4645 ad
826 4588 1047 4657 ludam,
1079 4597 1128 4644 et
1154 4588 1504 4661 salutauerunt
1532 4607 1586 4645 se
1622 4589 1836 4645 invicem
1863 4594 2006 4661 paci-

405 4662 501 4733 ﬁce
524 4679 543 4718 :
570 4674 616 4718 et
643 4662 811 4717 hostes
832 4663 1175 4733 parati_erant
1202 4676 1387 4729 rapere
1410 4659 1624 4715 ludam.

478 4735 544 4788 Et
569 4734 791 4788 innotuit
809 4730 974 4788 sermo
995 4730 1175 4799 ludes,
1199 4733 1446 4803 quoniam
1469 4748 1586 4787 cum
1615 4732 1738 4787 dolo
1758 4741 2005 4803 venerant

404 4805 476 4860 ad
504 4821 621 4860 eum
643 4823 663 4860 :
690 4814 740 4861 et
759 4805 1072 4861 conterritus
1102 4813 1177 4859 est
1203 4801 1268 4858 ab
1290 4818 1371 4873 eo,
1401 4813 1448 4859 et
1478 4803 1703 4875 amplius
1733 4801 1899 4859 noluit
1926 4807 2000 4860 vi-

405 4875 735 4960 derﬁ‘faciem
756 4877 887 4960 ejus,

476 4945 805 5020 Et'cognovit
843 4945 1083 5020 Nicanor
1105 4946 1348 5020 quoniam
1375 4946 1701 5020 denudatum
1730 4957 1806 5003 est
1833 4949 2006 5003 consi-

402 5018 536 5093 lium,
586 5018 698 5093 ejus
727 5034 748 5073 :
770 5026 820 5073 et
860 5019 1016 5074 exivit
1062 5018 1263 5074 obviam
1304 5018 1463 5076 ludte
1509 5020 1566 5074 in
1597 5035 1825 5091 pugnam
1843 5022 2005 5093 juxta

403 5086 833 5160 Caphar'saloma.

475 5159 545 5235 Et
576 5161 869 5235 ceciderunt
916 5163 983 5217 de
1041 5161 1321 5218 Nicanoris
1350 5162 1579 5235 exercitu
1628 5161 1740 5232 fere
1774 5163 2002 5235 quinque

402 5232 571 5307 millia
593 5232 786 5307 viri,qet
807 5236 1053 5307 fugerunt
1083 5235 1136 5288 in
1165 5235 1420 5307 civitatem
1449 5231 1641 5307 David.

471 5302 542 5358 Et
571 5312 684 5373 post
707 5302 977 5359 haecve'rba
1002 5306 1231 5360 ascendit
1262 5305 1497 5360 Nicanor
1517 5306 1573 5359 in
1589 5312 1818 5361 montem
1845 5303 1999 5374 Sion,

399 5382 447 5429 et
475 5375 713 5449 exierunt
738 5377 802 5428 de
826 5376 1176 5449 sacerdotibus
1195 5376 1376 5448 populi
1398 5376 1624 5449 salutare
1644 5392 1759 5431 eum
1776 5379 1832 5429 in
1844 5391 1992 5449 pace,

399 5457 447 5500 et
478 5448 831 5503 demonstrare
874 5447 923 5502 ei
961 5446 1375 5503 holocautorhata
1401 5463 1519 5520 quia
1534 5446 1880 5516 offerebantur
1906 5461 2003 5518 pro

400 5534 537 5573 reae.

568 5587 788 5643 irridens
814 5590 1003 5660 sprevit
1029 5606 1137 5654 eos,
1176 5599 1227 5646 et
1249 5590 1438 5665 polluit
1472 5604 1493 5645 :
1516 5597 1566 5645 et
1589 5588 1791 5645 locutus
1813 5597 1887 5645 est
1913 5604 2003 5644 su-

455 5677 487 5714 PT
527 5675 577 5713 8ο

435 5675 577 5716 ενοε.

399 5675 756 5806 "ﬁguravit
782 5744 897 5806 cum
908 5730 1026 5806 ira,
1044 5730 1250 5786 dicens:
1268 5729 1389 5785 Nisi
1416 5731 1640 5806 traditus
1661 5730 1813 5802 fuerit
1832 5728 2003 5783 Iudas

395 5812 444 5858 et
481 5798 739 5858 exercitus
760 5798 872 5871 ejus
902 5798 958 5853 in
986 5813 1167 5854 manus
1196 5816 1361 5869 meas,
1378 5802 1624 5856 continuo
1659 5798 1779 5857 cum
1803 5815 2004 5873 regres-

2034 4550 2085 4611 D

2185 3240 2251 3295 Et
2276 3241 2420 3296 siluit
2449 3253 2585 3297 terra
2604 3240 2641 3297 J
2646 3243 2748 3298 uda
2769 3243 2878 3299 dies
2904 3259 3119 3315 paucos.

2692 3351 2920 3415 CAPUT
2962 3357 3100 3414 VIII.

2181 3443 2249 3499 Et
2275 3446 2475 3520 audivit
2499 3444 2671 3503 ludas
2699 3464 2884 3503 nomen
2904 3447 3284 3520 Romanorum,
3305 3448 3431 3520 quia
3458 3461 3587 3505 sunt
3618 3468 3707 3517 po-

2108 3524 2276 3592 tentes
2298 3518 2512 3592 viribus,
2544 3526 2593 3592 et
2633 3520 2964 3588 acquiescant
2988 3523 3058 3575 ad
3087 3518 3408 3592 omniaquae
3436 3522 3710 3589 postulan-

2110 3595 2195 3642 tur
2222 3588 2293 3662 ab
2312 3588 2418 3645 eis:
2436 3600 2484 3644 et
2510 3590 2814 3662 quicumque
2841 3602 3170 3646 accesserunt
3193 3593 3262 3647 ad
3285 3588 3393 3658 eos,
3410 3588 3707 3649 statuerunt

2108 3673 2228 3736 cura
2250 3660 2323 3714 eis
2350 3661 2625 3736 amicitias,
2657 3660 2847 3736 etquia
2874 3677 2992 3717 sunt
3015 3673 3246 3736 potentes
3274 3665 3496 3719 viribus.

2184 3729 2251 3784 Et
2275 3734 2555 3805 audierunt
2584 3729 2768 3804 pratia
2789 3749 2989 3798 eorum,
3016 3729 3071 3789 'et
3116 3737 3329 3789 virtutes
3378 3738 3545 3790 bonas
3584 3751 3706 3805 quas

2110 3800 2340 3927 fecbequrzt
2364 3804 2419 3857 in
2452 3800 2664 3859 Galatia
2692 3848 2707 3874 ,
2737 3806 2861 3878 quia
2889 3806 3218 3861 obtinuerunt
3247 3822 3333 3863 eos
3369 3820 3418 3862 et
3447 3800 3706 3863 duxerunt

2110 3888 2167 3927 su
2250 3889 2295 3926 ﬂ
2334 3885 2478 3927 utum
2510 3890 2528 3927 :

2109 3884 2201 3928 3ND
2232 3884 2478 3928 tributum
2510 3890 2528 3928 .'

2184 3943 2251 3998 Et
2270 3954 2461 4015 quanta
2484 3950 2717 4022 fecerunt
2741 3948 2794 4001 in
2814 3948 3022 4022 regione
3048 3946 3348 4021 Hispaniae,
3396 3960 3444 4004 et
3489 3951 3633 4022 quod
3654 3951 3707 4003 in

2112 4023 2411 4085 potestatem
2431 4019 2739 4090 redegerunt
2770 4019 2980 4091 metalla
3006 4019 3206 4089 argenti
3244 4031 3291 4074 et
3316 4022 3433 4074 auri
3450 4019 3576 4091 quae
3602 4024 3706 4076 illic

2110 4095 2257 4170 sunt,
2274 4096 2321 4141 et
2344 4091 2684 4161 possederunt
2704 4106 2907 4145 omnem
2933 4090 3108 4146 locum
3135 4092 3353 4147 consilio
3380 4108 3507 4160 suo,
3539 4104 3588 4148 et
3616 4108 3706 4165 pa-

2109 4160 2310 4213 tientia.

2182 4228 2422 4300 Locaque
2440 4248 2558 4308 qua;
2585 4232 2736 4308 longe
2754 4241 2899 4288 erant
2924 4235 3076 4308 valde
3098 4232 3162 4287 ab
3173 4233 3331 4299 eis,et
3356 4250 3507 4308 reges
3519 4236 3702 4305 quisu-

2111 4313 2449 4371 peruenerant
2503 4304 2576 4358 eis
2622 4304 2691 4357 ali
2748 4306 2987 4360 extremis
3038 4313 3188 4360 teme
3223 4304 3572 4360 contriverunt
3599 4351 3614 4374 ,
3656 4313 3701 4358 et

2114 4383 2478 4448 percusserunt
2504 4391 2591 4448 eos
2620 4376 2774 4448 plaga
2800 4393 2989 4448 magna
3016 4393 3036 4433 :
3061 4376 3232 4433 ceteri
3270 4385 3442 4431 autem
3474 4378 3604 4432 dant
3634 4378 3701 4430 eis

2115 4444 2366 4499 tributum
2392 4445 2628 4500 omnibus
2647 4444 2818 4502 annis.

2187 4513 2255 4568 Et
2281 4514 2587 4591 Philippum
2617 4526 2665 4571 et
2689 4516 2878 4573 Persen
2912 4516 3235 4575 Cethtaorum
3253 4535 3444 4591 regem,
3474 4528 3526 4575 et
3551 4527 3698 4574 certe-

2110 4602 2197 4659 ros
2221 4589 2309 4656 qui
2336 4589 2605 4642 adversum
2633 4605 2716 4644 eos
2762 4605 2911 4645 arma
2963 4594 3206 4659 tulerant,
3256 4589 3606 4647 contriverant
3650 4592 3698 4642 in

2111 4656 2265 4725 bello,
2291 4669 2338 4712 et
2362 4658 2691 4715 obtinuerunt
2721 4677 2825 4716 eos.

2186 4728 2255 4809 Et
2292 4730 2602 4809 Antiochum
2630 4748 2873 4804 magnum
2891 4748 3063 4809 regem
3084 4733 3242 4809 Asiae,
3265 4734 3355 4800 qui
3385 4734 3459 4789 eis
3478 4748 3699 4809 pugnam

2111 4799 2376 4868 intulerat,
2410 4801 2599 4858 habens
2625 4799 2829 4879 eenlum
2854 4799 3034 4877 viginti
3072 4799 3398 4879 elephantos,
3426 4799 3700 4879 et'eqnita-

2111 4880 2251 4997 εἴη..
2274 4881 2323 4928 et
2349 4888 2553 4943 currus,
2581 4883 2630 4928 et
2657 4878 2933 4931 exercitum
2955 4891 3202 4949 magnum
3226 4876 3398 4948 valde,
3428 4876 3698 4932 contritus:

2111 4958 2143 4995 a
2204 4958 2300 4997 eis.

2111 4958 2175 4997 αο
2204 4958 2300 4998 818.

2184 5012 2254 5088 Et
2275 5015 2398 5086 quia
2424 5024 2667 5088 ceperunt
2695 5032 2813 5072 eum
2846 5018 3036 5086 vivum,
3065 5027 3113 5075 et
3136 5026 3430 5074 statuerunt
3455 5020 3506 5074 ei
3527 5027 3583 5073 ut
3607 5020 3693 5073 da-

2109 5095 2188 5140 ret
2206 5087 2318 5155 ipse
2340 5128 2356 5153 ,
2398 5097 2451 5161 et
2472 5087 2563 5158 qui
2596 5101 2870 5161 regnarent
2898 5100 3011 5161 post
3052 5092 3223 5161 ipsum
3251 5130 3267 5156 ,
3314 5090 3563 5146 tributum
3589 5105 3697 5144 ma-

2110 5173 2269 5230 gnum
2298 5198 2313 5225 ,
2343 5168 2392 5230 et
2416 5158 2563 5213 daret
2590 5160 2814 5230 obsides,
2842 5158 3263 5228 et'coustitutum,

2184 5228 2252 5282 Et
2287 5228 2547 5305 regionem
2577 5228 2854 5297 Indorum,
2885 5244 2932 5287 et
2959 5233 3159 5302 Medos,
3183 5241 3231 5287 et
3259 5231 3452 5305 Lydos,
3471 5232 3545 5305 de
3566 5230 3695 5305 opti-

2109 5299 2208 5424 gis
2234 5299 2530 5386 regionibus
2554 5318 2753 5372 eorum,
2779 5314 2830 5360 et
2858 5314 3093 5377 acceptas
3115 5299 3202 5359 eas
3230 5299 3416 5377 ab'eis,
3447 5299 3694 5359 dederunt

2164 5389 2333 5424 ument
2362 5389 2469 5424 νέαι
2508 5390 2527 5424 ,⁸

2164 5390 2192 5423 υ
2200 5389 2311 5425 men
2317 5389 2333 5425 ι
2362 5389 2469 5427 reas
2508 5390 2527 5427 α’

2183 5392 2694 5529 ἕίεὲίιέιῗςναηεΔ
2713 5446 2855 5529 apud
2877 5445 3175 5529 Helledam,
3206 5447 3474 5502 voluerunt
3519 5448 3615 5511 ire,
3644 5451 3692 5497 et

2107 5511 2301 5569 tollere
2319 5531 2405 5570 eos
2437 5511 2456 5570 ξ
2481 5526 2527 5571 et
2547 5511 2774 5571 innotuit
2800 5533 2970 5572 sermo
2991 5518 3094 5581 his,

2180 5583 2246 5639 Et
2297 5588 2550 5659 miserunt
2590 5587 2658 5641 ad
2684 5603 2766 5642 eos
2797 5590 2983 5643 ducem
3011 5604 3173 5643 unum
3202 5603 3223 5643 :
3245 5595 3294 5644 et
3345 5592 3688 5659 pugnat-erunt

2107 5666 2287 5715 contra
2314 5657 2452 5718 illos.
2479 5668 2526 5714 et
2556 5660 2847 5714 ceciderunt
2876 5675 2941 5713 exc
2966 5660 3041 5715 eis
3067 5660 3242 5723 multi,
3272 5668 3320 5713 et
3341 5657 3568 5729 captivas
3592 5658 3687 5710 du-

2106 5738 2290 5782 xerunt
2322 5745 2506 5783 uxores
2553 5747 2727 5783 eorum
2781 5740 2833 5785 cs
2874 5731 3030 5801 ﬁlios.
3061 5741 3107 5783 et
3138 5733 3464 5790 diripuerunt
3492 5744 3595 5793 eos,
3641 5732 3685 5779 et

2108 5806 2298 5853 terram
2320 5815 2495 5855 eorum
2522 5802 2883 5873 possedi-runt,
2911 5813 2960 5857 et
2991 5802 3349 5856 destruxerunt
3398 5816 3567 5855 muros
3601 5810 3687 5852 eo-
