3918 6192
227 305 308 368 λεδ
1382 332 1394 375 ι
1411 301 1613 362 LIBER
1652 302 1674 361 l
1711 297 2286 364 MACIIABEORUM.

3396 299 3504 360 486

227 439 336 486 rum,
360 429 408 477 et
436 423 489 476 in
512 418 822 475 serritutem
862 413 973 472 illos
1000 414 1300 487 redegerunt
1354 408 1514 487 usque
1550 416 1603 471 in
1657 414 1798 470 hunc
1826 422 1870 479 Α
1979 413 2045 469 Et
2080 415 2270 487 dullas
2307 421 2550 487 posuerat
2592 421 2761 470 castra
2798 413 2853 470 in
2884 409 3062 483 Laisa,
3099 422 3146 470 et
3187 413 3287 471 tria
3335 418 3502 475 millia

227 493 336 547 diem
365 508 384 548 :

280 562 340 617 Et
361 561 576 617 residua
607 575 799 633 regna,
827 566 874 614 et
904 559 1116 627 insulas,
1149 575 1265 630 qua:
1282 558 1566 626 aliquando
1597 558 1800 633 restite-

223 645 317 688 rant
353 636 480 703 illis,
535 632 1026 700 exterminaverunt,
1067 642 1114 684 et
1142 633 1195 686 in
1239 640 1541 703 potestatem
1590 632 1801 702 redege-

224 715 336 760 ΝΜ.

279 774 392 828 Cum
419 774 608 829 amicis
638 781 818 828 autem
839 773 962 839 suis,
990 783 1034 827 et
1059 775 1146 843 qui
1169 774 1220 826 in
1246 773 1373 844 ipsis
1400 774 1623 844 requiem
1647 772 1801 828 habe-

227 844 340 910 bant,
367 854 812 900 conservaverunt
833 845 949 918 [AL
977 856 1023 899 et
1045 842 1409 918 conservaram
1435 842 1451 914 ]
1485 845 1795 906 amicitiam,

229 929 264 972 et
280 919 598 972 obtinuerunt
629 933 796 986 regna
820 915 966 985 ,Fqute
993 927 1137 968 erant
1169 915 1404 980 proxima
1430 927 1483 968 et
1510 931 1626 985 qua:
1655 924 1800 970 erant

227 991 346 1060 longe
375 1005 392 1041 :
423 991 552 1058 quia
580 989 894 1060 quicumque
913 987 1185 1041 audiebant
1213 1003 1395 1040 nomen
1425 1002 1625 1054 eorum,
1655 988 1802 1042 time-

227 1061 322 1113 bant
350 1075 429 1113 eos
454 1075 473 1112 :

283 1131 463 1198 Quibus
488 1145 612 1184 vero
636 1127 821 1184 vellent
838 1129 1032 1202 auxilio
1063 1145 1173 1183 esse
1194 1139 1259 1202 ut
1289 1135 1586 1202 regnarent,
1617 1145 1802 1202 regna-

225 1203 318 1257 bant
345 1218 363 1256 :
387 1218 519 1274 quas
542 1212 719 1256 autem
750 1199 954 1269 vellent,
984 1217 1140 1272 regno
1167 1199 1504 1256 deturbabant
1534 1215 1553 1255 :
1582 1210 1630 1255 et
1658 1199 1803 1257 εἷται-

224 1274 299 1328 tati
322 1283 461 1327 sunt.

284 1344 342 1398 Et
365 1345 415 1397 in
440 1343 680 1397 omnibus
719 1343 830 1397 istis
861 1359 1005 1397 nemo
1035 1342 1272 1414 portabat
1313 1341 1572 1410 diadema,
1598 1359 1691 1399 nec
1721 1344 1804 1398 in-

223 1415 454 1470 duebatur
484 1430 718 1482 purpura
748 1425 802 1467 ut
835 1415 1254 1484 magniﬁcaretur
1284 1417 1437 1468 inea.

283 1485 342 1540 Et
363 1489 484 1555 quia
514 1486 716 1540 curiam
737 1489 968 1556 fecerunt
997 1486 1123 1550 sibi,
1143 1497 1189 1540 et
1217 1485 1446 1556 quotidie
1469 1486 1802 1542 consulebant

225 1566 448 1630 trecentos
480 1558 680 1630 viginti,
713 1557 986 1612 consilium
1016 1569 1223 1630 agentes
1249 1574 1444 1628 semper
1473 1558 1537 1613 tle
1560 1559 1801 1613 multitu-

224 1627 346 1700 dine,
387 1638 442 1682 ut
463 1644 580 1698 qum
609 1628 768 1700 digna
792 1638 910 1682 sunt
935 1627 1137 1700 gerant.

287 1699 346 1752 Et
368 1699 694 1753 committunt
741 1701 831 1753 uni
876 1699 1070 1753 homini
1111 1699 1470 1770 magistratum
1511 1715 1663 1754 suum
1715 1719 1804 1769 per

224 1771 434 1863 singulos
454 1785 639 1853 annos,
665 1773 928 1853 dominari
947 1772 1198 1863 universa:
1219 1781 1370 1824 terra:
1389 1787 1516 1863 suae,
1541 1781 1594 1853 et
1625 1789 1798 1827 omnes
1831 1803 1877 1863 Β

222 1842 443 1913 sbertiunt
464 1843 582 1913 uni1
611 1853 656 1895 et
679 1858 782 1913 non
811 1852 885 1895 est
915 1842 1128 1900 invidia.
1152 1858 1313 1913 neque
1337 1840 1481 1913 _zelus
1534 1843 1664 1896 inter
1691 1860 1797 1901 eos.

286 1912 349 1985 Et
373 1916 519 1985 elegit
547 1911 717 1966 Iudas
739 1911 1103 1985 Eupolemum,
1127 1911 1294 1980 [ilium
1318 1911 1562 1981 Joannis,
1588 1913 1684 1985 ﬁlii
1705 1913 1802 1968 Ja-

223 1984 324 2048 cob,
355 1993 399 2038 et
417 1983 683 2052 Iasonem,
715 1983 884 2054 filium
910 1983 1176 2046 Eleazari,
1219 1994 1266 2038 et
1297 1985 1435 2037 misit
1465 2001 1549 2039 eos
1581 1984 1800 2041 Romam

221 2058 512 2110 constituere
539 2071 658 2108 cum
687 2057 792 2108 illis
816 2056 1100 2109 amicitiam
1131 2065 1180 2109 et
1207 2056 1523 2111 societatem.

289 2124 352 2179 Et
373 2138 425 2180 ut
450 2127 714 2196 auferrent
754 2128 816 2179 ab
840 2127 912 2180 eis
931 2130 1122 2198 jugum
1149 2125 1623 2198 Gra'corumtquia
1654 2129 1796 2185 vide-

220 2208 333 2252 ntnt
357 2200 488 2266 quod
509 2201 561 2251 in
581 2199 876 2251 servitutem
910 2197 1190 2265 premerent
1222 2215 1435 2266 regnum
1464 2197 1651 2253 Israel.

286 2267 352 2323 Et
378 2272 604 2322 abierunt
629 2269 850 2322 Romam
890 2270 1024 2322 viam
1057 2269 1274 2323 multam
1303 2269 1472 2336 valde,
1504 2280 1552 2325 et
1590 2273 1802 2328 introie-

220 2354 334 2393 runt
354 2341 568 2405 curiam,
598 2352 644 2392 et
668 2341 913 2394 dixerunt
948 2355 967 2392 :
1609 2360 1619 2379 ι

285 2411 450 2465 ludas
473 2409 828 2476 Machaba'us,
848 2421 893 2464 et
918 2411 1103 2481 fratres
1127 2413 1257 2479 eius,
1279 2418 1326 2465 et
1352 2414 1574 2482 populus
1591 2412 1801 2469 Judwo-

216 2497 327 2534 rum
354 2483 596 2536 miserunt
628 2498 721 2535 nos
758 2484 826 2556 ad
856 2498 942 2536 vos
972 2493 1194 2556 statuere
1219 2485 1479 2556 vobiscum
1505 2486 1798 2556 societatem

218 2561 267 2606 et
290 2569 479 2618 pacem,
513 2563 561 2606 et
587 2554 905 2607 conscribere
925 2569 1017 2606 nos
1035 2555 1200 2608 socios
1224 2564 1270 2607 et
1299 2555 1490 2610 amicos
1512 2554 1724 2612 vestros.

285 2622 352 2678 Et
380 2625 566 2694 placuit
596 2641 764 2679 sermo
793 2627 846 2677 in
876 2634 1152 2695 conspectu
1178 2641 1374 2679 eorum.

286 2695 348 2748 Et
380 2699 472 2749 hoc
491 2695 800 2767 rescriptum
830 2706 924 2767 est,
958 2698 1094 2765 quod
1114 2698 1488 2766 rescripseruut
1532 2699 1584 2753 in
1614 2698 1800 2754 tabulis

209 2769 379 2833 cereis,
401 2766 727 2842 et‘niiser‘unt
757 2769 811 2821 in
843 2766 1156 2842 Ierusalem,
1192 2777 1246 2820 ut
1274 2777 1404 2823 esset
1424 2771 1566 2842 apud
1614 2788 1699 2826 eos
1729 2771 1800 2825 ibi

206 2838 498 2909 memoriale
521 2839 664 2909 pacis
689 2847 739 2892 et
759 2839 1044 2893 societatis.

274 2908 421 2964 Busa
442 2907 529 2966 δή
552 2910 815 2983 Ronms,
845 2919 891 2983 et
919 2907 1382 2983 gentiludarorum
1403 2911 1456 2964 in
1484 2913 1637 2980 mari,
1668 2922 1716 2968 et
1744 2913 1798 2968 in

203 2983 346 3060 terra
372 2983 423 3035 in
445 2991 695 3038 wternum
722 2997 740 3037 :
761 2980 1074 3054 gladiusque
1123 2989 1171 3035 et
1219 2982 1382 3036 hostis
1419 2984 1605 3053 procul
1631 2985 1697 3039 sit
1735 2985 1798 3040 ab

204 3065 300 3104 818.

278 3121 431 3189 Quod
465 3126 511 3179 si
529 3123 774 3178 institerit
807 3123 999 3177 bellum
1035 3122 1288 3178 Romanis
1308 3123 1475 3194 prius,
1505 3133 1594 3179 aut
1624 3128 1787 3181 omni-

202 3191 296 3246 bus
322 3196 470 3249 sociis
495 3211 678 3250 eorum
705 3196 758 3249 in
787 3197 926 3248 omni
954 3191 1501 3250 dominatione'eorum
1540 3212 1558 3248 :

271 3265 540 3341 Auxilium
567 3267 694 3341 feret
724 3281 848 3338 gens
873 3266 1199 3334 Judteorurn,
1227 3277 1380 3339 prout
1405 3276 1602 3341 tempus
1625 3268 1793 3326 dicta-

198 3339 353 3407 verit,
380 3341 528 3391 corde
558 3338 711 3407 pleno
737 3353 758 3392 :
1229 3338 1235 3339 ⁷
1504 3338 1512 3341 ⁷
1782 3378 1792 3391 .

269 3405 344 3480 Et
373 3405 732 3476 prwliantibus
757 3425 860 3462 non
881 3407 1102 3472 dabunt,
1133 3425 1293 3480 neque
1332 3409 1795 3468 subministrabant

199 3478 447 3551 triticum,
473 3496 646 3541 arma.
679 3482 978 3550 pecuniam,
1011 3496 1184 3548 naves,
1208 3478 1346 3534 sicut
1373 3482 1568 3551 placuit
1598 3483 1794 3540 Roma-

195 3549 278 3630 nis
310 3564 334 3604 :
377 3559 424 3604 et
461 3549 751 3607 custodient
802 3551 1052 3605 mandata
1076 3568 1278 3616 eorum,
1320 3549 1452 3608 nihil
1473 3555 1537 3608 ab
1558 3555 1628 3610 cis
1651 3557 1792 3610 acci-

248 3630 412 3675 entes.

193 3635 528 3767 ὴῗὲἔιϊὶἰίιεῃ
550 3701 721 3767 autem
743 3703 791 3747 et
804 3693 865 3767 si
885 3693 1027 3767 genti
1045 3691 1350 3767 Judteorum
1371 3697 1517 3767 prius
1549 3697 1794 3754 acciderit

191 3759 408 3828 bellum,
439 3765 764 3834 adjuvabunt
796 3755 1018 3820 Romani
1047 3766 1329 3833 exanimo,
1371 3755 1523 3834 prout
1565 3769 1636 3824 eis
1669 3778 1793 3824 letu-

188 3849 297 3902 pus
325 3837 612 3904 permiserit
639 3852 659 3890 :

258 3904 338 3958 Et
360 3906 726 3975 adjuvantibus
742 3923 843 3980 non
865 3907 1071 3962 dabitur
1093 3909 1344 3976 triticum,
1359 3925 1526 3978 arma,
1545 3912 1790 3980 pecunia,

179 3991 371 4043 nares,
398 3981 528 4033 sicut
561 3980 760 4047 placuit
787 3979 1035 4034 Romanis
1062 3995 1080 4034 :
1105 3989 1152 4034 et
1202 3981 1494 4035 custodient
1547 3979 1792 4038 mandata

178 4063 374 4121 eorum
397 4052 589 4121 absque
617 4051 758 4121 dolo.

259 4119 574 4196 secundum
604 4120 714 4176 ha’c
743 4122 894 4176 verba
915 4122 1295 4177 constituerunt
1333 4119 1563 4178 Romani
1598 4127 1791 4196 p0pulo

169 4188 210 4244 J
218 4191 502 4245 udceorum
513 4233 526 4246 .

259 4263 425 4327 Quod
454 4265 498 4317 si
528 4274 640 4331 post
668 4267 777 4318 [nec
819 4263 970 4319 verba
1013 4265 1066 4318 hi
1095 4273 1187 4319 aut
1215 4264 1297 4320 illi
1324 4263 1536 4333 addere,
1569 4279 1660 4323 aut
1699 4272 1789 4326 de-

170 4350 332 4388 mere
375 4335 445 4386 ad
495 4338 604 4390 hac
634 4335 831 4404 aliquid
875 4338 1153 4410 voluerint,
1193 4337 1385 4410 facient
1432 4352 1495 4390 ea:
1531 4345 1790 4410 proposito

168 4422 280 4458 suo
316 4421 334 4458 :
365 4415 416 4459 et
445 4423 780 4478 quwcumque
819 4407 1115 4462 addiderint
1155 4409 1235 4462 vel
1277 4410 1589 4478 dempseriut
1621 4407 1638 4480 ,
1672 4424 1790 4469 rata

171 4488 361 4530 erunt.

1903 487 2002 542 viri
2041 485 2191 542 electi
2223 485 2340 541 cum
2362 502 2464 541 eo:

1976 556 2043 631 Et
2071 558 2306 613 viderunt
2336 557 2722 631 multitudinem
2746 556 3160 631 exercitus,quia
3189 559 3337 616 multi
3359 571 3498 631 sunt,

1901 637 1948 683 et
1978 629 2258 684 timuerunt
2285 627 2433 684 valde
2465 648 2477 686 :
2502 639 2547 684 et
2576 631 2728 683 multi
2749 627 3113 684 subtraxerunt
3138 647 3190 684 se
3211 633 3273 685 de
3293 627 3498 700 castris,

1899 710 1951 756 el
1985 718 2087 771 non
2115 709 2472 771 remanserunt
2497 717 2559 754 ea:
2587 703 2658 754 eis
2681 702 2778 754 nisi
2800 702 3077 771 octingenti
3106 703 3220 755 viri.

1978 770 2046 826 Et
2084 773 2208 826 vidit
2234 770 2406 826 Iudas
2439 771 2582 842 quod
2612 772 2833 842 deﬂuxit
2864 773 3122 826 exercitus
3144 789 3290 839 suus,
3323 783 3372 827 et
3398 774 3502 829 bel—

1902 841 2011 897 lum
2055 844 2361 914 perurgebat
2406 841 2547 904 cum,
2591 851 2637 894 et
2681 841 2979 908 confractus
3025 853 3100 896 est
3146 845 3306 898 corde
3339 847 3501 913 :quia

1902 929 2014 986 non
2017 914 2239 986 habebat
2259 923 2460 986 tempus
2490 915 2843 984 congregaudi
2869 925 3052 986 eos,,et
3078 915 3360 970 dissolutus
3393 927 3485 971 est.

1981 983 2048 1038 Et
2099 987 2232 1058 dixit
2267 983 2473 1052 his'qui
2513 983 2710 1039 residui
2741 996 2885 1058 erant
2917 1001 2934 1039 :
2965 985 3255 1058 Surgamus
3283 1027 3298 1050 ,
3326 998 3374 1042 et
3408 1005 3493 1041 ea.

1903 1070 2017 1109 mus
2047 1056 2118 1110 ad
2149 1056 2473 1111 adversarios
2501 1066 2726 1123 nostros,
2752 1057 2798 1111 si
2827 1056 3112 1128 poterimus
3145 1075 3379 1131 pugnare
3407 1061 3500 1113 ad-

1901 1142 2080 1180 versus
2110 1144 2218 1182 €08.

1979 1197 2044 1250 Et
2085 1198 2383 1252 avertebant
2424 1213 2563 1264 eum,
2588 1199 2814 1255 dicentes
2846 1215 2865 1254 :
2898 1197 3021 1254 Non
3067 1200 3369 1269 poterimus,
3408 1204 3500 1258 sed

1903 1264 2179 1323 liberemus
2216 1273 2417 1326 animas
2455 1279 2657 1326 nostras
2696 1271 2872 1344 modo,
2894 1281 2938 1325 ct
2969 1264 3284 1344 revertamur
3305 1264 3374 1326 ad
3404 1291 3500 1344 pa-

1903 1345 2006 1393 tres
2059 1350 2284 1414 nostros.
2327 1351 2374 1393 et
2417 1350 2538 1395 tunc
2583 1342 2930 1414 pugnabimus
2958 1343 3200 1398 adversus
3249 1358 3379 1400 eos:
3405 1342 3498 1399 nos

1901 1422 2078 1466 autem
2109 1413 2268 1479 pauci
2293 1428 2492 1466 sumus.

1977 1481 2044 1556 Et
2078 1483 2152 1535 ait
2196 1481 2406 1537 Iudas:
2440 1484 2583 1537 Absit
2619 1485 2769 1538 istam
2800 1501 2904 1538 rem
2941 1488 3112 1556 facere
3154 1495 3208 1540 ut
3235 1485 3496 1556 fugiamus

1902 1551 1968 1626 ab
1991 1555 2061 1626 eis
2100 1568 2118 1606 :
2148 1563 2192 1607 et
2211 1556 2256 1607 si
2288 1556 2617 1626 appropiavit
2665 1566 2868 1625 tempus
2912 1551 3142 1610 nostrum
3166 1597 3184 1620 ,
3214 1551 3499 1612 moriamur

1901 1624 1977 1700 in_
2009 1625 2198 1700 virtute
2246 1624 2463 1700 propter
2483 1631 2671 1695 fratres
2719 1624 2940 1693 uestros,
2966 1637 3014 1682 et
3058 1643 3162 1682 non
3213 1629 3497 1700 inferamus

1903 1697 2098 1766 crimen
2121 1695 2304 1766 gloria?
2326 1705 2536 1750 nostrae.

1980 1765 2046 1820 Et
2073 1765 2230 1818 movit
2263 1768 2522 1821 exercitus
2555 1769 2618 1820 de
2647 1769 2856 1837 castris,
2885 1778 2934 1824 et
2974 1775 3228 1823 steterunt
3264 1768 3369 1824 illis
3403 1770 3495 1824 ob—

1903 1835 2039 1912 viam
2071 1853 2090 1892 :
2119 1847 2167 1890 et
2183 1838 2332 1912 divisi
2352 1848 2476 1912 sunt
2502 1841 2694 1912 equites
2719 1840 2772 1894 in
2803 1835 2932 1894 duas
2957 1850 3146 1912 partes,
3172 1847 3220 1892 et
3247 1840 3498 1908 fundibu-

1905 1909 2049 1980 larii,
2083 1915 2131 1961 et
2155 1909 2413 1980 sagittarii
2439 1909 2691 1980 praibant
2734 1909 3036 1979 exercitum,
3071 1921 3116 1965 et
3148 1913 3299 1979 primi
3326 1921 3494 1966 certa.

1903 1979 2057 2050 minis
2084 1979 2256 2033 omnes
2287 1979 2538 2050 potentes.

1976 2049 2459 2126 Bacchidesautem
2489 2051 2682 2126 eratin
2723 2052 2906 2126 dextro
2937 2071 3118 2122 cornu,
3150 2064 3197 2109 et
3232 2055 3498 2126 proxima-

1901 2121 1973 2175 vit
1987 2122 2134 2194 legio
2155 2139 2221 2175 ea:
2243 2123 2440 2176 duabus
2463 2122 2723 2194 partibus,
2751 2133 2804 2194 et
2822 2125 3113 2180 clamabant
3145 2121 3277 2180 tubis
3308 2142 3326 2182 :

1977 2191 2420 2268 Eaclamaverunt
2459 2191 2632 2246 autem
2680 2203 2730 2249 et
2784 2193 2860 2259 hi,
2897 2197 2988 2266 qui
3045 2206 3186 2251 erant
3237 2215 3301 2253 ea:
3349 2206 3497 2268 parte

1900 2260 2085 2330 Judrc,
2117 2267 2274 2318 etiam
2302 2266 2426 2332 ipsi,
2451 2274 2496 2317 et
2537 2275 2792 2318 commota
2814 2276 2886 2319 est
2909 2260 3059 2320 'terra
3085 2283 3116 2319 a
3144 2284 3262 2324 voce
3295 2260 3492 2322 exerci—

1903 2343 2088 2387 tuum:
2130 2345 2179 2388 et
2225 2335 2554 2390 commissum
2595 2344 2668 2389 est
2712 2335 2951 2407 prwlium
2981 2355 3012 2392 a
3044 2353 3195 2392 mane
3239 2355 3398 2406 usque
3427 2341 3496 2394 ad

1901 2419 1982 2458 ves
1990 2421 2109 2458 ηετα
2116 2421 2183 2458 ηι.

1975 2422 2224 2547 Effugia:
2253 2473 2448 2541 Judas,
2494 2473 2635 2544 quod
2695 2476 2896 2546 ﬁrmior
2939 2486 3013 2531 est
3064 2493 3186 2547 pars
3241 2481 3495 2534 exercitus

1902 2542 2184 2600 Bacchidis
2216 2549 2266 2600 in
2301 2542 2520 2622 dextris,
2553 2556 2599 2601 et
2626 2542 2972 2602 convenerunt
3013 2542 3128 2602 cum
3173 2550 3288 2622 ipso
3321 2568 3498 2608 omnes

1900 2626 2195 2671 constantes
2221 2619 2374 2672 corde
2403 2633 2420 2671 :

1972 2685 2043 2742 Et
2071 2691 2296 2764 contrita
2325 2697 2401 2744 est
2424 2690 2636 2764 dextera
2663 2707 2784 2764 pars
2809 2691 2873 2744 ab
2902 2691 2999 2757 eis,
3027 2701 3073 2744 et
3102 2704 3397 2764 persecutus
3424 2705 3498 2750 est

1899 2776 2180 2829 casusque
2208 2763 2276 2814 ad
2300 2771 2523 2814 montem
2553 2759 2722 2816 Azoti.

1974 2828 2042 2882 Et
2079 2828 2170 2899 qui
2196 2832 2251 2906 in
2281 2831 2496 2906 sinistro
2529 2848 2694 2885 cornu
2727 2843 2896 2895 erant,
2929 2833 3168 2888 viderunt
3196 2835 3340 2906 quod
3373 2852 3495 2892 con-

1900 2903 2076 2954 tritum
2113 2912 2187 2978 est
2217 2903 2456 2978 dextrum
2480 2903 2679 2967 cornu,
2716 2912 2766 2957 et
2793 2906 2954 2958 secuti
2981 2914 3102 2960 sunt
3133 2903 3246 2977 post
3275 2904 3494 2978 Iudam,

1901 2980 1946 3027 et
1980 2973 2176 3046 eost/ui
2207 2989 2323 3026 cum
2352 2975 2464 3038 ipso
2493 2984 2658 3036 erant,
2685 2992 2716 3028 a
2745 2985 2888 3046 tergo
2912 2991 2931 3030 :

1973 3042 2039 3096 Et
2066 3045 2397 3120 ingravatum
2422 3055 2496 3099 est
2515 3046 2781 3120 pra'lium,
2816 3042 2864 3100 et
2893 3046 3196 3102 ceciderunt
3219 3047 3329 3120 [AL
3355 3049 3492 3104 occi-

1901 3113 2109 3179 derunt]
2128 3113 2390 3170 vulnerati
2416 3113 2568 3169 multi
2592 3133 2661 3170 ea.
2692 3118 2792 3179 his,
2822 3129 2870 3171 et
2902 3134 2966 3172 ex
2991 3120 3119 3174 illis.
3221 3113 3238 3120 ”

1823 3184 1868 3248 C
1973 3184 2041 3259 Et
2070 3184 2238 3259 Iudas
2265 3186 2477 3259 cecidit,
2507 3197 2554 3259 et
2582 3190 2752 3242 ueteri
2775 3188 3033 3259 fugerunt.

1972 3254 2042 3309 Et
2092 3256 2381 3333 Jonatltas,
2425 3269 2472 3312 et
2521 3257 2708 3333 Simon
2753 3254 2981 3333 tulerunt
3033 3257 3228 3315 Iudam
3277 3265 3497 3333 fratrem

1899 3344 2077 3404 suum,
2102 3338 2150 3382 et
2192 3328 2502 3404 sepelierunt
2530 3346 2646 3384 eum
2688 3330 2743 3384 in
2776 3332 3011 3403 sepulcro
3043 3342 3250 3404 patrum
3277 3328 3494 3389 suorum

1896 3398 1953 3453 in
1984 3399 2187 3453 civitate
2225 3398 2434 3454 Modiu.

1970 3468 2038 3526 Et
2062 3471 2313 3546 fleverunt
2339 3487 2459 3546 eum
2489 3472 2656 3546 omnis
2683 3471 2910 3544 papulus
2948 3472 3121 3530 Israel
3151 3475 3358 3546 planctu
3387 3493 3499 3530 ma-

1897 3557 2023 3614 gno_.
2058 3552 2106 3614 et
2133 3543 2374 3614 lugebant
2404 3541 2512 3614 dies
2539 3541 2751 3608 multos,

1969 3609 2318 3690 Eldixerunt
2348 3628 2366 3667 :
2401 3612 2676 3690 Quomodo
2713 3614 2897 3670 cecidit
2928 3625 3131 3686 potens,
3159 3618 3249 3690 qui
3290 3619 3498 3673 salvum

1895 3683 2118 3756 faciebat
2144 3685 2406 3756 p0pulumr
2424 3682 2635 3756 Israel?

1969 3753 2037 3832 Et
2081 3753 2270 3810 caetera
2298 3755 2454 3832 verba
2485 3755 2742 3832 bellorum
2780 3755 2936 3810 Iuda:
2966 3797 2980 3821 ,
3008 3765 3056 3832 et
3087 3757 3335 3813 virtutum
3364 3778 3496 3832 quas

1896 3825 2037 3900 fecit,
2070 3837 2118 3882 et
2141 3827 2523 3900 magnitudinis
2545 3828 2676 3898 ejus,
2715 3844 2817 3882 non
2843 3837 2962 3882 sunt
2987 3829 3256 3900 descripta
3284 3848 3302 3897 ;
3329 3825 3490 3889 multa

1895 3897 2026 3951 enim
2055 3907 2200 3951 erant
2227 3896 2402 3950 valde.

1968 3966 2038 4021 Et
2066 3968 2410 4045 factumest:
2433 3976 2547 4045 post
2576 3968 2775 4045 obitum
2801 3967 2958 4024 Iuda!
2980 3981 3304 4045 emerserunt
3331 3974 3495 4045 iniqui

1895 4039 1949 4092 in
1987 4039 2224 4118 omnibus
2254 4037 2447 4118 finibus
2490 4037 2690 4112 Israel,
2732 4050 2780 4096 et
2823 4043 2988 4097 exorti
3037 4055 3159 4098 sunt
3198 4061 3372 4101 omnes
3405 4037 3496 4118 qui

1895 4111 2244 4177 aperabantur
2265 4110 2610 4179 iniquitatem.

1969 4179 2032 4257 In
2062 4181 2243 4257 diebus
2273 4180 2554 4257 illisfacta
2574 4193 2648 4236 est
2671 4183 2836 4255 fames
2864 4201 3054 4257 magna
3076 4187 3228 4241 valde
3251 4229 3268 4254 ,
3301 4198 3347 4243 et
3381 4200 3488 4244 tra-

1895 4251 2034 4329 didit
2061 4250 2584 4329 se‘Bacchidi‘omuis
2612 4250 2756 4329 regio
2777 4250 2972 4329 eorum
2985 4274 3099 4310 cum
3127 4250 3276 4329 ipsis.

1972 4323 2035 4397 Et
2079 4321 2559 4397 elegithacchides
2601 4321 2738 4380 vir'os
2780 4327 2988 4397 impios,
3015 4338 3061 4382 et
3103 4321 3368 4384 constituit
3407 4346 3491 4383 eos

1894 4394 2132 4480 dominos
2156 4394 2381 4480 regionis
2405 4411 2426 4452 :

1969 4466 2034 4520 Et
2072 4466 2501 4533 exquirebantfet
2535 4467 2999 4534 perscrutabantur
3020 4467 3212 4522 amicos
3239 4466 3414 4536 Juda’,
3441 4482 3492 4525 et

260 4548 373 4630 _Sed
394 4550 704 4630 et-demalis
729 4547 1157 4630 quaeADemetrius
1187 4567 1279 4630 rea:
1303 4551 1421 4622 fecit
1439 4551 1494 4604 in
1523 4566 1629 4617 eos,
1663 4549 1791 4602 scri-

1940 4537 2228 4630 dtl't'tcgbl'llll
2255 4554 2342 4592 eos
2382 4538 2452 4591 ad
2480 4537 2811 4606 Bacchidem,
2844 4548 2892 4593 et
2921 4539 3214 4592 vindicabat
3261 4542 3315 4594 in
3346 4542 3489 4612 illos,

174 4621 394 4694 psimus
414 4622 478 4686 ei,
511 4625 741 4676 dicentes
770 4637 789 4674 :
823 4621 995 4694 Quare
1015 4625 1237 4691 gravasti
1250 4621 1439 4694 jugum
1463 4632 1607 4676 tuum
1633 4636 1789 4690 super

175 4691 388 4746 amicos
415 4701 620 4746 nostros
653 4702 700 4747 et
737 4696 903 4746 socios
933 4691 1186 4748 ludwos?

266 4761 476 4836 ,Siergo
502 4765 689 4817 iterum
737 4765 958 4818 adierint
990 4782 1083 4819 nos
1121 4764 1394 4820 adversum
1425 4775 1495 4832 te,
1541 4764 1790 4836 faciemus

177 4833 300 4888 illis
310 4834 600 4906 judicium,
631 4844 679 4890 et
707 4837 1051 4908 pugnabimus
1075 4846 1238 4890 tecum
1278 4839 1409 4892 mari
1437 4833 1690 4907 terraque.

813 4973 1040 5031 CAPUT
1090 4973 1182 5030 1X.

261 5103 474 5162 Interea
493 5118 548 5162 ut
568 5108 768 5162 audivit
794 5108 1086 5164 Demetrius
1111 5108 1242 5180 quia,
1263 5109 1449 5164 cecidit
1477 5097 1712 5165 Nicanor
1749 5119 1801 5165 et

179 5181 446 5234 exercitus
474 5181 588 5249 ejus
615 5181 671 5233 in
700 5179 1178 5252 prarlio,_apposuit
1214 5179 1530 5237 Bacchidem
1571 5191 1618 5237 et
1651 5182 1793 5235 Alci-

181 5267 333 5303 mum
359 5266 572 5305 rursum
595 5249 796 5307 mittere
821 5253 872 5306 in
895 5249 1154 5322 Judwam,
1171 5261 1219 5308 et
1241 5254 1481 5309 dextrum
1499 5268 1661 5309 cornu
1679 5270 1795 5308 cum

181 5322 316 5376 illis.

261 5390 333 5446 Et
362 5392 599 5450 abierunt
625 5395 763 5466 viam
800 5410 916 5462 quia
964 5395 1110 5450 ducit
1134 5396 1188 5450 in
1227 5394 1476 5466 Galgala,
1523 5404 1572 5451 et
1623 5403 1792 5449 castra

181 5475 474 5533 posuerunt
500 5468 552 5521 in
583 5465 871 5531 Masaloth,
902 5483 1019 5538 qua:
1047 5476 1120 5522 est
1158 5469 1212 5522 in
1240 5465 1470 5522 Arbellis
1505 5483 1524 5521 :
1554 5477 1602 5520 et
1634 5483 1788 5538 occu-

182 5545 442 5610 paverunt
462 5553 602 5606 eum,
630 5545 679 5592 et
704 5537 1030 5610 peremerunt
1051 5539 1251 5592 animas
1277 5540 1545 5593 hominum
1577 5537 1787 5610 multas.

261 5605 531 5681 Irrruense
554 5605 724 5676 primo
744 5610 872 5662 anni
897 5611 1158 5664 centesimi
1183 5618 1236 5681 el_
1254 5608 1661 5681 quinquagesimi
1704 5624 1788 5661 se-

176 5679 370 5750 cundi,
399 5679 765 5750 applicuerunt
789 5684 1071 5735 exercitum
1101 5682 1169 5734 ad
1204 5679 1493 5736 Jerusalem
1518 5695 1538 5734 :

256 5749 330 5803 Et
352 5748 718 5826 surrexerunt,
740 5752 1060 5826 etiabierunt
1086 5752 1139 5806 in
1167 5751 1383 5809 Beream
1413 5750 1596 5826 viginti
1622 5748 1792 5805 millia

172 5822 438 5891 virorum,
463 5829 510 5876 et
544 5821 649 5878 duo
681 5821 848 5879 millia
877 5824 1122 5896 equitum.

1895 4617 1945 4664 et
1973 4610 2244 4665 illudebat.
3475 4610 3482 4612 ⁷

1916 4751 1923 4753 Α
1967 4679 2037 4753 Ει
2061 4686 2204 4752 facta
2243 4689 2318 4736 est
2354 4680 2625 4737 tribulatio
2649 4696 2839 4753 magna
2877 4680 2928 4753 in
2963 4678 3155 4753 Israel,
3172 4681 3352 4753 qualis
3383 4699 3490 4740 non

1897 4750 2092 4825 fuit_ea:
2121 4754 2206 4808 die
2231 4769 2334 4825 qua
2367 4770 2467 4808 non
2501 4765 2575 4808 est
2603 4750 3016 4825 visus'propheta
3047 4752 3100 4825 in
3135 4750 3317 4825 Israel».

1973 4823 2039 4876 Et
2065 4820 2360 4896 congregati
2398 4833 2520 4879 sunt
2564 4839 2740 4879 omnes
2764 4820 2938 4877 'amici
2964 4820 3142 4891 Judte,
3176 4831 3222 4879 et
3254 4823 3491 4880 dixerunt

1897 4891 2144 4950 Jonathw
2162 4891 2183 4950 Ξ

1971 4963 2056 5020 Ea:
2084 4984 2188 5039 quo
2227 4968 2394 5034 frater
2420 4976 2537 5020 tuus
2568 4963 3048 5039 Judasdefunctus
3075 4972 3174 5029 est,
3201 4964 3490 5039 vir_similis

1898 5037 1948 5092 ei
1977 5033 2204 5104 non-est,
2229 5033 2326 5109 qui
2355 5049 2504 5092 exeat
2536 5046 2714 5090 contra
2745 5036 2980 5109 inimicos
3008 5046 3232 5103 nostros,
3264 5033 3489 5092 Bacchi-

1901 5110 2039 5173 dem,
2069 5117 2117 5162 et
2145 5125 2231 5164 eos
2247 5107 2348 5179 qui
2368 5108 2570 5179 inimici
2592 5115 2714 5179 sunt
2736 5107 2898 5179 gentis
2923 5115 3137 5162 nostraz.

1979 5179 2132 5234 Nunc
2173 5176 2345 5244 itaque
2372 5189 2420 5231 te
2448 5177 2603 5230 hodie
2641 5176 2889 5246 elegimus
2924 5193 3033 5232 esse
3063 5195 3156 5246 pro
3179 5194 3239 5232 eo
3260 5178 3408 5233 nobis
3434 5180 3487 5234 in

1897 5251 2204 5322 principem,
2234 5258 2282 5322 et
2304 5248 2486 5322 ducem
2516 5247 2584 5322 ad
2613 5247 2914 5301 bellandum
2937 5248 3131 5322 bellum
3163 5258 3414 5305 nostrum.

1969 5320 2038 5374 Et
2068 5317 2311 5392 suscepit
2344 5317 2612 5392 Ionathas
2646 5326 2876 5392 tempore
2911 5318 3004 5372 illo
3039 5321 3412 5392 principatum,
3440 5330 3489 5378 et

1896 5390 2119 5446 surrexit
2144 5389 2257 5441 loco
2276 5386 2435 5442 Iuda:
2459 5388 2642 5458 fratris
2664 5386 2765 5442 sui.

1973 5461 2041 5514 Et
2071 5459 2305 5530 cegnovit
2331 5459 2638 5530 Bacchides,
2671 5468 2720 5515 et
2743 5459 3000 5526 quwrebal
3021 5477 3135 5514 eum
3163 5461 3414 5517 occidere.

1969 5530 2040 5586 Et
2070 5529 2304 5601 cognovit
2328 5529 2610 5594 Jonatltas,
2640 5541 2697 5604 et,
2721 5530 2901 5585 Simon
2933 5535 3096 5604 frater
3128 5534 3262 5604 ejus,
3295 5542 3342 5586 et
3365 5549 3491 5604 gat-

1899 5621 1988 5659 nes
2030 5604 2116 5672 qui
2143 5616 2261 5655 cum
2289 5617 2348 5655 eo
2378 5608 2520 5656 erant
2548 5615 2568 5656 :
2596 5610 2644 5657 et
2672 5602 2915 5672 fugerunt
2964 5607 3018 5658 in
3053 5602 3313 5658 desertum
3360 5602 3493 5661 Tlle-

1899 5691 2030 5746 cuar,
2064 5681 2110 5728 et
2134 5673 2576 5746 consederuntad
2596 5689 2786 5746 aquam
2808 5675 2950 5730 lacus
2972 5675 3197 5746 Asphar.

1971 5745 2041 5801 Et
2071 5742 2652 5822 cognovit_Bacc_hides,
2675 5756 2723 5801 et
2753 5747 2836 5822 die
2868 5742 3200 5822 sabbatorum
3228 5747 3362 5802 venit
3384 5748 3493 5822 ipse

1899 5825 1946 5878 et
1968 5815 2145 5875 omnis"
2161 5815 2415 5874 exercitus
2437 5819 2549 5893 ejus
2576 5826 2723 5876 trans
2740 5816 3054 5876 Iordanem.
