3918 6192
466 158 575 224 487

1471 153 1531 214 S.
1571 148 1959 213 HIERONYMI
1996 152 2232 217 DIVINA
2271 148 2744 214 BIBLIOTHECA.

3666 151 3777 214 488

544 280 618 336 Et
683 278 940 337 Jonathas
975 275 1114 333 misit
1149 276 1366 346 fratrem
1392 287 1543 328 suum
1580 272 1780 346 ducem_
1801 272 2000 345 populi,
2034 281 2082 329 et
2108 273 2164 338 Α
2259 271 2329 327 Et
2344 271 2503 346 venit,
2529 280 2579 326 et
2604 279 2774 346 castra
2796 270 2968 346 posuit
2994 269 3214 346 desuper
3241 260 3551 346 Bethbessen
3576 283 3598 325 :
3620 278 3674 324 et
3690 282 3775 342 ορ-

476 352 682 423 rogavit
713 349 1036 408 Nabuthxos
1062 343 1254 423 amicos
1273 360 1417 423 suos,
1446 352 1502 398 ut
1541 343 1931 398 commodarent
1960 346 2073 401 illis

480 419 798 498 apparatum
824 436 1006 498 suum...
1022 419 1112 498 qui
1140 425 1251 498 erat
1273 419 1531 498 copiosus.

552 484 622 549 Et
652 495 883 550 exierunt
908 490 1006 560 ﬁlii
1035 484 1251 560 Jambri
1272 484 1344 541 ex
1373 484 1634 560 Madaba,
1662 493 1711 541 et
1733 484 2073 560 comprehen-

482 569 674 623 derunt
699 556 977 628 Joannem,
1016 569 1065 615 et
1112 559 1309 627 omnia,
1331 573 1447 628 qute
1483 556 1722 625 habebat,
1746 567 1793 611 et
1832 557 2074 613 abierunt

482 637 722 693 habentes
748 650 828 689 ea.

555 706 680 761 Post
706 705 817 759 ha’c
837 701 1009 769 verba,
1032 701 1387 757 renuntiatum
1410 709 1486 757 est
1512 699 1842 765 Jonathae.et
1866 698 2076 756 Simoni

484 778 638 851 fratri
665 779 799 849 ejus,
828 775 951 847 quia
973 774 1070 843 filii
1106 772 1324 851 lugubri
1341 773 1540 851 faciunt
1586 772 1810 851 nuptias_
1836 788 2074 851 magnas,

485 841 531 905 et
556 841 751 919 duca-nt
780 841 1024 919 sponsam
1045 860 1109 899 ex
1137 841 1378 919 ΜαιίαινζιΔ
1396 844 1562 919 filiam
1591 841 1747 897 unius
1776 841 1840 896 de
1870 841 2075 913 magnis

482 915 1071 994 principibus'lgltanaan
1101 932 1219 971 cum
1245 915 1519 994 ambitione
1542 930 1752 994 magna.

552 989 624 1045 Et
654 984 923 1045 recordati
951 996 1072 1062 sunt
1110 987 1379 1062 sanguinis
1406 984 1639 1062 Joannis
1660 985 1842 1054 fratris
1871 984 1953 1038 sui
1985 990 2077 1062 :_et

482 1062 846 1129 ascenderunt,
878 1068 924 1114 et
953 1055 1334 1115 absconderant
1356 1074 1409 1114 se
1434 1056 1527 1114 sub
1551 1065 1841 1129 tegumenta
1863 1055 2075 1110 montis.

555 1132 624 1187 Et
662 1128 987 1187 elevaverunt
1018 1131 1194 1185 oculos
1222 1145 1367 1194 suos,
1402 1138 1450 1183 et
1477 1128 1757 1183 viderunt:
1784 1135 1829 1181 et
1852 1143 1968 1181 ecce
2000 1135 2080 1180 tu-

485 1204 697 1272 multus,
729 1215 777 1257 et
804 1210 1090 1275 apparatus
1136 1202 1329 1255 multus
1354 1214 1373 1275 .j
1400 1208 1446 1275 et
1483 1214 1703 1275 sponsus
1721 1198 2005 1275 processit,
2030 1205 2078 1251 et

492 1276 647 1330 amici
671 1265 806 1346 ejus,
834 1265 887 1328 et
924 1276 1120 1346 fratres
1155 1274 1270 1345 ejus
1313 1265 1652 1346 obviam-illis
1682 1265 1793 1343 [AL
1821 1265 1926 1339 illi]
1962 1282 2080 1321 cum

489 1340 768 1420 tympanis,
792 1340 842 1399 et
863 1340 1095 1420 musicis,
1122 1340 1351 1420 et'armis
1381 1340 1581 1420 multis.

556 1412 626 1471 Et
654 1423 997 1472 surrexerunt
1022 1414 1092 1468 ad
1113 1430 1200 1469 eos
1217 1430 1284 1470 ex
1308 1414 1539 1480 insidiis,
1564 1419 1610 1467 et
1640 1412 1940 1467 occiderunt
1971 1425 2079 1476 eos,

488 1499 537 1545 et
591 1486 888 1542 ceciderunt
924 1485 1183 1540 vulnerati
1225 1484 1398 1550 multi,
1427 1493 1476 1539 et
1505 1483 1702 1538 residui
1732 1484 1977 1554 fugerunt
2025 1483 2081 1535 in

489 1568 726 1615 montes:
757 1567 807 1613 et
835 1566 1144 1628 acceperunt
1164 1557 1337 1628 omnia
1365 1554 1537 1628 spolia
1564 1570 1742 1609 eorum
1782 1570 1801 1609 :

2184 344 2561 417 pugnaviteam
2588 344 2698 417 dies
2728 342 2939 417 multos,
2966 353 3012 397 et
3035 343 3168 417 fecit
3184 342 3473 397 machinas.

2255 412 2325 470 Et
2348 413 2558 484 reliquit
2578 412 2836 467 Jouathas
2858 412 3123 470 Simonem
3142 413 3352 483 fratrem
3380 428 3533 467 suum
3561 412 3619 466 in
3643 412 3772 467 civi-

2178 495 2307 552 tate,
2332 496 2381 541 et
2409 487 2534 540 exiit
2559 486 2615 540 in
2644 486 2923 554 regionem,
2954 495 3001 538 et
3033 486 3166 540 venit
3186 500 3302 539 cum
3332 499 3570 546 numero,

2251 558 2322 613 Et
2354 558 2606 626 percussit
2639 553 2869 621 Odaren,
2897 563 2944 609 et
2974 556 3162 627 fratres
3201 557 3336 627 ejus,
3360 563 3408 610 et
3442 555 3579 623 filios
3619 553 3770 608 Pha-

2176 646 2331 684 seron
2374 630 2447 700 in,
2480 627 2823 700 tabernaculis
2870 626 3102 700 ipsarum
3139 626 3232 682 :et
3273 626 3428 699 coepit
3477 628 3705 694 aedere,
3729 634 3774 681 et

2178 716 2404 756 crescere
2431 699 2487 752 in
2514 699 2805 755 virtutibus.

2252 772 2439 828 Simon
2462 786 2607 836 vero,
2636 778 2683 843 et
2708 771 2796 842 qui
2829 787 2945 825 cum
2985 771 3098 843 ipso
3133 776 3300 837 erant,
3333 768 3572 825 exierunt
3601 770 3673 824 de
3702 769 3778 825 ci-

2179 843 2359 910 vitate,
2378 853 2427 898 et
2455 840 2833 897 succenderunt
2859 840 3124 897 machinas
3147 858 3167 897 :

2256 914 2322 970 Et
2352 922 2712 986 pugnaverunt
2744 922 2923 968 contra
2961 911 3298 979 Bacchidem,
3333 923 3383 970 et
3412 913 3669 986 contritus
3698 925 3775 968 est

2181 986 2245 1041 ab
2276 986 2352 1041 eis
2389 1000 2409 1040 :
2432 997 2477 1039 et
2507 985 2813 1056 afﬂixerunt
2848 1001 2963 1040 eum
3003 986 3174 1050 valde,
3204 987 3454 1057 quoniam
3497 985 3774 1041 consilium

2179 1060 2316 1132 ejus,
2338 1065 2386 1132 et
2410 1071 2714 1127 congressus
2741 1057 2853 1132 ejus
2878 1067 2988 1132 erat
3016 1057 3208 1111 inanis.

2254 1127 2322 1182 Et
2348 1128 2513 1181 iratus
2543 1136 2726 1199 contra
2751 1127 2887 1182 viros
2909 1128 3137 1199 iniquos,
3167 1129 3256 1198 qui
3284 1128 3335 1181 ei
3366 1128 3651 1183 consilium
3679 1128 3774 1183 de-

2182 1199 2384 1265 derant,
2409 1208 2466 1271 ut
2490 1198 2685 1253 veniret
2712 1200 2767 1253 in
2797 1200 3065 1271 regionem
3102 1200 3357 1270 ipsorum,
3382 1200 3582 1271 multos
3609 1215 3679 1254 ex
3703 1200 3775 1253 eis

2183 1271 2371 1327 occidit
2404 1284 2424 1324 :
2448 1270 2558 1341 ipse
2582 1279 2756 1325 autem
2781 1270 3026 1342 cogitavit
3049 1287 3166 1326 cum
3199 1270 3418 1342 reliquis
3452 1270 3592 1327 abire
3614 1272 3670 1325 in
3692 1287 3776 1326 re-

2181 1343 2385 1417 gionem
2406 1356 2575 1417 suam.

2254 1412 2324 1468 Et
2354 1413 2590 1483 cognovit
2609 1409 2872 1497 Ionathas
2898 1428 2918 1468 :
2938 1422 2988 1498 et
3010 1412 3147 1498 misit
3174 1413 3243 1468 ad
3263 1429 3382 1497 eum
3409 1414 3602 1498 legatos
3628 1430 3775 1469 com-

2182 1500 2385 1558 pon_ere_
2397 1500 2574 1558 pacem
2605 1501 2719 1538 cum
2750 1486 2888 1558 ipso,
2921 1491 2969 1558 et
2997 1484 3220 1558 reddere
3244 1485 3289 1558 ei
3319 1484 3699 1558 captivitatem.

2256 1555 2327 1610 Et
2348 1555 2563 1629 libenter
2588 1555 2810 1629 accepit,
2836 1564 2882 1610 et
2908 1555 3029 1629 fecit
3064 1557 3350 1629 secundum
3373 1555 3521 1629 verba
3547 1560 3686 1629 ejus,
3725 1567 3776 1612 et

563 1629 915 1713 Et_conversag
951 1623 1073 1720 sunt
1103 1629 1295 1720 nuptia:
1318 1626 1372 1681 in
1396 1624 1616 1696 luctum,
1644 1635 1693 1681 et
1725 1640 1827 1681 vox
1853 1623 2081 1679 musico-
2109 1658 2157 1720 Β
2178 1628 2381 1713 juravit
2400 1643 2453 1682 se
2479 1625 2614 1681 nihil
2639 1623 2972 1699 facturum'ei
3000 1628 3129 1683 mali
3162 1628 3397 1683 omnibus
3443 1623 3621 1683 diebus
3650 1630 3779 1683 vita:

488 1718 609 1772 rum
637 1702 868 1772 ipsorum
898 1700 953 1752 in
975 1698 1278 1772 (amentum.

559 1771 631 1827 Et
659 1767 1039 1841 vindicaverunt
1063 1769 1351 1841 vindictam
1370 1767 1640 1841 sanguinis
1668 1768 1852 1840 fratris
1874 1768 1957 1824 sui
1989 1774 2077 1822 :et

486 1843 678 1899 reversi
703 1850 819 1895 sunt
847 1840 915 1910 ad
941 1840 1107 1910 ripam
1130 1838 1403 1895 Iordanis.

564 1912 632 1969 Et
656 1912 851 1982 audivit
882 1908 1188 1982 Bacchides,
1212 1920 1259 1966 et
1291 1912 1424 1965 venit
1454 1909 1537 1965 die
1561 1911 1891 1967 sabbatorum
1920 1924 2079 1982 usque

491 1984 561 2041 ad
591 2000 734 2039 oram
754 1980 1006 2053 Iordanis
1032 1982 1086 2053 in
1105 1985 1292 2037 virtute
1316 1989 1528 2053 magna.

561 2054 632 2110 Et
660 2055 790 2111 dixit
821 2052 888 2126 ad
910 2068 1030 2107 suos
1049 2050 1305 2108 Jonathas
1329 2069 1348 2108 :
1374 2050 1682 2125 Surgamus,
1708 2061 1762 2126 et
1790 2068 2080 2126 pugnemus

492 2136 673 2182 contra
698 2125 935 2180 inimicos
962 2134 1165 2180 nostros
1190 2140 1329 2181 :non
1356 2134 1430 2181 est
1457 2123 1593 2180 enim
1611 2124 1766 2195 hodie
1790 2123 1921 2179 sicut
1943 2123 2076 2190 heri,

485 2206 534 2255 et
562 2195 955 2254 nudiustertius.

565 2268 701 2323 Ecce
724 2269 862 2340 enim
900 2265 1090 2340 bellum
1115 2283 1180 2323 ex
1219 2268 1430 2324 adverso
1462 2286 1481 2323 :
1510 2284 1645 2340 aqua
1673 2279 1791 2322 vero
1826 2265 2081 2323 Iordanis

495 2340 618 2394 hinc
640 2350 689 2395 et
715 2338 856 2406 inde,
886 2347 935 2393 et
959 2339 1110 2408 ripx,
1139 2349 1193 2395 et
1216 2341 1458 2410 paludes,
1482 2349 1526 2396 et
1551 2338 1717 2396 saltus
1747 2355 1765 2393 :
1791 2348 1839 2394 et
1877 2355 1980 2395 non
2006 2344 2083 2391 est

493 2413 638 2466 locus
668 2409 973 2465 diuertendi.

567 2482 724 2537 Nunc
744 2497 867 2553 ergo
896 2482 1113 2538 clamate
1142 2482 1426 2553 incaelum,
1452 2492 1511 2538 ut
1540 2481 1824 2537 liberemini
1846 2481 1910 2536 de
1926 2495 2083 2536 manu

494 2552 817 2609 inimicorum
838 2561 1141 2608 vestrorum.
1165 2552 1235 2608 Et
1265 2556 1596 2610 commissum
1621 2563 1697 2608 est
1728 2553 1937 2608 bellum.

562 2624 634 2680 Et
669 2625 898 2696 extendit
925 2621 1184 2696 Jonathas
1226 2642 1437 2679 manum
1464 2639 1616 2680 suam
1652 2632 1920 2696 percutere
1948 2621 2085 2677 Bac-

494 2696 721 2757 chidem.
752 2705 802 2752 et
824 2694 1034 2750 diuertit
1061 2695 1125 2749 ab
1147 2712 1205 2751 eo
1229 2706 1365 2750 retro
1388 2710 1408 2750 :

562 2767 631 2824 Et
664 2768 874 2823 dissiliit
906 2764 1166 2822 Jonathas
1199 2810 1213 2835 ,
1246 2776 1294 2823 et
1323 2767 1412 2838 qui
1444 2782 1561 2838 cum
1597 2783 1657 2838 eo
1686 2773 1832 2822 erant
1862 2765 1917 2820 in
1955 2762 2082 2820 Jor-

497 2840 705 2907 danem,
729 2848 777 2893 et
809 2846 1263 2893 transnataverunt
1293 2835 1365 2892 ad
1385 2854 1472 2893 eos
1489 2835 1798 2894 Iordanem.

570 2910 635 2966 Et
664 2910 957 2965 ceciderunt
987 2912 1050 2979 de
1078 2918 1221 2979 parte
1243 2907 1522 2965 Bacchidis
1564 2909 1649 2963 die
1674 2910 1771 2964 illa
1797 2907 1938 2965 mille
1963 2907 2080 2964 viri.

495 2982 565 3038 Et
591 2982 778 3038 reversi
804 2991 923 3036 sunt
944 2980 997 3035 in
1018 2978 1333 3036 Jerusalem.

568 3048 637 3106 Et
667 3052 1049 3120 xdiﬁcaveruut
1080 3052 1310 3109 civitates
1338 3052 1565 3107 munitas
1589 3050 1645 3107 in
1672 3050 1886 3119 Judxa,
1912 3050 2089 3105 muni-
2113 3048 2159 3112 C

496 3124 708 3186 tionem,
731 3137 848 3192 qua:
876 3131 985 3176 erat
1015 3123 1069 3176 in
1094 3122 1324 3190 Jericho,
1355 3132 1403 3178 et
1430 3125 1484 3178 in
1509 3123 1803 3192 Ammaum,
1833 3131 1883 3178 et
1908 3123 1962 3175 in
1993 3120 2089 3176 Be-

497 3194 707 3265 thoron,
733 3200 780 3246 et
802 3192 1087 3265 inABethel,
1118 3202 1165 3248 et
1197 3192 1507 3260 Thamnata,
1533 3203 1581 3250 et
1611 3193 1881 3263 Phara,et
1905 3192 2090 3265 Thopo

499 3264 662 3320 muris
691 3261 924 3329 excelsis,
948 3271 996 3316 et
1024 3266 1209 3331 portis,
1235 3276 1283 3319 et
1310 3266 1459 3319 seris.

498 3407 512 3420 _
566 3334 636 3460 ft
659 3332 829 3458 polsuit
852 3334 1143 3388 custodiam
1178 3335 1233 3388 in
1262 3336 1355 3403 eis,
1380 3345 1436 3389 ut
1462 3335 1767 3392 inimicitias
1796 3345 2092 3394 exercerent

498 3424 548 3460 m
603 3420 719 3460 srae
744 3444 758 3458 .

491 3424 548 3463 πη
566 3420 593 3460 Ι
603 3420 758 3460 εναει.

573 3475 641 3531 Et
683 3473 899 3531 munivit
950 3473 1207 3530 civitatem
1242 3473 1579 3542 Bethsuram,
1620 3487 1668 3531 et
1727 3476 2011 3543 Gazaram,
2043 3484 2090 3532 et

494 3563 689 3616 arcem,
720 3557 769 3600 et
795 3546 1044 3618 posuitin
1067 3547 1143 3601 eis
1162 3548 1387 3613 auxilia,
1417 3558 1464 3602 et
1492 3556 1805 3618 apparatum
1833 3565 2086 3605 escarum.

572 3617 643 3693 _Et
681 3619 877 3693 accepit
906 3617 1045 3693 ﬁlios
1068 3619 1393 3693 principum
1418 3617 1641 3693 regionis
1653 3618 1891 3693 obsides,
1930 3628 1975 3676 et
2000 3638 2092 3693 po-

502 3690 606 3746 suit
635 3705 721 3745 eos
746 3689 809 3744 in
832 3704 951 3744 arce
974 3690 1028 3744 in
1052 3689 1350 3745 Jerusalem
1377 3691 1431 3744 in
1461 3689 1773 3746 custodiam.

570 3758 641 3834 Et
668 3776 808 3815 anno
856 3761 1133 3834 centesimo
1160 3760 1589 3834 quinquagesimo
1615 3762 1790 3834 tertio,
1811 3777 1984 3817 mense
2010 3778 2089 3818 se-

504 3833 697 3896 cundo.
722 3833 967 3901 prtecepit
991 3832 1220 3887 Alcimus
1245 3832 1439 3888 destrui
1476 3849 1651 3888 muros
1683 3833 1866 3887 domus
1890 3846 2091 3889 sanch

501 3903 794 3971 interioris,
823 3911 872 3958 et
904 3903 1101 3959 destrui
1123 3920 1282 3976 opera
1308 3904 1677 3977 prophetarum
1707 3920 1727 3958 :
1758 3913 1807 3960 et
1827 3905 1977 3977 coepit
1998 3906 2089 3961 de-

504 3983 724 4030 struere.

572 4046 645 4100 In
673 4054 898 4117 tempore
925 4042 1019 4099 illo
1047 4061 1320 4113 percussus
1358 4057 1437 4104 est
1476 4045 1730 4112 Alcimus,
1753 4057 1801 4102 et
1840 4048 2091 4117 impedita

502 4125 625 4171 sunt
654 4114 1006 4190 operaillius,
1035 4125 1081 4190 et
1110 4119 1370 4190 occlusum
1397 4127 1469 4173 est
1493 4135 1546 4172 os
1574 4121 1707 4190 ejus,
1736 4128 1780 4173 et
1805 4114 2089 4174 dissolutus

496 4195 573 4242 est
599 4187 851 4261 paralysi,
877 4202 968 4242 nec
993 4186 1131 4242 ultra
1159 4191 1323 4261 potuit
1352 4188 1494 4259 loqui
1517 4186 1741 4257 verbum,
1770 4200 1816 4244 et
1840 4192 2090 4246 mandare

498 4259 568 4313 de
589 4260 746 4313 domo
775 4274 892 4313 sua.

538 4274 568 4313 ε
589 4273 746 4313 aomo
775 4274 892 4314 sua.

570 4328 641 4386 Et
667 4338 900 4386 mortuus
919 4338 997 4385 est
1024 4328 1257 4386 Alcimus
1282 4331 1337 4387 in
1366 4340 1591 4402 tempore
1610 4331 1704 4387 illo
1724 4347 1840 4387 cum
1858 4340 2084 4390 tormen-

500 4410 552 4457 to
577 4417 788 4473 magno.

568 4472 637 4528 Et
667 4469 796 4527 'vidit
823 4469 1113 4528 Bacchides
1149 4474 1397 4542 quoniam
1432 4481 1666 4530 mortuus
1693 4482 1768 4529 est
1806 4474 2081 4535 Alcimus:

503 4553 554 4599 et
575 4559 801 4616 r_eversus
838 4554 912 4600 est
948 4546 1018 4599 ad
1047 4560 1241 4616 regem,
1264 4555 1311 4600 et
1334 4545 1478 4600 siluit
1509 4555 1647 4601 terra
1675 4546 1824 4616 annis
1853 4547 2078 4604 duobus.

568 4613 640 4669 Et
684 4616 1039 4687 cogitaverunt
1062 4613 1238 4674 oinnes
1266 4618 1432 4684 iniqui
1453 4617 1677 4672 dicentes
1708 4632 1726 4670 :
1757 4614 1892 4672 Ecce
1916 4618 2079 4674 Jona-

496 4684 631 4754 thas,
658 4696 707 4743 et
736 4684 824 4759 qui
849 4703 967 4742 cum
990 4704 1048 4760 eo
1064 4696 1217 4760 sunt,
1243 4689 1297 4742 in
1319 4687 1527 4760 silentio
1552 4690 1784 4743 habitant
1813 4689 2081 4760 conﬁden-

496 4764 575 4833 ter
605 4772 625 4812 :
652 4757 789 4813 nunc
821 4776 945 4833 ergo
967 4758 1291 4815 adducamus
1310 4757 1644 4826 Bacchidem,
1666 4769 1715 4815 et
1741 4757 2078 4833 comprehen-

500 4828 586 4884 det
614 4844 702 4884 eos
727 4828 903 4885 omnes
930 4847 1035 4885 una
1061 4840 1225 4886 nocte.

566 4898 640 4954 Et
658 4900 917 4967 abierunt,
947 4911 996 4957 et
1020 4903 1293 4957 consilium
1313 4901 1359 4958 ei
1386 4901 1662 4958 dederunt.

568 4968 639 5026 Et
664 4973 909 5039 surrexit,
941 4981 997 5028 ut
1020 4974 1211 5029 veniret
1226 4990 1344 5030 cum
1364 4974 1594 5030 exercitu
1623 4972 1788 5030 multo
1820 4990 1839 5030 :
1866 4984 1914 5032 et
1940 4975 2079 5033 misit

499 5045 697 5098 occulte
722 5043 979 5115 epistolas
1020 5045 1174 5115 sociis
1213 5045 1345 5112 suis,
1381 5046 1469 5115 qui
1504 5055 1657 5100 erant
1697 5047 1753 5100 in
1783 5043 1996 5115 Judaza,
2023 5058 2081 5104 ut

496 5113 988 5189 comprehenderent
1015 5113 1284 5173 lonathan
1306 5159 1322 5185 ,
1351 5113 1401 5172 et
1426 5134 1511 5173 eos
1533 5118 1622 5189 qui
1642 5134 1759 5172 cum
1796 5135 1856 5173 eo
1888 5113 2037 5175 erant
2060 5135 2079 5174 :

496 5185 718 5257 sedmon
747 5194 1048 5257 potuerunt,
1089 5190 1207 5257 quia
1227 5189 1450 5245 innotuit
1474 5185 1555 5244 eis
1575 5190 1850 5245 consilium
1880 5206 2078 5246 eorum.

568 5255 651 5333 ﬁt
665 5255 1110 5333 apprehendil‘de'
1125 5260 1243 5333 viris
1266 5261 1513 5333 regionis,
1530 5260 1620 5333 qui
1643 5262 1907 5333 principes
1936 5270 2082 5318 erant

497 5326 717 5401 militiae,
745 5328 1123 5401 quinquaginta
1152 5326 1385 5401 virosfet
1405 5326 1591 5385 occidit
1617 5326 1724 5386 eos.

502 5466 516 5479 θ
567 5394 638 5479 ξι
661 5394 1168 5479 secessitlloriatltas,
1197 5411 1248 5479 et
1269 5394 1475 5479 Simon,
1504 5410 1554 5456 et
1580 5402 1672 5475 qui
1700 5419 1818 5458 cum
1843 5419 1904 5479 eo
1931 5412 2086 5479 erant

496 5466 552 5523 in
576 5465 909 5538 Bethbessen,
939 5487 1056 5539 qua:
1083 5465 1164 5527 est
1192 5473 1248 5527 in
1278 5465 1480 5529 deserto
1510 5489 1529 5529 :
1558 5465 1605 5530 ei
1627 5477 1879 5533 exstruxit
1906 5477 2084 5532 diruta

496 5540 632 5610 δίκε.
661 5547 710 5593 et
739 5539 1075 5610 ﬁrmaverunt
1100 5559 1237 5599 eam.

554 5606 624 5685 fit
636 5606 872 5682 cognovit
884 5608 1188 5685 Bacchides,
1203 5623 1251 5685 et
1270 5615 1597 5685 congregavit
1617 5616 1907 5672 universam
1924 5618 2095 5674 multi-

554 5632 623 5660 ιιι
636 5632 872 5682 (agnovit
884 5632 1188 5685 uaccmaes,
1203 5632 1251 5669 οι
1270 5632 1363 5670 con
1405 5632 1458 5670 re
1493 5632 1596 5671 avu
1617 5632 1907 5672 universam
1924 5632 2093 5674 mum-

504 5678 732 5737 tudinem
752 5693 899 5737 suam
920 5694 941 5740 .'
965 5691 1011 5741 et
1038 5683 1140 5758 his,
1160 5684 1251 5760 qui
1274 5686 1342 5744 de
1365 5632 1554 5746 suisea
1575 5699 1741 5758 erant,
1756 5686 2093 5749 denuntiavit.

2185 1716 2318 1754 81118.
2820 1746 2829 1752 .

2204 1720 2323 1824 WE
2348 1767 2578 1843 reddidit
2604 1773 2653 1843 ei
2676 1746 3051 1843 captivitatem,
3080 1786 3239 1842 quam
3269 1769 3413 1843 prius
3440 1779 3548 1825 erat
3568 1772 3780 1843 prenda-

2182 1850 2261 1896 tus
2291 1844 2354 1896 de
2382 1850 2521 1896 terra
2545 1839 2577 1895 J
2586 1841 2687 1895 uda
2719 1839 2750 1896 ε’
2768 1850 2815 1895 et
2843 1839 3120 1897 conversus
3147 1839 3278 1896 abiit
3301 1845 3356 1896 in
3386 1839 3578 1896 terram
3605 1859 3777 1911 suam,

2180 1922 2230 1968 et
2259 1930 2361 1996 ngn
2388 1913 2625 1996 apposuit
2644 1913 2882 1996 amplius
2907 1913 3158 1996 vgnirelin
3185 1914 3480 1996 fin-esejus.

2263 1983 2330 2039 Et
2357 1981 2571 2038 cessavit
2602 1981 2811 2055 gladius
2839 2000 2901 2055 ex
2931 1981 3098 2039 Israel
3133 2001 3152 2039 :
3183 1981 3228 2039 et
3253 1981 3782 2039 habitavillonathas

2181 2055 2237 2110 in
2277 2052 2662 2130 Machmas,_et_
2688 2055 2837 2130 carpit
2864 2052 3121 2130 Jon_athas_
3150 2055 3221 2111 ibi
3240 2056 3486 2130 judicare
3509 2058 3779 2129 populum,

2182 2134 2231 2183 et
2262 2126 2616 2183 exterminavit
2644 2126 2832 2196 impios
2861 2142 2924 2182 ex
2953 2123 3143 2184 Israel.

2814 2237 3042 2297 CAPUT
3079 2237 3151 2296 X.

2256 2332 2327 2417 Et
2367 2331 2814 2417 (iungucentesimo
2856 2333 3177 2417 sexagesimo
3218 2334 3462 2417 ascendit.
3493 2332 3785 2417 Alexander

2189 2406 2431 2476 Antiochi
2458 2402 2621 2475 ﬁlius,
2650 2405 2741 2476 qui
2768 2402 3157 2476 cognominatus
3179 2414 3252 2461 est
3280 2403 3489 2461 Nobilis
3520 2422 3540 2462 :
3570 2415 3619 2461 et
3642 2424 3787 2461 oceu-

2185 2478 2326 2604 pquit
2366 2475 2751 2532 Ptolemaidam
2792 2475 2903 2533 :et
2938 2486 3237 2547 receperunt
3276 2493 3394 2532 eum
3418 2519 3434 2545 ,
3473 2487 3523 2533 et
3559 2483 3785 2550 regnavit

2185 2566 2200 2604 ι
2248 2564 2316 2604 rc.

2184 2564 2316 2605 ιιιισ.

2257 2617 2329 2695 Et
2366 2619 2567 2695 audivit
2587 2617 2899 2695 -Demetrius
2924 2634 3052 2695 rex,
3069 2628 3117 2675 et
3141 2619 3786 2695 egrrgregavithexercitum

2186 2690 2649 2764 copiosumvajde,
2681 2700 2738 2764 et!
2758 2691 2912 2745 exivit
2942 2690 3142 2764 obviam
3168 2690 3257 2764 illi
3272 2690 3625 2763 in'prteliurn.

2260 2760 2330 2835 Et
2351 2762 2490 2817 misit
2512 2761 2802 2835 Demetrius
2824 2762 3093 2835 epistolam
3113 2762 3184 2817 ad
3202 2760 3491 2835 Ionatham
3512 2764 3679 2819 verbis
3702 2780 3788 2833 pa-

2186 2833 2382 2906 ciﬁcis,
2399 2842 2457 2887 ut
2488 2833 2840 2906 magniﬁcam
2854 2832 3015 2906 eum.
3329 2832 3332 2836 λ

2259 2903 2409 2981 Dixit
2427 2906 2560 2981 enim
2576 2903 2598 2959 Ξ
2621 2905 2969 2981 Anticipemus
2989 2905 3161 2975 facere
3178 2922 3355 2979 pacem
3377 2922 3494 2961 cum
3512 2922 3601 2975 eo,
3624 2907 3788 2981 prius-

2186 2992 2342 3049 qua_m
2381 2976 2542 3049 faciat
2570 2991 2687 3030 cum
2713 2975 3008 3031 Alexandro
3032 2975 3303 3049 adversum
3329 2994 3424 3033 nos
3448 2995 3469 3032 :

2264 3047 2641 3121 Recordabitur
2677 3049 2814 3102 enim
2848 3048 3385 3121 omniummalorum,
3422 3066 3541 3119 qua:
3572 3050 3785 3121 fecimus

2189 3119 2245 3174 in
2268 3135 2406 3193 eum,
2437 3128 2485 3193 et
2514 3120 2567 3193 in
2592 3120 2805 3191 fratrem
2834 3120 2970 3192 ejus,
3000 3130 3046 3175 et
3072 3120 3126 3174 in
3155 3130 3352 3193 gentem
3373 3125 3510 3193 ejus.

2265 3190 2331 3264 Et
2360 3191 2496 3246 dedit
2521 3190 2568 3245 ei
2596 3190 2893 3264 potestatem
2919 3190 3270 3264 congregandi
3295 3190 3607 3264 exercitum,
3633 3201 3683 3246 et
3709 3191 3786 3262 fa-

2192 3261 2391 3336 bricare
2410 3278 2578 3329 arma,
2597 3260 2652 3336 et
2672 3277 2779 3336 esse
2803 3260 2975 3336 ipsum
2994 3260 3194 3336 socium
3214 3264 3325 3336 ejus
3346 3280 3367 3320 .°
3388 3274 3433 3319 et
3454 3262 3686 3332 obsides,
3707 3260 3788 3334 qui

2187 3341 2335 3404 erant
2361 3334 2417 3387 in
2446 3348 2585 3404 arce_,
2605 3333 2766 3404 jussit
2795 3332 3024 3404 tradi‘ei.

2261 3402 2332 3458 Et
2368 3405 2506 3478 venit
2541 3401 2800 3478 Ionathas
2824 3403 2888 3478 in
2923 3401 3216 3460 Jerusalem
3253 3420 3273 3478 ς
3304 3412 3356 3478 et
3392 3405 3516 3478 legit
3542 3405 3782 3474 epistolas

2189 3475 2245 3530 in
2270 3476 2453 3547 auditu
2483 3475 2648 3530 omnis
2673 3474 2874 3547 populi,
2908 3485 2953 3531 et
2982 3492 3156 3531 eorum
3182 3476 3268 3546 qui
3296 3476 3350 3530 in
3377 3474 3496 3531 arce
3517 3488 3692 3532 erant.

2262 3544 2332 3621 Et
2352 3548 2631 3602 timuerunt
2654 3544 2835 3601 timore
2853 3561 3064 3617 magno,
3085 3544 3329 3621 quoniam
3348 3548 3639 3603 audierunt
3657 3548 3785 3621 quod

2190 3617 2331 3692 ded_it
2354 3621 2401 3674 ei
2425 3634 2519 3692 rex
2534 3626 2846 3692 Apotesldtem
2874 3619 3223 3692 congregandi
3246 3621 3551 3692 exercitum.

2264 3686 2553 3817 Iftbtraditi'
2567 3697 2685 3744 sunt
2706 3686 2951 3746 Jonatha:
2972 3686 3195 3760 obsides,
3224 3697 3273 3745 et
3304 3689 3538 3745 reddidit
3571 3706 3662 3745 eos
3686 3708 3781 3763 pa-

2264 3779 2280 3815 ι
2307 3780 2323 3816 ι
2361 3778 2422 3816 us
2445 3777 2552 3815 suis
2582 3777 2597 3816 :

2189 3761 2422 3818 rentibus
2445 3760 2552 3815 suis
2582 3777 2597 3816 :

2260 3830 2331 3886 Et
2371 3831 2621 3887 habitavit
2662 3830 2920 3889 Jonathas
2958 3831 3014 3888 in
3032 3830 3351 3898 Jerusalem,
3374 3839 3421 3888 et
3443 3832 3599 3905 cxpit
3621 3831 3776 3902 aedifi-

2190 3919 2331 3970 care,
2354 3911 2404 3958 et
2431 3905 2679 3959 innovare
2698 3905 2975 3959 civitatem.
3676 3944 3679 3949 η

2262 3974 2332 4031 Et
2363 3975 2502 4049 dixit
2526 3977 2829 4049 facientibus
2859 3991 3047 4049 opera,
3069 3983 3129 4049 ut
3159 3983 3478 4049 exstruerent
3507 3992 3707 4049 muros,
3737 3981 3781 4049 et

2189 4057 2413 4102 montem
2442 4046 2574 4120 Sion
2602 4047 2659 4120 in
2690 4046 2911 4103 circuitu
2943 4046 3200 4120 lapidibus
3224 4047 3499 4115 quadratis
3524 4048 3599 4102 ad
3619 4046 3777 4102 muni-

2191 4120 2378 4190 tionem
2403 4133 2421 4172 :
2443 4128 2493 4174 et
2513 4119 2589 4172 ita
2611 4118 2862 4190 fecerunt.

2260 4187 2331 4243 Et
2350 4187 2939 4267 fugerunt'alienjgenw
2963 4235 2979 4261 ,
3018 4192 3108 4264 qui
3146 4198 3296 4248 erant
3420 4187 3777 4246 munitionibus

2188 4277 2317 4333 quas
2345 4260 2626 4333 Bacchides
2647 4260 3011 4331 aediﬁcaverat.

2261 4331 2331 4387 Et
2357 4330 2566 4404 reliquit
2596 4330 2944 4405 unusquisque
2973 4334 3146 4391 locum
3173 4349 3349 4402 suum,
3382 4341 3431 4389 et
3459 4332 3589 4389 abiit
3610 4335 3663 4389 in
3682 4340 3775 4386 ter.

2111 4430 2163 4494 Β
2190 4419 2247 4458 ra
2252 4420 2305 4494 Ἦ,
2318 4420 2494 4494 suam.

2261 4473 2481 4549 Tantum
2518 4474 2572 4549 in
2599 4472 2858 4531 Bethsura
2886 4485 3243 4549 remanserunt
3269 4476 3437 4549 aliqui
3463 4492 3528 4531 ex
3580 4475 3665 4549 his
3691 4471 3773 4549 qui

2187 4544 2501 4619 reliquerant
2537 4545 2704 4618 legem
2739 4557 2786 4603 et
2813 4557 3071 4621 prtecepta
3096 4547 3233 4604 Dei:
3257 4544 3368 4604 erat
3405 4549 3542 4604 enim
3577 4547 3686 4602 haec
3704 4544 3778 4599 eis

2187 4618 2256 4672 ad
2281 4620 2560 4672 refuaium.

2186 4634 2255 4672 aa
2281 4634 2560 4673 retuarum.

2588 4689 2881 4765 Alexander
2898 4708 2992 4748 rex
3011 4691 3264 4765 promissa
3281 4705 3399 4765 qua;
3420 4688 3655 4765 promisit
3675 4685 3772 4742 De-

2188 4761 2399 4815 metrius
2427 4758 2672 4818 Jonalhte
2702 4778 2721 4818 :
2750 4771 2795 4817 et
2822 4758 3160 4819 narraverunt
3180 4764 3229 4818 ei
3250 4758 3454 4832 prtelia,
3476 4770 3524 4817 et
3543 4762 3769 4832 virtutes,

2187 4847 2314 4902 quas
2344 4832 2454 4905 ipse
2483 4833 2602 4905 fecit
2625 4876 2641 4903 ,
2672 4844 2721 4890 et
2748 4833 2933 4905 fratres
2959 4836 3072 4907 ejus
3089 4874 3107 4903 ,
3128 4843 3178 4889 et
3201 4831 3401 4890 labores
3416 4848 3543 4905 quos
3566 4831 3769 4887 labora-

2185 4915 2388 4959 verunt.

2252 4972 2323 5029 Et
2351 4976 2426 5030 ait
2456 4990 2475 5030 :
2509 4974 2781 5049 Numquid
2807 4977 3121 5033 inveniemus
3145 4975 3368 5045 aliquem
3390 4973 3560 5029 virum
3582 4971 3771 5028 talem!

2181 5056 2229 5104 et
2256 5062 2391 5118 nunc
2422 5048 2670 5118 faciemus
2689 5065 2803 5103 eum
2823 5050 3049 5104 amicum
3068 5057 3114 5105 et
3132 5049 3330 5103 socium
3351 5053 3609 5118 nostrum.

2184 5188 2241 5245 ά.
2255 5115 2324 5172 Et
2344 5114 2551 5189 scripsit
2573 5120 2865 5191 epistolam,
2878 5131 2925 5176 et
2946 5122 3085 5176 misit
3106 5120 3152 5177 ei
3171 5119 3455 5175 secundum
3476 5115 3590 5171 hazc
3609 5114 3767 5180 verba,

2224 5205 2360 5245 tcens
2388 5206 2408 5245 :

2224 5205 2360 5245 ιεεηε
2388 5206 2408 5245 .'

2259 5260 2375 5333 Rex
2401 5260 2691 5319 Alexander
2716 5261 2871 5333 fratri
2894 5259 3135 5319 Jonathte
3153 5262 3394 5318 salutem.

2259 5332 2561 5416 Audiuimus
2587 5335 2652 5389 de
2674 5332 2747 5401 te,
2769 5334 2908 5405 quod
2933 5334 3008 5389 vir
3027 5343 3205 5407 potens
3224 5335 3294 5390 sis
3317 5332 3533 5399 viribus,
3559 5339 3608 5386 et
3629 5338 3767 5403 aptus

2189 5419 2243 5459 es
2273 5415 2329 5459 ut
2351 5405 2421 5459 sis
2443 5405 2640 5461 amicus
2662 5417 2855 5462 noster.

2262 5472 2331 5529 Et
2374 5492 2509 5531 nunc
2545 5476 2906 5533 constituimus
2931 5484 2979 5532 te
3005 5473 3159 5530 hodie
3185 5491 3445 5530 summum
3466 5471 3764 5529 sacerdotem

2192 5547 2356 5619 gentis
2381 5556 2504 5615 tute,
2532 5557 2580 5602 et
2607 5558 2661 5603 ut
2682 5548 2876 5603 amicus
2898 5548 3089 5623 voceris
3110 5550 3241 5618 regis
3261 5544 3331 5619 (et
3353 5546 3495 5600 misit
3519 5546 3569 5601 ei
3586 5555 3764 5623 purpl-

2193 5618 2327 5686 ram,
2360 5628 2407 5673 et
2432 5634 2674 5674 coronam
2700 5618 2960 5689 auream),
2999 5629 3047 5673 et
3084 5633 3217 5689 qua
3236 5618 3413 5672 nostra
3440 5626 3563 5675 sunt
3589 5618 3764 5672 sentias

2197 5689 2482 5763 nobiscum,
2516 5700 2562 5749 et
2589 5706 2850 5751 conserves
2875 5688 3127 5748 amicitias
3153 5688 3221 5746 ad
3250 5704 3364 5748 nos.
