3918 6192
127 281 196 341 489

1272 291 1474 347 LIBER
1518 292 1536 346 ι
1575 291 2150 350 ΜΑΕΙΙΑΒᾸΞΟΠΗΜ.

3237 301 3344 358 490

177 405 224 458 Et
251 405 396 488 induit
437 424 493 462 se
531 406 790 488 Jonathgs
827 407 1171 488 stola_sancta
1209 403 1422 488 septimo
1449 428 1640 488 mense,
1668 413 1721 474 A
1747 415 1820 469 eis
1849 415 2084 488 princeps
2103 427 2402 488 sermonum
2445 415 2611 482 pacis,
2634 422 2682 469 et
2706 413 2803 486 ipsi
2830 415 3085 471 auxilium
3116 417 3345 488 ferebant

127 491 224 530 anno
244 479 486 533 centisimo
511 480 826 556 sexagesimo
851 479 901 556 in
924 479 1005 556 die
1024 480 1242 534 solemni
1266 479 1602 556 ScenOpegia:
1623 500 1641 538 :

127 557 161 600 et
181 554 451 624 congregavit
481 552 783 624 exercitum,
806 561 851 605 et
875 551 991 624 fecit
1011 568 1157 605 arma
1179 556 1406 624 capiosa.

180 619 225 672 Et
254 619 431 674 audivit
470 621 767 677 Demetrius
795 625 938 676 verba
963 623 1084 690 ista,
1129 634 1176 676 et
1208 619 1539 681 contristatus
1569 638 1643 682 est

127 692 250 752 nimis,
271 701 311 744 et
330 692 402 744 ait
426 699 447 746 ὲ

175 762 273 838 Quid
295 762 382 838 hoc
410 765 661 838 fecimus,
685 766 820 838 quod
845 769 1215 838 praeoccupavit
1239 785 1332 823 nos
1355 769 1644 824 Alexander

123 835 428 904 apprehendere
467 837 752 891 amicitiam
788 835 1091 892 Iudaeorum
1131 841 1198 893 ad
1229 842 1487 893 munimen
1519 843 1646 895 sui?

172 906 356 984 scribam
385 915 436 961 et
462 925 559 984 ego
585 907 690 963 illis
709 909 857 984 verba
877 910 1252 984 deprecatoria,
1276 921 1325 964 et
1346 913 1640 984 dignitates,

121 987 152 1032 et
175 977 284 1051 dona
309 996 328 1051 ς
351 987 406 1031 ut
437 977 543 1033 sint
575 997 770 1034 mecum
795 982 846 1034 in
873 977 1213 1051 adjutorium.

169 1047 217 1127 Et
245 1050 548 1127 scripsitAeis
600 1053 651 1105 in
684 1051 791 1108 hcce
820 1047 970 1107 verba
1000 1069 1018 1106 :
1045 1054 1158 1110 Rex
1185 1055 1477 1110 Demetrius
1504 1057 1646 1127 genti

116 1117 351 1174 latinorum
378 1121 605 1178 salutem
637 1139 656 1176 :

165 1193 378 1266 Quoniam
415 1197 662 1251 servastis
695 1197 762 1249 ad
803 1213 893 1250 nos
939 1205 1170 1266 pactum,
1211 1208 1258 1250 et
1290 1199 1551 1251 mansistis
1591 1200 1645 1252 in

113 1265 286 1339 amicitia
310 1277 506 1331 nostra,
539 1277 589 1321 et
617 1284 720 1322 non
749 1268 1034 1324 accessistis
1059 1270 1126 1321 ad
1149 1269 1383 1324 inimicos
1420 1281 1643 1339 nostros,

111 1337 337 1411 audivimus
354 1381 368 1403 ,
398 1348 447 1392 et
475 1339 638 1411 gavisi
665 1357 860 1394 sumus.

161 1407 210 1461 Et
229 1425 350 1482 nunc
380 1407 695 1479 perseverate
721 1411 893 1466 adhuc.
923 1428 1222 1467 conservare
1249 1413 1317 1465 ad
1347 1429 1441 1467 nos
1464 1413 1643 1482 ﬁdem,

111 1480 459 1537 etretribuemus
488 1484 629 1538 vobis
676 1483 809 1538 bona
851 1499 945 1552 pro
973 1481 1055 1538 his
1094 1502 1210 1555 qua:
1255 1485 1447 1555 fecistis
1465 1480 1648 1540 nobis-

111 1568 194 1604 cum
211 1567 228 1604 .'

159 1621 208 1699 lit
227 1625 530 1699 remittemus
555 1628 700 1682 vobis
732 1627 1088 1699 prmstationes
1112 1627 1318 1694 multas,
1343 1637 1389 1681 et
1409 1627 1647 1682 dabimus

105 1694 208 1748 vobis
225 1697 531 1754 donationes.

1750 487 1986 540 omnibus
2008 486 2208 540 diebus.

1819 555 1885 610 Et
1911 559 2235 632 congregavit
2257 573 2350 610 rex
2373 557 2668 632 Alexander
2695 559 2975 614 exercitum
3001 577 3268 632 magnum,
3297 572 3344 618 et

1745 627 1969 682 admovit
1993 627 2163 683 castra
2188 638 2367 682 contra
2394 629 2733 683 Demetrium.

1814 698 1884 752 Et
1909 701 2272 774 commiserunt
2303 701 2540 772 prwlium
2572 705 2673 754 duo
2695 717 2856 774 reges,
2881 714 2927 756 et
2947 703 3078 774 fugit
3099 706 3349 760 exercitus

1746 768 2016 835 Demetrii,
2052 782 2098 824 et
2127 768 2392 838 insecutus
2421 782 2491 826 est
2525 788 2644 826 eum
2681 768 3024 842 Alexander;
3040 784 3086 829 et
3121 776 3348 831 incubuit

1745 857 1900 910 super
1925 859 2032 897 eos.

1818 912 1887 984 Et
1911 914 2126 968 invaluit
2150 916 2389 984 praelium
2414 915 2584 979 nimis,
2610 915 2772 970 donec
2794 917 2982 970 occidit
3004 919 3082 972 sol
3106 935 3124 972 :
3149 929 3195 973 et
3219 920 3348 975 ceci-

1747 985 1822 1038 dit
1856 982 2158 1039 Demetrius‘
2173 989 2225 1040 in
2249 987 2336 1041 die
2357 988 2468 1041 illa.

1819 1055 1887 1108 Et
1926 1057 2062 1111 misit
2095 1058 2390 1136 Alexander
2430 1056 2878 1136 ad_Ptolema:um
2915 1075 3086 1132 regem
3131 1061 3354 1136 .Eggpti

1750 1128 1946 1198 legatos
1977 1130 2259 1183 secundum
2284 1129 2394 1184 ἠως
2420 1129 2593 1193 verba,
2627 1131 2801 1184 dicens
2833 1148 2850 1184 .'

1822 1199 2080 1263 Quoniam
2106 1217 2371 1271 regressus
2396 1219 2508 1255 sum
2541 1202 2593 1254 in
2623 1219 2838 1269 regnum
2871 1220 3055 1269 meum,
3087 1214 3132 1259 et
3162 1207 3277 1261 sedi
3301 1207 3355 1262 in

1747 1271 1870 1347 sede
1893 1281 2115 1347 _patrum
2159 1288 2410 1336 meorum,
2445 1284 2494 1347 et
2505 1273 2727 1347 _obti-_nui
2754 1274 3126 1347 principatum,
3155 1289 3199 1332 et
3225 1294 3350 1334 con-

1747 1341 1869 1416 trivi
1881 1339 2220 1416 Demetrium,
2243 1353 2291 1398 et
2314 1345 2514 1412 possedi
2535 1339 2796 1416 regionem
2817 1339 3067 1414 nostram,

1820 1411 1888 1465 Et
1935 1415 2165 1492 commisi
2215 1411 2438 1492 pugnam
2487 1411 2612 1469 cuni
2647 1427 2823 1492 eo,_et
2847 1411 3198 1492 contritusest
3226 1423 3354 1492 ipse,

1748 1493 1800 1566 et
1853 1495 2024 1538 castra
2062 1488 2176 1556 ejus
2234 1505 2265 1538 a
2316 1487 2457 1540 nobis
2488 1530 2503 1555 ,
2554 1500 2600 1541 et
2655 1486 2880 1544 sedimus
2933 1489 2984 1542 in
3037 1491 3156 1546 sede
3215 1486 3358 1564 regni

1750 1571 1866 1626 ejus
1897 1571 1915 1609 :

1821 1625 1890 1679 Et
1917 1643 2056 1680 nunc
2077 1637 2366 1683 statuamus
2396 1629 2464 1682 ad
2488 1630 2702 1685 invicem
2732 1632 3050 1688 amicitiam:
3071 1645 3116 1687 et
3139 1634 3209 1687 da
3231 1635 3356 1688 mihi

1748 1698 1913 1774 ﬁliani
1957 1709 2101 1752 tuam
2143 1716 2364 1774 uxorem
2393 1742 2406 1764 ,
2448 1710 2495 1754 et
2540 1718 2634 1772 ego
2679 1719 2763 1757 ero
2802 1719 2956 1774 gener
2994 1714 3132 1771 tuus,
3158 1715 3202 1759 et
3228 1706 3362 1760 dabo

154 1765 208 1847 Et
241 1785 363 1854 nunc
389 1771 602 1854 absolvo
630 1788 737 1835 vos,
767 1781 812 1826 ct
843 1788 1015 1826 omnes
1044 1771 1257 1854 Juilteos
1286 1788 1318 1824 a
1344 1770 1571 1852 tributis,
1600 1779 1646 1825 et
1675 1793 1723 1854 Β
1750 1765 2029 1854 tibindona,
2056 1781 2102 1824 et
2133 1773 2236 1854 ipsi
2253 1810 2270 1838 ,
2312 1773 2482 1854 digna.
2503 1781 2569 1826 te.

101 1837 231 1920 pretia
262 1839 378 1895 salis
396 1843 662 1916 indulgeo,
706 1854 754 1898 et
783 1860 999 1898 coronas
1029 1844 1252 1909 remitto,
1281 1852 1327 1896 et
1357 1845 1534 1896 tertias
1562 1860 1645 1895 se-

103 1925 219 1963 muns
243 1927 260 1964 ἔ

151 1979 210 2033 Et
232 1983 487 2060 dimidiam
515 1997 720 2060 portent
747 1987 942 2060 fructus
972 1986 1126 2060 ligni,
1145 1986 1282 2057 quod
1304 1994 1376 2060 est
1396 1986 1646 2057 partionis

99 2069 224 2127 mete,
244 2055 467 2125 relinquo
502 2055 646 2114 vobis
691 2075 754 2114 ex
796 2055 1046 2114 hodierno
1077 2055 1180 2122 die,
1219 2068 1264 2112 et
1293 2055 1555 2127 deinceps,
1586 2075 1647 2111 ne

98 2126 334 2198 aceipiatur
368 2145 398 2181 a
447 2140 583 2184 terra
625 2131 791 2196 Juda,
838 2141 886 2183 et
923 2148 953 2183 a
993 2130 1157 2183 tribus
1195 2126 1508 2192 civitatibus,
1536 2143 1650 2198 qua:

97 2195 254 2270 additos
275 2211 385 2253 sunt
410 2202 492 2254 illi
516 2219 580 2257 ex
608 2195 875 2270 Samaria,
897 2212 942 2256 et
967 2199 1190 2256 Galilaea
1214 2217 1275 2254 ex
1296 2195 1556 2254 hodierna
1567 2201 1650 2254 die

97 2268 195 2344 et
217 2279 368 2344 totum
392 2285 612 2344 tempus.

150 2339 206 2392 Et
230 2339 515 2399 Jerusalem
543 2347 609 2400 sit
638 2355 843 2411 sancta,
869 2354 917 2400 et
948 2345 1110 2400 libera
1139 2361 1255 2398 eum
1281 2343 1471 2409 ﬁnibus
1497 2344 1601 2398 suis
1631 2357 1648 2394 :

97 2418 132 2463 cl
153 2411 359 2488 decima,
383 2426 427 2470 et
454 2417 646 2472 tributa
668 2418 832 2488 ipsius
853 2418 976 2471 sint.

152 2480 353 2540 Remitto
383 2490 538 2542 etiam
566 2480 868 2557 potestatem
907 2489 1062 2552 arcis,
1099 2503 1216 2556 qua!
1249 2496 1323 2542 est
1362 2487 1415 2539 in
1435 2484 1653 2540 Jerusa-

96 2553 206 2609 lem:
226 2566 268 2610 et
291 2559 354 2611 do
383 2575 496 2613 eam
517 2553 720 2615 summa
741 2560 1016 2626 sacerdoti,
1045 2553 1398 2613 ιιιέοηειὶηιαῑ
1423 2559 1476 2610 in
1500 2574 1559 2612 ea
1585 2558 1657 2610 vi-

96 2642 520 2703 ros_quoscumque
560 2633 671 2702 ipse
691 2632 921 2703 elegerit,
943 2632 1032 2701 qui
1054 2630 1348 2685 custodiant
1376 2646 1506 2703 eam.

149 2697 208 2752 Et
244 2697 443 2757 omnem
478 2697 709 2757 animum
746 2697 1072 2769 Judceorum,
1117 2719 1231 2770 qua:
1271 2702 1470 2772 captiva
1511 2709 1584 2754 est
1625 2717 1658 2754 a

97 2777 210 2823 terra
232 2772 372 2826 Juda
396 2776 448 2829 in
472 2777 612 2830 omni
633 2791 790 2844 regno
812 2790 943 2840 meo,
970 2775 1204 2844 relinquo
1232 2773 1444 2827 liberam
1467 2773 1653 2841 gratis,

94 2850 138 2893 ut
156 2859 314 2916 gmnes
338 2862 369 2899 a
392 2847 598 2901 tributis
627 2845 916 2913 solvantur,
945 2847 1098 2900 etiam
1128 2861 1370 2916 pecorum
1391 2860 1619 2897 suorum.

150 2911 212 2968 Et
234 2932 402 2972 omnes
431 2919 539 2972 dies
570 2919 841 2979 solemnes,
871 2911 916 2969 et
942 2911 1176 2980 sabbata,
1210 2925 1256 2968 et
1285 2916 1580 2979 neomenite,
1611 2924 1659 2968 et

93 2984 182 3036 dies
219 2987 420 3050 decreti,
467 3002 515 3044 et
552 3000 655 3043 tres
703 2989 810 3042 dies
843 3000 960 3043 ante
987 2989 1118 3042 diem
1151 2987 1450 3050 solemnem,
1481 2995 1527 3038 et
1560 2997 1660 3040 tres

93 3055 182 3108 dies
210 3068 318 3124 post
353 3062 486 3115 diem
526 3061 804 3116 solemnem
833 3061 934 3114 sint
956 3077 1128 3114 omnes
1151 3059 1492 3112 immanitatis
1513 3065 1560 3110 et
1582 3073 1660 3111 re-

93 3127 326 3200 missionis
364 3133 594 3186 omnibus
621 3130 848 3198 Judceis,
876 3132 962 3197 qui
986 3141 1101 3185 sunt
1124 3131 1177 3183 in
1203 3145 1360 3200 regno
1382 3145 1516 3183 meo.

151 3197 211 3251 Et
232 3217 392 3274 nemo
420 3203 620 3257 habebit
647 3197 944 3270 potestatem
967 3219 1121 3274 agere
1146 3197 1370 3274 aliquid,
1397 3211 1440 3253 et
1464 3215 1664 3255 movere

92 3272 273 3344 negotia
315 3276 554 3330 adversus
591 3273 819 3344 aliquem
846 3272 1060 3327 illorum
1090 3275 1141 3327 in
1171 3272 1308 3326 onmi
1338 3289 1518 3344 causa.

149 3341 210 3396 Et
234 3348 557 3401 ascribantur
580 3363 642 3400 ex
665 3341 863 3399 Juda’is
881 3347 935 3399 in
963 3346 1186 3400 exercitu
1211 3345 1345 3414 regis
1367 3343 1434 3396 ad
1452 3343 1666 3415 triginta

89 3414 239 3469 millia
266 3418 509 3482 virorum,
544 3429 588 3472 et
620 3417 882 3471 dabuntur
912 3416 1017 3470 illis
1041 3418 1222 3484 copiae,
1249 3423 1304 3467 ut
1335 3414 1532 3485 Oportet
1557 3432 1666 3469 om-

88 3486 218 3560 nibus
256 3493 558 3544 exercitibus
590 3490 746 3560 regis,
779 3497 822 3542 et
855 3505 916 3542 ex
939 3488 1012 3542 eis
1045 3488 1420 3541 ordinabuntur
1448 3488 1536 3557 qui
1561 3488 1667 3540 sint

88 3555 136 3608 in
158 3560 519 3634 munitionibus
549 3555 681 3634 regis
711 3562 883 3631 magni
912 3577 931 3614 .'

150 3626 212 3682 Et
252 3647 317 3685 ex
354 3634 435 3688 Itis
476 3626 854 3687 constituentur
894 3647 1052 3700 super
1097 3631 1298 3703 negotia
1340 3630 1514 3703 regni,
1551 3645 1668 3700 qua:

89 3710 290 3774 aguntur
322 3721 386 3758 ex
425 3705 552 3774 fide,
600 3715 647 3759 et
695 3705 958 3773 principes
985 3703 1085 3756 sint
1116 3701 1178 3756 ex
1209 3703 1302 3769 eis,
1334 3711 1379 3755 et
1404 3701 1668 3774 ambulent

88 3770 131 3822 in
157 3773 347 3846 lcgibus
369 3770 496 3840 suis,
527 3770 659 3830 sicut
689 3770 929 3846 prwcepit
959 3790 1048 3827 rex
1077 3774 1130 3827 in
1162 3783 1299 3846 terra
1329 3773 1493 3825 Juda.

148 3841 214 3895 Et
239 3853 339 3901 tres
370 3849 621 3916 civitates,
653 3841 765 3914 quis
791 3841 984 3900 addita:
1003 3855 1120 3898 sunt
1151 3843 1352 3898 Judtecv
1379 3859 1441 3916 ex
1463 3843 1669 3912 regione

87 3911 347 3994 Samariae,
383 3937 496 3974 cum
527 3911 717 3973 Judxa
753 3927 1116 3994 reputentuiis
1137 3927 1191 3970 ut
1228 3919 1334 3994 sint
1359 3914 1448 3967 sub
1470 3911 1669 3994 unlo,_et

85 3999 178 4058 non
214 3987 452 4044 obediant
493 3990 681 4045 aliena:
717 3985 977 4058 potestati,
1017 3988 1116 4041 nisi
1150 3985 1668 4058 summisacerdotis.

145 4055 492 4125 Ptolemaida,
525 4071 571 4116 et
601 4055 824 4134 confines
851 4064 984 4134 ejus,
1011 4076 1140 4134 quas
1170 4057 1289 4112 dedi
1317 4057 1511 4134 donum
1541 4072 1668 4110 san-

83 4126 200 4195 σίίδ,
250 4136 338 4202 qui
380 4141 502 4189 sunt
543 4134 598 4186 in
642 4126 933 4188 Jerusalem
970 4126 1038 4184 ad
1079 4128 1392 4184 necessarios
1437 4136 1670 4198 sumptus

84 4211 392 4260 sanctorum.

147 4269 213 4324 Et
253 4291 344 4346 ego
385 4279 449 4333 do
487 4275 711 4346 singulis
739 4275 886 4330 annis
911 4274 1207 4346 quindecim
1234 4271 1402 4346 millia
1424 4271 1670 4325 siclorum

85 4345 363 4421 nrgfntide
386 4345 672 4421 rationibus
697 4351 851 4421 regis,
885 4345 1002 4418 qua:
1030 4364 1108 4421 me
1138 4345 1438 4421 contingunt
1467 4358 1486 4394 :

146 4411 213 4465 Et
253 4434 420 4493 omne,
463 4420 602 4493 quod
641 4411 907 4491 reliquum
927 4419 1104 4493 fuerit,
1138 4411 1400 4493 quodnon
1428 4414 1670 4493 reddide-

84 4496 190 4566 ’Ἐπί
217 4492 306 4558 qui
331 4484 485 4566 super
509 4493 721 4566 negotia,
743 4484 888 4545 ei'ant
911 4484 1060 4566 annis
1080 4484 1265 4561 in'LAl.
1291 4494 1397 4541 lac.
1425 4484 1502 4555 in]
1527 4487 1669 4555 ιη·ἱο-

81 4556 237 4633 τέθζιρζ
272 4580 336 4617 ex
363 4556 455 4619 hoc
483 4556 678 4618 dabunt
707 4564 762 4617 in
794 4578 948 4633 opera
978 4556 1180 4615 domus:

152 4626 402 4705 Elsuper
424 4638 533 4691 hlBC
563 4637 786 4705 quinque
823 4626 990 4688 millia
1024 4633 1271 4705 siclorum
1306 4629 1526 4705 argenti,
1558 4645 1676 4699 qua:

80 4700 392 4774 accipiebant
421 4709 483 4762 de
512 4700 814 4761 sanctorum
855 4705 1056 4758 ratione
1096 4719 1184 4774 per
1203 4703 1434 4774 singulos
1457 4717 1622 4753 annos
1656 4716 1674 4753 :

79 4779 123 4820 ει
153 4771 263 4828 lucc
289 4779 358 4831 ad
385 4780 672 4834 sacerdotes
698 4777 1010 4848 pertineant,
1033 4771 1122 4845 qui
1146 4772 1429 4826 ministerio
1451 4775 1676 4842 fungun-

80 4849 182 4895 tur.

145 4911 218 4996 Et
258 4921 564 4996 quicumque
592 4919 1000 4996 confugerint
1029 4916 1299 4996 templum,
1323 4915 1458 4996 quod
1489 4925 1560 4968 est
1580 4912 1677 4996 de-

76 4987 377 5060 rosolymis,
418 5003 463 5047 et
480 4987 546 5047 'in
580 4987 814 5046 omnibus
849 4990 1041 5067 ﬁnibus
1071 4991 1206 5060 ejus,
1248 4988 1456 5041 obnoxii
1485 4987 1591 5067 regi
1622 4987 1676 5067 in

77 5064 216 5113 omni
258 5065 460 5134 negotio
486 5066 838 5128 dimittantur,
873 5071 919 5116 et
947 5061 1210 5123 universa,
1237 5075 1350 5129 qua:
1378 5069 1496 5113 sunt
1525 5061 1595 5110 eis
1625 5061 1676 5110 in

76 5141 235 5197 "9'10
259 5149 395 5198 meo,
422 5137 582 5190 libera
611 5137 854 5189 habeant.

142 5199 216 5257 Et
242 5206 320 5259 ad
347 5208 676 5277 wdiﬁcanda,
702 5208 778 5261 vel
807 5204 1147 5277 restauranda
1176 5218 1331 5274 Opera
1356 5210 1673 5268 sanctorum,

69 5286 317 5346 sumptus
352 5276 611 5333 dabuntur
645 5280 709 5332 de
734 5277 934 5331 ratione
960 5276 1096 5346 regis
1121 5291 1139 5328 :

199 5357 217 5399 t
249 5349 326 5402 ad
349 5351 686 5406 exstruendos
708 5365 881 5402 muros
901 5349 954 5400 in
980 5343 1086 5418 ιηᾸΙ.
1106 5357 1209 5400 lac.
1226 5345 1298 5418 in]
1319 5343 1611 5418 Jerusalem
1633 5351 1678 5395 et

71 5422 501 5485 communiendos
543 5425 600 5476 in
644 5421 888 5484 circuitu,
929 5415 1165 5485 sumptus
1203 5417 1463 5470 dabuntur
1503 5415 1566 5469 de
1596 5430 1681 5467 ra-

69 5484 210 5564 tione
240 5494 402 5564 regis.
432 5505 476 5547 et
504 5496 574 5547 ad
601 5491 974 5564 construendos
1003 5484 1175 5542 muros
1203 5492 1252 5541 in
1283 5487 1492 5564 udam.

78 5625 88 5635 ο
146 5557 219 5612 Ut
269 5557 467 5618 audivit
505 5575 680 5619 autem
722 5561 1014 5637 Jonatltas,
1064 5573 1112 5615 et
1157 5560 1380 5630 populus
1419 5570 1678 5637 sermones

70 5637 225 5704 istos,
251 5650 360 5688 non
384 5638 714 5691 crediderunt
745 5635 839 5697 eis,
871 5649 963 5687 nec
983 5640 1282 5704 receperunt
1306 5647 1388 5684 eos
1418 5635 1683 5704 :_quia_re—

67 5703 287 5777 tardati
328 5718 444 5761 sunt
473 5708 687 5762 malitia:
712 5721 932 5777 magna,
959 5699 1114 5775 quani
1137 5703 1325 5774 fecerat
1350 5703 1401 5756 in
1425 5699 1613 5765 Israel,
1639 5704 1684 5749 et

66 5773 420 5848 trilgslavegat
448 5796 531 5834 eos
556 5779 722 5832 valde.

139 5843 221 5900 Et
261 5841 583 5920 complacuit
621 5851 693 5905 eis
730 5850 784 5902 in
822 5848 1196 5918 Alexandrum,
1226 5845 1346 5915 quia
1375 5843 1484 5914 ipse
1513 5841 1684 5912 fuerat

377 5942 654 6004 Ps'rnou.
706 5938 930 6003 XXIX
947 5977 967 6000 .

1691 3177 1739 3242 C

1823 1841 1893 1895 Et
1933 1830 2200 1913 respondit
2233 1830 2326 1897 rex
2360 1830 2674 1899 Ptolemwus
2715 1846 2892 1900 dicens
2919 1862 2936 1900 :
2966 1844 3121 1902 Felix
3142 1849 3276 1913 dies,
3303 1850 3358 1902 in

1750 1929 1852 1986 qua
1877 1929 2107 1986 reversus
2147 1931 2198 1969 es
2237 1915 2306 1966 ad
2350 1923 2544 1970 terram
2594 1925 2802 1986 patrum
2849 1928 3077 1986 tuorum,
3106 1929 3152 1974 et
3177 1921 3361 1974 sedisti

1751 1983 1807 2037 in
1834 1985 1954 2056 sede
1979 1987 2124 2056 regni
2150 2003 2349 2040 eorum.

1824 2054 1894 2110 Et
1915 2054 2052 2111 nunc
2079 2057 2271 2127 faciam
2295 2058 2386 2111 tibi
2405 2058 2544 2128 quod
2567 2060 2822 2129 scripsisti
2847 2075 2866 2114 :
2886 2060 2978 2114 sed
3000 2077 3214 2119 occurre
3233 2063 3362 2116 mihi

1752 2125 2158 2203 Ptolemaidam,
2191 2139 2252 2203 ut
2293 2125 2560 2184 videamus
2604 2125 2819 2186 invicem
2860 2149 2976 2200 nos,
3007 2144 3052 2186 et
3081 2135 3363 2203 spondeam

1754 2199 1842 2252 tibi
1869 2202 2000 2253 sicut
2021 2201 2220 2255 dixisti.

1827 2269 1893 2346 Et
1927 2272 2084 2346 exivit
2116 2271 2433 2346 Ptolemaeus
2474 2273 2548 2346 de
2575 2270 2834 2346 (Εςιυριο,
2867 2275 2977 2344 ipse
3014 2284 3060 2329 et
3085 2275 3364 2346 Cleopatra

1754 2341 1867 2418 ﬁlia
1891 2343 2026 2410 ejus,
2057 2351 2106 2418 et
2127 2345 2260 2397 venit
2287 2341 2674 2397 Ptolemaidani
2688 2341 2831 2398 anno
2855 2341 3132 2400 centesimo
3151 2341 3363 2418 sexage-

1755 2413 1888 2466 simo
1910 2415 2161 2468 secundo.

1828 2482 1896 2560 Et
1937 2487 2159 2540 occurrit
2181 2488 2226 2541 ei
2252 2485 2548 2560 Alexander
2567 2503 2681 2560 rex,
2713 2495 2760 2539 et
2788 2486 2930 2560 dedit
2962 2487 3007 2541 ei
3039 2487 3366 2560 Cleopatram

1757 2556 1921 2623 filiam
1959 2574 2136 2630 suam,
2183 2568 2228 2612 et
2266 2559 2384 2626 fecit
2428 2558 2635 2628 nuptias
2677 2561 2790 2630 ejus
2832 2556 3197 2629 Ptolemaida,
3231 2562 3364 2616 sicut

1760 2644 1924 2700 reges,
1958 2629 2011 2680 in
2042 2647 2229 2700 magna
2256 2629 2444 2699 gloria.

1832 2699 1902 2752 Et
1931 2701 2138 2771 scripsit
2159 2718 2252 2756 rex
2272 2701 2568 2757 Alexander
2587 2699 2853 2767 Jonatluv,
2880 2709 2935 2755 ut
2959 2702 3148 2756 veniret
3169 2703 3365 2758 obviam

1763 2771 1880 2826 sibi.

1836 2843 1902 2916 Et
1947 2845 2071 2898 abiit
2112 2860 2229 2897 cum
2269 2845 2437 2916 gloria
2482 2843 2898 2910 Ptolemaidam,
2941 2855 2989 2898 et
3031 2848 3254 2899 occurrit
3296 2848 3367 2900 ibi

1764 2913 1964 2968 duobus
2012 2913 2339 2984 regibusfet
2385 2917 2526 2969 dedit
2565 2917 2668 2969 illis
2711 2925 2982 2988 argentum
3023 2920 3276 2983 multant,
3322 2927 3368 2972 et

1764 3001 1972 3051 aurum,
1991 2996 2040 3038 et
2065 2989 2224 3050 dona,
2255 2996 2302 3039 et
2324 2987 2515 3040 invenit
2542 2987 2840 3057 gratiamin
2863 2999 3136 3055 conspectu
3162 3006 3363 3046 eorum.

1840 3057 1907 3127 Et
1937 3067 2282 3110 convenerunt
2311 3059 2555 3112 adversus
2584 3075 2699 3112 eum
2733 3059 2830 3111 viri
2858 3061 3153 3127 pestilentes
3183 3077 3245 3114 ex
3273 3059 3359 3114 Is-

1767 3125 1874 3200 rael
1899 3169 1914 3194 ,
1963 3129 2058 3182 viri
2094 3128 2262 3196 iniqui
2297 3129 2685 3200 interpellantes
2717 3125 2967 3184 adversus
2993 3147 3108 3185 eum
3137 3146 3153 3182 :
3182 3140 3229 3184 et
3266 3149 3369 3186 non

1769 3199 1990 3252 intendit
2022 3200 2092 3252 ad
2119 3215 2202 3252 eos
2233 3216 2343 3253 rex.

1843 3270 2089 3342 Etjussit
2117 3270 2333 3341 spoliari
2361 3269 2650 3325 Ionatham
2699 3271 2920 3326 vestibus
2960 3272 3068 3326 suis
3094 3313 3107 3336 ,
3143 3282 3192 3326 et
3218 3273 3372 3328 indui

1770 3359 1885 3396 eum
1913 3359 2150 3413 purpura
2180 3358 2198 3395 :
2229 3352 2277 3396 et
2311 3347 2384 3396 ita
2409 3344 2661 3412 fecerunt.
2712 3344 2774 3397 Et
2807 3343 3085 3398 collocavit
3120 3361 3236 3398 eum
3281 3363 3374 3400 rex

1769 3414 1949 3468 sedere
1978 3431 2174 3467 secum.

1843 3483 2094 3555 Dixitque
2139 3485 2459 3556 principibus
2507 3487 2657 3540 suis:
2709 3485 2862 3541 Exite
2900 3505 3017 3540 cum
3049 3505 3108 3542 eo
3143 3489 3372 3543 medium

1771 3557 1993 3610 civitatis
2013 3598 2028 3620 ,
2081 3570 2125 3612 et
2148 3559 2437 3626 prwdicate
2461 3600 2475 3624 ,
2526 3569 2580 3610 ut
2610 3575 2758 3611 nemo
2787 3559 3032 3612 adversus
3063 3576 3178 3612 eum
3207 3560 3372 3612 inter-

1771 3626 1926 3695 pellet
1971 3628 2032 3682 de
2058 3629 2167 3682 ullo
2198 3631 2404 3699 negotio
2429 3670 2444 3696 ,
2495 3645 2587 3683 nec
2629 3630 2902 3699 quisquam
2938 3631 2984 3682 ei
3029 3632 3272 3684 molestus
3302 3633 3371 3684 sit

1771 3700 1834 3754 de
1864 3700 1975 3752 ulla
2004 3702 2229 3752 ratione.

1844 3770 1910 3823 Et
1940 3776 2137 3840 factum
2166 3779 2242 3824 est
2269 3814 2282 3837 ,
2319 3771 2652 3844 utuviderunt
2687 3771 2776 3841 qui
2812 3771 3212 3840 interpellabant
3251 3773 3372 3844 git).-

1770 3841 1904 3895 riam
1926 3845 2065 3913 ejus,
2098 3857 2216 3908 qua:
2245 3842 2652 3911 prtedicabatur,
2678 3852 2726 3894 et
2757 3851 2992 3913 apertum
3025 3860 3138 3897 eum
3173 3841 3374 3916 purpu.

1773 3929 1865 3976 ra,
1901 3914 2143 3983 fugerunt
2177 3927 2354 3965 omnes
2385 3927 2403 3964 :

1844 3983 1912 4036 Et
1938 3983 2289 4053 magniﬁcavit
2321 3998 2435 4057 eum
2470 3999 2563 4036 rex
2585 3992 2677 4057 ,‘et
2709 3984 2918 4054 scripsit
2948 4003 3064 4038 eum
3095 3989 3232 4041 inter
3261 3991 3372 4057 pri-

1774 4072 1884 4109 mos
1913 4056 2137 4119 amicos,
2169 4063 2216 4106 et
2242 4056 2415 4125 posuit
2443 4070 2558 4107 eum
2580 4053 2786 4123 ducem,
2818 4053 2862 4111 et
2886 4059 3193 4128 participem
3222 4053 3373 4130 priu-

1773 4127 1974 4196 cipatus
2000 4143 2019 4179 :

1848 4197 1921 4271 Et
1946 4214 2175 4252 reversus
2203 4206 2276 4250 est
2302 4195 2561 4252 Jonatltas
2590 4198 2642 4251 in
2675 4197 2970 4254 Jerusalem
3007 4219 3121 4255 cum
3164 4219 3290 4271 pace
3325 4212 3373 4258 et

1773 4269 1978 4324 lwtitia.

1853 4339 1918 4394 In
1949 4356 2087 4413 (uino
2125 4341 2407 4413 centesimo
2458 4342 2777 4413 sexagesimo
2797 4341 2975 4412 quinto
3004 4345 3137 4394 venit
3187 4340 3367 4397 Deme—

1776 4413 1906 4465 trius
1935 4412 2076 4479 filius
2111 4411 2358 4465 Demetrii
2387 4429 2416 4465 a
2444 4410 2596 4467 Creta
2619 4414 2670 4465 in
2693 4410 2879 4466 terram
2902 4425 3105 4482 patrum
3131 4429 3364 4468 suorum.

1849 4483 1917 4537 Et
1944 4483 2141 4536 audivit
2173 4484 2467 4537 Alexander
2496 4501 2585 4538 rex
2605 4525 2619 4550 ,
2651 4495 2697 4536 et
2727 4485 3062 4537 contristalus
3090 4491 3161 4534 est
3195 4483 3364 4553 valde,

1700 4573 1753 4634 Ι)
1779 4565 1826 4609 et
1857 4564 2190 4634 i_'erersus_est_
2234 4554 2580 4634 A'ntiocltiam.

1850 4626 1917 4680 Et
1945 4627 2215 4679 constituit
2247 4623 2542 4680 Demetrius
2573 4641 2662 4679 rex
2682 4626 3018 4696 Apollonium
3041 4626 3244 4692 ducem,
3275 4629 3365 4696 qui

1779 4707 2001 4772 pt‘tcerat
2053 4695 2494 4772 Cazlesyriaz;_et
2543 4695 2894 4772 congregarit_
2923 4698 3204 4772 exercitatis
3255 4695 3365 4772 nta-

1777 4766 1970 4842 gnum,
1998 4779 2046 4822 et
2083 4766 2290 4842 accessit
2315 4767 2381 4820 ad
2406 4766 2671 4822 Jamniant
2695 4784 2714 4821 :
2735 4766 2794 4822 et
2827 4768 2962 4819 misi!
2998 4768 3068 4818 ad
3099 4767 3367 4822 .Iouatltan

1779 4840 2036 4897 summum
2065 4840 2402 4894 sacerdotem.

1853 4910 2083 4966 Dicens:
2117 4911 2192 4964 Tu
2232 4911 2373 4964 solus
2411 4910 2604 4964 resistis
2651 4909 2839 4962 nobis:
2869 4926 2961 4980 ego
2993 4918 3165 4963 autent
3199 4913 3368 4981 factus

1780 5000 1896 5038 sunt
1926 4985 1979 5037 in
2008 4983 2236 5036 derisum
2264 5025 2278 5048 ,
2310 4992 2356 5036 et
2383 4982 2436 5034 in
2467 4981 2828 5051 opprobrium,
2865 4991 3135 5051 propterea
3161 4983 3283 5050 quia
3314 4993 3369 5036 tu

1781 5063 2083 5127 potestatem
2110 5055 2513 5127 adversttnt_r_u:s
2542 5067 2743 5127 exerces
2771 5052 2823 5127 in
2849 5051 3103 5127 montibus
3130 5067 3147 5127 :_

1856 5125 2017 5180 Nunc
2044 5141 2161 5194 ergo
2205 5126 2246 5177 si
2277 5122 2496 5190 conﬁdis
2536 5124 2590 5172 in
2624 5121 2898 5175 virtutibus
2940 5123 3039 5194 tuis
3069 5165 3082 5185 ,
3117 5124 3369 5177 descende

1783 5199 1852 5251 ad
1883 5214 1976 5250 nos
2021 5197 2072 5248 in
2116 5209 2352 5264 campum
2373 5232 2409 5264 ,__
2433 5207 2784 5260 comparemus
2813 5193 2924 5246 illic
2959 5193 3213 5248 invicem:
3245 5198 3370 5264 quia

1785 5283 1984 5323 mecum
2013 5273 2086 5319 est
2121 5261 2280 5316 virtus
2308 5261 2577 5315 bellorum.

1857 5339 2131 5407 Interroga
2159 5375 2173 5398 ,
2231 5344 2291 5407 et_
2316 5333 2462 5407 disce
2486 5336 2623 5407 quis
2655 5349 2783 5407 sum
2807 5351 2901 5403 ego
2929 5381 2942 5402 ,
2975 5345 3025 5389 et
3051 5337 3254 5402 centeri,
3284 5338 3380 5406 qui

1787 5409 1984 5464 auxilio
2032 5403 2149 5460 sunt
2197 5403 2355 5469 mihi,
2407 5405 2589 5478 quiet
2630 5405 2848 5459 dicunt:
2891 5409 3015 5478 quia
3065 5424 3166 5460 non
3207 5403 3381 5476 potest

1781 5493 1921 5534 stare
1949 5496 2035 5548 pes
2066 5485 2229 5529 vesfer
2257 5484 2378 5527 ante
2408 5475 2591 5546 facient
2624 5486 2848 5528 nostram
2879 5475 2912 5543 ,⁷
2935 5479 3052 5546 quia
3082 5479 3158 5532 bis
3197 5475 3248 5532 in
3283 5482 3368 5546 fu-

1785 5568 1906 5623 gam
1930 5549 2155 5603 conversi
2183 5556 2302 5600 sunt
2330 5558 2500 5623 patres
2528 5548 2601 5600 tui
2624 5550 2674 5600 in
2701 5555 2840 5623 terra
2864 5566 2977 5602 sua.

1861 5620 1926 5674 Et
1974 5636 2110 5673 nunc
2150 5619 2409 5687 quomodo
2464 5623 2656 5688 poteris
2705 5622 2959 5674 sustinere
3003 5622 3282 5690 equitatuut
3321 5633 3370 5677 et

1790 5696 2068 5746 exercitum
2107 5696 2306 5764 tantum
2337 5690 2391 5744 in
2409 5706 2633 5764 campo,
2661 5691 2747 5744 ubi
2786 5707 2890 5744 non
2922 5703 2994 5747 est
3024 5694 3180 5764 lapis,
3212 5711 3371 5764 neque

1791 5781 2004 5826 saxum,
2032 5778 2194 5828 neque
2219 5761 2362 5815 locus
2393 5761 2627 5834 fugiendi
2651 5767 2674 5817 Σ)

1873 5834 1940 5890 Ut
1968 5835 2164 5890 audivit
2187 5843 2358 5890 autem
2387 5833 2642 5892 Jonatlias
2669 5851 2926 5892 sermones
2950 5834 3237 5906 Apollonii,
3270 5851 3382 5888 mo-

2905 5925 2978 5983 16
